{
  "metadata" : {
    "screenerCompanyId" : "3241",
    "companyCode" : "SUMMITSEC",
    "companyName" : "Summit Securitie",
    "screenerCompanyLink" : "https://www.screener.in/company/SUMMITSEC/consolidated/",
    "screenerTechnicalHistoryLink" : "https://www.screener.in/api/company/3241/chart/?q=Price-DMA50-DMA200-Volume&days=365",
    "screenerQuarterlyResultsLink" : "https://www.screener.in/api/company/3241/chart/?q=GPM-OPM-NPM-Quarter+Sales&days=10000",
    "attributes" : {
      "companyCode" : "SUMMITSEC",
      "companyName" : "Summit Securitie",
      "marketCap" : 1993.00,
      "peRatio" : 16.20,
      "description" : "Summit Securities Ltd is a non-deposit taking NBFC registered with RBI and is engaged in the business of investments in shares and securities.[1]"
    },
    "companyScore" : {
      "priceHigherThanDma50" : 0.00,
      "priceHigherThanDma100" : 0.00,
      "priceHigherThanDma200" : 0.00,
      "dma50HigherThanDma100" : 0.00,
      "dma50HigherThanDma200" : 0.00,
      "dma100HigherThanDma200" : 5.00,
      "pricePercentageAboveDma50" : 5.09,
      "pricePercentageAboveDma100" : 5.50,
      "pricePercentageAboveDma200" : 5.48,
      "weeklyVolumeHigherThanYearlyVolume" : 0.00,
      "salesGrowthPercentile" : 18.64,
      "operatingProfitMarginPercentile" : 19.93,
      "netProfitMarginPercentile" : 9.89,
      "totalTechnicalScore" : 21.07,
      "totalFundamentalScore" : 48.47,
      "totalScore" : 69.55
    }
  },
  "attributes" : {
    "companyCode" : "SUMMITSEC",
    "companyName" : "Summit Securitie",
    "marketCap" : 1993.00,
    "peRatio" : 16.20,
    "description" : "Summit Securities Ltd is a non-deposit taking NBFC registered with RBI and is engaged in the business of investments in shares and securities.[1]"
  },
  "technicalHistory" : [ {
    "date" : "2025-02-12",
    "price" : 1757.15,
    "dma50" : 2465.07,
    "dma100" : null,
    "dma200" : 2337.61,
    "volume" : 22964.00
  }, {
    "date" : "2025-02-13",
    "price" : 1773.05,
    "dma50" : 2437.93,
    "dma100" : null,
    "dma200" : 2332.00,
    "volume" : 13514.00
  }, {
    "date" : "2025-02-14",
    "price" : 1657.05,
    "dma50" : 2407.31,
    "dma100" : null,
    "dma200" : 2325.28,
    "volume" : 18217.00
  }, {
    "date" : "2025-02-17",
    "price" : 1593.35,
    "dma50" : 2375.39,
    "dma100" : null,
    "dma200" : 2318.00,
    "volume" : 34218.00
  }, {
    "date" : "2025-02-18",
    "price" : 1524.55,
    "dma50" : 2342.02,
    "dma100" : null,
    "dma200" : 2310.10,
    "volume" : 14871.00
  }, {
    "date" : "2025-02-19",
    "price" : 1594.80,
    "dma50" : 2312.72,
    "dma100" : null,
    "dma200" : 2302.99,
    "volume" : 30839.00
  }, {
    "date" : "2025-02-20",
    "price" : 1649.95,
    "dma50" : 2286.73,
    "dma100" : null,
    "dma200" : 2296.49,
    "volume" : 25555.00
  }, {
    "date" : "2025-02-21",
    "price" : 1620.00,
    "dma50" : 2260.58,
    "dma100" : null,
    "dma200" : 2289.76,
    "volume" : 14764.00
  }, {
    "date" : "2025-02-24",
    "price" : 1573.05,
    "dma50" : 2233.62,
    "dma100" : null,
    "dma200" : 2282.63,
    "volume" : 12898.00
  }, {
    "date" : "2025-02-25",
    "price" : 1574.05,
    "dma50" : 2207.76,
    "dma100" : null,
    "dma200" : 2275.57,
    "volume" : 10285.00
  }, {
    "date" : "2025-02-27",
    "price" : 1507.30,
    "dma50" : 2180.29,
    "dma100" : null,
    "dma200" : 2267.93,
    "volume" : 13288.00
  }, {
    "date" : "2025-02-28",
    "price" : 1462.05,
    "dma50" : 2152.12,
    "dma100" : null,
    "dma200" : 2259.91,
    "volume" : 17762.00
  }, {
    "date" : "2025-03-03",
    "price" : 1413.45,
    "dma50" : 2123.15,
    "dma100" : null,
    "dma200" : 2251.49,
    "volume" : 20399.00
  }, {
    "date" : "2025-03-04",
    "price" : 1430.70,
    "dma50" : 2096.00,
    "dma100" : null,
    "dma200" : 2243.32,
    "volume" : 13148.00
  }, {
    "date" : "2025-03-05",
    "price" : 1503.35,
    "dma50" : 2072.76,
    "dma100" : null,
    "dma200" : 2235.96,
    "volume" : 16238.00
  }, {
    "date" : "2025-03-06",
    "price" : 1597.50,
    "dma50" : 2054.12,
    "dma100" : null,
    "dma200" : 2229.61,
    "volume" : 22911.00
  }, {
    "date" : "2025-03-07",
    "price" : 1695.30,
    "dma50" : 2040.05,
    "dma100" : null,
    "dma200" : 2224.29,
    "volume" : 39804.00
  }, {
    "date" : "2025-03-10",
    "price" : 1614.30,
    "dma50" : 2023.35,
    "dma100" : null,
    "dma200" : 2218.22,
    "volume" : 13217.00
  }, {
    "date" : "2025-03-11",
    "price" : 1603.15,
    "dma50" : 2006.87,
    "dma100" : null,
    "dma200" : 2212.10,
    "volume" : 10270.00
  }, {
    "date" : "2025-03-12",
    "price" : 1606.75,
    "dma50" : 1991.18,
    "dma100" : null,
    "dma200" : 2206.08,
    "volume" : 14022.00
  }, {
    "date" : "2025-03-13",
    "price" : 1555.90,
    "dma50" : 1974.11,
    "dma100" : null,
    "dma200" : 2199.61,
    "volume" : 10411.00
  }, {
    "date" : "2025-03-17",
    "price" : 1568.25,
    "dma50" : 1958.20,
    "dma100" : null,
    "dma200" : 2193.33,
    "volume" : 13220.00
  }, {
    "date" : "2025-03-18",
    "price" : 1654.25,
    "dma50" : 1946.28,
    "dma100" : null,
    "dma200" : 2187.96,
    "volume" : 16625.00
  }, {
    "date" : "2025-03-19",
    "price" : 1807.50,
    "dma50" : 1940.84,
    "dma100" : null,
    "dma200" : 2184.18,
    "volume" : 49683.00
  }, {
    "date" : "2025-03-20",
    "price" : 1935.35,
    "dma50" : 1940.62,
    "dma100" : null,
    "dma200" : 2181.70,
    "volume" : 79970.00
  }, {
    "date" : "2025-03-21",
    "price" : 1986.90,
    "dma50" : 1942.44,
    "dma100" : null,
    "dma200" : 2179.76,
    "volume" : 40407.00
  }, {
    "date" : "2025-03-24",
    "price" : 2015.35,
    "dma50" : 1945.29,
    "dma100" : null,
    "dma200" : 2178.13,
    "volume" : 29992.00
  }, {
    "date" : "2025-03-25",
    "price" : 1976.10,
    "dma50" : 1946.50,
    "dma100" : null,
    "dma200" : 2176.12,
    "volume" : 27792.00
  }, {
    "date" : "2025-03-26",
    "price" : 1911.40,
    "dma50" : 1945.13,
    "dma100" : null,
    "dma200" : 2173.48,
    "volume" : 15420.00
  }, {
    "date" : "2025-03-27",
    "price" : 1887.70,
    "dma50" : 1942.87,
    "dma100" : null,
    "dma200" : 2170.64,
    "volume" : 18141.00
  }, {
    "date" : "2025-03-28",
    "price" : 1952.05,
    "dma50" : 1943.23,
    "dma100" : null,
    "dma200" : 2168.46,
    "volume" : 18699.00
  }, {
    "date" : "2025-04-01",
    "price" : 1939.65,
    "dma50" : 1943.09,
    "dma100" : null,
    "dma200" : 2166.19,
    "volume" : 12283.00
  }, {
    "date" : "2025-04-02",
    "price" : 1971.55,
    "dma50" : 1944.21,
    "dma100" : null,
    "dma200" : 2164.25,
    "volume" : 16089.00
  }, {
    "date" : "2025-04-03",
    "price" : 2009.95,
    "dma50" : 1946.79,
    "dma100" : null,
    "dma200" : 2162.71,
    "volume" : 26023.00
  }, {
    "date" : "2025-04-04",
    "price" : 1957.05,
    "dma50" : 1947.19,
    "dma100" : null,
    "dma200" : 2160.67,
    "volume" : 11900.00
  }, {
    "date" : "2025-04-07",
    "price" : 1808.75,
    "dma50" : 1941.76,
    "dma100" : null,
    "dma200" : 2157.17,
    "volume" : 32902.00
  }, {
    "date" : "2025-04-08",
    "price" : 1891.65,
    "dma50" : 1939.80,
    "dma100" : null,
    "dma200" : 2154.52,
    "volume" : 14374.00
  }, {
    "date" : "2025-04-09",
    "price" : 1853.65,
    "dma50" : 1936.42,
    "dma100" : null,
    "dma200" : 2151.53,
    "volume" : 12367.00
  }, {
    "date" : "2025-04-11",
    "price" : 1954.90,
    "dma50" : 1937.14,
    "dma100" : null,
    "dma200" : 2149.57,
    "volume" : 13129.00
  }, {
    "date" : "2025-04-15",
    "price" : 2025.50,
    "dma50" : 1940.61,
    "dma100" : null,
    "dma200" : 2148.34,
    "volume" : 16880.00
  }, {
    "date" : "2025-04-16",
    "price" : 2054.10,
    "dma50" : 1945.06,
    "dma100" : null,
    "dma200" : 2147.40,
    "volume" : 12963.00
  }, {
    "date" : "2025-04-17",
    "price" : 2055.10,
    "dma50" : 1949.37,
    "dma100" : null,
    "dma200" : 2146.48,
    "volume" : 15227.00
  }, {
    "date" : "2025-04-21",
    "price" : 2150.80,
    "dma50" : 1957.27,
    "dma100" : null,
    "dma200" : 2146.53,
    "volume" : 19312.00
  }, {
    "date" : "2025-04-22",
    "price" : 2164.20,
    "dma50" : 1965.39,
    "dma100" : null,
    "dma200" : 2146.70,
    "volume" : 14222.00
  }, {
    "date" : "2025-04-23",
    "price" : 2124.80,
    "dma50" : 1971.64,
    "dma100" : null,
    "dma200" : 2146.48,
    "volume" : 15306.00
  }, {
    "date" : "2025-04-24",
    "price" : 2086.20,
    "dma50" : 1976.13,
    "dma100" : null,
    "dma200" : 2145.88,
    "volume" : 15507.00
  }, {
    "date" : "2025-04-25",
    "price" : 1987.20,
    "dma50" : 1976.57,
    "dma100" : null,
    "dma200" : 2144.31,
    "volume" : 17054.00
  }, {
    "date" : "2025-04-28",
    "price" : 1991.30,
    "dma50" : 1977.14,
    "dma100" : null,
    "dma200" : 2142.78,
    "volume" : 14578.00
  }, {
    "date" : "2025-04-29",
    "price" : 1998.90,
    "dma50" : 1978.00,
    "dma100" : null,
    "dma200" : 2141.35,
    "volume" : 9220.00
  }, {
    "date" : "2025-04-30",
    "price" : 1948.60,
    "dma50" : 1976.84,
    "dma100" : null,
    "dma200" : 2139.43,
    "volume" : 12034.00
  }, {
    "date" : "2025-05-02",
    "price" : 1930.10,
    "dma50" : 1975.01,
    "dma100" : null,
    "dma200" : 2137.35,
    "volume" : 10213.00
  }, {
    "date" : "2025-05-05",
    "price" : 1945.40,
    "dma50" : 1973.85,
    "dma100" : null,
    "dma200" : 2135.44,
    "volume" : 35833.00
  }, {
    "date" : "2025-05-06",
    "price" : 1876.30,
    "dma50" : 1970.02,
    "dma100" : null,
    "dma200" : 2132.86,
    "volume" : 16529.00
  }, {
    "date" : "2025-05-07",
    "price" : 1841.40,
    "dma50" : 1964.98,
    "dma100" : null,
    "dma200" : 2129.96,
    "volume" : 14930.00
  }, {
    "date" : "2025-05-08",
    "price" : 1841.90,
    "dma50" : 1960.15,
    "dma100" : null,
    "dma200" : 2127.10,
    "volume" : 12180.00
  }, {
    "date" : "2025-05-09",
    "price" : 1811.30,
    "dma50" : 1954.32,
    "dma100" : null,
    "dma200" : 2123.95,
    "volume" : 12105.00
  }, {
    "date" : "2025-05-12",
    "price" : 1942.50,
    "dma50" : 1953.85,
    "dma100" : null,
    "dma200" : 2122.15,
    "volume" : 23430.00
  }, {
    "date" : "2025-05-13",
    "price" : 1978.70,
    "dma50" : 1954.83,
    "dma100" : null,
    "dma200" : 2120.72,
    "volume" : 17198.00
  }, {
    "date" : "2025-05-14",
    "price" : 2017.30,
    "dma50" : 1957.28,
    "dma100" : null,
    "dma200" : 2119.69,
    "volume" : 12265.00
  }, {
    "date" : "2025-05-15",
    "price" : 2015.10,
    "dma50" : 1959.54,
    "dma100" : null,
    "dma200" : 2118.65,
    "volume" : 15358.00
  }, {
    "date" : "2025-05-16",
    "price" : 2033.60,
    "dma50" : 1962.45,
    "dma100" : null,
    "dma200" : 2117.80,
    "volume" : 10308.00
  }, {
    "date" : "2025-05-19",
    "price" : 2056.20,
    "dma50" : 1966.12,
    "dma100" : null,
    "dma200" : 2117.19,
    "volume" : 15521.00
  }, {
    "date" : "2025-05-20",
    "price" : 2038.10,
    "dma50" : 1968.95,
    "dma100" : null,
    "dma200" : 2116.40,
    "volume" : 8473.00
  }, {
    "date" : "2025-05-21",
    "price" : 2066.00,
    "dma50" : 1972.75,
    "dma100" : null,
    "dma200" : 2115.90,
    "volume" : 9597.00
  }, {
    "date" : "2025-05-22",
    "price" : 2028.80,
    "dma50" : 1974.95,
    "dma100" : null,
    "dma200" : 2115.04,
    "volume" : 7294.00
  }, {
    "date" : "2025-05-23",
    "price" : 2020.20,
    "dma50" : 1976.73,
    "dma100" : null,
    "dma200" : 2114.09,
    "volume" : 5860.00
  }, {
    "date" : "2025-05-26",
    "price" : 2047.90,
    "dma50" : 1979.52,
    "dma100" : null,
    "dma200" : 2113.43,
    "volume" : 4415.00
  }, {
    "date" : "2025-05-27",
    "price" : 2055.80,
    "dma50" : 1982.51,
    "dma100" : null,
    "dma200" : 2112.86,
    "volume" : 5716.00
  }, {
    "date" : "2025-05-28",
    "price" : 2086.60,
    "dma50" : 1986.59,
    "dma100" : null,
    "dma200" : 2112.60,
    "volume" : 6705.00
  }, {
    "date" : "2025-05-29",
    "price" : 2046.90,
    "dma50" : 1988.96,
    "dma100" : null,
    "dma200" : 2111.95,
    "volume" : 5414.00
  }, {
    "date" : "2025-05-30",
    "price" : 2050.90,
    "dma50" : 1991.38,
    "dma100" : null,
    "dma200" : 2111.34,
    "volume" : 7139.00
  }, {
    "date" : "2025-06-02",
    "price" : 2123.00,
    "dma50" : 1996.55,
    "dma100" : null,
    "dma200" : 2111.45,
    "volume" : 18494.00
  }, {
    "date" : "2025-06-03",
    "price" : 2082.50,
    "dma50" : 1999.92,
    "dma100" : null,
    "dma200" : 2111.17,
    "volume" : 10874.00
  }, {
    "date" : "2025-06-04",
    "price" : 2071.70,
    "dma50" : 2002.73,
    "dma100" : null,
    "dma200" : 2110.77,
    "volume" : 7117.00
  }, {
    "date" : "2025-06-05",
    "price" : 2122.00,
    "dma50" : 2007.41,
    "dma100" : null,
    "dma200" : 2110.88,
    "volume" : 16453.00
  }, {
    "date" : "2025-06-06",
    "price" : 2194.40,
    "dma50" : 2014.74,
    "dma100" : null,
    "dma200" : 2111.72,
    "volume" : 21138.00
  }, {
    "date" : "2025-06-09",
    "price" : 2217.60,
    "dma50" : 2022.70,
    "dma100" : null,
    "dma200" : 2112.77,
    "volume" : 18872.00
  }, {
    "date" : "2025-06-10",
    "price" : 2159.70,
    "dma50" : 2028.07,
    "dma100" : null,
    "dma200" : 2113.24,
    "volume" : 18605.00
  }, {
    "date" : "2025-06-11",
    "price" : 2149.70,
    "dma50" : 2032.84,
    "dma100" : null,
    "dma200" : 2113.60,
    "volume" : 6184.00
  }, {
    "date" : "2025-06-12",
    "price" : 2116.00,
    "dma50" : 2036.10,
    "dma100" : null,
    "dma200" : 2113.62,
    "volume" : 9805.00
  }, {
    "date" : "2025-06-13",
    "price" : 2093.80,
    "dma50" : 2038.36,
    "dma100" : null,
    "dma200" : 2113.43,
    "volume" : 10011.00
  }, {
    "date" : "2025-06-16",
    "price" : 2123.30,
    "dma50" : 2041.69,
    "dma100" : null,
    "dma200" : 2113.52,
    "volume" : 8143.00
  }, {
    "date" : "2025-06-17",
    "price" : 2054.20,
    "dma50" : 2042.18,
    "dma100" : null,
    "dma200" : 2112.93,
    "volume" : 8981.00
  }, {
    "date" : "2025-06-18",
    "price" : 2060.10,
    "dma50" : 2042.89,
    "dma100" : null,
    "dma200" : 2112.41,
    "volume" : 5386.00
  }, {
    "date" : "2025-06-19",
    "price" : 2016.80,
    "dma50" : 2041.86,
    "dma100" : null,
    "dma200" : 2111.46,
    "volume" : 8161.00
  }, {
    "date" : "2025-06-20",
    "price" : 2018.10,
    "dma50" : 2040.93,
    "dma100" : null,
    "dma200" : 2110.53,
    "volume" : 3353.00
  }, {
    "date" : "2025-06-23",
    "price" : 2018.10,
    "dma50" : 2040.04,
    "dma100" : null,
    "dma200" : 2109.61,
    "volume" : 6466.00
  }, {
    "date" : "2025-06-24",
    "price" : 2040.80,
    "dma50" : 2040.07,
    "dma100" : null,
    "dma200" : 2108.92,
    "volume" : 6218.00
  }, {
    "date" : "2025-06-25",
    "price" : 2099.40,
    "dma50" : 2042.39,
    "dma100" : null,
    "dma200" : 2108.83,
    "volume" : 5596.00
  }, {
    "date" : "2025-06-26",
    "price" : 2094.20,
    "dma50" : 2044.43,
    "dma100" : null,
    "dma200" : 2108.68,
    "volume" : 3450.00
  }, {
    "date" : "2025-06-27",
    "price" : 2104.60,
    "dma50" : 2046.79,
    "dma100" : null,
    "dma200" : 2108.64,
    "volume" : 10564.00
  }, {
    "date" : "2025-06-30",
    "price" : 2083.30,
    "dma50" : 2048.22,
    "dma100" : null,
    "dma200" : 2108.39,
    "volume" : 7115.00
  }, {
    "date" : "2025-07-01",
    "price" : 2086.40,
    "dma50" : 2049.71,
    "dma100" : null,
    "dma200" : 2108.17,
    "volume" : 3426.00
  }, {
    "date" : "2025-07-02",
    "price" : 2066.20,
    "dma50" : 2050.36,
    "dma100" : null,
    "dma200" : 2107.75,
    "volume" : 9088.00
  }, {
    "date" : "2025-07-03",
    "price" : 2065.50,
    "dma50" : 2050.95,
    "dma100" : null,
    "dma200" : 2107.33,
    "volume" : 5063.00
  }, {
    "date" : "2025-07-04",
    "price" : 2052.60,
    "dma50" : 2051.02,
    "dma100" : null,
    "dma200" : 2106.79,
    "volume" : 3384.00
  }, {
    "date" : "2025-07-07",
    "price" : 2031.50,
    "dma50" : 2050.25,
    "dma100" : null,
    "dma200" : 2106.04,
    "volume" : 4463.00
  }, {
    "date" : "2025-07-08",
    "price" : 2037.40,
    "dma50" : 2049.75,
    "dma100" : null,
    "dma200" : 2105.36,
    "volume" : 5189.00
  }, {
    "date" : "2025-07-09",
    "price" : 2059.00,
    "dma50" : 2050.11,
    "dma100" : null,
    "dma200" : 2104.90,
    "volume" : 4947.00
  }, {
    "date" : "2025-07-10",
    "price" : 2068.70,
    "dma50" : 2050.84,
    "dma100" : null,
    "dma200" : 2104.54,
    "volume" : 4143.00
  }, {
    "date" : "2025-07-11",
    "price" : 2069.30,
    "dma50" : 2051.57,
    "dma100" : 1925.29,
    "dma200" : 2104.18,
    "volume" : 9378.00
  }, {
    "date" : "2025-07-14",
    "price" : 2068.20,
    "dma50" : 2052.22,
    "dma100" : 1928.24,
    "dma200" : 2103.83,
    "volume" : 5849.00
  }, {
    "date" : "2025-07-15",
    "price" : 2087.70,
    "dma50" : 2053.61,
    "dma100" : 1932.55,
    "dma200" : 2103.67,
    "volume" : 4911.00
  }, {
    "date" : "2025-07-16",
    "price" : 2089.40,
    "dma50" : 2055.01,
    "dma100" : 1937.51,
    "dma200" : 2103.52,
    "volume" : 6009.00
  }, {
    "date" : "2025-07-17",
    "price" : 2097.90,
    "dma50" : 2056.69,
    "dma100" : 1943.24,
    "dma200" : 2103.47,
    "volume" : 6890.00
  }, {
    "date" : "2025-07-18",
    "price" : 2077.30,
    "dma50" : 2057.50,
    "dma100" : 1948.07,
    "dma200" : 2103.21,
    "volume" : 5444.00
  }, {
    "date" : "2025-07-21",
    "price" : 2054.90,
    "dma50" : 2057.40,
    "dma100" : 1952.12,
    "dma200" : 2102.73,
    "volume" : 9786.00
  }, {
    "date" : "2025-07-22",
    "price" : 2082.10,
    "dma50" : 2058.37,
    "dma100" : 1956.74,
    "dma200" : 2102.52,
    "volume" : 5999.00
  }, {
    "date" : "2025-07-23",
    "price" : 2107.80,
    "dma50" : 2060.31,
    "dma100" : 1962.09,
    "dma200" : 2102.57,
    "volume" : 8634.00
  }, {
    "date" : "2025-07-24",
    "price" : 2119.80,
    "dma50" : 2062.64,
    "dma100" : 1967.54,
    "dma200" : 2102.75,
    "volume" : 11619.00
  }, {
    "date" : "2025-07-25",
    "price" : 2078.60,
    "dma50" : 2063.27,
    "dma100" : 1973.26,
    "dma200" : 2102.51,
    "volume" : 5810.00
  }, {
    "date" : "2025-07-28",
    "price" : 2040.20,
    "dma50" : 2062.36,
    "dma100" : 1979.04,
    "dma200" : 2101.89,
    "volume" : 8141.00
  }, {
    "date" : "2025-07-29",
    "price" : 2066.20,
    "dma50" : 2062.51,
    "dma100" : 1985.57,
    "dma200" : 2101.53,
    "volume" : 49800.00
  }, {
    "date" : "2025-07-30",
    "price" : 2063.00,
    "dma50" : 2062.53,
    "dma100" : 1991.89,
    "dma200" : 2101.15,
    "volume" : 20754.00
  }, {
    "date" : "2025-07-31",
    "price" : 2043.30,
    "dma50" : 2061.78,
    "dma100" : 1997.29,
    "dma200" : 2100.57,
    "volume" : 4679.00
  }, {
    "date" : "2025-08-01",
    "price" : 2028.70,
    "dma50" : 2060.48,
    "dma100" : 2001.60,
    "dma200" : 2099.86,
    "volume" : 3864.00
  }, {
    "date" : "2025-08-04",
    "price" : 2026.40,
    "dma50" : 2059.14,
    "dma100" : 2004.91,
    "dma200" : 2099.13,
    "volume" : 2431.00
  }, {
    "date" : "2025-08-05",
    "price" : 2017.70,
    "dma50" : 2057.52,
    "dma100" : 2008.95,
    "dma200" : 2098.32,
    "volume" : 5037.00
  }, {
    "date" : "2025-08-06",
    "price" : 2022.70,
    "dma50" : 2056.15,
    "dma100" : 2013.14,
    "dma200" : 2097.56,
    "volume" : 4898.00
  }, {
    "date" : "2025-08-07",
    "price" : 1985.40,
    "dma50" : 2053.38,
    "dma100" : 2016.93,
    "dma200" : 2096.45,
    "volume" : 7564.00
  }, {
    "date" : "2025-08-08",
    "price" : 1978.00,
    "dma50" : 2050.42,
    "dma100" : 2021.15,
    "dma200" : 2095.27,
    "volume" : 6693.00
  }, {
    "date" : "2025-08-11",
    "price" : 1906.20,
    "dma50" : 2044.77,
    "dma100" : 2024.53,
    "dma200" : 2093.39,
    "volume" : 15409.00
  }, {
    "date" : "2025-08-12",
    "price" : 1906.60,
    "dma50" : 2039.35,
    "dma100" : 2027.05,
    "dma200" : 2091.53,
    "volume" : 6780.00
  }, {
    "date" : "2025-08-13",
    "price" : 1918.00,
    "dma50" : 2034.59,
    "dma100" : 2028.16,
    "dma200" : 2089.80,
    "volume" : 5007.00
  }, {
    "date" : "2025-08-14",
    "price" : 1923.70,
    "dma50" : 2030.24,
    "dma100" : 2028.04,
    "dma200" : 2088.15,
    "volume" : 4378.00
  }, {
    "date" : "2025-08-18",
    "price" : 1952.60,
    "dma50" : 2027.20,
    "dma100" : 2027.70,
    "dma200" : 2086.80,
    "volume" : 6270.00
  }, {
    "date" : "2025-08-19",
    "price" : 1970.80,
    "dma50" : 2024.98,
    "dma100" : 2027.25,
    "dma200" : 2085.65,
    "volume" : 2756.00
  }, {
    "date" : "2025-08-20",
    "price" : 1982.40,
    "dma50" : 2023.31,
    "dma100" : 2027.32,
    "dma200" : 2084.62,
    "volume" : 6776.00
  }, {
    "date" : "2025-08-21",
    "price" : 2101.30,
    "dma50" : 2026.37,
    "dma100" : 2029.21,
    "dma200" : 2084.78,
    "volume" : 27254.00
  }, {
    "date" : "2025-08-22",
    "price" : 2101.90,
    "dma50" : 2029.33,
    "dma100" : 2031.36,
    "dma200" : 2084.96,
    "volume" : 7133.00
  }, {
    "date" : "2025-08-25",
    "price" : 2169.40,
    "dma50" : 2034.83,
    "dma100" : 2033.53,
    "dma200" : 2085.80,
    "volume" : 22438.00
  }, {
    "date" : "2025-08-26",
    "price" : 2340.80,
    "dma50" : 2046.83,
    "dma100" : 2037.54,
    "dma200" : 2088.33,
    "volume" : 429308.00
  }, {
    "date" : "2025-08-28",
    "price" : 2240.80,
    "dma50" : 2054.43,
    "dma100" : 2040.23,
    "dma200" : 2089.85,
    "volume" : 38139.00
  }, {
    "date" : "2025-08-29",
    "price" : 2177.50,
    "dma50" : 2059.26,
    "dma100" : 2041.91,
    "dma200" : 2090.72,
    "volume" : 21343.00
  }, {
    "date" : "2025-09-01",
    "price" : 2259.00,
    "dma50" : 2067.09,
    "dma100" : 2044.93,
    "dma200" : 2092.40,
    "volume" : 16670.00
  }, {
    "date" : "2025-09-02",
    "price" : 2214.60,
    "dma50" : 2072.88,
    "dma100" : 2048.99,
    "dma200" : 2093.61,
    "volume" : 6820.00
  }, {
    "date" : "2025-09-03",
    "price" : 2254.00,
    "dma50" : 2079.98,
    "dma100" : 2052.61,
    "dma200" : 2095.21,
    "volume" : 8089.00
  }, {
    "date" : "2025-09-04",
    "price" : 2233.80,
    "dma50" : 2086.01,
    "dma100" : 2056.41,
    "dma200" : 2096.59,
    "volume" : 6045.00
  }, {
    "date" : "2025-09-05",
    "price" : 2232.90,
    "dma50" : 2091.77,
    "dma100" : 2059.19,
    "dma200" : 2097.94,
    "volume" : 12509.00
  }, {
    "date" : "2025-09-08",
    "price" : 2164.10,
    "dma50" : 2094.61,
    "dma100" : 2060.58,
    "dma200" : 2098.60,
    "volume" : 10133.00
  }, {
    "date" : "2025-09-09",
    "price" : 2197.00,
    "dma50" : 2098.62,
    "dma100" : 2062.01,
    "dma200" : 2099.58,
    "volume" : 5835.00
  }, {
    "date" : "2025-09-10",
    "price" : 2183.50,
    "dma50" : 2101.95,
    "dma100" : 2063.29,
    "dma200" : 2100.42,
    "volume" : 6448.00
  }, {
    "date" : "2025-09-11",
    "price" : 2163.00,
    "dma50" : 2104.35,
    "dma100" : 2063.41,
    "dma200" : 2101.04,
    "volume" : 7178.00
  }, {
    "date" : "2025-09-12",
    "price" : 2191.90,
    "dma50" : 2107.78,
    "dma100" : 2063.69,
    "dma200" : 2101.94,
    "volume" : 6027.00
  }, {
    "date" : "2025-09-15",
    "price" : 2180.70,
    "dma50" : 2110.64,
    "dma100" : 2064.25,
    "dma200" : 2102.73,
    "volume" : 7270.00
  }, {
    "date" : "2025-09-16",
    "price" : 2178.20,
    "dma50" : 2113.29,
    "dma100" : 2065.17,
    "dma200" : 2103.48,
    "volume" : 5875.00
  }, {
    "date" : "2025-09-17",
    "price" : 2183.70,
    "dma50" : 2116.05,
    "dma100" : 2067.13,
    "dma200" : 2104.28,
    "volume" : 5464.00
  }, {
    "date" : "2025-09-18",
    "price" : 2159.70,
    "dma50" : 2117.76,
    "dma100" : 2068.82,
    "dma200" : 2104.83,
    "volume" : 7047.00
  }, {
    "date" : "2025-09-19",
    "price" : 2186.70,
    "dma50" : 2120.47,
    "dma100" : 2070.70,
    "dma200" : 2105.64,
    "volume" : 8313.00
  }, {
    "date" : "2025-09-22",
    "price" : 2178.10,
    "dma50" : 2122.73,
    "dma100" : 2072.99,
    "dma200" : 2106.36,
    "volume" : 8674.00
  }, {
    "date" : "2025-09-23",
    "price" : 2195.00,
    "dma50" : 2125.56,
    "dma100" : 2075.64,
    "dma200" : 2107.24,
    "volume" : 10342.00
  }, {
    "date" : "2025-09-24",
    "price" : 2262.80,
    "dma50" : 2130.94,
    "dma100" : 2078.81,
    "dma200" : 2108.79,
    "volume" : 28044.00
  }, {
    "date" : "2025-09-25",
    "price" : 2217.70,
    "dma50" : 2134.34,
    "dma100" : 2082.23,
    "dma200" : 2109.88,
    "volume" : 11465.00
  }, {
    "date" : "2025-09-26",
    "price" : 2148.40,
    "dma50" : 2134.90,
    "dma100" : 2085.30,
    "dma200" : 2110.26,
    "volume" : 7745.00
  }, {
    "date" : "2025-09-29",
    "price" : 2132.70,
    "dma50" : 2134.81,
    "dma100" : 2088.21,
    "dma200" : 2110.48,
    "volume" : 5515.00
  }, {
    "date" : "2025-09-30",
    "price" : 2184.80,
    "dma50" : 2136.77,
    "dma100" : 2091.94,
    "dma200" : 2111.22,
    "volume" : 8802.00
  }, {
    "date" : "2025-10-01",
    "price" : 2225.10,
    "dma50" : 2140.23,
    "dma100" : 2094.77,
    "dma200" : 2112.36,
    "volume" : 12251.00
  }, {
    "date" : "2025-10-03",
    "price" : 2277.60,
    "dma50" : 2145.62,
    "dma100" : 2097.76,
    "dma200" : 2114.00,
    "volume" : 27025.00
  }, {
    "date" : "2025-10-06",
    "price" : 2242.40,
    "dma50" : 2149.42,
    "dma100" : 2100.01,
    "dma200" : 2115.28,
    "volume" : 8903.00
  }, {
    "date" : "2025-10-07",
    "price" : 2197.40,
    "dma50" : 2151.30,
    "dma100" : 2101.83,
    "dma200" : 2116.09,
    "volume" : 9308.00
  }, {
    "date" : "2025-10-08",
    "price" : 2203.40,
    "dma50" : 2153.34,
    "dma100" : 2103.53,
    "dma200" : 2116.96,
    "volume" : 5708.00
  }, {
    "date" : "2025-10-09",
    "price" : 2182.20,
    "dma50" : 2154.47,
    "dma100" : 2104.79,
    "dma200" : 2117.61,
    "volume" : 5345.00
  }, {
    "date" : "2025-10-10",
    "price" : 2187.40,
    "dma50" : 2155.76,
    "dma100" : 2106.28,
    "dma200" : 2118.31,
    "volume" : 6009.00
  }, {
    "date" : "2025-10-13",
    "price" : 2134.60,
    "dma50" : 2154.93,
    "dma100" : 2106.97,
    "dma200" : 2118.47,
    "volume" : 10232.00
  }, {
    "date" : "2025-10-14",
    "price" : 2056.30,
    "dma50" : 2151.07,
    "dma100" : 2107.24,
    "dma200" : 2117.85,
    "volume" : 23543.00
  }, {
    "date" : "2025-10-15",
    "price" : 2105.90,
    "dma50" : 2149.29,
    "dma100" : 2108.10,
    "dma200" : 2117.73,
    "volume" : 27480.00
  }, {
    "date" : "2025-10-16",
    "price" : 2220.90,
    "dma50" : 2152.10,
    "dma100" : 2109.83,
    "dma200" : 2118.76,
    "volume" : 369951.00
  }, {
    "date" : "2025-10-17",
    "price" : 2261.90,
    "dma50" : 2156.41,
    "dma100" : 2111.89,
    "dma200" : 2120.18,
    "volume" : 66273.00
  }, {
    "date" : "2025-10-20",
    "price" : 2319.90,
    "dma50" : 2162.82,
    "dma100" : 2114.22,
    "dma200" : 2122.17,
    "volume" : 48806.00
  }, {
    "date" : "2025-10-21",
    "price" : 2366.80,
    "dma50" : 2170.82,
    "dma100" : 2117.42,
    "dma200" : 2124.60,
    "volume" : 17255.00
  }, {
    "date" : "2025-10-23",
    "price" : 2417.30,
    "dma50" : 2180.49,
    "dma100" : 2121.09,
    "dma200" : 2127.52,
    "volume" : 65857.00
  }, {
    "date" : "2025-10-24",
    "price" : 2354.90,
    "dma50" : 2187.32,
    "dma100" : 2123.41,
    "dma200" : 2129.78,
    "volume" : 28394.00
  }, {
    "date" : "2025-10-27",
    "price" : 2426.50,
    "dma50" : 2196.70,
    "dma100" : 2126.85,
    "dma200" : 2132.73,
    "volume" : 23829.00
  }, {
    "date" : "2025-10-28",
    "price" : 2397.90,
    "dma50" : 2204.59,
    "dma100" : 2130.11,
    "dma200" : 2135.37,
    "volume" : 13876.00
  }, {
    "date" : "2025-10-29",
    "price" : 2316.10,
    "dma50" : 2208.97,
    "dma100" : 2132.05,
    "dma200" : 2137.17,
    "volume" : 24111.00
  }, {
    "date" : "2025-10-30",
    "price" : 2279.50,
    "dma50" : 2211.73,
    "dma100" : 2132.90,
    "dma200" : 2138.58,
    "volume" : 11387.00
  }, {
    "date" : "2025-10-31",
    "price" : 2258.80,
    "dma50" : 2213.58,
    "dma100" : 2133.31,
    "dma200" : 2139.78,
    "volume" : 6879.00
  }, {
    "date" : "2025-11-03",
    "price" : 2224.10,
    "dma50" : 2213.99,
    "dma100" : 2133.96,
    "dma200" : 2140.62,
    "volume" : 5939.00
  }, {
    "date" : "2025-11-04",
    "price" : 2266.30,
    "dma50" : 2216.04,
    "dma100" : 2135.12,
    "dma200" : 2141.87,
    "volume" : 7151.00
  }, {
    "date" : "2025-11-06",
    "price" : 2166.20,
    "dma50" : 2214.09,
    "dma100" : 2135.62,
    "dma200" : 2142.11,
    "volume" : 11989.00
  }, {
    "date" : "2025-11-07",
    "price" : 2246.10,
    "dma50" : 2215.34,
    "dma100" : 2137.15,
    "dma200" : 2143.15,
    "volume" : 9625.00
  }, {
    "date" : "2025-11-10",
    "price" : 2215.20,
    "dma50" : 2215.34,
    "dma100" : 2138.07,
    "dma200" : 2143.86,
    "volume" : 4484.00
  }, {
    "date" : "2025-11-11",
    "price" : 2215.50,
    "dma50" : 2215.34,
    "dma100" : 2139.68,
    "dma200" : 2144.58,
    "volume" : 4095.00
  }, {
    "date" : "2025-11-12",
    "price" : 2206.70,
    "dma50" : 2215.01,
    "dma100" : 2141.14,
    "dma200" : 2145.19,
    "volume" : 3885.00
  }, {
    "date" : "2025-11-13",
    "price" : 2212.40,
    "dma50" : 2214.90,
    "dma100" : 2143.10,
    "dma200" : 2145.86,
    "volume" : 6197.00
  }, {
    "date" : "2025-11-14",
    "price" : 2201.00,
    "dma50" : 2214.36,
    "dma100" : 2144.93,
    "dma200" : 2146.41,
    "volume" : 3581.00
  }, {
    "date" : "2025-11-17",
    "price" : 2205.70,
    "dma50" : 2214.02,
    "dma100" : 2146.81,
    "dma200" : 2147.00,
    "volume" : 3163.00
  }, {
    "date" : "2025-11-18",
    "price" : 2172.70,
    "dma50" : 2212.40,
    "dma100" : 2148.12,
    "dma200" : 2147.26,
    "volume" : 5114.00
  }, {
    "date" : "2025-11-19",
    "price" : 2108.20,
    "dma50" : 2208.31,
    "dma100" : 2148.21,
    "dma200" : 2146.87,
    "volume" : 10365.00
  }, {
    "date" : "2025-11-20",
    "price" : 2126.80,
    "dma50" : 2205.12,
    "dma100" : 2148.54,
    "dma200" : 2146.67,
    "volume" : 4241.00
  }, {
    "date" : "2025-11-21",
    "price" : 2113.40,
    "dma50" : 2201.52,
    "dma100" : 2148.63,
    "dma200" : 2146.34,
    "volume" : 2546.00
  }, {
    "date" : "2025-11-24",
    "price" : 2083.80,
    "dma50" : 2196.90,
    "dma100" : 2148.63,
    "dma200" : 2145.72,
    "volume" : 4238.00
  }, {
    "date" : "2025-11-25",
    "price" : 2061.20,
    "dma50" : 2191.58,
    "dma100" : 2148.38,
    "dma200" : 2144.87,
    "volume" : 3334.00
  }, {
    "date" : "2025-11-26",
    "price" : 2078.70,
    "dma50" : 2187.15,
    "dma100" : 2148.50,
    "dma200" : 2144.22,
    "volume" : 3547.00
  }, {
    "date" : "2025-11-27",
    "price" : 2081.40,
    "dma50" : 2183.01,
    "dma100" : 2148.66,
    "dma200" : 2143.59,
    "volume" : 2079.00
  }, {
    "date" : "2025-11-28",
    "price" : 2141.90,
    "dma50" : 2181.39,
    "dma100" : 2149.56,
    "dma200" : 2143.57,
    "volume" : 6399.00
  }, {
    "date" : "2025-12-01",
    "price" : 2097.00,
    "dma50" : 2178.08,
    "dma100" : 2150.21,
    "dma200" : 2143.11,
    "volume" : 4512.00
  }, {
    "date" : "2025-12-02",
    "price" : 2072.30,
    "dma50" : 2173.94,
    "dma100" : 2150.56,
    "dma200" : 2142.41,
    "volume" : 2814.00
  }, {
    "date" : "2025-12-03",
    "price" : 2066.80,
    "dma50" : 2169.74,
    "dma100" : 2150.64,
    "dma200" : 2141.65,
    "volume" : 4934.00
  }, {
    "date" : "2025-12-04",
    "price" : 2052.90,
    "dma50" : 2165.15,
    "dma100" : 2150.48,
    "dma200" : 2140.77,
    "volume" : 3590.00
  }, {
    "date" : "2025-12-05",
    "price" : 2058.20,
    "dma50" : 2160.96,
    "dma100" : 2150.37,
    "dma200" : 2139.95,
    "volume" : 2994.00
  }, {
    "date" : "2025-12-08",
    "price" : 1941.80,
    "dma50" : 2152.36,
    "dma100" : 2149.11,
    "dma200" : 2137.98,
    "volume" : 13730.00
  }, {
    "date" : "2025-12-09",
    "price" : 1941.40,
    "dma50" : 2144.09,
    "dma100" : 2147.64,
    "dma200" : 2136.02,
    "volume" : 11251.00
  }, {
    "date" : "2025-12-10",
    "price" : 1935.50,
    "dma50" : 2135.91,
    "dma100" : 2146.10,
    "dma200" : 2134.03,
    "volume" : 4387.00
  }, {
    "date" : "2025-12-11",
    "price" : 1953.90,
    "dma50" : 2128.77,
    "dma100" : 2144.66,
    "dma200" : 2132.23,
    "volume" : 3528.00
  }, {
    "date" : "2025-12-12",
    "price" : 1968.50,
    "dma50" : 2122.49,
    "dma100" : 2143.58,
    "dma200" : 2130.61,
    "volume" : 3155.00
  }, {
    "date" : "2025-12-15",
    "price" : 1978.00,
    "dma50" : 2116.82,
    "dma100" : 2142.81,
    "dma200" : 2129.09,
    "volume" : 3380.00
  }, {
    "date" : "2025-12-16",
    "price" : 1969.40,
    "dma50" : 2111.04,
    "dma100" : 2141.68,
    "dma200" : 2127.50,
    "volume" : 1760.00
  }, {
    "date" : "2025-12-17",
    "price" : 1967.60,
    "dma50" : 2105.42,
    "dma100" : 2140.28,
    "dma200" : 2125.91,
    "volume" : 2375.00
  }, {
    "date" : "2025-12-18",
    "price" : 1942.30,
    "dma50" : 2099.02,
    "dma100" : 2138.50,
    "dma200" : 2124.08,
    "volume" : 2414.00
  }, {
    "date" : "2025-12-19",
    "price" : 1974.90,
    "dma50" : 2094.15,
    "dma100" : 2137.47,
    "dma200" : 2122.60,
    "volume" : 3144.00
  }, {
    "date" : "2025-12-22",
    "price" : 2013.40,
    "dma50" : 2090.99,
    "dma100" : 2137.20,
    "dma200" : 2121.51,
    "volume" : 5167.00
  }, {
    "date" : "2025-12-23",
    "price" : 2003.20,
    "dma50" : 2087.54,
    "dma100" : 2136.57,
    "dma200" : 2120.33,
    "volume" : 2283.00
  }, {
    "date" : "2025-12-24",
    "price" : 1995.50,
    "dma50" : 2083.93,
    "dma100" : 2135.89,
    "dma200" : 2119.09,
    "volume" : 5179.00
  }, {
    "date" : "2025-12-26",
    "price" : 1971.60,
    "dma50" : 2079.53,
    "dma100" : 2135.18,
    "dma200" : 2117.62,
    "volume" : 2729.00
  }, {
    "date" : "2025-12-29",
    "price" : 1942.00,
    "dma50" : 2074.13,
    "dma100" : 2134.31,
    "dma200" : 2115.87,
    "volume" : 2979.00
  }, {
    "date" : "2025-12-30",
    "price" : 1931.20,
    "dma50" : 2068.53,
    "dma100" : 2133.36,
    "dma200" : 2114.04,
    "volume" : 3808.00
  }, {
    "date" : "2025-12-31",
    "price" : 1937.20,
    "dma50" : 2063.38,
    "dma100" : 2132.55,
    "dma200" : 2112.28,
    "volume" : 3406.00
  }, {
    "date" : "2026-01-01",
    "price" : 1937.30,
    "dma50" : 2058.43,
    "dma100" : 2131.70,
    "dma200" : 2110.54,
    "volume" : 1823.00
  }, {
    "date" : "2026-01-02",
    "price" : 1928.80,
    "dma50" : 2053.35,
    "dma100" : 2131.13,
    "dma200" : 2108.73,
    "volume" : 6985.00
  }, {
    "date" : "2026-01-05",
    "price" : 1938.00,
    "dma50" : 2048.83,
    "dma100" : 2130.73,
    "dma200" : 2107.03,
    "volume" : 3958.00
  }, {
    "date" : "2026-01-06",
    "price" : 1901.80,
    "dma50" : 2043.06,
    "dma100" : 2130.69,
    "dma200" : 2104.99,
    "volume" : 4936.00
  }, {
    "date" : "2026-01-07",
    "price" : 1902.10,
    "dma50" : 2037.53,
    "dma100" : 2130.64,
    "dma200" : 2102.97,
    "volume" : 4804.00
  }, {
    "date" : "2026-01-08",
    "price" : 1865.80,
    "dma50" : 2030.80,
    "dma100" : 2130.12,
    "dma200" : 2100.61,
    "volume" : 3756.00
  }, {
    "date" : "2026-01-09",
    "price" : 1823.60,
    "dma50" : 2022.67,
    "dma100" : 2129.12,
    "dma200" : 2097.85,
    "volume" : 5226.00
  }, {
    "date" : "2026-01-12",
    "price" : 1791.80,
    "dma50" : 2013.62,
    "dma100" : 2127.51,
    "dma200" : 2094.81,
    "volume" : 9038.00
  }, {
    "date" : "2026-01-13",
    "price" : 1810.40,
    "dma50" : 2005.65,
    "dma100" : 2125.91,
    "dma200" : 2091.98,
    "volume" : 3270.00
  }, {
    "date" : "2026-01-14",
    "price" : 1793.20,
    "dma50" : 1997.32,
    "dma100" : 2124.02,
    "dma200" : 2089.00,
    "volume" : 4118.00
  }, {
    "date" : "2026-01-16",
    "price" : 1787.80,
    "dma50" : 1989.10,
    "dma100" : 2120.88,
    "dma200" : 2086.01,
    "volume" : 3901.00
  }, {
    "date" : "2026-01-19",
    "price" : 1782.80,
    "dma50" : 1981.01,
    "dma100" : 2117.69,
    "dma200" : 2082.99,
    "volume" : 4848.00
  }, {
    "date" : "2026-01-20",
    "price" : 1720.20,
    "dma50" : 1970.78,
    "dma100" : 2113.20,
    "dma200" : 2079.38,
    "volume" : 7654.00
  }, {
    "date" : "2026-01-21",
    "price" : 1671.00,
    "dma50" : 1959.03,
    "dma100" : 2106.50,
    "dma200" : 2075.32,
    "volume" : 10399.00
  }, {
    "date" : "2026-01-22",
    "price" : 1738.00,
    "dma50" : 1950.36,
    "dma100" : 2101.47,
    "dma200" : 2071.96,
    "volume" : 4081.00
  }, {
    "date" : "2026-01-23",
    "price" : 1677.50,
    "dma50" : 1939.66,
    "dma100" : 2096.47,
    "dma200" : 2068.04,
    "volume" : 10212.00
  }, {
    "date" : "2026-01-27",
    "price" : 1681.10,
    "dma50" : 1929.52,
    "dma100" : 2090.69,
    "dma200" : 2064.19,
    "volume" : 9124.00
  }, {
    "date" : "2026-01-28",
    "price" : 1697.50,
    "dma50" : 1920.42,
    "dma100" : 2085.52,
    "dma200" : 2060.54,
    "volume" : 6111.00
  }, {
    "date" : "2026-01-29",
    "price" : 1747.00,
    "dma50" : 1913.62,
    "dma100" : 2080.45,
    "dma200" : 2057.42,
    "volume" : 22341.00
  }, {
    "date" : "2026-01-30",
    "price" : 1768.30,
    "dma50" : 1907.92,
    "dma100" : 2075.80,
    "dma200" : 2054.54,
    "volume" : 5354.00
  }, {
    "date" : "2026-02-01",
    "price" : 1703.40,
    "dma50" : 1899.90,
    "dma100" : 2070.50,
    "dma200" : 2051.05,
    "volume" : 3211.00
  }, {
    "date" : "2026-02-02",
    "price" : 1710.40,
    "dma50" : 1892.47,
    "dma100" : 2065.96,
    "dma200" : 2047.66,
    "volume" : 4472.00
  }, {
    "date" : "2026-02-03",
    "price" : 1787.90,
    "dma50" : 1888.37,
    "dma100" : 2061.87,
    "dma200" : 2045.07,
    "volume" : 10516.00
  }, {
    "date" : "2026-02-04",
    "price" : 1780.50,
    "dma50" : 1884.14,
    "dma100" : 2057.84,
    "dma200" : 2042.44,
    "volume" : 5068.00
  }, {
    "date" : "2026-02-05",
    "price" : 1755.80,
    "dma50" : 1879.11,
    "dma100" : 2053.77,
    "dma200" : 2039.59,
    "volume" : 1713.00
  }, {
    "date" : "2026-02-06",
    "price" : 1804.70,
    "dma50" : 1876.19,
    "dma100" : 2049.90,
    "dma200" : 2037.25,
    "volume" : 4939.00
  }, {
    "date" : "2026-02-09",
    "price" : 1817.50,
    "dma50" : 1873.89,
    "dma100" : 2046.27,
    "dma200" : 2035.06,
    "volume" : 20030.00
  }, {
    "date" : "2026-02-10",
    "price" : 1835.40,
    "dma50" : 1872.38,
    "dma100" : 2042.84,
    "dma200" : 2033.08,
    "volume" : 5178.00
  }, {
    "date" : "2026-02-11",
    "price" : 1835.80,
    "dma50" : 1870.94,
    "dma100" : 2039.36,
    "dma200" : 2031.11,
    "volume" : 9862.00
  } ],
  "latestTechnicalAttributes" : {
    "date" : "2026-02-11",
    "price" : 1835.80,
    "dma50" : 1870.94,
    "dma100" : 2039.36,
    "dma200" : 2031.11,
    "volume" : 9862.00
  },
  "quarterlyResults" : [ {
    "date" : "2009-12-31",
    "sales" : 0.10,
    "salesGrowthYoY" : null,
    "grossProfitMargin" : 100.00,
    "grossProfit" : 0.10,
    "operatingProfitMargin" : -1450.00,
    "operatingProfit" : -1.45,
    "netProfitMargin" : -910.00,
    "netProfit" : -0.91
  }, {
    "date" : "2010-03-31",
    "sales" : 2.08,
    "salesGrowthYoY" : null,
    "grossProfitMargin" : 100.00,
    "grossProfit" : 2.08,
    "operatingProfitMargin" : 68.27,
    "operatingProfit" : 1.42,
    "netProfitMargin" : 30.77,
    "netProfit" : 0.64
  }, {
    "date" : "2010-12-31",
    "sales" : 0.09,
    "salesGrowthYoY" : null,
    "grossProfitMargin" : 100.00,
    "grossProfit" : 0.09,
    "operatingProfitMargin" : -144.44,
    "operatingProfit" : -0.13,
    "netProfitMargin" : -144.44,
    "netProfit" : -0.13
  }, {
    "date" : "2011-03-31",
    "sales" : 0.01,
    "salesGrowthYoY" : null,
    "grossProfitMargin" : 100.00,
    "grossProfit" : 0.01,
    "operatingProfitMargin" : -2900.00,
    "operatingProfit" : -0.29,
    "netProfitMargin" : -14800.00,
    "netProfit" : -1.48
  }, {
    "date" : "2011-06-30",
    "sales" : 0.02,
    "salesGrowthYoY" : -80.00,
    "grossProfitMargin" : 100.00,
    "grossProfit" : 0.02,
    "operatingProfitMargin" : -750.00,
    "operatingProfit" : -0.15,
    "netProfitMargin" : -750.00,
    "netProfit" : -0.15
  }, {
    "date" : "2011-09-30",
    "sales" : 5.24,
    "salesGrowthYoY" : 151.92,
    "grossProfitMargin" : 100.00,
    "grossProfit" : 5.24,
    "operatingProfitMargin" : 96.18,
    "operatingProfit" : 5.04,
    "netProfitMargin" : 96.18,
    "netProfit" : 5.04
  }, {
    "date" : "2011-12-31",
    "sales" : 1.95,
    "salesGrowthYoY" : 2066.67,
    "grossProfitMargin" : 100.00,
    "grossProfit" : 1.95,
    "operatingProfitMargin" : 93.85,
    "operatingProfit" : 1.83,
    "netProfitMargin" : 93.85,
    "netProfit" : 1.83
  }, {
    "date" : "2012-03-31",
    "sales" : 1.62,
    "salesGrowthYoY" : 16100.00,
    "grossProfitMargin" : 100.00,
    "grossProfit" : 1.62,
    "operatingProfitMargin" : 35.80,
    "operatingProfit" : 0.58,
    "netProfitMargin" : 21.60,
    "netProfit" : 0.35
  }, {
    "date" : "2012-06-30",
    "sales" : 0.07,
    "salesGrowthYoY" : 250.00,
    "grossProfitMargin" : 100.00,
    "grossProfit" : 0.07,
    "operatingProfitMargin" : -28.57,
    "operatingProfit" : -0.02,
    "netProfitMargin" : -28.57,
    "netProfit" : -0.02
  }, {
    "date" : "2012-09-30",
    "sales" : 6.79,
    "salesGrowthYoY" : 29.58,
    "grossProfitMargin" : 91.46,
    "grossProfit" : 6.21,
    "operatingProfitMargin" : 88.66,
    "operatingProfit" : 6.02,
    "netProfitMargin" : 88.66,
    "netProfit" : 6.02
  }, {
    "date" : "2012-12-31",
    "sales" : 1.12,
    "salesGrowthYoY" : -42.56,
    "grossProfitMargin" : 4.46,
    "grossProfit" : 0.05,
    "operatingProfitMargin" : -3.57,
    "operatingProfit" : -0.04,
    "netProfitMargin" : -3.57,
    "netProfit" : -0.04
  }, {
    "date" : "2013-03-31",
    "sales" : 1.71,
    "salesGrowthYoY" : 5.56,
    "grossProfitMargin" : 100.00,
    "grossProfit" : 1.71,
    "operatingProfitMargin" : 86.55,
    "operatingProfit" : 1.48,
    "netProfitMargin" : 129.24,
    "netProfit" : 2.21
  }, {
    "date" : "2013-06-30",
    "sales" : 0.09,
    "salesGrowthYoY" : 28.57,
    "grossProfitMargin" : 100.00,
    "grossProfit" : 0.09,
    "operatingProfitMargin" : -33.33,
    "operatingProfit" : -0.03,
    "netProfitMargin" : -22.22,
    "netProfit" : -0.02
  }, {
    "date" : "2013-09-30",
    "sales" : 4.16,
    "salesGrowthYoY" : -38.73,
    "grossProfitMargin" : 100.00,
    "grossProfit" : 4.16,
    "operatingProfitMargin" : 93.75,
    "operatingProfit" : 3.90,
    "netProfitMargin" : 93.03,
    "netProfit" : 3.87
  }, {
    "date" : "2013-12-31",
    "sales" : 0.00,
    "salesGrowthYoY" : -100.00,
    "grossProfitMargin" : 0.00,
    "grossProfit" : 0.00,
    "operatingProfitMargin" : 0.00,
    "operatingProfit" : 0.00,
    "netProfitMargin" : 0.00,
    "netProfit" : 0.00
  }, {
    "date" : "2014-03-31",
    "sales" : 1.93,
    "salesGrowthYoY" : 12.87,
    "grossProfitMargin" : 100.00,
    "grossProfit" : 1.93,
    "operatingProfitMargin" : 88.60,
    "operatingProfit" : 1.71,
    "netProfitMargin" : 85.49,
    "netProfit" : 1.65
  }, {
    "date" : "2014-06-30",
    "sales" : 0.09,
    "salesGrowthYoY" : 0.00,
    "grossProfitMargin" : 100.00,
    "grossProfit" : 0.09,
    "operatingProfitMargin" : -155.56,
    "operatingProfit" : -0.14,
    "netProfitMargin" : 177.78,
    "netProfit" : 0.16
  }, {
    "date" : "2014-09-30",
    "sales" : 6.09,
    "salesGrowthYoY" : 46.39,
    "grossProfitMargin" : 100.00,
    "grossProfit" : 6.09,
    "operatingProfitMargin" : 93.60,
    "operatingProfit" : 5.70,
    "netProfitMargin" : 93.60,
    "netProfit" : 5.70
  }, {
    "date" : "2014-12-31",
    "sales" : 0.39,
    "salesGrowthYoY" : 100.00,
    "grossProfitMargin" : 100.00,
    "grossProfit" : 0.39,
    "operatingProfitMargin" : 25.64,
    "operatingProfit" : 0.10,
    "netProfitMargin" : 25.64,
    "netProfit" : 0.10
  }, {
    "date" : "2015-03-31",
    "sales" : 2.30,
    "salesGrowthYoY" : 19.17,
    "grossProfitMargin" : 100.00,
    "grossProfit" : 2.30,
    "operatingProfitMargin" : 85.65,
    "operatingProfit" : 1.97,
    "netProfitMargin" : 83.04,
    "netProfit" : 1.91
  }, {
    "date" : "2015-06-30",
    "sales" : 0.17,
    "salesGrowthYoY" : 88.89,
    "grossProfitMargin" : 100.00,
    "grossProfit" : 0.17,
    "operatingProfitMargin" : -70.59,
    "operatingProfit" : -0.12,
    "netProfitMargin" : -76.47,
    "netProfit" : -0.13
  }, {
    "date" : "2015-09-30",
    "sales" : 6.79,
    "salesGrowthYoY" : 11.49,
    "grossProfitMargin" : 100.00,
    "grossProfit" : 6.79,
    "operatingProfitMargin" : 93.67,
    "operatingProfit" : 6.36,
    "netProfitMargin" : 93.67,
    "netProfit" : 6.36
  }, {
    "date" : "2015-12-31",
    "sales" : 0.09,
    "salesGrowthYoY" : -76.92,
    "grossProfitMargin" : 100.00,
    "grossProfit" : 0.09,
    "operatingProfitMargin" : -222.22,
    "operatingProfit" : -0.20,
    "netProfitMargin" : -222.22,
    "netProfit" : -0.20
  }, {
    "date" : "2016-03-31",
    "sales" : 10.09,
    "salesGrowthYoY" : 338.70,
    "grossProfitMargin" : 100.00,
    "grossProfit" : 10.09,
    "operatingProfitMargin" : 96.63,
    "operatingProfit" : 9.75,
    "netProfitMargin" : 95.74,
    "netProfit" : 9.66
  }, {
    "date" : "2016-06-30",
    "sales" : 0.13,
    "salesGrowthYoY" : -23.53,
    "grossProfitMargin" : 100.00,
    "grossProfit" : 0.13,
    "operatingProfitMargin" : -100.00,
    "operatingProfit" : -0.13,
    "netProfitMargin" : -123.08,
    "netProfit" : -0.16
  }, {
    "date" : "2016-09-30",
    "sales" : 0.07,
    "salesGrowthYoY" : -98.97,
    "grossProfitMargin" : 100.00,
    "grossProfit" : 0.07,
    "operatingProfitMargin" : -528.57,
    "operatingProfit" : -0.37,
    "netProfitMargin" : -542.86,
    "netProfit" : -0.38
  }, {
    "date" : "2016-12-31",
    "sales" : 0.04,
    "salesGrowthYoY" : -55.56,
    "grossProfitMargin" : 100.00,
    "grossProfit" : 0.04,
    "operatingProfitMargin" : -600.00,
    "operatingProfit" : -0.24,
    "netProfitMargin" : -600.00,
    "netProfit" : -0.24
  }, {
    "date" : "2017-03-31",
    "sales" : 2.48,
    "salesGrowthYoY" : -75.42,
    "grossProfitMargin" : 100.00,
    "grossProfit" : 2.48,
    "operatingProfitMargin" : 86.69,
    "operatingProfit" : 2.15,
    "netProfitMargin" : 237.90,
    "netProfit" : 5.90
  }, {
    "date" : "2017-06-30",
    "sales" : 0.04,
    "salesGrowthYoY" : -69.23,
    "grossProfitMargin" : 100.00,
    "grossProfit" : 0.04,
    "operatingProfitMargin" : -575.00,
    "operatingProfit" : -0.23,
    "netProfitMargin" : -600.00,
    "netProfit" : -0.24
  }, {
    "date" : "2017-09-30",
    "sales" : 9.48,
    "salesGrowthYoY" : 13442.86,
    "grossProfitMargin" : 100.00,
    "grossProfit" : 9.48,
    "operatingProfitMargin" : 95.78,
    "operatingProfit" : 9.08,
    "netProfitMargin" : 95.89,
    "netProfit" : 9.09
  }, {
    "date" : "2017-12-31",
    "sales" : 0.04,
    "salesGrowthYoY" : 0.00,
    "grossProfitMargin" : 100.00,
    "grossProfit" : 0.04,
    "operatingProfitMargin" : -975.00,
    "operatingProfit" : -0.39,
    "netProfitMargin" : -975.00,
    "netProfit" : -0.39
  }, {
    "date" : "2018-03-31",
    "sales" : 76.50,
    "salesGrowthYoY" : 2984.68,
    "grossProfitMargin" : 100.00,
    "grossProfit" : 76.50,
    "operatingProfitMargin" : 99.39,
    "operatingProfit" : 76.03,
    "netProfitMargin" : 87.61,
    "netProfit" : 67.02
  }, {
    "date" : "2018-06-30",
    "sales" : 0.05,
    "salesGrowthYoY" : 25.00,
    "grossProfitMargin" : 100.00,
    "grossProfit" : 0.05,
    "operatingProfitMargin" : -1400.00,
    "operatingProfit" : -0.70,
    "netProfitMargin" : -1240.00,
    "netProfit" : -0.62
  }, {
    "date" : "2018-09-30",
    "sales" : 11.33,
    "salesGrowthYoY" : 19.51,
    "grossProfitMargin" : 100.00,
    "grossProfit" : 11.33,
    "operatingProfitMargin" : 93.73,
    "operatingProfit" : 10.62,
    "netProfitMargin" : 94.09,
    "netProfit" : 10.66
  }, {
    "date" : "2018-12-31",
    "sales" : 0.44,
    "salesGrowthYoY" : 1000.00,
    "grossProfitMargin" : 100.00,
    "grossProfit" : 0.44,
    "operatingProfitMargin" : 2.27,
    "operatingProfit" : 0.01,
    "netProfitMargin" : -29.55,
    "netProfit" : -0.13
  }, {
    "date" : "2019-03-31",
    "sales" : 2.80,
    "salesGrowthYoY" : -96.34,
    "grossProfitMargin" : 100.00,
    "grossProfit" : 2.80,
    "operatingProfitMargin" : 74.64,
    "operatingProfit" : 2.09,
    "netProfitMargin" : 71.07,
    "netProfit" : 1.99
  }, {
    "date" : "2019-06-30",
    "sales" : 0.29,
    "salesGrowthYoY" : 480.00,
    "grossProfitMargin" : 100.00,
    "grossProfit" : 0.29,
    "operatingProfitMargin" : -265.52,
    "operatingProfit" : -0.77,
    "netProfitMargin" : -224.14,
    "netProfit" : -0.65
  }, {
    "date" : "2019-09-30",
    "sales" : 13.77,
    "salesGrowthYoY" : 21.54,
    "grossProfitMargin" : 100.00,
    "grossProfit" : 13.77,
    "operatingProfitMargin" : 95.06,
    "operatingProfit" : 13.09,
    "netProfitMargin" : 93.83,
    "netProfit" : 12.92
  }, {
    "date" : "2019-12-31",
    "sales" : 0.79,
    "salesGrowthYoY" : 79.55,
    "grossProfitMargin" : 100.00,
    "grossProfit" : 0.79,
    "operatingProfitMargin" : 25.32,
    "operatingProfit" : 0.20,
    "netProfitMargin" : -13.92,
    "netProfit" : -0.11
  }, {
    "date" : "2020-03-31",
    "sales" : 17.71,
    "salesGrowthYoY" : 532.50,
    "grossProfitMargin" : 100.00,
    "grossProfit" : 17.71,
    "operatingProfitMargin" : 67.31,
    "operatingProfit" : 11.92,
    "netProfitMargin" : 75.16,
    "netProfit" : 13.31
  }, {
    "date" : "2020-06-30",
    "sales" : 3.72,
    "salesGrowthYoY" : 1182.76,
    "grossProfitMargin" : 100.00,
    "grossProfit" : 3.72,
    "operatingProfitMargin" : 88.98,
    "operatingProfit" : 3.31,
    "netProfitMargin" : 59.14,
    "netProfit" : 2.20
  }, {
    "date" : "2020-09-30",
    "sales" : 2.20,
    "salesGrowthYoY" : -84.02,
    "grossProfitMargin" : 100.00,
    "grossProfit" : 2.20,
    "operatingProfitMargin" : 67.27,
    "operatingProfit" : 1.48,
    "netProfitMargin" : 40.00,
    "netProfit" : 0.88
  }, {
    "date" : "2020-12-31",
    "sales" : 4.35,
    "salesGrowthYoY" : 450.63,
    "grossProfitMargin" : 100.00,
    "grossProfit" : 4.35,
    "operatingProfitMargin" : 91.26,
    "operatingProfit" : 3.97,
    "netProfitMargin" : 59.54,
    "netProfit" : 2.59
  }, {
    "date" : "2021-03-31",
    "sales" : 4.76,
    "salesGrowthYoY" : -73.12,
    "grossProfitMargin" : 100.00,
    "grossProfit" : 4.76,
    "operatingProfitMargin" : 87.61,
    "operatingProfit" : 4.17,
    "netProfitMargin" : 62.82,
    "netProfit" : 2.99
  }, {
    "date" : "2021-06-30",
    "sales" : 3.06,
    "salesGrowthYoY" : -17.74,
    "grossProfitMargin" : 100.00,
    "grossProfit" : 3.06,
    "operatingProfitMargin" : 86.27,
    "operatingProfit" : 2.64,
    "netProfitMargin" : 57.19,
    "netProfit" : 1.75
  }, {
    "date" : "2021-09-30",
    "sales" : 22.24,
    "salesGrowthYoY" : 910.91,
    "grossProfitMargin" : 100.00,
    "grossProfit" : 22.24,
    "operatingProfitMargin" : 97.03,
    "operatingProfit" : 21.58,
    "netProfitMargin" : 71.85,
    "netProfit" : 15.98
  }, {
    "date" : "2021-12-31",
    "sales" : 0.91,
    "salesGrowthYoY" : -79.08,
    "grossProfitMargin" : 100.00,
    "grossProfit" : 0.91,
    "operatingProfitMargin" : 21.98,
    "operatingProfit" : 0.20,
    "netProfitMargin" : 16.48,
    "netProfit" : 0.15
  }, {
    "date" : "2022-03-31",
    "sales" : 3.98,
    "salesGrowthYoY" : -16.39,
    "grossProfitMargin" : 100.00,
    "grossProfit" : 3.98,
    "operatingProfitMargin" : 64.82,
    "operatingProfit" : 2.58,
    "netProfitMargin" : 48.99,
    "netProfit" : 1.95
  }, {
    "date" : "2022-06-30",
    "sales" : 11.83,
    "salesGrowthYoY" : 286.60,
    "grossProfitMargin" : 100.00,
    "grossProfit" : 11.83,
    "operatingProfitMargin" : 66.95,
    "operatingProfit" : 7.92,
    "netProfitMargin" : 48.44,
    "netProfit" : 5.73
  }, {
    "date" : "2022-09-30",
    "sales" : 12.13,
    "salesGrowthYoY" : -45.46,
    "grossProfitMargin" : 100.00,
    "grossProfit" : 12.13,
    "operatingProfitMargin" : 93.90,
    "operatingProfit" : 11.39,
    "netProfitMargin" : 65.95,
    "netProfit" : 8.00
  }, {
    "date" : "2022-12-31",
    "sales" : 1.70,
    "salesGrowthYoY" : 86.81,
    "grossProfitMargin" : 100.00,
    "grossProfit" : 1.70,
    "operatingProfitMargin" : 69.41,
    "operatingProfit" : 1.18,
    "netProfitMargin" : 176.47,
    "netProfit" : 3.00
  }, {
    "date" : "2023-03-31",
    "sales" : 4.14,
    "salesGrowthYoY" : 4.02,
    "grossProfitMargin" : 100.00,
    "grossProfit" : 4.14,
    "operatingProfitMargin" : 76.33,
    "operatingProfit" : 3.16,
    "netProfitMargin" : 65.46,
    "netProfit" : 2.71
  }, {
    "date" : "2023-06-30",
    "sales" : 5.63,
    "salesGrowthYoY" : -52.41,
    "grossProfitMargin" : 100.00,
    "grossProfit" : 5.63,
    "operatingProfitMargin" : 90.41,
    "operatingProfit" : 5.09,
    "netProfitMargin" : 78.69,
    "netProfit" : 4.43
  }, {
    "date" : "2023-09-30",
    "sales" : 22.03,
    "salesGrowthYoY" : 81.62,
    "grossProfitMargin" : 100.00,
    "grossProfit" : 22.03,
    "operatingProfitMargin" : 96.50,
    "operatingProfit" : 21.26,
    "netProfitMargin" : 70.22,
    "netProfit" : 15.47
  }, {
    "date" : "2023-12-31",
    "sales" : 9.14,
    "salesGrowthYoY" : 437.65,
    "grossProfitMargin" : 100.00,
    "grossProfit" : 9.14,
    "operatingProfitMargin" : 94.09,
    "operatingProfit" : 8.60,
    "netProfitMargin" : 80.74,
    "netProfit" : 7.38
  }, {
    "date" : "2024-03-31",
    "sales" : 10.67,
    "salesGrowthYoY" : 157.73,
    "grossProfitMargin" : 100.00,
    "grossProfit" : 10.67,
    "operatingProfitMargin" : 93.91,
    "operatingProfit" : 10.02,
    "netProfitMargin" : 73.57,
    "netProfit" : 7.85
  }, {
    "date" : "2024-06-30",
    "sales" : 10.74,
    "salesGrowthYoY" : 90.76,
    "grossProfitMargin" : 100.00,
    "grossProfit" : 10.74,
    "operatingProfitMargin" : 95.81,
    "operatingProfit" : 10.29,
    "netProfitMargin" : 79.05,
    "netProfit" : 8.49
  }, {
    "date" : "2024-09-30",
    "sales" : 40.24,
    "salesGrowthYoY" : 82.66,
    "grossProfitMargin" : 100.00,
    "grossProfit" : 40.24,
    "operatingProfitMargin" : 97.79,
    "operatingProfit" : 39.35,
    "netProfitMargin" : 70.18,
    "netProfit" : 28.24
  }, {
    "date" : "2024-12-31",
    "sales" : 0.49,
    "salesGrowthYoY" : -94.64,
    "grossProfitMargin" : 100.00,
    "grossProfit" : 0.49,
    "operatingProfitMargin" : -997.96,
    "operatingProfit" : -4.89,
    "netProfitMargin" : -863.27,
    "netProfit" : -4.23
  }, {
    "date" : "2025-03-31",
    "sales" : 5.47,
    "salesGrowthYoY" : -48.73,
    "grossProfitMargin" : 100.00,
    "grossProfit" : 5.47,
    "operatingProfitMargin" : -24.31,
    "operatingProfit" : -1.33,
    "netProfitMargin" : -32.91,
    "netProfit" : -1.80
  }, {
    "date" : "2025-06-30",
    "sales" : 11.78,
    "salesGrowthYoY" : 9.68,
    "grossProfitMargin" : 100.00,
    "grossProfit" : 11.78,
    "operatingProfitMargin" : 94.74,
    "operatingProfit" : 11.16,
    "netProfitMargin" : 79.71,
    "netProfit" : 9.39
  }, {
    "date" : "2025-09-30",
    "sales" : 46.79,
    "salesGrowthYoY" : 16.28,
    "grossProfitMargin" : 100.00,
    "grossProfit" : 46.79,
    "operatingProfitMargin" : 98.44,
    "operatingProfit" : 46.06,
    "netProfitMargin" : 77.45,
    "netProfit" : 36.24
  }, {
    "date" : "2025-12-31",
    "sales" : 8.34,
    "salesGrowthYoY" : 1602.04,
    "grossProfitMargin" : 100.00,
    "grossProfit" : 8.34,
    "operatingProfitMargin" : 89.57,
    "operatingProfit" : 7.47,
    "netProfitMargin" : 78.54,
    "netProfit" : 6.55
  } ],
  "latestQuarterlyResult" : {
    "date" : "2025-12-31",
    "sales" : 8.34,
    "salesGrowthYoY" : 1602.04,
    "grossProfitMargin" : 100.00,
    "grossProfit" : 8.34,
    "operatingProfitMargin" : 89.57,
    "operatingProfit" : 7.47,
    "netProfitMargin" : 78.54,
    "netProfit" : 6.55
  },
  "companyScore" : {
    "priceHigherThanDma50" : 0.00,
    "priceHigherThanDma100" : 0.00,
    "priceHigherThanDma200" : 0.00,
    "dma50HigherThanDma100" : 0.00,
    "dma50HigherThanDma200" : 0.00,
    "dma100HigherThanDma200" : 5.00,
    "pricePercentageAboveDma50" : 5.09,
    "pricePercentageAboveDma100" : 5.50,
    "pricePercentageAboveDma200" : 5.48,
    "weeklyVolumeHigherThanYearlyVolume" : 0.00,
    "salesGrowthPercentile" : 18.64,
    "operatingProfitMarginPercentile" : 19.93,
    "netProfitMarginPercentile" : 9.89,
    "totalTechnicalScore" : 21.07,
    "totalFundamentalScore" : 48.47,
    "totalScore" : 69.55
  }
}