{
  "metadata" : {
    "screenerCompanyId" : "3277",
    "companyCode" : "SUPRAJIT",
    "companyName" : "Suprajit Engg.",
    "screenerCompanyLink" : "https://www.screener.in/company/SUPRAJIT",
    "screenerTechnicalHistoryLink" : "https://www.screener.in/api/company/3277/chart/?q=Price-DMA50-DMA200-Volume&days=365",
    "screenerQuarterlyResultsLink" : "https://www.screener.in/api/company/3277/chart/?q=GPM-OPM-NPM-Quarter+Sales&days=10000",
    "attributes" : {
      "companyCode" : "SUPRAJIT",
      "companyName" : "Suprajit Engg.",
      "marketCap" : 6486.00,
      "peRatio" : 25.60,
      "description" : "Suprajit is engaged in the manufacturing and trading of automotive cables and components, non-automotive cables and components, halogen lamps, LED drop in solutions, mechanic products like seat latch, steering locks, head rest mechanism etc. [1]"
    },
    "companyScore" : {
      "priceHigherThanDma50" : 5.00,
      "priceHigherThanDma100" : 5.00,
      "priceHigherThanDma200" : 5.00,
      "dma50HigherThanDma100" : 0.00,
      "dma50HigherThanDma200" : 5.00,
      "dma100HigherThanDma200" : 5.00,
      "pricePercentageAboveDma50" : 4.87,
      "pricePercentageAboveDma100" : 4.87,
      "pricePercentageAboveDma200" : 4.80,
      "weeklyVolumeHigherThanYearlyVolume" : 5.00,
      "salesGrowthPercentile" : 7.16,
      "operatingProfitMarginPercentile" : 17.15,
      "netProfitMarginPercentile" : 9.88,
      "totalTechnicalScore" : 44.54,
      "totalFundamentalScore" : 34.19,
      "totalScore" : 78.74
    }
  },
  "attributes" : {
    "companyCode" : "SUPRAJIT",
    "companyName" : "Suprajit Engg.",
    "marketCap" : 6486.00,
    "peRatio" : 25.60,
    "description" : "Suprajit is engaged in the manufacturing and trading of automotive cables and components, non-automotive cables and components, halogen lamps, LED drop in solutions, mechanic products like seat latch, steering locks, head rest mechanism etc. [1]"
  },
  "technicalHistory" : [ {
    "date" : "2024-12-04",
    "price" : 486.50,
    "dma50" : 489.92,
    "dma100" : null,
    "dma200" : 477.30,
    "volume" : 84783.00
  }, {
    "date" : "2024-12-05",
    "price" : 497.95,
    "dma50" : 490.24,
    "dma100" : null,
    "dma200" : 477.50,
    "volume" : 105055.00
  }, {
    "date" : "2024-12-06",
    "price" : 499.75,
    "dma50" : 490.61,
    "dma100" : null,
    "dma200" : 477.72,
    "volume" : 83791.00
  }, {
    "date" : "2024-12-09",
    "price" : 499.65,
    "dma50" : 490.96,
    "dma100" : null,
    "dma200" : 477.94,
    "volume" : 58380.00
  }, {
    "date" : "2024-12-10",
    "price" : 501.05,
    "dma50" : 491.36,
    "dma100" : null,
    "dma200" : 478.17,
    "volume" : 276398.00
  }, {
    "date" : "2024-12-11",
    "price" : 508.15,
    "dma50" : 492.02,
    "dma100" : null,
    "dma200" : 478.47,
    "volume" : 79044.00
  }, {
    "date" : "2024-12-12",
    "price" : 507.00,
    "dma50" : 492.61,
    "dma100" : null,
    "dma200" : 478.75,
    "volume" : 26385.00
  }, {
    "date" : "2024-12-13",
    "price" : 501.25,
    "dma50" : 492.94,
    "dma100" : null,
    "dma200" : 478.98,
    "volume" : 50410.00
  }, {
    "date" : "2024-12-16",
    "price" : 504.15,
    "dma50" : 493.38,
    "dma100" : null,
    "dma200" : 479.23,
    "volume" : 44078.00
  }, {
    "date" : "2024-12-17",
    "price" : 488.40,
    "dma50" : 493.19,
    "dma100" : null,
    "dma200" : 479.32,
    "volume" : 73518.00
  }, {
    "date" : "2024-12-18",
    "price" : 492.15,
    "dma50" : 493.15,
    "dma100" : null,
    "dma200" : 479.45,
    "volume" : 55337.00
  }, {
    "date" : "2024-12-19",
    "price" : 481.10,
    "dma50" : 492.67,
    "dma100" : null,
    "dma200" : 479.46,
    "volume" : 90683.00
  }, {
    "date" : "2024-12-20",
    "price" : 471.10,
    "dma50" : 491.83,
    "dma100" : null,
    "dma200" : 479.38,
    "volume" : 56344.00
  }, {
    "date" : "2024-12-23",
    "price" : 470.95,
    "dma50" : 491.01,
    "dma100" : null,
    "dma200" : 479.30,
    "volume" : 65382.00
  }, {
    "date" : "2024-12-24",
    "price" : 470.55,
    "dma50" : 490.21,
    "dma100" : null,
    "dma200" : 479.21,
    "volume" : 25887.00
  }, {
    "date" : "2024-12-26",
    "price" : 463.30,
    "dma50" : 489.15,
    "dma100" : null,
    "dma200" : 479.05,
    "volume" : 33089.00
  }, {
    "date" : "2024-12-27",
    "price" : 464.70,
    "dma50" : 488.19,
    "dma100" : null,
    "dma200" : 478.91,
    "volume" : 31222.00
  }, {
    "date" : "2024-12-30",
    "price" : 453.40,
    "dma50" : 486.83,
    "dma100" : null,
    "dma200" : 478.65,
    "volume" : 60975.00
  }, {
    "date" : "2024-12-31",
    "price" : 459.40,
    "dma50" : 485.75,
    "dma100" : null,
    "dma200" : 478.46,
    "volume" : 50702.00
  }, {
    "date" : "2025-01-01",
    "price" : 474.20,
    "dma50" : 485.30,
    "dma100" : null,
    "dma200" : 478.42,
    "volume" : 42219.00
  }, {
    "date" : "2025-01-02",
    "price" : 470.75,
    "dma50" : 484.73,
    "dma100" : null,
    "dma200" : 478.34,
    "volume" : 33731.00
  }, {
    "date" : "2025-01-03",
    "price" : 456.50,
    "dma50" : 483.62,
    "dma100" : null,
    "dma200" : 478.13,
    "volume" : 87447.00
  }, {
    "date" : "2025-01-06",
    "price" : 445.85,
    "dma50" : 482.14,
    "dma100" : null,
    "dma200" : 477.81,
    "volume" : 53288.00
  }, {
    "date" : "2025-01-07",
    "price" : 440.10,
    "dma50" : 480.49,
    "dma100" : null,
    "dma200" : 477.43,
    "volume" : 77805.00
  }, {
    "date" : "2025-01-08",
    "price" : 448.95,
    "dma50" : 479.26,
    "dma100" : null,
    "dma200" : 477.15,
    "volume" : 71649.00
  }, {
    "date" : "2025-01-09",
    "price" : 435.75,
    "dma50" : 477.55,
    "dma100" : null,
    "dma200" : 476.73,
    "volume" : 132629.00
  }, {
    "date" : "2025-01-10",
    "price" : 428.50,
    "dma50" : 475.63,
    "dma100" : null,
    "dma200" : 476.25,
    "volume" : 109460.00
  }, {
    "date" : "2025-01-13",
    "price" : 406.50,
    "dma50" : 472.92,
    "dma100" : null,
    "dma200" : 475.56,
    "volume" : 114667.00
  }, {
    "date" : "2025-01-14",
    "price" : 412.25,
    "dma50" : 470.54,
    "dma100" : null,
    "dma200" : 474.93,
    "volume" : 107030.00
  }, {
    "date" : "2025-01-15",
    "price" : 409.25,
    "dma50" : 468.13,
    "dma100" : null,
    "dma200" : 474.28,
    "volume" : 72118.00
  }, {
    "date" : "2025-01-16",
    "price" : 404.70,
    "dma50" : 465.65,
    "dma100" : null,
    "dma200" : 473.58,
    "volume" : 116162.00
  }, {
    "date" : "2025-01-17",
    "price" : 399.40,
    "dma50" : 463.05,
    "dma100" : null,
    "dma200" : 472.85,
    "volume" : 110341.00
  }, {
    "date" : "2025-01-20",
    "price" : 399.40,
    "dma50" : 460.55,
    "dma100" : null,
    "dma200" : 472.12,
    "volume" : 52932.00
  }, {
    "date" : "2025-01-21",
    "price" : 404.00,
    "dma50" : 458.33,
    "dma100" : null,
    "dma200" : 471.44,
    "volume" : 71587.00
  }, {
    "date" : "2025-01-22",
    "price" : 402.65,
    "dma50" : 456.15,
    "dma100" : null,
    "dma200" : 470.75,
    "volume" : 66712.00
  }, {
    "date" : "2025-01-23",
    "price" : 399.45,
    "dma50" : 453.93,
    "dma100" : null,
    "dma200" : 470.04,
    "volume" : 31527.00
  }, {
    "date" : "2025-01-24",
    "price" : 393.25,
    "dma50" : 451.55,
    "dma100" : null,
    "dma200" : 469.28,
    "volume" : 44793.00
  }, {
    "date" : "2025-01-27",
    "price" : 391.40,
    "dma50" : 449.19,
    "dma100" : null,
    "dma200" : 468.51,
    "volume" : 116999.00
  }, {
    "date" : "2025-01-28",
    "price" : 389.50,
    "dma50" : 446.85,
    "dma100" : null,
    "dma200" : 467.72,
    "volume" : 84887.00
  }, {
    "date" : "2025-01-29",
    "price" : 388.85,
    "dma50" : 444.57,
    "dma100" : null,
    "dma200" : 466.93,
    "volume" : 51919.00
  }, {
    "date" : "2025-01-30",
    "price" : 391.85,
    "dma50" : 442.51,
    "dma100" : null,
    "dma200" : 466.19,
    "volume" : 76111.00
  }, {
    "date" : "2025-01-31",
    "price" : 406.75,
    "dma50" : 441.10,
    "dma100" : null,
    "dma200" : 465.60,
    "volume" : 54330.00
  }, {
    "date" : "2025-02-01",
    "price" : 401.60,
    "dma50" : 439.55,
    "dma100" : null,
    "dma200" : 464.96,
    "volume" : 27363.00
  }, {
    "date" : "2025-02-03",
    "price" : 402.55,
    "dma50" : 438.10,
    "dma100" : null,
    "dma200" : 464.34,
    "volume" : 39040.00
  }, {
    "date" : "2025-02-04",
    "price" : 414.50,
    "dma50" : 437.18,
    "dma100" : null,
    "dma200" : 463.84,
    "volume" : 200041.00
  }, {
    "date" : "2025-02-05",
    "price" : 414.40,
    "dma50" : 436.28,
    "dma100" : null,
    "dma200" : 463.35,
    "volume" : 55445.00
  }, {
    "date" : "2025-02-06",
    "price" : 424.65,
    "dma50" : 435.83,
    "dma100" : null,
    "dma200" : 462.97,
    "volume" : 69624.00
  }, {
    "date" : "2025-02-07",
    "price" : 420.90,
    "dma50" : 435.24,
    "dma100" : null,
    "dma200" : 462.55,
    "volume" : 27174.00
  }, {
    "date" : "2025-02-10",
    "price" : 420.10,
    "dma50" : 434.65,
    "dma100" : null,
    "dma200" : 462.12,
    "volume" : 42009.00
  }, {
    "date" : "2025-02-11",
    "price" : 401.60,
    "dma50" : 433.35,
    "dma100" : null,
    "dma200" : 461.52,
    "volume" : 79418.00
  }, {
    "date" : "2025-02-12",
    "price" : 404.50,
    "dma50" : 432.22,
    "dma100" : null,
    "dma200" : 460.95,
    "volume" : 87836.00
  }, {
    "date" : "2025-02-13",
    "price" : 418.20,
    "dma50" : 431.67,
    "dma100" : null,
    "dma200" : 460.53,
    "volume" : 100023.00
  }, {
    "date" : "2025-02-14",
    "price" : 403.50,
    "dma50" : 430.57,
    "dma100" : null,
    "dma200" : 459.96,
    "volume" : 35687.00
  }, {
    "date" : "2025-02-17",
    "price" : 419.55,
    "dma50" : 430.13,
    "dma100" : null,
    "dma200" : 459.56,
    "volume" : 115327.00
  }, {
    "date" : "2025-02-18",
    "price" : 419.25,
    "dma50" : 429.71,
    "dma100" : null,
    "dma200" : 459.16,
    "volume" : 50012.00
  }, {
    "date" : "2025-02-19",
    "price" : 419.85,
    "dma50" : 429.32,
    "dma100" : null,
    "dma200" : 458.77,
    "volume" : 83375.00
  }, {
    "date" : "2025-02-20",
    "price" : 424.10,
    "dma50" : 429.12,
    "dma100" : null,
    "dma200" : 458.42,
    "volume" : 55600.00
  }, {
    "date" : "2025-02-21",
    "price" : 416.70,
    "dma50" : 428.63,
    "dma100" : null,
    "dma200" : 458.01,
    "volume" : 79785.00
  }, {
    "date" : "2025-02-24",
    "price" : 405.60,
    "dma50" : 427.73,
    "dma100" : null,
    "dma200" : 457.49,
    "volume" : 51525.00
  }, {
    "date" : "2025-02-25",
    "price" : 396.10,
    "dma50" : 426.49,
    "dma100" : null,
    "dma200" : 456.87,
    "volume" : 38405.00
  }, {
    "date" : "2025-02-27",
    "price" : 391.30,
    "dma50" : 425.11,
    "dma100" : null,
    "dma200" : 456.22,
    "volume" : 52383.00
  }, {
    "date" : "2025-02-28",
    "price" : 400.75,
    "dma50" : 424.15,
    "dma100" : null,
    "dma200" : 455.67,
    "volume" : 175531.00
  }, {
    "date" : "2025-03-03",
    "price" : 388.95,
    "dma50" : 422.77,
    "dma100" : null,
    "dma200" : 455.01,
    "volume" : 85007.00
  }, {
    "date" : "2025-03-04",
    "price" : 385.85,
    "dma50" : 421.32,
    "dma100" : null,
    "dma200" : 454.32,
    "volume" : 62317.00
  }, {
    "date" : "2025-03-05",
    "price" : 397.40,
    "dma50" : 420.38,
    "dma100" : null,
    "dma200" : 453.75,
    "volume" : 42563.00
  }, {
    "date" : "2025-03-06",
    "price" : 407.40,
    "dma50" : 419.88,
    "dma100" : null,
    "dma200" : 453.29,
    "volume" : 64818.00
  }, {
    "date" : "2025-03-07",
    "price" : 412.15,
    "dma50" : 419.57,
    "dma100" : null,
    "dma200" : 452.88,
    "volume" : 67870.00
  }, {
    "date" : "2025-03-10",
    "price" : 409.55,
    "dma50" : 419.18,
    "dma100" : null,
    "dma200" : 452.45,
    "volume" : 67376.00
  }, {
    "date" : "2025-03-11",
    "price" : 405.30,
    "dma50" : 418.64,
    "dma100" : null,
    "dma200" : 451.98,
    "volume" : 47279.00
  }, {
    "date" : "2025-03-12",
    "price" : 401.70,
    "dma50" : 417.97,
    "dma100" : null,
    "dma200" : 451.48,
    "volume" : 68403.00
  }, {
    "date" : "2025-03-13",
    "price" : 391.45,
    "dma50" : 416.93,
    "dma100" : null,
    "dma200" : 450.88,
    "volume" : 51849.00
  }, {
    "date" : "2025-03-17",
    "price" : 384.35,
    "dma50" : 415.65,
    "dma100" : null,
    "dma200" : 450.22,
    "volume" : 70157.00
  }, {
    "date" : "2025-03-18",
    "price" : 391.70,
    "dma50" : 414.71,
    "dma100" : null,
    "dma200" : 449.64,
    "volume" : 78459.00
  }, {
    "date" : "2025-03-19",
    "price" : 391.40,
    "dma50" : 413.80,
    "dma100" : null,
    "dma200" : 449.06,
    "volume" : 88144.00
  }, {
    "date" : "2025-03-20",
    "price" : 391.10,
    "dma50" : 412.91,
    "dma100" : null,
    "dma200" : 448.48,
    "volume" : 128997.00
  }, {
    "date" : "2025-03-21",
    "price" : 406.35,
    "dma50" : 412.65,
    "dma100" : null,
    "dma200" : 448.06,
    "volume" : 111957.00
  }, {
    "date" : "2025-03-24",
    "price" : 415.40,
    "dma50" : 412.76,
    "dma100" : null,
    "dma200" : 447.74,
    "volume" : 108253.00
  }, {
    "date" : "2025-03-25",
    "price" : 407.75,
    "dma50" : 412.56,
    "dma100" : null,
    "dma200" : 447.34,
    "volume" : 80699.00
  }, {
    "date" : "2025-03-26",
    "price" : 392.40,
    "dma50" : 411.77,
    "dma100" : null,
    "dma200" : 446.79,
    "volume" : 76297.00
  }, {
    "date" : "2025-03-27",
    "price" : 380.85,
    "dma50" : 410.56,
    "dma100" : null,
    "dma200" : 446.14,
    "volume" : 110492.00
  }, {
    "date" : "2025-03-28",
    "price" : 376.15,
    "dma50" : 409.21,
    "dma100" : null,
    "dma200" : 445.44,
    "volume" : 156323.00
  }, {
    "date" : "2025-04-01",
    "price" : 379.90,
    "dma50" : 408.06,
    "dma100" : null,
    "dma200" : 444.79,
    "volume" : 78426.00
  }, {
    "date" : "2025-04-02",
    "price" : 379.60,
    "dma50" : 406.95,
    "dma100" : null,
    "dma200" : 444.14,
    "volume" : 42326.00
  }, {
    "date" : "2025-04-03",
    "price" : 385.50,
    "dma50" : 406.10,
    "dma100" : null,
    "dma200" : 443.56,
    "volume" : 56468.00
  }, {
    "date" : "2025-04-04",
    "price" : 374.15,
    "dma50" : 404.85,
    "dma100" : null,
    "dma200" : 442.87,
    "volume" : 88871.00
  }, {
    "date" : "2025-04-07",
    "price" : 364.15,
    "dma50" : 403.26,
    "dma100" : null,
    "dma200" : 442.08,
    "volume" : 105956.00
  }, {
    "date" : "2025-04-08",
    "price" : 376.40,
    "dma50" : 402.20,
    "dma100" : null,
    "dma200" : 441.43,
    "volume" : 38867.00
  }, {
    "date" : "2025-04-09",
    "price" : 375.05,
    "dma50" : 401.14,
    "dma100" : null,
    "dma200" : 440.77,
    "volume" : 27833.00
  }, {
    "date" : "2025-04-11",
    "price" : 381.80,
    "dma50" : 400.38,
    "dma100" : null,
    "dma200" : 440.18,
    "volume" : 47259.00
  }, {
    "date" : "2025-04-15",
    "price" : 397.20,
    "dma50" : 400.25,
    "dma100" : null,
    "dma200" : 439.76,
    "volume" : 55132.00
  }, {
    "date" : "2025-04-16",
    "price" : 396.75,
    "dma50" : 400.12,
    "dma100" : null,
    "dma200" : 439.33,
    "volume" : 54782.00
  }, {
    "date" : "2025-04-17",
    "price" : 389.60,
    "dma50" : 399.70,
    "dma100" : null,
    "dma200" : 438.83,
    "volume" : 92592.00
  }, {
    "date" : "2025-04-21",
    "price" : 402.10,
    "dma50" : 399.80,
    "dma100" : null,
    "dma200" : 438.47,
    "volume" : 92511.00
  }, {
    "date" : "2025-04-22",
    "price" : 399.90,
    "dma50" : 399.80,
    "dma100" : null,
    "dma200" : 438.08,
    "volume" : 46127.00
  }, {
    "date" : "2025-04-23",
    "price" : 404.40,
    "dma50" : 399.98,
    "dma100" : null,
    "dma200" : 437.75,
    "volume" : 50158.00
  }, {
    "date" : "2025-04-24",
    "price" : 400.85,
    "dma50" : 400.02,
    "dma100" : null,
    "dma200" : 437.38,
    "volume" : 36157.00
  }, {
    "date" : "2025-04-25",
    "price" : 395.45,
    "dma50" : 399.84,
    "dma100" : null,
    "dma200" : 436.96,
    "volume" : 43818.00
  }, {
    "date" : "2025-04-28",
    "price" : 397.60,
    "dma50" : 399.75,
    "dma100" : null,
    "dma200" : 436.57,
    "volume" : 70391.00
  }, {
    "date" : "2025-04-29",
    "price" : 395.25,
    "dma50" : 399.57,
    "dma100" : null,
    "dma200" : 436.16,
    "volume" : 49387.00
  }, {
    "date" : "2025-04-30",
    "price" : 384.80,
    "dma50" : 398.99,
    "dma100" : null,
    "dma200" : 435.65,
    "volume" : 54288.00
  }, {
    "date" : "2025-05-02",
    "price" : 387.65,
    "dma50" : 398.55,
    "dma100" : 418.59,
    "dma200" : 435.17,
    "volume" : 71518.00
  }, {
    "date" : "2025-05-05",
    "price" : 392.95,
    "dma50" : 398.33,
    "dma100" : 417.54,
    "dma200" : 434.75,
    "volume" : 36590.00
  }, {
    "date" : "2025-05-06",
    "price" : 388.95,
    "dma50" : 397.96,
    "dma100" : 416.43,
    "dma200" : 434.30,
    "volume" : 34127.00
  }, {
    "date" : "2025-05-07",
    "price" : 392.10,
    "dma50" : 397.73,
    "dma100" : 415.35,
    "dma200" : 433.88,
    "volume" : 62096.00
  }, {
    "date" : "2025-05-08",
    "price" : 389.00,
    "dma50" : 397.39,
    "dma100" : 414.23,
    "dma200" : 433.43,
    "volume" : 121359.00
  }, {
    "date" : "2025-05-09",
    "price" : 384.45,
    "dma50" : 396.88,
    "dma100" : 413.00,
    "dma200" : 432.94,
    "volume" : 590092.00
  }, {
    "date" : "2025-05-12",
    "price" : 401.75,
    "dma50" : 397.07,
    "dma100" : 411.94,
    "dma200" : 432.63,
    "volume" : 578080.00
  }, {
    "date" : "2025-05-13",
    "price" : 406.45,
    "dma50" : 397.44,
    "dma100" : 411.00,
    "dma200" : 432.37,
    "volume" : 105903.00
  }, {
    "date" : "2025-05-14",
    "price" : 419.65,
    "dma50" : 398.31,
    "dma100" : 410.15,
    "dma200" : 432.24,
    "volume" : 147864.00
  }, {
    "date" : "2025-05-15",
    "price" : 423.25,
    "dma50" : 399.29,
    "dma100" : 409.50,
    "dma200" : 432.16,
    "volume" : 84886.00
  }, {
    "date" : "2025-05-16",
    "price" : 418.90,
    "dma50" : 400.06,
    "dma100" : 408.77,
    "dma200" : 432.02,
    "volume" : 101959.00
  }, {
    "date" : "2025-05-19",
    "price" : 421.00,
    "dma50" : 400.88,
    "dma100" : 408.17,
    "dma200" : 431.91,
    "volume" : 58001.00
  }, {
    "date" : "2025-05-20",
    "price" : 408.90,
    "dma50" : 401.19,
    "dma100" : 407.54,
    "dma200" : 431.68,
    "volume" : 105380.00
  }, {
    "date" : "2025-05-21",
    "price" : 419.15,
    "dma50" : 401.90,
    "dma100" : 407.03,
    "dma200" : 431.56,
    "volume" : 95975.00
  }, {
    "date" : "2025-05-22",
    "price" : 420.10,
    "dma50" : 402.61,
    "dma100" : 406.52,
    "dma200" : 431.45,
    "volume" : 39123.00
  }, {
    "date" : "2025-05-23",
    "price" : 423.05,
    "dma50" : 403.41,
    "dma100" : 406.12,
    "dma200" : 431.36,
    "volume" : 114135.00
  }, {
    "date" : "2025-05-26",
    "price" : 425.30,
    "dma50" : 404.27,
    "dma100" : 405.73,
    "dma200" : 431.30,
    "volume" : 555139.00
  }, {
    "date" : "2025-05-27",
    "price" : 439.00,
    "dma50" : 405.63,
    "dma100" : 405.58,
    "dma200" : 431.38,
    "volume" : 307874.00
  }, {
    "date" : "2025-05-28",
    "price" : 425.80,
    "dma50" : 406.42,
    "dma100" : 405.25,
    "dma200" : 431.32,
    "volume" : 393176.00
  }, {
    "date" : "2025-05-29",
    "price" : 426.70,
    "dma50" : 407.22,
    "dma100" : 404.77,
    "dma200" : 431.28,
    "volume" : 727429.00
  }, {
    "date" : "2025-05-30",
    "price" : 418.65,
    "dma50" : 407.67,
    "dma100" : 404.25,
    "dma200" : 431.15,
    "volume" : 137997.00
  }, {
    "date" : "2025-06-02",
    "price" : 414.85,
    "dma50" : 407.95,
    "dma100" : 403.83,
    "dma200" : 430.99,
    "volume" : 46792.00
  }, {
    "date" : "2025-06-03",
    "price" : 419.70,
    "dma50" : 408.41,
    "dma100" : 403.57,
    "dma200" : 430.88,
    "volume" : 575859.00
  }, {
    "date" : "2025-06-04",
    "price" : 433.20,
    "dma50" : 409.38,
    "dma100" : 403.50,
    "dma200" : 430.90,
    "volume" : 270000.00
  }, {
    "date" : "2025-06-05",
    "price" : 471.25,
    "dma50" : 411.81,
    "dma100" : 403.73,
    "dma200" : 431.30,
    "volume" : 1006106.00
  }, {
    "date" : "2025-06-06",
    "price" : 477.70,
    "dma50" : 414.39,
    "dma100" : 404.14,
    "dma200" : 431.76,
    "volume" : 505854.00
  }, {
    "date" : "2025-06-09",
    "price" : 469.55,
    "dma50" : 416.56,
    "dma100" : 404.56,
    "dma200" : 432.14,
    "volume" : 164613.00
  }, {
    "date" : "2025-06-10",
    "price" : 476.00,
    "dma50" : 418.89,
    "dma100" : 405.25,
    "dma200" : 432.58,
    "volume" : 168830.00
  }, {
    "date" : "2025-06-11",
    "price" : 474.95,
    "dma50" : 421.09,
    "dma100" : 405.88,
    "dma200" : 433.00,
    "volume" : 105457.00
  }, {
    "date" : "2025-06-12",
    "price" : 461.65,
    "dma50" : 422.68,
    "dma100" : 406.40,
    "dma200" : 433.28,
    "volume" : 79021.00
  }, {
    "date" : "2025-06-13",
    "price" : 457.25,
    "dma50" : 424.03,
    "dma100" : 406.93,
    "dma200" : 433.52,
    "volume" : 130447.00
  }, {
    "date" : "2025-06-16",
    "price" : 455.55,
    "dma50" : 425.27,
    "dma100" : 407.49,
    "dma200" : 433.74,
    "volume" : 61548.00
  }, {
    "date" : "2025-06-17",
    "price" : 463.90,
    "dma50" : 426.78,
    "dma100" : 408.13,
    "dma200" : 434.04,
    "volume" : 109585.00
  }, {
    "date" : "2025-06-18",
    "price" : 459.60,
    "dma50" : 428.07,
    "dma100" : 408.69,
    "dma200" : 434.29,
    "volume" : 535377.00
  }, {
    "date" : "2025-06-19",
    "price" : 447.10,
    "dma50" : 428.82,
    "dma100" : 409.13,
    "dma200" : 434.42,
    "volume" : 165478.00
  }, {
    "date" : "2025-06-20",
    "price" : 444.25,
    "dma50" : 429.42,
    "dma100" : 409.58,
    "dma200" : 434.52,
    "volume" : 325311.00
  }, {
    "date" : "2025-06-23",
    "price" : 437.00,
    "dma50" : 429.72,
    "dma100" : 410.02,
    "dma200" : 434.54,
    "volume" : 63770.00
  }, {
    "date" : "2025-06-24",
    "price" : 440.00,
    "dma50" : 430.12,
    "dma100" : 410.51,
    "dma200" : 434.60,
    "volume" : 86755.00
  }, {
    "date" : "2025-06-25",
    "price" : 464.50,
    "dma50" : 431.47,
    "dma100" : 411.26,
    "dma200" : 434.90,
    "volume" : 345153.00
  }, {
    "date" : "2025-06-26",
    "price" : 462.15,
    "dma50" : 432.67,
    "dma100" : 411.99,
    "dma200" : 435.17,
    "volume" : 324663.00
  }, {
    "date" : "2025-06-27",
    "price" : 473.95,
    "dma50" : 434.29,
    "dma100" : 412.81,
    "dma200" : 435.55,
    "volume" : 286056.00
  }, {
    "date" : "2025-06-30",
    "price" : 482.30,
    "dma50" : 436.17,
    "dma100" : 413.56,
    "dma200" : 436.02,
    "volume" : 199801.00
  }, {
    "date" : "2025-07-01",
    "price" : 474.80,
    "dma50" : 437.69,
    "dma100" : 414.30,
    "dma200" : 436.40,
    "volume" : 114992.00
  }, {
    "date" : "2025-07-02",
    "price" : 472.45,
    "dma50" : 439.05,
    "dma100" : 415.00,
    "dma200" : 436.76,
    "volume" : 82249.00
  }, {
    "date" : "2025-07-03",
    "price" : 474.50,
    "dma50" : 440.44,
    "dma100" : 415.60,
    "dma200" : 437.14,
    "volume" : 152770.00
  }, {
    "date" : "2025-07-04",
    "price" : 474.85,
    "dma50" : 441.79,
    "dma100" : 416.20,
    "dma200" : 437.51,
    "volume" : 54667.00
  }, {
    "date" : "2025-07-07",
    "price" : 466.35,
    "dma50" : 442.75,
    "dma100" : 416.62,
    "dma200" : 437.80,
    "volume" : 150603.00
  }, {
    "date" : "2025-07-08",
    "price" : 463.00,
    "dma50" : 443.55,
    "dma100" : 417.04,
    "dma200" : 438.05,
    "volume" : 85450.00
  }, {
    "date" : "2025-07-09",
    "price" : 460.65,
    "dma50" : 444.22,
    "dma100" : 417.44,
    "dma200" : 438.28,
    "volume" : 88478.00
  }, {
    "date" : "2025-07-10",
    "price" : 466.65,
    "dma50" : 445.10,
    "dma100" : 418.09,
    "dma200" : 438.56,
    "volume" : 54078.00
  }, {
    "date" : "2025-07-11",
    "price" : 447.95,
    "dma50" : 445.21,
    "dma100" : 418.53,
    "dma200" : 438.65,
    "volume" : 128987.00
  }, {
    "date" : "2025-07-14",
    "price" : 469.45,
    "dma50" : 446.16,
    "dma100" : 419.04,
    "dma200" : 438.96,
    "volume" : 236087.00
  }, {
    "date" : "2025-07-15",
    "price" : 467.05,
    "dma50" : 446.98,
    "dma100" : 419.68,
    "dma200" : 439.24,
    "volume" : 408717.00
  }, {
    "date" : "2025-07-16",
    "price" : 465.80,
    "dma50" : 447.72,
    "dma100" : 420.14,
    "dma200" : 439.50,
    "volume" : 77745.00
  }, {
    "date" : "2025-07-17",
    "price" : 468.05,
    "dma50" : 448.52,
    "dma100" : 420.63,
    "dma200" : 439.79,
    "volume" : 499817.00
  }, {
    "date" : "2025-07-18",
    "price" : 465.50,
    "dma50" : 449.18,
    "dma100" : 421.08,
    "dma200" : 440.04,
    "volume" : 50345.00
  }, {
    "date" : "2025-07-21",
    "price" : 457.35,
    "dma50" : 449.50,
    "dma100" : 421.42,
    "dma200" : 440.21,
    "volume" : 46999.00
  }, {
    "date" : "2025-07-22",
    "price" : 458.10,
    "dma50" : 449.84,
    "dma100" : 421.83,
    "dma200" : 440.39,
    "volume" : 62103.00
  }, {
    "date" : "2025-07-23",
    "price" : 457.70,
    "dma50" : 450.15,
    "dma100" : 422.35,
    "dma200" : 440.56,
    "volume" : 33962.00
  }, {
    "date" : "2025-07-24",
    "price" : 473.00,
    "dma50" : 451.04,
    "dma100" : 423.12,
    "dma200" : 440.89,
    "volume" : 166818.00
  }, {
    "date" : "2025-07-25",
    "price" : 466.55,
    "dma50" : 451.65,
    "dma100" : 423.87,
    "dma200" : 441.14,
    "volume" : 111235.00
  }, {
    "date" : "2025-07-28",
    "price" : 463.90,
    "dma50" : 452.13,
    "dma100" : 424.50,
    "dma200" : 441.37,
    "volume" : 56154.00
  }, {
    "date" : "2025-07-29",
    "price" : 463.15,
    "dma50" : 452.56,
    "dma100" : 425.25,
    "dma200" : 441.59,
    "volume" : 69988.00
  }, {
    "date" : "2025-07-30",
    "price" : 459.75,
    "dma50" : 452.85,
    "dma100" : 425.99,
    "dma200" : 441.77,
    "volume" : 34654.00
  }, {
    "date" : "2025-07-31",
    "price" : 458.80,
    "dma50" : 453.08,
    "dma100" : 426.60,
    "dma200" : 441.94,
    "volume" : 68261.00
  }, {
    "date" : "2025-08-01",
    "price" : 454.65,
    "dma50" : 453.14,
    "dma100" : 427.07,
    "dma200" : 442.06,
    "volume" : 97318.00
  }, {
    "date" : "2025-08-04",
    "price" : 451.85,
    "dma50" : 453.09,
    "dma100" : 427.47,
    "dma200" : 442.16,
    "volume" : 66288.00
  }, {
    "date" : "2025-08-05",
    "price" : 451.10,
    "dma50" : 453.01,
    "dma100" : 427.88,
    "dma200" : 442.25,
    "volume" : 40789.00
  }, {
    "date" : "2025-08-06",
    "price" : 436.55,
    "dma50" : 452.37,
    "dma100" : 428.20,
    "dma200" : 442.19,
    "volume" : 86412.00
  }, {
    "date" : "2025-08-07",
    "price" : 438.75,
    "dma50" : 451.83,
    "dma100" : 428.57,
    "dma200" : 442.16,
    "volume" : 72528.00
  }, {
    "date" : "2025-08-08",
    "price" : 434.85,
    "dma50" : 451.17,
    "dma100" : 429.00,
    "dma200" : 442.09,
    "volume" : 53048.00
  }, {
    "date" : "2025-08-11",
    "price" : 427.60,
    "dma50" : 450.24,
    "dma100" : 429.43,
    "dma200" : 441.94,
    "volume" : 230430.00
  }, {
    "date" : "2025-08-12",
    "price" : 440.60,
    "dma50" : 449.86,
    "dma100" : 429.92,
    "dma200" : 441.93,
    "volume" : 75453.00
  }, {
    "date" : "2025-08-13",
    "price" : 442.75,
    "dma50" : 449.59,
    "dma100" : 430.44,
    "dma200" : 441.94,
    "volume" : 69509.00
  }, {
    "date" : "2025-08-14",
    "price" : 441.60,
    "dma50" : 449.27,
    "dma100" : 430.94,
    "dma200" : 441.93,
    "volume" : 59599.00
  }, {
    "date" : "2025-08-18",
    "price" : 448.95,
    "dma50" : 449.26,
    "dma100" : 431.37,
    "dma200" : 442.00,
    "volume" : 201676.00
  }, {
    "date" : "2025-08-19",
    "price" : 463.65,
    "dma50" : 449.82,
    "dma100" : 431.85,
    "dma200" : 442.22,
    "volume" : 140276.00
  }, {
    "date" : "2025-08-20",
    "price" : 460.90,
    "dma50" : 450.26,
    "dma100" : 432.38,
    "dma200" : 442.40,
    "volume" : 204179.00
  }, {
    "date" : "2025-08-21",
    "price" : 457.70,
    "dma50" : 450.55,
    "dma100" : 433.03,
    "dma200" : 442.56,
    "volume" : 31004.00
  }, {
    "date" : "2025-08-22",
    "price" : 455.00,
    "dma50" : 450.72,
    "dma100" : 433.78,
    "dma200" : 442.68,
    "volume" : 53594.00
  }, {
    "date" : "2025-08-25",
    "price" : 452.20,
    "dma50" : 450.78,
    "dma100" : 434.54,
    "dma200" : 442.77,
    "volume" : 28309.00
  }, {
    "date" : "2025-08-26",
    "price" : 444.90,
    "dma50" : 450.55,
    "dma100" : 435.19,
    "dma200" : 442.80,
    "volume" : 63905.00
  }, {
    "date" : "2025-08-28",
    "price" : 453.00,
    "dma50" : 450.65,
    "dma100" : 435.92,
    "dma200" : 442.90,
    "volume" : 172856.00
  }, {
    "date" : "2025-08-29",
    "price" : 452.20,
    "dma50" : 450.71,
    "dma100" : 436.59,
    "dma200" : 442.99,
    "volume" : 60638.00
  }, {
    "date" : "2025-09-01",
    "price" : 459.10,
    "dma50" : 451.04,
    "dma100" : 437.44,
    "dma200" : 443.15,
    "volume" : 51487.00
  }, {
    "date" : "2025-09-02",
    "price" : 461.45,
    "dma50" : 451.45,
    "dma100" : 438.41,
    "dma200" : 443.33,
    "volume" : 60039.00
  }, {
    "date" : "2025-09-03",
    "price" : 461.20,
    "dma50" : 451.83,
    "dma100" : 439.26,
    "dma200" : 443.51,
    "volume" : 26167.00
  }, {
    "date" : "2025-09-04",
    "price" : 453.55,
    "dma50" : 451.90,
    "dma100" : 440.04,
    "dma200" : 443.61,
    "volume" : 421870.00
  }, {
    "date" : "2025-09-05",
    "price" : 460.65,
    "dma50" : 452.24,
    "dma100" : 440.83,
    "dma200" : 443.78,
    "volume" : 31406.00
  }, {
    "date" : "2025-09-08",
    "price" : 457.90,
    "dma50" : 452.46,
    "dma100" : 441.44,
    "dma200" : 443.92,
    "volume" : 78527.00
  }, {
    "date" : "2025-09-09",
    "price" : 459.15,
    "dma50" : 452.72,
    "dma100" : 442.06,
    "dma200" : 444.07,
    "volume" : 26056.00
  }, {
    "date" : "2025-09-10",
    "price" : 458.50,
    "dma50" : 452.95,
    "dma100" : 442.75,
    "dma200" : 444.22,
    "volume" : 32991.00
  }, {
    "date" : "2025-09-11",
    "price" : 446.70,
    "dma50" : 452.71,
    "dma100" : 443.20,
    "dma200" : 444.24,
    "volume" : 60106.00
  }, {
    "date" : "2025-09-12",
    "price" : 444.85,
    "dma50" : 452.40,
    "dma100" : 443.65,
    "dma200" : 444.25,
    "volume" : 42295.00
  }, {
    "date" : "2025-09-15",
    "price" : 446.40,
    "dma50" : 452.16,
    "dma100" : 444.07,
    "dma200" : 444.27,
    "volume" : 50931.00
  }, {
    "date" : "2025-09-16",
    "price" : 450.55,
    "dma50" : 452.10,
    "dma100" : 444.56,
    "dma200" : 444.33,
    "volume" : 85656.00
  }, {
    "date" : "2025-09-17",
    "price" : 454.50,
    "dma50" : 452.19,
    "dma100" : 445.15,
    "dma200" : 444.43,
    "volume" : 42378.00
  }, {
    "date" : "2025-09-18",
    "price" : 455.70,
    "dma50" : 452.33,
    "dma100" : 445.74,
    "dma200" : 444.54,
    "volume" : 34652.00
  }, {
    "date" : "2025-09-19",
    "price" : 475.45,
    "dma50" : 453.24,
    "dma100" : 446.54,
    "dma200" : 444.85,
    "volume" : 389558.00
  }, {
    "date" : "2025-09-22",
    "price" : 464.00,
    "dma50" : 453.66,
    "dma100" : 447.33,
    "dma200" : 445.04,
    "volume" : 103894.00
  }, {
    "date" : "2025-09-23",
    "price" : 494.00,
    "dma50" : 455.24,
    "dma100" : 448.39,
    "dma200" : 445.53,
    "volume" : 805472.00
  }, {
    "date" : "2025-09-24",
    "price" : 493.25,
    "dma50" : 456.73,
    "dma100" : 449.40,
    "dma200" : 446.00,
    "volume" : 826014.00
  }, {
    "date" : "2025-09-25",
    "price" : 485.85,
    "dma50" : 457.87,
    "dma100" : 450.36,
    "dma200" : 446.40,
    "volume" : 195808.00
  }, {
    "date" : "2025-09-26",
    "price" : 494.05,
    "dma50" : 459.29,
    "dma100" : 451.38,
    "dma200" : 446.87,
    "volume" : 216166.00
  }, {
    "date" : "2025-09-29",
    "price" : 461.40,
    "dma50" : 459.37,
    "dma100" : 452.11,
    "dma200" : 447.02,
    "volume" : 833041.00
  }, {
    "date" : "2025-09-30",
    "price" : 462.80,
    "dma50" : 459.51,
    "dma100" : 452.89,
    "dma200" : 447.18,
    "volume" : 189025.00
  }, {
    "date" : "2025-10-01",
    "price" : 463.90,
    "dma50" : 459.68,
    "dma100" : 453.51,
    "dma200" : 447.34,
    "volume" : 95495.00
  }, {
    "date" : "2025-10-03",
    "price" : 474.45,
    "dma50" : 460.26,
    "dma100" : 454.19,
    "dma200" : 447.61,
    "volume" : 83932.00
  }, {
    "date" : "2025-10-06",
    "price" : 459.60,
    "dma50" : 460.23,
    "dma100" : 454.59,
    "dma200" : 447.73,
    "volume" : 106444.00
  }, {
    "date" : "2025-10-07",
    "price" : 449.70,
    "dma50" : 459.82,
    "dma100" : 454.86,
    "dma200" : 447.75,
    "volume" : 78358.00
  }, {
    "date" : "2025-10-08",
    "price" : 449.10,
    "dma50" : 459.40,
    "dma100" : 455.16,
    "dma200" : 447.76,
    "volume" : 48182.00
  }, {
    "date" : "2025-10-09",
    "price" : 443.75,
    "dma50" : 458.79,
    "dma100" : 455.39,
    "dma200" : 447.72,
    "volume" : 63964.00
  }, {
    "date" : "2025-10-10",
    "price" : 448.35,
    "dma50" : 458.38,
    "dma100" : 455.78,
    "dma200" : 447.73,
    "volume" : 92285.00
  }, {
    "date" : "2025-10-13",
    "price" : 443.30,
    "dma50" : 457.79,
    "dma100" : 456.02,
    "dma200" : 447.69,
    "volume" : 54259.00
  }, {
    "date" : "2025-10-14",
    "price" : 443.30,
    "dma50" : 457.22,
    "dma100" : 456.25,
    "dma200" : 447.64,
    "volume" : 116121.00
  }, {
    "date" : "2025-10-15",
    "price" : 443.15,
    "dma50" : 456.67,
    "dma100" : 456.46,
    "dma200" : 447.60,
    "volume" : 63361.00
  }, {
    "date" : "2025-10-16",
    "price" : 450.05,
    "dma50" : 456.41,
    "dma100" : 456.70,
    "dma200" : 447.62,
    "volume" : 81467.00
  }, {
    "date" : "2025-10-17",
    "price" : 443.35,
    "dma50" : 455.90,
    "dma100" : 456.75,
    "dma200" : 447.58,
    "volume" : 63078.00
  }, {
    "date" : "2025-10-20",
    "price" : 447.30,
    "dma50" : 455.56,
    "dma100" : 456.96,
    "dma200" : 447.58,
    "volume" : 78467.00
  }, {
    "date" : "2025-10-21",
    "price" : 447.30,
    "dma50" : 455.23,
    "dma100" : 457.17,
    "dma200" : 447.57,
    "volume" : 12806.00
  }, {
    "date" : "2025-10-23",
    "price" : 447.05,
    "dma50" : 454.91,
    "dma100" : 457.45,
    "dma200" : 447.57,
    "volume" : 91961.00
  }, {
    "date" : "2025-10-24",
    "price" : 443.25,
    "dma50" : 454.46,
    "dma100" : 457.74,
    "dma200" : 447.53,
    "volume" : 42047.00
  }, {
    "date" : "2025-10-27",
    "price" : 439.20,
    "dma50" : 453.86,
    "dma100" : 457.93,
    "dma200" : 447.44,
    "volume" : 93261.00
  }, {
    "date" : "2025-10-28",
    "price" : 437.05,
    "dma50" : 453.20,
    "dma100" : 457.97,
    "dma200" : 447.34,
    "volume" : 35793.00
  }, {
    "date" : "2025-10-29",
    "price" : 438.55,
    "dma50" : 452.62,
    "dma100" : 457.64,
    "dma200" : 447.25,
    "volume" : 62991.00
  }, {
    "date" : "2025-10-30",
    "price" : 443.90,
    "dma50" : 452.28,
    "dma100" : 457.30,
    "dma200" : 447.22,
    "volume" : 57511.00
  }, {
    "date" : "2025-10-31",
    "price" : 446.55,
    "dma50" : 452.06,
    "dma100" : 457.07,
    "dma200" : 447.21,
    "volume" : 113714.00
  }, {
    "date" : "2025-11-03",
    "price" : 456.50,
    "dma50" : 452.23,
    "dma100" : 456.88,
    "dma200" : 447.30,
    "volume" : 125706.00
  }, {
    "date" : "2025-11-04",
    "price" : 445.20,
    "dma50" : 451.96,
    "dma100" : 456.58,
    "dma200" : 447.28,
    "volume" : 155165.00
  }, {
    "date" : "2025-11-06",
    "price" : 436.20,
    "dma50" : 451.34,
    "dma100" : 456.33,
    "dma200" : 447.17,
    "volume" : 76522.00
  }, {
    "date" : "2025-11-07",
    "price" : 435.50,
    "dma50" : 450.72,
    "dma100" : 456.11,
    "dma200" : 447.06,
    "volume" : 38816.00
  }, {
    "date" : "2025-11-10",
    "price" : 433.75,
    "dma50" : 450.05,
    "dma100" : 455.89,
    "dma200" : 446.92,
    "volume" : 510853.00
  }, {
    "date" : "2025-11-11",
    "price" : 448.60,
    "dma50" : 449.99,
    "dma100" : 455.74,
    "dma200" : 446.94,
    "volume" : 691064.00
  }, {
    "date" : "2025-11-12",
    "price" : 451.85,
    "dma50" : 450.07,
    "dma100" : 455.66,
    "dma200" : 446.99,
    "volume" : 201604.00
  }, {
    "date" : "2025-11-13",
    "price" : 454.45,
    "dma50" : 450.24,
    "dma100" : 455.74,
    "dma200" : 447.06,
    "volume" : 203390.00
  }, {
    "date" : "2025-11-14",
    "price" : 460.25,
    "dma50" : 450.63,
    "dma100" : 455.90,
    "dma200" : 447.20,
    "volume" : 104884.00
  }, {
    "date" : "2025-11-17",
    "price" : 469.40,
    "dma50" : 451.37,
    "dma100" : 456.22,
    "dma200" : 447.42,
    "volume" : 168971.00
  }, {
    "date" : "2025-11-18",
    "price" : 470.10,
    "dma50" : 452.10,
    "dma100" : 456.52,
    "dma200" : 447.64,
    "volume" : 269040.00
  }, {
    "date" : "2025-11-19",
    "price" : 465.50,
    "dma50" : 452.63,
    "dma100" : 456.53,
    "dma200" : 447.82,
    "volume" : 225157.00
  }, {
    "date" : "2025-11-20",
    "price" : 467.50,
    "dma50" : 453.21,
    "dma100" : 456.58,
    "dma200" : 448.02,
    "volume" : 75633.00
  }, {
    "date" : "2025-11-21",
    "price" : 451.65,
    "dma50" : 453.15,
    "dma100" : 456.36,
    "dma200" : 448.05,
    "volume" : 83154.00
  }, {
    "date" : "2025-11-24",
    "price" : 452.05,
    "dma50" : 453.11,
    "dma100" : 456.06,
    "dma200" : 448.09,
    "volume" : 76002.00
  }, {
    "date" : "2025-11-25",
    "price" : 450.75,
    "dma50" : 453.01,
    "dma100" : 455.82,
    "dma200" : 448.12,
    "volume" : 106386.00
  }, {
    "date" : "2025-11-26",
    "price" : 459.95,
    "dma50" : 453.29,
    "dma100" : 455.69,
    "dma200" : 448.24,
    "volume" : 36012.00
  }, {
    "date" : "2025-11-27",
    "price" : 451.75,
    "dma50" : 453.23,
    "dma100" : 455.47,
    "dma200" : 448.27,
    "volume" : 24240.00
  }, {
    "date" : "2025-11-28",
    "price" : 474.55,
    "dma50" : 454.06,
    "dma100" : 455.46,
    "dma200" : 448.53,
    "volume" : 204627.00
  }, {
    "date" : "2025-12-01",
    "price" : 458.60,
    "dma50" : 454.24,
    "dma100" : 455.38,
    "dma200" : 448.63,
    "volume" : 111916.00
  }, {
    "date" : "2025-12-02",
    "price" : 470.75,
    "dma50" : 454.89,
    "dma100" : 455.46,
    "dma200" : 448.85,
    "volume" : 304154.00
  }, {
    "date" : "2025-12-03",
    "price" : 467.05,
    "dma50" : 455.36,
    "dma100" : 455.53,
    "dma200" : 449.03,
    "volume" : 52639.00
  } ],
  "latestTechnicalAttributes" : {
    "date" : "2025-12-03",
    "price" : 467.05,
    "dma50" : 455.36,
    "dma100" : 455.53,
    "dma200" : 449.03,
    "volume" : 52639.00
  },
  "quarterlyResults" : [ {
    "date" : "2005-03-31",
    "sales" : 26.85,
    "salesGrowthYoY" : null,
    "grossProfitMargin" : 33.63,
    "grossProfit" : 9.03,
    "operatingProfitMargin" : 18.70,
    "operatingProfit" : 5.02,
    "netProfitMargin" : 9.83,
    "netProfit" : 2.64
  }, {
    "date" : "2005-06-30",
    "sales" : 27.32,
    "salesGrowthYoY" : null,
    "grossProfitMargin" : 32.94,
    "grossProfit" : 9.00,
    "operatingProfitMargin" : 17.79,
    "operatingProfit" : 4.86,
    "netProfitMargin" : 9.55,
    "netProfit" : 2.61
  }, {
    "date" : "2005-09-30",
    "sales" : 29.44,
    "salesGrowthYoY" : null,
    "grossProfitMargin" : 33.15,
    "grossProfit" : 9.76,
    "operatingProfitMargin" : 18.95,
    "operatingProfit" : 5.58,
    "netProfitMargin" : 10.73,
    "netProfit" : 3.16
  }, {
    "date" : "2005-12-31",
    "sales" : 32.37,
    "salesGrowthYoY" : null,
    "grossProfitMargin" : 35.65,
    "grossProfit" : 11.54,
    "operatingProfitMargin" : 20.20,
    "operatingProfit" : 6.54,
    "netProfitMargin" : 11.74,
    "netProfit" : 3.80
  }, {
    "date" : "2006-03-31",
    "sales" : 30.92,
    "salesGrowthYoY" : 15.16,
    "grossProfitMargin" : 36.97,
    "grossProfit" : 11.43,
    "operatingProfitMargin" : 18.86,
    "operatingProfit" : 5.83,
    "netProfitMargin" : 10.48,
    "netProfit" : 3.24
  }, {
    "date" : "2006-06-30",
    "sales" : 30.67,
    "salesGrowthYoY" : 12.26,
    "grossProfitMargin" : 34.04,
    "grossProfit" : 10.44,
    "operatingProfitMargin" : 18.55,
    "operatingProfit" : 5.69,
    "netProfitMargin" : 10.27,
    "netProfit" : 3.15
  }, {
    "date" : "2006-09-30",
    "sales" : 33.10,
    "salesGrowthYoY" : 12.43,
    "grossProfitMargin" : 34.86,
    "grossProfit" : 11.54,
    "operatingProfitMargin" : 17.98,
    "operatingProfit" : 5.95,
    "netProfitMargin" : 8.40,
    "netProfit" : 2.78
  }, {
    "date" : "2006-12-31",
    "sales" : 35.47,
    "salesGrowthYoY" : 9.58,
    "grossProfitMargin" : 35.86,
    "grossProfit" : 12.72,
    "operatingProfitMargin" : 18.80,
    "operatingProfit" : 6.67,
    "netProfitMargin" : 10.09,
    "netProfit" : 3.58
  }, {
    "date" : "2007-03-31",
    "sales" : 33.14,
    "salesGrowthYoY" : 7.18,
    "grossProfitMargin" : 35.61,
    "grossProfit" : 11.80,
    "operatingProfitMargin" : 16.26,
    "operatingProfit" : 5.39,
    "netProfitMargin" : 8.96,
    "netProfit" : 2.97
  }, {
    "date" : "2007-06-30",
    "sales" : 30.33,
    "salesGrowthYoY" : -1.11,
    "grossProfitMargin" : 34.65,
    "grossProfit" : 10.51,
    "operatingProfitMargin" : 17.38,
    "operatingProfit" : 5.27,
    "netProfitMargin" : 8.21,
    "netProfit" : 2.49
  }, {
    "date" : "2007-09-30",
    "sales" : 32.29,
    "salesGrowthYoY" : -2.45,
    "grossProfitMargin" : 28.46,
    "grossProfit" : 9.19,
    "operatingProfitMargin" : 10.96,
    "operatingProfit" : 3.54,
    "netProfitMargin" : 4.52,
    "netProfit" : 1.46
  }, {
    "date" : "2007-12-31",
    "sales" : 38.46,
    "salesGrowthYoY" : 8.43,
    "grossProfitMargin" : 26.31,
    "grossProfit" : 10.12,
    "operatingProfitMargin" : 12.87,
    "operatingProfit" : 4.95,
    "netProfitMargin" : 5.90,
    "netProfit" : 2.27
  }, {
    "date" : "2008-03-31",
    "sales" : 35.68,
    "salesGrowthYoY" : 7.66,
    "grossProfitMargin" : 26.46,
    "grossProfit" : 9.44,
    "operatingProfitMargin" : 7.96,
    "operatingProfit" : 2.84,
    "netProfitMargin" : -3.76,
    "netProfit" : -1.34
  }, {
    "date" : "2008-06-30",
    "sales" : 37.19,
    "salesGrowthYoY" : 22.62,
    "grossProfitMargin" : 29.50,
    "grossProfit" : 10.97,
    "operatingProfitMargin" : 11.99,
    "operatingProfit" : 4.46,
    "netProfitMargin" : 6.56,
    "netProfit" : 2.44
  }, {
    "date" : "2008-09-30",
    "sales" : 47.47,
    "salesGrowthYoY" : 47.01,
    "grossProfitMargin" : 34.04,
    "grossProfit" : 16.16,
    "operatingProfitMargin" : 16.60,
    "operatingProfit" : 7.88,
    "netProfitMargin" : 8.41,
    "netProfit" : 3.99
  }, {
    "date" : "2008-12-31",
    "sales" : 39.61,
    "salesGrowthYoY" : 2.99,
    "grossProfitMargin" : 33.07,
    "grossProfit" : 13.10,
    "operatingProfitMargin" : 13.91,
    "operatingProfit" : 5.51,
    "netProfitMargin" : 4.09,
    "netProfit" : 1.62
  }, {
    "date" : "2009-03-31",
    "sales" : 39.21,
    "salesGrowthYoY" : 9.89,
    "grossProfitMargin" : 37.95,
    "grossProfit" : 14.88,
    "operatingProfitMargin" : 21.73,
    "operatingProfit" : 8.52,
    "netProfitMargin" : 9.13,
    "netProfit" : 3.58
  }, {
    "date" : "2009-06-30",
    "sales" : 44.40,
    "salesGrowthYoY" : 19.39,
    "grossProfitMargin" : 34.80,
    "grossProfit" : 15.45,
    "operatingProfitMargin" : 17.36,
    "operatingProfit" : 7.71,
    "netProfitMargin" : 8.72,
    "netProfit" : 3.87
  }, {
    "date" : "2009-09-30",
    "sales" : 51.14,
    "salesGrowthYoY" : 7.73,
    "grossProfitMargin" : 37.47,
    "grossProfit" : 19.16,
    "operatingProfitMargin" : 20.04,
    "operatingProfit" : 10.25,
    "netProfitMargin" : 10.79,
    "netProfit" : 5.52
  }, {
    "date" : "2009-12-31",
    "sales" : 55.63,
    "salesGrowthYoY" : 40.44,
    "grossProfitMargin" : 37.10,
    "grossProfit" : 20.64,
    "operatingProfitMargin" : 20.87,
    "operatingProfit" : 11.61,
    "netProfitMargin" : 12.48,
    "netProfit" : 6.94
  }, {
    "date" : "2010-03-31",
    "sales" : 57.51,
    "salesGrowthYoY" : 46.67,
    "grossProfitMargin" : 36.31,
    "grossProfit" : 20.88,
    "operatingProfitMargin" : 19.54,
    "operatingProfit" : 11.24,
    "netProfitMargin" : 9.53,
    "netProfit" : 5.48
  }, {
    "date" : "2010-06-30",
    "sales" : 61.50,
    "salesGrowthYoY" : 38.51,
    "grossProfitMargin" : 36.49,
    "grossProfit" : 22.44,
    "operatingProfitMargin" : 17.04,
    "operatingProfit" : 10.48,
    "netProfitMargin" : 9.76,
    "netProfit" : 6.00
  }, {
    "date" : "2010-09-30",
    "sales" : 76.86,
    "salesGrowthYoY" : 50.29,
    "grossProfitMargin" : 35.05,
    "grossProfit" : 26.94,
    "operatingProfitMargin" : 17.84,
    "operatingProfit" : 13.71,
    "netProfitMargin" : 10.17,
    "netProfit" : 7.82
  }, {
    "date" : "2010-12-31",
    "sales" : 79.95,
    "salesGrowthYoY" : 43.72,
    "grossProfitMargin" : 34.15,
    "grossProfit" : 27.30,
    "operatingProfitMargin" : 17.25,
    "operatingProfit" : 13.79,
    "netProfitMargin" : 10.24,
    "netProfit" : 8.19
  }, {
    "date" : "2011-03-31",
    "sales" : 82.19,
    "salesGrowthYoY" : 42.91,
    "grossProfitMargin" : 33.98,
    "grossProfit" : 27.93,
    "operatingProfitMargin" : 15.87,
    "operatingProfit" : 13.04,
    "netProfitMargin" : 10.33,
    "netProfit" : 8.49
  }, {
    "date" : "2011-06-30",
    "sales" : 81.26,
    "salesGrowthYoY" : 32.13,
    "grossProfitMargin" : 34.74,
    "grossProfit" : 28.23,
    "operatingProfitMargin" : 17.47,
    "operatingProfit" : 14.20,
    "netProfitMargin" : 10.10,
    "netProfit" : 8.21
  }, {
    "date" : "2011-09-30",
    "sales" : 94.03,
    "salesGrowthYoY" : 22.34,
    "grossProfitMargin" : 34.16,
    "grossProfit" : 32.12,
    "operatingProfitMargin" : 17.45,
    "operatingProfit" : 16.41,
    "netProfitMargin" : 10.33,
    "netProfit" : 9.71
  }, {
    "date" : "2011-12-31",
    "sales" : 101.34,
    "salesGrowthYoY" : 26.75,
    "grossProfitMargin" : 32.82,
    "grossProfit" : 33.26,
    "operatingProfitMargin" : 15.92,
    "operatingProfit" : 16.13,
    "netProfitMargin" : 9.82,
    "netProfit" : 9.95
  }, {
    "date" : "2012-03-31",
    "sales" : 102.08,
    "salesGrowthYoY" : 24.20,
    "grossProfitMargin" : 36.01,
    "grossProfit" : 36.76,
    "operatingProfitMargin" : 19.30,
    "operatingProfit" : 19.70,
    "netProfitMargin" : 11.12,
    "netProfit" : 11.35
  }, {
    "date" : "2012-06-30",
    "sales" : 95.84,
    "salesGrowthYoY" : 17.94,
    "grossProfitMargin" : 36.15,
    "grossProfit" : 34.65,
    "operatingProfitMargin" : 17.16,
    "operatingProfit" : 16.45,
    "netProfitMargin" : 10.26,
    "netProfit" : 9.83
  }, {
    "date" : "2012-09-30",
    "sales" : 98.26,
    "salesGrowthYoY" : 4.50,
    "grossProfitMargin" : 36.16,
    "grossProfit" : 35.53,
    "operatingProfitMargin" : 18.61,
    "operatingProfit" : 18.29,
    "netProfitMargin" : 11.15,
    "netProfit" : 10.96
  }, {
    "date" : "2012-12-31",
    "sales" : 113.43,
    "salesGrowthYoY" : 11.93,
    "grossProfitMargin" : 34.11,
    "grossProfit" : 38.69,
    "operatingProfitMargin" : 17.09,
    "operatingProfit" : 19.39,
    "netProfitMargin" : 9.89,
    "netProfit" : 11.22
  }, {
    "date" : "2013-03-31",
    "sales" : 113.44,
    "salesGrowthYoY" : 11.13,
    "grossProfitMargin" : 36.76,
    "grossProfit" : 41.70,
    "operatingProfitMargin" : 16.33,
    "operatingProfit" : 18.52,
    "netProfitMargin" : 10.31,
    "netProfit" : 11.70
  }, {
    "date" : "2013-06-30",
    "sales" : 96.23,
    "salesGrowthYoY" : 0.41,
    "grossProfitMargin" : 36.30,
    "grossProfit" : 34.93,
    "operatingProfitMargin" : 15.93,
    "operatingProfit" : 15.33,
    "netProfitMargin" : 9.23,
    "netProfit" : 8.88
  }, {
    "date" : "2013-09-30",
    "sales" : 113.07,
    "salesGrowthYoY" : 15.07,
    "grossProfitMargin" : 37.01,
    "grossProfit" : 41.85,
    "operatingProfitMargin" : 17.57,
    "operatingProfit" : 19.87,
    "netProfitMargin" : 10.18,
    "netProfit" : 11.51
  }, {
    "date" : "2013-12-31",
    "sales" : 142.15,
    "salesGrowthYoY" : 25.32,
    "grossProfitMargin" : 36.38,
    "grossProfit" : 51.71,
    "operatingProfitMargin" : 18.47,
    "operatingProfit" : 26.26,
    "netProfitMargin" : 9.87,
    "netProfit" : 14.03
  }, {
    "date" : "2014-03-31",
    "sales" : 130.85,
    "salesGrowthYoY" : 15.35,
    "grossProfitMargin" : 38.52,
    "grossProfit" : 50.40,
    "operatingProfitMargin" : 18.11,
    "operatingProfit" : 23.70,
    "netProfitMargin" : 10.11,
    "netProfit" : 13.23
  }, {
    "date" : "2014-06-30",
    "sales" : 117.37,
    "salesGrowthYoY" : 21.97,
    "grossProfitMargin" : 37.04,
    "grossProfit" : 43.47,
    "operatingProfitMargin" : 15.32,
    "operatingProfit" : 17.98,
    "netProfitMargin" : 8.72,
    "netProfit" : 10.23
  }, {
    "date" : "2014-09-30",
    "sales" : 130.50,
    "salesGrowthYoY" : 15.42,
    "grossProfitMargin" : 35.97,
    "grossProfit" : 46.94,
    "operatingProfitMargin" : 15.49,
    "operatingProfit" : 20.21,
    "netProfitMargin" : 8.84,
    "netProfit" : 11.54
  }, {
    "date" : "2014-12-31",
    "sales" : 141.09,
    "salesGrowthYoY" : -0.75,
    "grossProfitMargin" : 36.93,
    "grossProfit" : 52.10,
    "operatingProfitMargin" : 16.65,
    "operatingProfit" : 23.49,
    "netProfitMargin" : 8.55,
    "netProfit" : 12.06
  }, {
    "date" : "2015-03-31",
    "sales" : 133.28,
    "salesGrowthYoY" : 1.86,
    "grossProfitMargin" : 36.56,
    "grossProfit" : 48.73,
    "operatingProfitMargin" : 16.72,
    "operatingProfit" : 22.28,
    "netProfitMargin" : 8.10,
    "netProfit" : 10.80
  }, {
    "date" : "2015-06-30",
    "sales" : 123.39,
    "salesGrowthYoY" : 5.13,
    "grossProfitMargin" : 37.73,
    "grossProfit" : 46.56,
    "operatingProfitMargin" : 16.28,
    "operatingProfit" : 20.09,
    "netProfitMargin" : 7.76,
    "netProfit" : 9.58
  }, {
    "date" : "2015-09-30",
    "sales" : 148.23,
    "salesGrowthYoY" : 13.59,
    "grossProfitMargin" : 37.23,
    "grossProfit" : 55.19,
    "operatingProfitMargin" : 17.84,
    "operatingProfit" : 26.44,
    "netProfitMargin" : 8.92,
    "netProfit" : 13.22
  }, {
    "date" : "2015-12-31",
    "sales" : 159.07,
    "salesGrowthYoY" : 12.74,
    "grossProfitMargin" : 38.31,
    "grossProfit" : 60.94,
    "operatingProfitMargin" : 17.85,
    "operatingProfit" : 28.39,
    "netProfitMargin" : 10.05,
    "netProfit" : 15.99
  }, {
    "date" : "2016-03-31",
    "sales" : 157.24,
    "salesGrowthYoY" : 17.98,
    "grossProfitMargin" : 39.22,
    "grossProfit" : 61.67,
    "operatingProfitMargin" : 15.44,
    "operatingProfit" : 24.28,
    "netProfitMargin" : 6.81,
    "netProfit" : 10.71
  }, {
    "date" : "2016-06-30",
    "sales" : 199.75,
    "salesGrowthYoY" : 61.89,
    "grossProfitMargin" : 40.59,
    "grossProfit" : 81.08,
    "operatingProfitMargin" : 17.64,
    "operatingProfit" : 35.24,
    "netProfitMargin" : 10.65,
    "netProfit" : 21.27
  }, {
    "date" : "2016-09-30",
    "sales" : 223.43,
    "salesGrowthYoY" : 50.73,
    "grossProfitMargin" : 38.07,
    "grossProfit" : 85.06,
    "operatingProfitMargin" : 17.65,
    "operatingProfit" : 39.44,
    "netProfitMargin" : 10.57,
    "netProfit" : 23.62
  }, {
    "date" : "2016-12-31",
    "sales" : 208.59,
    "salesGrowthYoY" : 31.13,
    "grossProfitMargin" : 39.38,
    "grossProfit" : 82.14,
    "operatingProfitMargin" : 18.02,
    "operatingProfit" : 37.59,
    "netProfitMargin" : 12.95,
    "netProfit" : 27.01
  }, {
    "date" : "2017-03-31",
    "sales" : 219.54,
    "salesGrowthYoY" : 39.62,
    "grossProfitMargin" : 35.65,
    "grossProfit" : 78.27,
    "operatingProfitMargin" : 17.24,
    "operatingProfit" : 37.85,
    "netProfitMargin" : 10.60,
    "netProfit" : 23.27
  }, {
    "date" : "2017-06-30",
    "sales" : 211.55,
    "salesGrowthYoY" : 5.91,
    "grossProfitMargin" : 38.66,
    "grossProfit" : 81.79,
    "operatingProfitMargin" : 15.79,
    "operatingProfit" : 33.40,
    "netProfitMargin" : 10.40,
    "netProfit" : 22.00
  }, {
    "date" : "2017-09-30",
    "sales" : 240.68,
    "salesGrowthYoY" : 7.72,
    "grossProfitMargin" : 39.01,
    "grossProfit" : 93.89,
    "operatingProfitMargin" : 18.46,
    "operatingProfit" : 44.43,
    "netProfitMargin" : 11.10,
    "netProfit" : 26.72
  }, {
    "date" : "2017-12-31",
    "sales" : 254.39,
    "salesGrowthYoY" : 21.96,
    "grossProfitMargin" : 37.47,
    "grossProfit" : 95.32,
    "operatingProfitMargin" : 18.85,
    "operatingProfit" : 47.95,
    "netProfitMargin" : 10.28,
    "netProfit" : 26.15
  }, {
    "date" : "2018-03-31",
    "sales" : 258.20,
    "salesGrowthYoY" : 17.61,
    "grossProfitMargin" : 37.24,
    "grossProfit" : 96.15,
    "operatingProfitMargin" : 18.16,
    "operatingProfit" : 46.89,
    "netProfitMargin" : 11.54,
    "netProfit" : 29.80
  }, {
    "date" : "2018-06-30",
    "sales" : 236.01,
    "salesGrowthYoY" : 11.56,
    "grossProfitMargin" : 39.58,
    "grossProfit" : 93.41,
    "operatingProfitMargin" : 17.68,
    "operatingProfit" : 41.73,
    "netProfitMargin" : 11.07,
    "netProfit" : 26.13
  }, {
    "date" : "2018-09-30",
    "sales" : 276.02,
    "salesGrowthYoY" : 14.68,
    "grossProfitMargin" : 38.09,
    "grossProfit" : 105.14,
    "operatingProfitMargin" : 17.57,
    "operatingProfit" : 48.50,
    "netProfitMargin" : 11.05,
    "netProfit" : 30.50
  }, {
    "date" : "2018-12-31",
    "sales" : 278.87,
    "salesGrowthYoY" : 9.62,
    "grossProfitMargin" : 36.60,
    "grossProfit" : 102.07,
    "operatingProfitMargin" : 17.13,
    "operatingProfit" : 47.77,
    "netProfitMargin" : 10.89,
    "netProfit" : 30.37
  }, {
    "date" : "2019-03-31",
    "sales" : 267.60,
    "salesGrowthYoY" : 3.64,
    "grossProfitMargin" : 35.53,
    "grossProfit" : 95.08,
    "operatingProfitMargin" : 15.20,
    "operatingProfit" : 40.68,
    "netProfitMargin" : 10.39,
    "netProfit" : 27.80
  }, {
    "date" : "2019-06-30",
    "sales" : 247.58,
    "salesGrowthYoY" : 4.90,
    "grossProfitMargin" : 38.21,
    "grossProfit" : 94.60,
    "operatingProfitMargin" : 16.86,
    "operatingProfit" : 41.74,
    "netProfitMargin" : 10.11,
    "netProfit" : 25.03
  }, {
    "date" : "2019-09-30",
    "sales" : 275.36,
    "salesGrowthYoY" : -0.24,
    "grossProfitMargin" : 38.48,
    "grossProfit" : 105.96,
    "operatingProfitMargin" : 18.69,
    "operatingProfit" : 51.46,
    "netProfitMargin" : 17.02,
    "netProfit" : 46.87
  }, {
    "date" : "2019-12-31",
    "sales" : 290.38,
    "salesGrowthYoY" : 4.13,
    "grossProfitMargin" : 37.40,
    "grossProfit" : 108.60,
    "operatingProfitMargin" : 16.50,
    "operatingProfit" : 47.91,
    "netProfitMargin" : 13.65,
    "netProfit" : 39.64
  }, {
    "date" : "2020-03-31",
    "sales" : 257.63,
    "salesGrowthYoY" : -3.73,
    "grossProfitMargin" : 37.72,
    "grossProfit" : 97.18,
    "operatingProfitMargin" : 17.96,
    "operatingProfit" : 46.27,
    "netProfitMargin" : 10.71,
    "netProfit" : 27.59
  }, {
    "date" : "2020-06-30",
    "sales" : 87.47,
    "salesGrowthYoY" : -64.67,
    "grossProfitMargin" : 36.14,
    "grossProfit" : 31.61,
    "operatingProfitMargin" : -8.87,
    "operatingProfit" : -7.76,
    "netProfitMargin" : -10.84,
    "netProfit" : -9.48
  }, {
    "date" : "2020-09-30",
    "sales" : 311.72,
    "salesGrowthYoY" : 13.20,
    "grossProfitMargin" : 36.57,
    "grossProfit" : 114.00,
    "operatingProfitMargin" : 18.61,
    "operatingProfit" : 58.01,
    "netProfitMargin" : 13.85,
    "netProfit" : 43.17
  }, {
    "date" : "2020-12-31",
    "sales" : 366.32,
    "salesGrowthYoY" : 26.15,
    "grossProfitMargin" : 37.39,
    "grossProfit" : 136.97,
    "operatingProfitMargin" : 19.68,
    "operatingProfit" : 72.09,
    "netProfitMargin" : 15.12,
    "netProfit" : 55.39
  }, {
    "date" : "2021-03-31",
    "sales" : 346.76,
    "salesGrowthYoY" : 34.60,
    "grossProfitMargin" : 36.93,
    "grossProfit" : 128.06,
    "operatingProfitMargin" : 16.80,
    "operatingProfit" : 58.26,
    "netProfitMargin" : 14.08,
    "netProfit" : 48.82
  }, {
    "date" : "2021-06-30",
    "sales" : 209.08,
    "salesGrowthYoY" : 139.03,
    "grossProfitMargin" : 39.93,
    "grossProfit" : 83.49,
    "operatingProfitMargin" : 15.27,
    "operatingProfit" : 31.93,
    "netProfitMargin" : 11.78,
    "netProfit" : 24.63
  }, {
    "date" : "2021-09-30",
    "sales" : 354.78,
    "salesGrowthYoY" : 13.81,
    "grossProfitMargin" : 38.87,
    "grossProfit" : 137.90,
    "operatingProfitMargin" : 20.39,
    "operatingProfit" : 72.34,
    "netProfitMargin" : 7.48,
    "netProfit" : 26.54
  }, {
    "date" : "2021-12-31",
    "sales" : 351.21,
    "salesGrowthYoY" : -4.12,
    "grossProfitMargin" : 33.87,
    "grossProfit" : 118.95,
    "operatingProfitMargin" : 15.12,
    "operatingProfit" : 53.10,
    "netProfitMargin" : 10.78,
    "netProfit" : 37.86
  }, {
    "date" : "2022-03-31",
    "sales" : 356.23,
    "salesGrowthYoY" : 2.73,
    "grossProfitMargin" : 33.83,
    "grossProfit" : 120.51,
    "operatingProfitMargin" : 15.53,
    "operatingProfit" : 55.32,
    "netProfitMargin" : 10.78,
    "netProfit" : 38.40
  }, {
    "date" : "2022-06-30",
    "sales" : 336.63,
    "salesGrowthYoY" : 61.01,
    "grossProfitMargin" : 35.87,
    "grossProfit" : 120.75,
    "operatingProfitMargin" : 15.29,
    "operatingProfit" : 51.47,
    "netProfitMargin" : 12.09,
    "netProfit" : 40.70
  }, {
    "date" : "2022-09-30",
    "sales" : 386.56,
    "salesGrowthYoY" : 8.96,
    "grossProfitMargin" : 35.72,
    "grossProfit" : 138.08,
    "operatingProfitMargin" : 17.13,
    "operatingProfit" : 66.22,
    "netProfitMargin" : 13.71,
    "netProfit" : 53.00
  }, {
    "date" : "2022-12-31",
    "sales" : 368.34,
    "salesGrowthYoY" : 4.88,
    "grossProfitMargin" : 37.77,
    "grossProfit" : 139.12,
    "operatingProfitMargin" : 18.78,
    "operatingProfit" : 69.17,
    "netProfitMargin" : 14.80,
    "netProfit" : 54.51
  }, {
    "date" : "2023-03-31",
    "sales" : 339.49,
    "salesGrowthYoY" : -4.70,
    "grossProfitMargin" : 38.95,
    "grossProfit" : 132.23,
    "operatingProfitMargin" : 18.46,
    "operatingProfit" : 62.67,
    "netProfitMargin" : 11.36,
    "netProfit" : 38.57
  }, {
    "date" : "2023-06-30",
    "sales" : 333.23,
    "salesGrowthYoY" : -1.01,
    "grossProfitMargin" : 39.66,
    "grossProfit" : 132.16,
    "operatingProfitMargin" : 17.71,
    "operatingProfit" : 59.02,
    "netProfitMargin" : 15.28,
    "netProfit" : 50.92
  }, {
    "date" : "2023-09-30",
    "sales" : 385.48,
    "salesGrowthYoY" : -0.28,
    "grossProfitMargin" : 37.36,
    "grossProfit" : 144.02,
    "operatingProfitMargin" : 17.14,
    "operatingProfit" : 66.07,
    "netProfitMargin" : 15.24,
    "netProfit" : 58.75
  }, {
    "date" : "2023-12-31",
    "sales" : 405.21,
    "salesGrowthYoY" : 10.01,
    "grossProfitMargin" : 38.25,
    "grossProfit" : 154.99,
    "operatingProfitMargin" : 18.36,
    "operatingProfit" : 74.40,
    "netProfitMargin" : 14.15,
    "netProfit" : 57.34
  }, {
    "date" : "2024-03-31",
    "sales" : 412.81,
    "salesGrowthYoY" : 21.60,
    "grossProfitMargin" : 38.56,
    "grossProfit" : 159.18,
    "operatingProfitMargin" : 18.50,
    "operatingProfit" : 76.37,
    "netProfitMargin" : 16.72,
    "netProfit" : 69.02
  }, {
    "date" : "2024-06-30",
    "sales" : 376.89,
    "salesGrowthYoY" : 13.10,
    "grossProfitMargin" : 39.86,
    "grossProfit" : 150.23,
    "operatingProfitMargin" : 17.16,
    "operatingProfit" : 64.67,
    "netProfitMargin" : 13.54,
    "netProfit" : 51.03
  }, {
    "date" : "2024-09-30",
    "sales" : 450.03,
    "salesGrowthYoY" : 16.75,
    "grossProfitMargin" : 38.36,
    "grossProfit" : 172.63,
    "operatingProfitMargin" : 17.36,
    "operatingProfit" : 78.13,
    "netProfitMargin" : 19.21,
    "netProfit" : 86.45
  }, {
    "date" : "2024-12-31",
    "sales" : 456.37,
    "salesGrowthYoY" : 12.63,
    "grossProfitMargin" : 38.50,
    "grossProfit" : 175.70,
    "operatingProfitMargin" : 17.53,
    "operatingProfit" : 80.00,
    "netProfitMargin" : 13.32,
    "netProfit" : 60.79
  }, {
    "date" : "2025-03-31",
    "sales" : 435.17,
    "salesGrowthYoY" : 5.42,
    "grossProfitMargin" : 38.49,
    "grossProfit" : 167.50,
    "operatingProfitMargin" : 16.46,
    "operatingProfit" : 71.63,
    "netProfitMargin" : 12.51,
    "netProfit" : 54.44
  }, {
    "date" : "2025-06-30",
    "sales" : 390.01,
    "salesGrowthYoY" : 3.48,
    "grossProfitMargin" : 39.52,
    "grossProfit" : 154.13,
    "operatingProfitMargin" : 15.51,
    "operatingProfit" : 60.49,
    "netProfitMargin" : 12.64,
    "netProfit" : 49.30
  }, {
    "date" : "2025-09-30",
    "sales" : 487.38,
    "salesGrowthYoY" : 8.30,
    "grossProfitMargin" : 38.96,
    "grossProfit" : 189.88,
    "operatingProfitMargin" : 17.37,
    "operatingProfit" : 84.66,
    "netProfitMargin" : 18.15,
    "netProfit" : 88.46
  } ],
  "latestQuarterlyResult" : {
    "date" : "2025-09-30",
    "sales" : 487.38,
    "salesGrowthYoY" : 8.30,
    "grossProfitMargin" : 38.96,
    "grossProfit" : 189.88,
    "operatingProfitMargin" : 17.37,
    "operatingProfit" : 84.66,
    "netProfitMargin" : 18.15,
    "netProfit" : 88.46
  },
  "companyScore" : {
    "priceHigherThanDma50" : 5.00,
    "priceHigherThanDma100" : 5.00,
    "priceHigherThanDma200" : 5.00,
    "dma50HigherThanDma100" : 0.00,
    "dma50HigherThanDma200" : 5.00,
    "dma100HigherThanDma200" : 5.00,
    "pricePercentageAboveDma50" : 4.87,
    "pricePercentageAboveDma100" : 4.87,
    "pricePercentageAboveDma200" : 4.80,
    "weeklyVolumeHigherThanYearlyVolume" : 5.00,
    "salesGrowthPercentile" : 7.16,
    "operatingProfitMarginPercentile" : 17.15,
    "netProfitMarginPercentile" : 9.88,
    "totalTechnicalScore" : 44.54,
    "totalFundamentalScore" : 34.19,
    "totalScore" : 78.74
  }
}