{
  "metadata" : {
    "screenerCompanyId" : "3292",
    "companyCode" : "SURYAROSNI",
    "companyName" : "Surya Roshni",
    "screenerCompanyLink" : "https://www.screener.in/company/SURYAROSNI/",
    "screenerTechnicalHistoryLink" : "https://www.screener.in/api/company/3292/chart/?q=Price-DMA50-DMA200-Volume&days=365",
    "screenerQuarterlyResultsLink" : "https://www.screener.in/api/company/3292/chart/?q=GPM-OPM-NPM-Quarter+Sales&days=10000",
    "attributes" : {
      "companyCode" : "SURYAROSNI",
      "companyName" : "Surya Roshni",
      "marketCap" : 5555.00,
      "peRatio" : 17.00,
      "description" : "Surya Roshni Limited incorporated in 1973 has emerged as India’s largest ERW Pipes exporter, largest GI Pipes producer, and the second largest in the lighting segment. Its focus is on developing the value-added product mix (3LPE Coated pipes, Alkyd pipes, etc.) [1]"
    },
    "companyScore" : {
      "priceHigherThanDma50" : 0.00,
      "priceHigherThanDma100" : 0.00,
      "priceHigherThanDma200" : 0.00,
      "dma50HigherThanDma100" : 0.00,
      "dma50HigherThanDma200" : 0.00,
      "dma100HigherThanDma200" : 0.00,
      "pricePercentageAboveDma50" : 5.13,
      "pricePercentageAboveDma100" : 5.34,
      "pricePercentageAboveDma200" : 5.45,
      "weeklyVolumeHigherThanYearlyVolume" : 0.00,
      "salesGrowthPercentile" : 14.68,
      "operatingProfitMarginPercentile" : 7.95,
      "netProfitMarginPercentile" : 8.92,
      "totalTechnicalScore" : 15.92,
      "totalFundamentalScore" : 31.55,
      "totalScore" : 47.47
    }
  },
  "attributes" : {
    "companyCode" : "SURYAROSNI",
    "companyName" : "Surya Roshni",
    "marketCap" : 5555.00,
    "peRatio" : 17.00,
    "description" : "Surya Roshni Limited incorporated in 1973 has emerged as India’s largest ERW Pipes exporter, largest GI Pipes producer, and the second largest in the lighting segment. Its focus is on developing the value-added product mix (3LPE Coated pipes, Alkyd pipes, etc.) [1]"
  },
  "technicalHistory" : [ {
    "date" : "2025-02-04",
    "price" : 258.10,
    "dma50" : 278.04,
    "dma100" : null,
    "dma200" : 296.34,
    "volume" : 161591.00
  }, {
    "date" : "2025-02-05",
    "price" : 258.05,
    "dma50" : 277.26,
    "dma100" : null,
    "dma200" : 295.96,
    "volume" : 236012.00
  }, {
    "date" : "2025-02-06",
    "price" : 255.15,
    "dma50" : 276.39,
    "dma100" : null,
    "dma200" : 295.56,
    "volume" : 402619.00
  }, {
    "date" : "2025-02-07",
    "price" : 270.40,
    "dma50" : 276.16,
    "dma100" : null,
    "dma200" : 295.31,
    "volume" : 1059803.00
  }, {
    "date" : "2025-02-10",
    "price" : 258.25,
    "dma50" : 275.45,
    "dma100" : null,
    "dma200" : 294.94,
    "volume" : 309358.00
  }, {
    "date" : "2025-02-11",
    "price" : 240.75,
    "dma50" : 274.09,
    "dma100" : null,
    "dma200" : 294.40,
    "volume" : 438735.00
  }, {
    "date" : "2025-02-12",
    "price" : 234.30,
    "dma50" : 272.53,
    "dma100" : null,
    "dma200" : 293.80,
    "volume" : 744948.00
  }, {
    "date" : "2025-02-13",
    "price" : 241.05,
    "dma50" : 271.30,
    "dma100" : null,
    "dma200" : 293.27,
    "volume" : 507723.00
  }, {
    "date" : "2025-02-14",
    "price" : 225.75,
    "dma50" : 269.51,
    "dma100" : null,
    "dma200" : 292.60,
    "volume" : 918653.00
  }, {
    "date" : "2025-02-17",
    "price" : 231.00,
    "dma50" : 268.00,
    "dma100" : null,
    "dma200" : 291.99,
    "volume" : 642908.00
  }, {
    "date" : "2025-02-18",
    "price" : 224.75,
    "dma50" : 266.31,
    "dma100" : null,
    "dma200" : 291.32,
    "volume" : 357222.00
  }, {
    "date" : "2025-02-19",
    "price" : 229.85,
    "dma50" : 264.88,
    "dma100" : null,
    "dma200" : 290.71,
    "volume" : 430702.00
  }, {
    "date" : "2025-02-20",
    "price" : 232.25,
    "dma50" : 263.60,
    "dma100" : null,
    "dma200" : 290.13,
    "volume" : 490663.00
  }, {
    "date" : "2025-02-21",
    "price" : 234.60,
    "dma50" : 262.46,
    "dma100" : null,
    "dma200" : 289.58,
    "volume" : 275277.00
  }, {
    "date" : "2025-02-24",
    "price" : 230.50,
    "dma50" : 261.21,
    "dma100" : null,
    "dma200" : 288.99,
    "volume" : 581777.00
  }, {
    "date" : "2025-02-25",
    "price" : 224.70,
    "dma50" : 259.77,
    "dma100" : null,
    "dma200" : 288.35,
    "volume" : 393905.00
  }, {
    "date" : "2025-02-27",
    "price" : 226.75,
    "dma50" : 258.48,
    "dma100" : null,
    "dma200" : 287.73,
    "volume" : 347368.00
  }, {
    "date" : "2025-02-28",
    "price" : 213.80,
    "dma50" : 256.73,
    "dma100" : null,
    "dma200" : 287.00,
    "volume" : 1146340.00
  }, {
    "date" : "2025-03-03",
    "price" : 225.65,
    "dma50" : 255.51,
    "dma100" : null,
    "dma200" : 286.39,
    "volume" : 1047323.00
  }, {
    "date" : "2025-03-04",
    "price" : 233.94,
    "dma50" : 254.66,
    "dma100" : null,
    "dma200" : 285.87,
    "volume" : 751857.00
  }, {
    "date" : "2025-03-05",
    "price" : 243.51,
    "dma50" : 254.23,
    "dma100" : null,
    "dma200" : 285.45,
    "volume" : 621838.00
  }, {
    "date" : "2025-03-06",
    "price" : 250.94,
    "dma50" : 254.10,
    "dma100" : null,
    "dma200" : 285.10,
    "volume" : 493661.00
  }, {
    "date" : "2025-03-07",
    "price" : 244.28,
    "dma50" : 253.71,
    "dma100" : null,
    "dma200" : 284.70,
    "volume" : 356989.00
  }, {
    "date" : "2025-03-10",
    "price" : 237.51,
    "dma50" : 253.08,
    "dma100" : null,
    "dma200" : 284.23,
    "volume" : 980408.00
  }, {
    "date" : "2025-03-11",
    "price" : 241.24,
    "dma50" : 252.61,
    "dma100" : null,
    "dma200" : 283.80,
    "volume" : 1094987.00
  }, {
    "date" : "2025-03-12",
    "price" : 236.95,
    "dma50" : 252.00,
    "dma100" : null,
    "dma200" : 283.33,
    "volume" : 316301.00
  }, {
    "date" : "2025-03-13",
    "price" : 236.40,
    "dma50" : 251.39,
    "dma100" : null,
    "dma200" : 282.87,
    "volume" : 218692.00
  }, {
    "date" : "2025-03-17",
    "price" : 229.84,
    "dma50" : 250.54,
    "dma100" : null,
    "dma200" : 282.34,
    "volume" : 277140.00
  }, {
    "date" : "2025-03-18",
    "price" : 238.00,
    "dma50" : 250.05,
    "dma100" : null,
    "dma200" : 281.90,
    "volume" : 642736.00
  }, {
    "date" : "2025-03-19",
    "price" : 244.48,
    "dma50" : 249.83,
    "dma100" : null,
    "dma200" : 281.52,
    "volume" : 501172.00
  }, {
    "date" : "2025-03-20",
    "price" : 247.65,
    "dma50" : 249.75,
    "dma100" : null,
    "dma200" : 281.19,
    "volume" : 664950.00
  }, {
    "date" : "2025-03-21",
    "price" : 249.22,
    "dma50" : 249.73,
    "dma100" : null,
    "dma200" : 280.87,
    "volume" : 389879.00
  }, {
    "date" : "2025-03-24",
    "price" : 259.64,
    "dma50" : 250.11,
    "dma100" : null,
    "dma200" : 280.66,
    "volume" : 1104395.00
  }, {
    "date" : "2025-03-25",
    "price" : 252.37,
    "dma50" : 250.20,
    "dma100" : null,
    "dma200" : 280.38,
    "volume" : 496661.00
  }, {
    "date" : "2025-03-26",
    "price" : 243.81,
    "dma50" : 249.95,
    "dma100" : null,
    "dma200" : 280.01,
    "volume" : 536292.00
  }, {
    "date" : "2025-03-27",
    "price" : 249.45,
    "dma50" : 249.93,
    "dma100" : null,
    "dma200" : 279.71,
    "volume" : 660293.00
  }, {
    "date" : "2025-03-28",
    "price" : 244.37,
    "dma50" : 249.71,
    "dma100" : null,
    "dma200" : 279.36,
    "volume" : 329236.00
  }, {
    "date" : "2025-04-01",
    "price" : 257.72,
    "dma50" : 250.03,
    "dma100" : null,
    "dma200" : 279.14,
    "volume" : 1069913.00
  }, {
    "date" : "2025-04-02",
    "price" : 257.57,
    "dma50" : 250.32,
    "dma100" : null,
    "dma200" : 278.93,
    "volume" : 391170.00
  }, {
    "date" : "2025-04-03",
    "price" : 263.30,
    "dma50" : 250.83,
    "dma100" : null,
    "dma200" : 278.77,
    "volume" : 824592.00
  }, {
    "date" : "2025-04-04",
    "price" : 252.80,
    "dma50" : 250.91,
    "dma100" : null,
    "dma200" : 278.51,
    "volume" : 1164861.00
  }, {
    "date" : "2025-04-07",
    "price" : 240.73,
    "dma50" : 250.51,
    "dma100" : null,
    "dma200" : 278.14,
    "volume" : 666237.00
  }, {
    "date" : "2025-04-08",
    "price" : 246.48,
    "dma50" : 250.35,
    "dma100" : null,
    "dma200" : 277.82,
    "volume" : 567600.00
  }, {
    "date" : "2025-04-09",
    "price" : 239.10,
    "dma50" : 249.91,
    "dma100" : null,
    "dma200" : 277.44,
    "volume" : 313227.00
  }, {
    "date" : "2025-04-11",
    "price" : 247.48,
    "dma50" : 249.82,
    "dma100" : null,
    "dma200" : 277.14,
    "volume" : 384734.00
  }, {
    "date" : "2025-04-15",
    "price" : 257.76,
    "dma50" : 250.13,
    "dma100" : null,
    "dma200" : 276.95,
    "volume" : 556047.00
  }, {
    "date" : "2025-04-16",
    "price" : 256.84,
    "dma50" : 250.39,
    "dma100" : null,
    "dma200" : 276.75,
    "volume" : 408184.00
  }, {
    "date" : "2025-04-17",
    "price" : 259.81,
    "dma50" : 250.76,
    "dma100" : null,
    "dma200" : 276.58,
    "volume" : 421048.00
  }, {
    "date" : "2025-04-21",
    "price" : 258.19,
    "dma50" : 251.05,
    "dma100" : null,
    "dma200" : 276.39,
    "volume" : 451783.00
  }, {
    "date" : "2025-04-22",
    "price" : 268.91,
    "dma50" : 251.75,
    "dma100" : null,
    "dma200" : 276.32,
    "volume" : 626424.00
  }, {
    "date" : "2025-04-23",
    "price" : 269.95,
    "dma50" : 252.47,
    "dma100" : null,
    "dma200" : 276.26,
    "volume" : 609535.00
  }, {
    "date" : "2025-04-24",
    "price" : 275.33,
    "dma50" : 253.36,
    "dma100" : null,
    "dma200" : 276.25,
    "volume" : 741693.00
  }, {
    "date" : "2025-04-25",
    "price" : 265.74,
    "dma50" : 253.85,
    "dma100" : null,
    "dma200" : 276.14,
    "volume" : 952659.00
  }, {
    "date" : "2025-04-28",
    "price" : 265.85,
    "dma50" : 254.32,
    "dma100" : null,
    "dma200" : 276.04,
    "volume" : 339289.00
  }, {
    "date" : "2025-04-29",
    "price" : 264.99,
    "dma50" : 254.74,
    "dma100" : null,
    "dma200" : 275.93,
    "volume" : 366371.00
  }, {
    "date" : "2025-04-30",
    "price" : 256.29,
    "dma50" : 254.80,
    "dma100" : null,
    "dma200" : 275.73,
    "volume" : 587145.00
  }, {
    "date" : "2025-05-02",
    "price" : 262.80,
    "dma50" : 255.11,
    "dma100" : null,
    "dma200" : 275.61,
    "volume" : 441044.00
  }, {
    "date" : "2025-05-05",
    "price" : 258.40,
    "dma50" : 255.24,
    "dma100" : null,
    "dma200" : 275.44,
    "volume" : 299992.00
  }, {
    "date" : "2025-05-06",
    "price" : 251.15,
    "dma50" : 255.08,
    "dma100" : null,
    "dma200" : 275.19,
    "volume" : 419332.00
  }, {
    "date" : "2025-05-07",
    "price" : 257.75,
    "dma50" : 255.18,
    "dma100" : null,
    "dma200" : 275.02,
    "volume" : 409722.00
  }, {
    "date" : "2025-05-08",
    "price" : 260.95,
    "dma50" : 255.41,
    "dma100" : null,
    "dma200" : 274.88,
    "volume" : 1604493.00
  }, {
    "date" : "2025-05-09",
    "price" : 262.80,
    "dma50" : 255.70,
    "dma100" : null,
    "dma200" : 274.76,
    "volume" : 383263.00
  }, {
    "date" : "2025-05-12",
    "price" : 280.25,
    "dma50" : 256.66,
    "dma100" : null,
    "dma200" : 274.81,
    "volume" : 607564.00
  }, {
    "date" : "2025-05-13",
    "price" : 283.50,
    "dma50" : 257.72,
    "dma100" : null,
    "dma200" : 274.90,
    "volume" : 498565.00
  }, {
    "date" : "2025-05-14",
    "price" : 291.30,
    "dma50" : 259.03,
    "dma100" : null,
    "dma200" : 275.06,
    "volume" : 3375265.00
  }, {
    "date" : "2025-05-15",
    "price" : 283.65,
    "dma50" : 260.00,
    "dma100" : null,
    "dma200" : 275.15,
    "volume" : 2095202.00
  }, {
    "date" : "2025-05-16",
    "price" : 292.45,
    "dma50" : 261.27,
    "dma100" : null,
    "dma200" : 275.32,
    "volume" : 850403.00
  }, {
    "date" : "2025-05-19",
    "price" : 293.80,
    "dma50" : 262.55,
    "dma100" : null,
    "dma200" : 275.51,
    "volume" : 862247.00
  }, {
    "date" : "2025-05-20",
    "price" : 296.90,
    "dma50" : 263.89,
    "dma100" : null,
    "dma200" : 275.72,
    "volume" : 792009.00
  }, {
    "date" : "2025-05-21",
    "price" : 297.60,
    "dma50" : 265.22,
    "dma100" : null,
    "dma200" : 275.94,
    "volume" : 543383.00
  }, {
    "date" : "2025-05-22",
    "price" : 311.20,
    "dma50" : 267.02,
    "dma100" : null,
    "dma200" : 276.29,
    "volume" : 1872275.00
  }, {
    "date" : "2025-05-23",
    "price" : 326.85,
    "dma50" : 269.36,
    "dma100" : null,
    "dma200" : 276.79,
    "volume" : 1688601.00
  }, {
    "date" : "2025-05-26",
    "price" : 320.05,
    "dma50" : 271.35,
    "dma100" : null,
    "dma200" : 277.22,
    "volume" : 548534.00
  }, {
    "date" : "2025-05-27",
    "price" : 324.40,
    "dma50" : 273.43,
    "dma100" : null,
    "dma200" : 277.69,
    "volume" : 417814.00
  }, {
    "date" : "2025-05-28",
    "price" : 330.95,
    "dma50" : 275.69,
    "dma100" : null,
    "dma200" : 278.22,
    "volume" : 444461.00
  }, {
    "date" : "2025-05-29",
    "price" : 333.25,
    "dma50" : 277.95,
    "dma100" : null,
    "dma200" : 278.77,
    "volume" : 477843.00
  }, {
    "date" : "2025-05-30",
    "price" : 330.25,
    "dma50" : 280.00,
    "dma100" : null,
    "dma200" : 279.28,
    "volume" : 309549.00
  }, {
    "date" : "2025-06-02",
    "price" : 332.00,
    "dma50" : 282.04,
    "dma100" : null,
    "dma200" : 279.80,
    "volume" : 272564.00
  }, {
    "date" : "2025-06-03",
    "price" : 335.65,
    "dma50" : 284.14,
    "dma100" : null,
    "dma200" : 280.36,
    "volume" : 459657.00
  }, {
    "date" : "2025-06-04",
    "price" : 333.05,
    "dma50" : 286.06,
    "dma100" : null,
    "dma200" : 280.88,
    "volume" : 278802.00
  }, {
    "date" : "2025-06-05",
    "price" : 340.15,
    "dma50" : 288.18,
    "dma100" : null,
    "dma200" : 281.47,
    "volume" : 621440.00
  }, {
    "date" : "2025-06-06",
    "price" : 335.70,
    "dma50" : 290.04,
    "dma100" : null,
    "dma200" : 282.01,
    "volume" : 366486.00
  }, {
    "date" : "2025-06-09",
    "price" : 341.20,
    "dma50" : 292.05,
    "dma100" : null,
    "dma200" : 282.60,
    "volume" : 212831.00
  }, {
    "date" : "2025-06-10",
    "price" : 344.70,
    "dma50" : 294.11,
    "dma100" : null,
    "dma200" : 283.22,
    "volume" : 503567.00
  }, {
    "date" : "2025-06-11",
    "price" : 343.30,
    "dma50" : 296.04,
    "dma100" : null,
    "dma200" : 283.82,
    "volume" : 322265.00
  }, {
    "date" : "2025-06-12",
    "price" : 343.80,
    "dma50" : 297.91,
    "dma100" : null,
    "dma200" : 284.41,
    "volume" : 659343.00
  }, {
    "date" : "2025-06-13",
    "price" : 336.95,
    "dma50" : 299.45,
    "dma100" : null,
    "dma200" : 284.94,
    "volume" : 308415.00
  }, {
    "date" : "2025-06-16",
    "price" : 344.35,
    "dma50" : 301.21,
    "dma100" : null,
    "dma200" : 285.53,
    "volume" : 498459.00
  }, {
    "date" : "2025-06-17",
    "price" : 337.95,
    "dma50" : 302.65,
    "dma100" : null,
    "dma200" : 286.05,
    "volume" : 367407.00
  }, {
    "date" : "2025-06-18",
    "price" : 340.35,
    "dma50" : 304.13,
    "dma100" : null,
    "dma200" : 286.59,
    "volume" : 242083.00
  }, {
    "date" : "2025-06-19",
    "price" : 329.45,
    "dma50" : 305.12,
    "dma100" : null,
    "dma200" : 287.02,
    "volume" : 253280.00
  }, {
    "date" : "2025-06-20",
    "price" : 346.20,
    "dma50" : 306.73,
    "dma100" : null,
    "dma200" : 287.61,
    "volume" : 936903.00
  }, {
    "date" : "2025-06-23",
    "price" : 331.30,
    "dma50" : 307.69,
    "dma100" : null,
    "dma200" : 288.04,
    "volume" : 468501.00
  }, {
    "date" : "2025-06-24",
    "price" : 334.30,
    "dma50" : 308.74,
    "dma100" : null,
    "dma200" : 288.50,
    "volume" : 392744.00
  }, {
    "date" : "2025-06-25",
    "price" : 343.50,
    "dma50" : 310.10,
    "dma100" : null,
    "dma200" : 289.05,
    "volume" : 1379434.00
  }, {
    "date" : "2025-06-26",
    "price" : 338.15,
    "dma50" : 311.20,
    "dma100" : null,
    "dma200" : 289.54,
    "volume" : 534187.00
  }, {
    "date" : "2025-06-27",
    "price" : 344.80,
    "dma50" : 312.52,
    "dma100" : null,
    "dma200" : 290.09,
    "volume" : 627330.00
  }, {
    "date" : "2025-06-30",
    "price" : 347.20,
    "dma50" : 313.88,
    "dma100" : null,
    "dma200" : 290.66,
    "volume" : 292968.00
  }, {
    "date" : "2025-07-01",
    "price" : 343.85,
    "dma50" : 315.05,
    "dma100" : null,
    "dma200" : 291.18,
    "volume" : 290149.00
  }, {
    "date" : "2025-07-02",
    "price" : 342.05,
    "dma50" : 316.11,
    "dma100" : null,
    "dma200" : 291.69,
    "volume" : 334155.00
  }, {
    "date" : "2025-07-03",
    "price" : 338.65,
    "dma50" : 317.00,
    "dma100" : 278.45,
    "dma200" : 292.16,
    "volume" : 217870.00
  }, {
    "date" : "2025-07-04",
    "price" : 335.70,
    "dma50" : 317.73,
    "dma100" : 279.22,
    "dma200" : 292.59,
    "volume" : 267685.00
  }, {
    "date" : "2025-07-07",
    "price" : 340.20,
    "dma50" : 318.61,
    "dma100" : 280.08,
    "dma200" : 293.06,
    "volume" : 248422.00
  }, {
    "date" : "2025-07-08",
    "price" : 335.40,
    "dma50" : 319.27,
    "dma100" : 280.73,
    "dma200" : 293.49,
    "volume" : 212297.00
  }, {
    "date" : "2025-07-09",
    "price" : 329.45,
    "dma50" : 319.67,
    "dma100" : 281.44,
    "dma200" : 293.84,
    "volume" : 370978.00
  }, {
    "date" : "2025-07-10",
    "price" : 332.65,
    "dma50" : 320.18,
    "dma100" : 282.36,
    "dma200" : 294.23,
    "volume" : 164982.00
  }, {
    "date" : "2025-07-11",
    "price" : 327.10,
    "dma50" : 320.45,
    "dma100" : 283.28,
    "dma200" : 294.56,
    "volume" : 133758.00
  }, {
    "date" : "2025-07-14",
    "price" : 316.35,
    "dma50" : 320.29,
    "dma100" : 284.04,
    "dma200" : 294.77,
    "volume" : 451165.00
  }, {
    "date" : "2025-07-15",
    "price" : 318.50,
    "dma50" : 320.22,
    "dma100" : 284.96,
    "dma200" : 295.01,
    "volume" : 405064.00
  }, {
    "date" : "2025-07-16",
    "price" : 332.15,
    "dma50" : 320.69,
    "dma100" : 285.98,
    "dma200" : 295.38,
    "volume" : 421803.00
  }, {
    "date" : "2025-07-17",
    "price" : 330.10,
    "dma50" : 321.05,
    "dma100" : 287.03,
    "dma200" : 295.73,
    "volume" : 187675.00
  }, {
    "date" : "2025-07-18",
    "price" : 325.70,
    "dma50" : 321.24,
    "dma100" : 287.99,
    "dma200" : 296.02,
    "volume" : 160503.00
  }, {
    "date" : "2025-07-21",
    "price" : 325.95,
    "dma50" : 321.42,
    "dma100" : 288.93,
    "dma200" : 296.32,
    "volume" : 169694.00
  }, {
    "date" : "2025-07-22",
    "price" : 327.50,
    "dma50" : 321.66,
    "dma100" : 289.85,
    "dma200" : 296.63,
    "volume" : 220472.00
  }, {
    "date" : "2025-07-23",
    "price" : 342.30,
    "dma50" : 322.47,
    "dma100" : 290.97,
    "dma200" : 297.09,
    "volume" : 881646.00
  }, {
    "date" : "2025-07-24",
    "price" : 347.40,
    "dma50" : 323.45,
    "dma100" : 292.20,
    "dma200" : 297.59,
    "volume" : 736716.00
  }, {
    "date" : "2025-07-25",
    "price" : 337.20,
    "dma50" : 323.99,
    "dma100" : 293.30,
    "dma200" : 297.98,
    "volume" : 407505.00
  }, {
    "date" : "2025-07-28",
    "price" : 335.45,
    "dma50" : 324.44,
    "dma100" : 294.52,
    "dma200" : 298.35,
    "volume" : 285352.00
  }, {
    "date" : "2025-07-29",
    "price" : 340.85,
    "dma50" : 325.08,
    "dma100" : 295.67,
    "dma200" : 298.78,
    "volume" : 180503.00
  }, {
    "date" : "2025-07-30",
    "price" : 336.45,
    "dma50" : 325.53,
    "dma100" : 296.70,
    "dma200" : 299.15,
    "volume" : 176817.00
  }, {
    "date" : "2025-07-31",
    "price" : 330.55,
    "dma50" : 325.72,
    "dma100" : 297.57,
    "dma200" : 299.46,
    "volume" : 198472.00
  }, {
    "date" : "2025-08-01",
    "price" : 318.75,
    "dma50" : 325.45,
    "dma100" : 298.25,
    "dma200" : 299.66,
    "volume" : 230467.00
  }, {
    "date" : "2025-08-04",
    "price" : 326.20,
    "dma50" : 325.48,
    "dma100" : 299.07,
    "dma200" : 299.92,
    "volume" : 150571.00
  }, {
    "date" : "2025-08-05",
    "price" : 322.40,
    "dma50" : 325.36,
    "dma100" : 299.91,
    "dma200" : 300.14,
    "volume" : 188387.00
  }, {
    "date" : "2025-08-06",
    "price" : 320.90,
    "dma50" : 325.18,
    "dma100" : 300.71,
    "dma200" : 300.35,
    "volume" : 175847.00
  }, {
    "date" : "2025-08-07",
    "price" : 316.55,
    "dma50" : 324.84,
    "dma100" : 301.51,
    "dma200" : 300.51,
    "volume" : 316491.00
  }, {
    "date" : "2025-08-08",
    "price" : 313.15,
    "dma50" : 324.39,
    "dma100" : 302.27,
    "dma200" : 300.64,
    "volume" : 493876.00
  }, {
    "date" : "2025-08-11",
    "price" : 320.70,
    "dma50" : 324.24,
    "dma100" : 303.18,
    "dma200" : 300.84,
    "volume" : 608303.00
  }, {
    "date" : "2025-08-12",
    "price" : 316.60,
    "dma50" : 323.94,
    "dma100" : 303.97,
    "dma200" : 300.99,
    "volume" : 302696.00
  }, {
    "date" : "2025-08-13",
    "price" : 300.65,
    "dma50" : 323.03,
    "dma100" : 304.53,
    "dma200" : 300.99,
    "volume" : 723026.00
  }, {
    "date" : "2025-08-14",
    "price" : 270.20,
    "dma50" : 320.96,
    "dma100" : 304.76,
    "dma200" : 300.68,
    "volume" : 2111302.00
  }, {
    "date" : "2025-08-18",
    "price" : 269.35,
    "dma50" : 318.93,
    "dma100" : 304.96,
    "dma200" : 300.37,
    "volume" : 958302.00
  }, {
    "date" : "2025-08-19",
    "price" : 280.15,
    "dma50" : 317.41,
    "dma100" : 305.16,
    "dma200" : 300.17,
    "volume" : 931644.00
  }, {
    "date" : "2025-08-20",
    "price" : 281.15,
    "dma50" : 315.99,
    "dma100" : 305.45,
    "dma200" : 299.98,
    "volume" : 619099.00
  }, {
    "date" : "2025-08-21",
    "price" : 299.15,
    "dma50" : 315.33,
    "dma100" : 306.00,
    "dma200" : 299.97,
    "volume" : 1989960.00
  }, {
    "date" : "2025-08-22",
    "price" : 296.30,
    "dma50" : 314.58,
    "dma100" : 306.47,
    "dma200" : 299.94,
    "volume" : 390122.00
  }, {
    "date" : "2025-08-25",
    "price" : 291.20,
    "dma50" : 313.67,
    "dma100" : 306.94,
    "dma200" : 299.85,
    "volume" : 361465.00
  }, {
    "date" : "2025-08-26",
    "price" : 281.55,
    "dma50" : 312.41,
    "dma100" : 307.18,
    "dma200" : 299.67,
    "volume" : 339292.00
  }, {
    "date" : "2025-08-28",
    "price" : 280.95,
    "dma50" : 311.17,
    "dma100" : 307.41,
    "dma200" : 299.48,
    "volume" : 257683.00
  }, {
    "date" : "2025-08-29",
    "price" : 284.00,
    "dma50" : 310.11,
    "dma100" : 307.62,
    "dma200" : 299.33,
    "volume" : 251762.00
  }, {
    "date" : "2025-09-01",
    "price" : 284.75,
    "dma50" : 309.11,
    "dma100" : 307.94,
    "dma200" : 299.18,
    "volume" : 160823.00
  }, {
    "date" : "2025-09-02",
    "price" : 291.10,
    "dma50" : 308.41,
    "dma100" : 308.44,
    "dma200" : 299.10,
    "volume" : 215843.00
  }, {
    "date" : "2025-09-03",
    "price" : 308.65,
    "dma50" : 308.42,
    "dma100" : 309.06,
    "dma200" : 299.20,
    "volume" : 815697.00
  }, {
    "date" : "2025-09-04",
    "price" : 295.40,
    "dma50" : 307.91,
    "dma100" : 309.63,
    "dma200" : 299.16,
    "volume" : 484865.00
  }, {
    "date" : "2025-09-05",
    "price" : 295.25,
    "dma50" : 307.41,
    "dma100" : 310.11,
    "dma200" : 299.12,
    "volume" : 259796.00
  }, {
    "date" : "2025-09-08",
    "price" : 298.85,
    "dma50" : 307.07,
    "dma100" : 310.52,
    "dma200" : 299.12,
    "volume" : 194382.00
  }, {
    "date" : "2025-09-09",
    "price" : 297.30,
    "dma50" : 306.69,
    "dma100" : 310.92,
    "dma200" : 299.10,
    "volume" : 231071.00
  }, {
    "date" : "2025-09-10",
    "price" : 297.50,
    "dma50" : 306.33,
    "dma100" : 311.30,
    "dma200" : 299.08,
    "volume" : 272379.00
  }, {
    "date" : "2025-09-11",
    "price" : 295.85,
    "dma50" : 305.92,
    "dma100" : 311.67,
    "dma200" : 299.05,
    "volume" : 411954.00
  }, {
    "date" : "2025-09-12",
    "price" : 292.90,
    "dma50" : 305.41,
    "dma100" : 311.91,
    "dma200" : 298.99,
    "volume" : 148096.00
  }, {
    "date" : "2025-09-15",
    "price" : 297.60,
    "dma50" : 305.10,
    "dma100" : 312.19,
    "dma200" : 298.98,
    "volume" : 251947.00
  }, {
    "date" : "2025-09-16",
    "price" : 294.90,
    "dma50" : 304.70,
    "dma100" : 312.39,
    "dma200" : 298.94,
    "volume" : 379986.00
  }, {
    "date" : "2025-09-17",
    "price" : 297.40,
    "dma50" : 304.42,
    "dma100" : 312.70,
    "dma200" : 298.92,
    "volume" : 1666447.00
  }, {
    "date" : "2025-09-18",
    "price" : 288.90,
    "dma50" : 303.81,
    "dma100" : 312.93,
    "dma200" : 298.82,
    "volume" : 585391.00
  }, {
    "date" : "2025-09-19",
    "price" : 292.00,
    "dma50" : 303.34,
    "dma100" : 313.20,
    "dma200" : 298.75,
    "volume" : 221420.00
  }, {
    "date" : "2025-09-22",
    "price" : 286.20,
    "dma50" : 302.67,
    "dma100" : 313.50,
    "dma200" : 298.63,
    "volume" : 169403.00
  }, {
    "date" : "2025-09-23",
    "price" : 284.50,
    "dma50" : 301.96,
    "dma100" : 313.72,
    "dma200" : 298.49,
    "volume" : 120971.00
  }, {
    "date" : "2025-09-24",
    "price" : 290.55,
    "dma50" : 301.51,
    "dma100" : 314.04,
    "dma200" : 298.41,
    "volume" : 312535.00
  }, {
    "date" : "2025-09-25",
    "price" : 285.55,
    "dma50" : 300.89,
    "dma100" : 314.39,
    "dma200" : 298.28,
    "volume" : 115544.00
  }, {
    "date" : "2025-09-26",
    "price" : 287.15,
    "dma50" : 300.35,
    "dma100" : 314.68,
    "dma200" : 298.17,
    "volume" : 340696.00
  }, {
    "date" : "2025-09-29",
    "price" : 284.90,
    "dma50" : 299.74,
    "dma100" : 314.92,
    "dma200" : 298.04,
    "volume" : 238029.00
  }, {
    "date" : "2025-09-30",
    "price" : 286.30,
    "dma50" : 299.21,
    "dma100" : 315.15,
    "dma200" : 297.92,
    "volume" : 107781.00
  }, {
    "date" : "2025-10-01",
    "price" : 286.80,
    "dma50" : 298.73,
    "dma100" : 315.22,
    "dma200" : 297.81,
    "volume" : 240790.00
  }, {
    "date" : "2025-10-03",
    "price" : 294.00,
    "dma50" : 298.54,
    "dma100" : 315.32,
    "dma200" : 297.77,
    "volume" : 268411.00
  }, {
    "date" : "2025-10-06",
    "price" : 288.70,
    "dma50" : 298.16,
    "dma100" : 315.30,
    "dma200" : 297.68,
    "volume" : 193012.00
  }, {
    "date" : "2025-10-07",
    "price" : 290.60,
    "dma50" : 297.86,
    "dma100" : 315.37,
    "dma200" : 297.61,
    "volume" : 317728.00
  }, {
    "date" : "2025-10-08",
    "price" : 287.45,
    "dma50" : 297.45,
    "dma100" : 315.32,
    "dma200" : 297.51,
    "volume" : 183573.00
  }, {
    "date" : "2025-10-09",
    "price" : 289.30,
    "dma50" : 297.13,
    "dma100" : 315.27,
    "dma200" : 297.43,
    "volume" : 278594.00
  }, {
    "date" : "2025-10-10",
    "price" : 288.20,
    "dma50" : 296.78,
    "dma100" : 315.19,
    "dma200" : 297.34,
    "volume" : 145079.00
  }, {
    "date" : "2025-10-13",
    "price" : 281.45,
    "dma50" : 296.18,
    "dma100" : 315.02,
    "dma200" : 297.18,
    "volume" : 198256.00
  }, {
    "date" : "2025-10-14",
    "price" : 280.50,
    "dma50" : 295.57,
    "dma100" : 314.72,
    "dma200" : 297.01,
    "volume" : 242877.00
  }, {
    "date" : "2025-10-15",
    "price" : 278.20,
    "dma50" : 294.88,
    "dma100" : 314.23,
    "dma200" : 296.83,
    "volume" : 175863.00
  }, {
    "date" : "2025-10-16",
    "price" : 280.45,
    "dma50" : 294.32,
    "dma100" : 313.83,
    "dma200" : 296.66,
    "volume" : 180659.00
  }, {
    "date" : "2025-10-17",
    "price" : 278.15,
    "dma50" : 293.68,
    "dma100" : 313.37,
    "dma200" : 296.48,
    "volume" : 163154.00
  }, {
    "date" : "2025-10-20",
    "price" : 276.65,
    "dma50" : 293.02,
    "dma100" : 312.83,
    "dma200" : 296.28,
    "volume" : 467946.00
  }, {
    "date" : "2025-10-21",
    "price" : 278.30,
    "dma50" : 292.44,
    "dma100" : 312.28,
    "dma200" : 296.10,
    "volume" : 50162.00
  }, {
    "date" : "2025-10-23",
    "price" : 268.70,
    "dma50" : 291.51,
    "dma100" : 311.66,
    "dma200" : 295.83,
    "volume" : 520614.00
  }, {
    "date" : "2025-10-24",
    "price" : 264.80,
    "dma50" : 290.46,
    "dma100" : 310.99,
    "dma200" : 295.52,
    "volume" : 802857.00
  }, {
    "date" : "2025-10-27",
    "price" : 277.85,
    "dma50" : 289.97,
    "dma100" : 310.41,
    "dma200" : 295.34,
    "volume" : 719935.00
  }, {
    "date" : "2025-10-28",
    "price" : 280.95,
    "dma50" : 289.61,
    "dma100" : 309.89,
    "dma200" : 295.20,
    "volume" : 345043.00
  }, {
    "date" : "2025-10-29",
    "price" : 294.95,
    "dma50" : 289.82,
    "dma100" : 309.44,
    "dma200" : 295.20,
    "volume" : 1032838.00
  }, {
    "date" : "2025-10-30",
    "price" : 289.70,
    "dma50" : 289.82,
    "dma100" : 308.98,
    "dma200" : 295.14,
    "volume" : 294568.00
  }, {
    "date" : "2025-10-31",
    "price" : 294.40,
    "dma50" : 290.00,
    "dma100" : 308.51,
    "dma200" : 295.14,
    "volume" : 411539.00
  }, {
    "date" : "2025-11-03",
    "price" : 305.45,
    "dma50" : 290.60,
    "dma100" : 308.12,
    "dma200" : 295.24,
    "volume" : 889469.00
  }, {
    "date" : "2025-11-04",
    "price" : 303.10,
    "dma50" : 291.09,
    "dma100" : 307.72,
    "dma200" : 295.32,
    "volume" : 477334.00
  }, {
    "date" : "2025-11-06",
    "price" : 295.00,
    "dma50" : 291.25,
    "dma100" : 307.23,
    "dma200" : 295.31,
    "volume" : 226675.00
  }, {
    "date" : "2025-11-07",
    "price" : 301.05,
    "dma50" : 291.63,
    "dma100" : 306.87,
    "dma200" : 295.37,
    "volume" : 321217.00
  }, {
    "date" : "2025-11-10",
    "price" : 304.40,
    "dma50" : 292.13,
    "dma100" : 306.47,
    "dma200" : 295.46,
    "volume" : 642358.00
  }, {
    "date" : "2025-11-11",
    "price" : 300.15,
    "dma50" : 292.45,
    "dma100" : 306.09,
    "dma200" : 295.51,
    "volume" : 2797810.00
  }, {
    "date" : "2025-11-12",
    "price" : 280.15,
    "dma50" : 291.96,
    "dma100" : 305.49,
    "dma200" : 295.36,
    "volume" : 3014536.00
  }, {
    "date" : "2025-11-13",
    "price" : 276.25,
    "dma50" : 291.35,
    "dma100" : 304.96,
    "dma200" : 295.17,
    "volume" : 813960.00
  }, {
    "date" : "2025-11-14",
    "price" : 274.90,
    "dma50" : 290.70,
    "dma100" : 304.25,
    "dma200" : 294.96,
    "volume" : 574364.00
  }, {
    "date" : "2025-11-17",
    "price" : 273.00,
    "dma50" : 290.01,
    "dma100" : 303.66,
    "dma200" : 294.75,
    "volume" : 1163569.00
  }, {
    "date" : "2025-11-18",
    "price" : 269.05,
    "dma50" : 289.19,
    "dma100" : 303.01,
    "dma200" : 294.49,
    "volume" : 681646.00
  }, {
    "date" : "2025-11-19",
    "price" : 265.70,
    "dma50" : 288.27,
    "dma100" : 302.23,
    "dma200" : 294.20,
    "volume" : 778127.00
  }, {
    "date" : "2025-11-20",
    "price" : 263.95,
    "dma50" : 287.31,
    "dma100" : 301.49,
    "dma200" : 293.90,
    "volume" : 706609.00
  }, {
    "date" : "2025-11-21",
    "price" : 256.95,
    "dma50" : 286.12,
    "dma100" : 300.61,
    "dma200" : 293.53,
    "volume" : 669664.00
  }, {
    "date" : "2025-11-24",
    "price" : 259.90,
    "dma50" : 285.09,
    "dma100" : 299.74,
    "dma200" : 293.20,
    "volume" : 388903.00
  }, {
    "date" : "2025-11-25",
    "price" : 265.15,
    "dma50" : 284.31,
    "dma100" : 298.95,
    "dma200" : 292.92,
    "volume" : 1942572.00
  }, {
    "date" : "2025-11-26",
    "price" : 264.90,
    "dma50" : 283.55,
    "dma100" : 298.18,
    "dma200" : 292.64,
    "volume" : 501808.00
  }, {
    "date" : "2025-11-27",
    "price" : 261.85,
    "dma50" : 282.70,
    "dma100" : 297.41,
    "dma200" : 292.34,
    "volume" : 253469.00
  }, {
    "date" : "2025-11-28",
    "price" : 263.00,
    "dma50" : 281.93,
    "dma100" : 296.69,
    "dma200" : 292.04,
    "volume" : 208773.00
  }, {
    "date" : "2025-12-01",
    "price" : 264.30,
    "dma50" : 281.23,
    "dma100" : 295.93,
    "dma200" : 291.77,
    "volume" : 336038.00
  }, {
    "date" : "2025-12-02",
    "price" : 260.90,
    "dma50" : 280.44,
    "dma100" : 295.18,
    "dma200" : 291.46,
    "volume" : 405942.00
  }, {
    "date" : "2025-12-03",
    "price" : 262.85,
    "dma50" : 279.75,
    "dma100" : 294.52,
    "dma200" : 291.18,
    "volume" : 231433.00
  }, {
    "date" : "2025-12-04",
    "price" : 262.00,
    "dma50" : 279.05,
    "dma100" : 293.81,
    "dma200" : 290.89,
    "volume" : 335674.00
  }, {
    "date" : "2025-12-05",
    "price" : 257.00,
    "dma50" : 278.19,
    "dma100" : 293.11,
    "dma200" : 290.55,
    "volume" : 298008.00
  }, {
    "date" : "2025-12-08",
    "price" : 251.25,
    "dma50" : 277.13,
    "dma100" : 292.46,
    "dma200" : 290.16,
    "volume" : 319040.00
  }, {
    "date" : "2025-12-09",
    "price" : 251.90,
    "dma50" : 276.14,
    "dma100" : 291.79,
    "dma200" : 289.78,
    "volume" : 381990.00
  }, {
    "date" : "2025-12-10",
    "price" : 256.45,
    "dma50" : 275.37,
    "dma100" : 291.04,
    "dma200" : 289.44,
    "volume" : 550948.00
  }, {
    "date" : "2025-12-11",
    "price" : 259.15,
    "dma50" : 274.73,
    "dma100" : 290.33,
    "dma200" : 289.14,
    "volume" : 366976.00
  }, {
    "date" : "2025-12-12",
    "price" : 261.15,
    "dma50" : 274.20,
    "dma100" : 289.68,
    "dma200" : 288.86,
    "volume" : 218104.00
  }, {
    "date" : "2025-12-15",
    "price" : 262.30,
    "dma50" : 273.73,
    "dma100" : 289.04,
    "dma200" : 288.60,
    "volume" : 229081.00
  }, {
    "date" : "2025-12-16",
    "price" : 267.70,
    "dma50" : 273.50,
    "dma100" : 288.45,
    "dma200" : 288.39,
    "volume" : 387736.00
  }, {
    "date" : "2025-12-17",
    "price" : 262.90,
    "dma50" : 273.08,
    "dma100" : 287.65,
    "dma200" : 288.14,
    "volume" : 331724.00
  }, {
    "date" : "2025-12-18",
    "price" : 267.65,
    "dma50" : 272.87,
    "dma100" : 286.85,
    "dma200" : 287.94,
    "volume" : 524767.00
  }, {
    "date" : "2025-12-19",
    "price" : 267.10,
    "dma50" : 272.64,
    "dma100" : 286.15,
    "dma200" : 287.73,
    "volume" : 189917.00
  }, {
    "date" : "2025-12-22",
    "price" : 267.30,
    "dma50" : 272.43,
    "dma100" : 285.47,
    "dma200" : 287.52,
    "volume" : 473020.00
  }, {
    "date" : "2025-12-23",
    "price" : 271.00,
    "dma50" : 272.38,
    "dma100" : 284.77,
    "dma200" : 287.36,
    "volume" : 339630.00
  }, {
    "date" : "2025-12-24",
    "price" : 270.45,
    "dma50" : 272.30,
    "dma100" : 284.11,
    "dma200" : 287.19,
    "volume" : 275233.00
  }, {
    "date" : "2025-12-26",
    "price" : 267.05,
    "dma50" : 272.10,
    "dma100" : 283.48,
    "dma200" : 286.99,
    "volume" : 177567.00
  }, {
    "date" : "2025-12-29",
    "price" : 268.60,
    "dma50" : 271.96,
    "dma100" : 282.98,
    "dma200" : 286.81,
    "volume" : 236196.00
  }, {
    "date" : "2025-12-30",
    "price" : 270.95,
    "dma50" : 271.92,
    "dma100" : 282.42,
    "dma200" : 286.65,
    "volume" : 362521.00
  }, {
    "date" : "2025-12-31",
    "price" : 275.25,
    "dma50" : 272.05,
    "dma100" : 281.95,
    "dma200" : 286.54,
    "volume" : 383080.00
  }, {
    "date" : "2026-01-01",
    "price" : 275.60,
    "dma50" : 272.19,
    "dma100" : 281.50,
    "dma200" : 286.43,
    "volume" : 129800.00
  }, {
    "date" : "2026-01-02",
    "price" : 278.30,
    "dma50" : 272.43,
    "dma100" : 281.12,
    "dma200" : 286.35,
    "volume" : 282575.00
  }, {
    "date" : "2026-01-05",
    "price" : 280.15,
    "dma50" : 272.73,
    "dma100" : 280.79,
    "dma200" : 286.29,
    "volume" : 241460.00
  }, {
    "date" : "2026-01-06",
    "price" : 276.50,
    "dma50" : 272.88,
    "dma100" : 280.35,
    "dma200" : 286.19,
    "volume" : 250351.00
  }, {
    "date" : "2026-01-07",
    "price" : 277.35,
    "dma50" : 273.05,
    "dma100" : 279.95,
    "dma200" : 286.10,
    "volume" : 168846.00
  }, {
    "date" : "2026-01-08",
    "price" : 275.40,
    "dma50" : 273.15,
    "dma100" : 279.70,
    "dma200" : 285.99,
    "volume" : 282580.00
  }, {
    "date" : "2026-01-09",
    "price" : 274.55,
    "dma50" : 273.20,
    "dma100" : 279.74,
    "dma200" : 285.88,
    "volume" : 246930.00
  }, {
    "date" : "2026-01-12",
    "price" : 268.75,
    "dma50" : 273.03,
    "dma100" : 279.74,
    "dma200" : 285.71,
    "volume" : 322733.00
  }, {
    "date" : "2026-01-13",
    "price" : 265.55,
    "dma50" : 272.73,
    "dma100" : 279.59,
    "dma200" : 285.51,
    "volume" : 152982.00
  }, {
    "date" : "2026-01-14",
    "price" : 265.95,
    "dma50" : 272.47,
    "dma100" : 279.44,
    "dma200" : 285.31,
    "volume" : 285167.00
  }, {
    "date" : "2026-01-16",
    "price" : 261.20,
    "dma50" : 272.03,
    "dma100" : 279.06,
    "dma200" : 285.07,
    "volume" : 199440.00
  }, {
    "date" : "2026-01-19",
    "price" : 257.85,
    "dma50" : 271.47,
    "dma100" : 278.68,
    "dma200" : 284.80,
    "volume" : 134793.00
  }, {
    "date" : "2026-01-20",
    "price" : 249.95,
    "dma50" : 270.63,
    "dma100" : 278.26,
    "dma200" : 284.46,
    "volume" : 210299.00
  }, {
    "date" : "2026-01-21",
    "price" : 241.20,
    "dma50" : 269.47,
    "dma100" : 277.86,
    "dma200" : 284.03,
    "volume" : 386432.00
  }, {
    "date" : "2026-01-22",
    "price" : 245.90,
    "dma50" : 268.55,
    "dma100" : 277.51,
    "dma200" : 283.65,
    "volume" : 258030.00
  }, {
    "date" : "2026-01-23",
    "price" : 236.80,
    "dma50" : 267.30,
    "dma100" : 277.04,
    "dma200" : 283.18,
    "volume" : 245876.00
  }, {
    "date" : "2026-01-27",
    "price" : 238.05,
    "dma50" : 266.16,
    "dma100" : 276.57,
    "dma200" : 282.73,
    "volume" : 336662.00
  }, {
    "date" : "2026-01-28",
    "price" : 243.70,
    "dma50" : 265.27,
    "dma100" : 276.10,
    "dma200" : 282.34,
    "volume" : 338130.00
  }, {
    "date" : "2026-01-29",
    "price" : 244.35,
    "dma50" : 264.45,
    "dma100" : 275.45,
    "dma200" : 281.97,
    "volume" : 163143.00
  }, {
    "date" : "2026-01-30",
    "price" : 246.85,
    "dma50" : 263.76,
    "dma100" : 274.97,
    "dma200" : 281.62,
    "volume" : 220030.00
  }, {
    "date" : "2026-02-01",
    "price" : 244.27,
    "dma50" : 263.00,
    "dma100" : 274.46,
    "dma200" : 281.24,
    "volume" : 130412.00
  }, {
    "date" : "2026-02-02",
    "price" : 244.64,
    "dma50" : 262.28,
    "dma100" : 273.92,
    "dma200" : 280.88,
    "volume" : 191580.00
  }, {
    "date" : "2026-02-03",
    "price" : 255.16,
    "dma50" : 262.00,
    "dma100" : 273.49,
    "dma200" : 280.62,
    "volume" : 284676.00
  } ],
  "latestTechnicalAttributes" : {
    "date" : "2026-02-03",
    "price" : 255.16,
    "dma50" : 262.00,
    "dma100" : 273.49,
    "dma200" : 280.62,
    "volume" : 284676.00
  },
  "quarterlyResults" : [ {
    "date" : "2005-03-31",
    "sales" : 342.48,
    "salesGrowthYoY" : null,
    "grossProfitMargin" : 25.96,
    "grossProfit" : 88.91,
    "operatingProfitMargin" : 3.91,
    "operatingProfit" : 13.39,
    "netProfitMargin" : 1.08,
    "netProfit" : 3.70
  }, {
    "date" : "2005-06-30",
    "sales" : 297.39,
    "salesGrowthYoY" : null,
    "grossProfitMargin" : 31.60,
    "grossProfit" : 93.98,
    "operatingProfitMargin" : 5.42,
    "operatingProfit" : 16.12,
    "netProfitMargin" : 0.92,
    "netProfit" : 2.74
  }, {
    "date" : "2005-09-30",
    "sales" : 285.66,
    "salesGrowthYoY" : null,
    "grossProfitMargin" : 34.27,
    "grossProfit" : 97.90,
    "operatingProfitMargin" : 6.02,
    "operatingProfit" : 17.20,
    "netProfitMargin" : 1.26,
    "netProfit" : 3.60
  }, {
    "date" : "2005-12-31",
    "sales" : 318.02,
    "salesGrowthYoY" : null,
    "grossProfitMargin" : 34.37,
    "grossProfit" : 109.30,
    "operatingProfitMargin" : 6.52,
    "operatingProfit" : 20.73,
    "netProfitMargin" : 1.03,
    "netProfit" : 3.28
  }, {
    "date" : "2006-03-31",
    "sales" : 317.50,
    "salesGrowthYoY" : -7.29,
    "grossProfitMargin" : 28.70,
    "grossProfit" : 91.12,
    "operatingProfitMargin" : 8.78,
    "operatingProfit" : 27.88,
    "netProfitMargin" : 2.86,
    "netProfit" : 9.08
  }, {
    "date" : "2006-06-30",
    "sales" : 313.82,
    "salesGrowthYoY" : 5.52,
    "grossProfitMargin" : 32.64,
    "grossProfit" : 102.43,
    "operatingProfitMargin" : 5.94,
    "operatingProfit" : 18.64,
    "netProfitMargin" : 0.97,
    "netProfit" : 3.04
  }, {
    "date" : "2006-09-30",
    "sales" : 316.00,
    "salesGrowthYoY" : 10.62,
    "grossProfitMargin" : 30.82,
    "grossProfit" : 97.39,
    "operatingProfitMargin" : 5.92,
    "operatingProfit" : 18.71,
    "netProfitMargin" : 1.06,
    "netProfit" : 3.35
  }, {
    "date" : "2006-12-31",
    "sales" : 332.85,
    "salesGrowthYoY" : 4.66,
    "grossProfitMargin" : 31.28,
    "grossProfit" : 104.12,
    "operatingProfitMargin" : 6.22,
    "operatingProfit" : 20.70,
    "netProfitMargin" : 1.02,
    "netProfit" : 3.40
  }, {
    "date" : "2007-03-31",
    "sales" : 339.97,
    "salesGrowthYoY" : 7.08,
    "grossProfitMargin" : 25.72,
    "grossProfit" : 87.44,
    "operatingProfitMargin" : 6.35,
    "operatingProfit" : 21.59,
    "netProfitMargin" : 1.48,
    "netProfit" : 5.03
  }, {
    "date" : "2007-06-30",
    "sales" : 319.35,
    "salesGrowthYoY" : 1.76,
    "grossProfitMargin" : 32.12,
    "grossProfit" : 102.58,
    "operatingProfitMargin" : 6.72,
    "operatingProfit" : 21.46,
    "netProfitMargin" : 0.98,
    "netProfit" : 3.13
  }, {
    "date" : "2007-09-30",
    "sales" : 333.97,
    "salesGrowthYoY" : 5.69,
    "grossProfitMargin" : 31.06,
    "grossProfit" : 103.73,
    "operatingProfitMargin" : 5.77,
    "operatingProfit" : 19.27,
    "netProfitMargin" : 1.05,
    "netProfit" : 3.51
  }, {
    "date" : "2007-12-31",
    "sales" : 396.78,
    "salesGrowthYoY" : 19.21,
    "grossProfitMargin" : 29.74,
    "grossProfit" : 118.00,
    "operatingProfitMargin" : 5.49,
    "operatingProfit" : 21.78,
    "netProfitMargin" : 0.87,
    "netProfit" : 3.45
  }, {
    "date" : "2008-03-31",
    "sales" : 435.00,
    "salesGrowthYoY" : 27.95,
    "grossProfitMargin" : 23.57,
    "grossProfit" : 102.53,
    "operatingProfitMargin" : 4.29,
    "operatingProfit" : 18.66,
    "netProfitMargin" : 2.37,
    "netProfit" : 10.31
  }, {
    "date" : "2008-06-30",
    "sales" : 432.09,
    "salesGrowthYoY" : 35.30,
    "grossProfitMargin" : 27.11,
    "grossProfit" : 117.14,
    "operatingProfitMargin" : 5.14,
    "operatingProfit" : 22.21,
    "netProfitMargin" : 0.87,
    "netProfit" : 3.76
  }, {
    "date" : "2008-09-30",
    "sales" : 500.98,
    "salesGrowthYoY" : 50.01,
    "grossProfitMargin" : 27.75,
    "grossProfit" : 139.02,
    "operatingProfitMargin" : 4.45,
    "operatingProfit" : 22.29,
    "netProfitMargin" : 0.73,
    "netProfit" : 3.66
  }, {
    "date" : "2008-12-31",
    "sales" : 366.47,
    "salesGrowthYoY" : -7.64,
    "grossProfitMargin" : 28.71,
    "grossProfit" : 105.21,
    "operatingProfitMargin" : 6.09,
    "operatingProfit" : 22.32,
    "netProfitMargin" : 0.99,
    "netProfit" : 3.63
  }, {
    "date" : "2009-03-31",
    "sales" : 391.05,
    "salesGrowthYoY" : -10.10,
    "grossProfitMargin" : 19.83,
    "grossProfit" : 77.55,
    "operatingProfitMargin" : 7.84,
    "operatingProfit" : 30.66,
    "netProfitMargin" : 2.67,
    "netProfit" : 10.44
  }, {
    "date" : "2009-06-30",
    "sales" : 407.67,
    "salesGrowthYoY" : -5.65,
    "grossProfitMargin" : 27.50,
    "grossProfit" : 112.11,
    "operatingProfitMargin" : 5.92,
    "operatingProfit" : 24.13,
    "netProfitMargin" : 1.03,
    "netProfit" : 4.20
  }, {
    "date" : "2009-09-30",
    "sales" : 531.53,
    "salesGrowthYoY" : 6.10,
    "grossProfitMargin" : 27.31,
    "grossProfit" : 145.16,
    "operatingProfitMargin" : 4.95,
    "operatingProfit" : 26.31,
    "netProfitMargin" : 0.91,
    "netProfit" : 4.84
  }, {
    "date" : "2009-12-31",
    "sales" : 495.86,
    "salesGrowthYoY" : 35.31,
    "grossProfitMargin" : 25.86,
    "grossProfit" : 128.23,
    "operatingProfitMargin" : 5.91,
    "operatingProfit" : 29.31,
    "netProfitMargin" : 1.45,
    "netProfit" : 7.19
  }, {
    "date" : "2010-03-31",
    "sales" : 503.87,
    "salesGrowthYoY" : 28.85,
    "grossProfitMargin" : 31.80,
    "grossProfit" : 160.23,
    "operatingProfitMargin" : 9.70,
    "operatingProfit" : 48.88,
    "netProfitMargin" : 5.74,
    "netProfit" : 28.92
  }, {
    "date" : "2010-06-30",
    "sales" : 508.19,
    "salesGrowthYoY" : 24.66,
    "grossProfitMargin" : 29.23,
    "grossProfit" : 148.54,
    "operatingProfitMargin" : 6.32,
    "operatingProfit" : 32.12,
    "netProfitMargin" : 1.65,
    "netProfit" : 8.39
  }, {
    "date" : "2010-09-30",
    "sales" : 597.24,
    "salesGrowthYoY" : 12.36,
    "grossProfitMargin" : 30.06,
    "grossProfit" : 179.53,
    "operatingProfitMargin" : 5.47,
    "operatingProfit" : 32.67,
    "netProfitMargin" : 1.18,
    "netProfit" : 7.05
  }, {
    "date" : "2010-12-31",
    "sales" : 597.40,
    "salesGrowthYoY" : 20.48,
    "grossProfitMargin" : 26.52,
    "grossProfit" : 158.43,
    "operatingProfitMargin" : 5.96,
    "operatingProfit" : 35.61,
    "netProfitMargin" : 1.88,
    "netProfit" : 11.23
  }, {
    "date" : "2011-03-31",
    "sales" : 699.47,
    "salesGrowthYoY" : 38.82,
    "grossProfitMargin" : 28.22,
    "grossProfit" : 197.39,
    "operatingProfitMargin" : 11.46,
    "operatingProfit" : 80.16,
    "netProfitMargin" : 5.74,
    "netProfit" : 40.15
  }, {
    "date" : "2011-06-30",
    "sales" : 555.15,
    "salesGrowthYoY" : 9.24,
    "grossProfitMargin" : 22.91,
    "grossProfit" : 127.18,
    "operatingProfitMargin" : 6.57,
    "operatingProfit" : 36.47,
    "netProfitMargin" : 1.76,
    "netProfit" : 9.77
  }, {
    "date" : "2011-09-30",
    "sales" : 594.41,
    "salesGrowthYoY" : -0.47,
    "grossProfitMargin" : 24.12,
    "grossProfit" : 143.37,
    "operatingProfitMargin" : 7.09,
    "operatingProfit" : 42.14,
    "netProfitMargin" : 1.21,
    "netProfit" : 7.19
  }, {
    "date" : "2011-12-31",
    "sales" : 597.88,
    "salesGrowthYoY" : 0.08,
    "grossProfitMargin" : 23.50,
    "grossProfit" : 140.50,
    "operatingProfitMargin" : 7.30,
    "operatingProfit" : 43.65,
    "netProfitMargin" : 2.21,
    "netProfit" : 13.21
  }, {
    "date" : "2012-03-31",
    "sales" : 808.68,
    "salesGrowthYoY" : 15.61,
    "grossProfitMargin" : 24.10,
    "grossProfit" : 194.89,
    "operatingProfitMargin" : 9.10,
    "operatingProfit" : 73.59,
    "netProfitMargin" : 2.70,
    "netProfit" : 21.83
  }, {
    "date" : "2012-06-30",
    "sales" : 628.38,
    "salesGrowthYoY" : 13.19,
    "grossProfitMargin" : 23.31,
    "grossProfit" : 146.48,
    "operatingProfitMargin" : 7.73,
    "operatingProfit" : 48.57,
    "netProfitMargin" : 1.89,
    "netProfit" : 11.88
  }, {
    "date" : "2012-09-30",
    "sales" : 701.44,
    "salesGrowthYoY" : 18.01,
    "grossProfitMargin" : 23.29,
    "grossProfit" : 163.37,
    "operatingProfitMargin" : 7.07,
    "operatingProfit" : 49.59,
    "netProfitMargin" : 1.74,
    "netProfit" : 12.21
  }, {
    "date" : "2012-12-31",
    "sales" : 721.12,
    "salesGrowthYoY" : 20.61,
    "grossProfitMargin" : 23.89,
    "grossProfit" : 172.28,
    "operatingProfitMargin" : 7.84,
    "operatingProfit" : 56.54,
    "netProfitMargin" : 2.57,
    "netProfit" : 18.53
  }, {
    "date" : "2013-03-31",
    "sales" : 908.09,
    "salesGrowthYoY" : 12.29,
    "grossProfitMargin" : 24.93,
    "grossProfit" : 226.39,
    "operatingProfitMargin" : 9.03,
    "operatingProfit" : 82.00,
    "netProfitMargin" : 2.93,
    "netProfit" : 26.61
  }, {
    "date" : "2013-06-30",
    "sales" : 708.53,
    "salesGrowthYoY" : 12.76,
    "grossProfitMargin" : 25.16,
    "grossProfit" : 178.27,
    "operatingProfitMargin" : 7.66,
    "operatingProfit" : 54.27,
    "netProfitMargin" : 2.00,
    "netProfit" : 14.17
  }, {
    "date" : "2013-09-30",
    "sales" : 778.00,
    "salesGrowthYoY" : 10.91,
    "grossProfitMargin" : 24.00,
    "grossProfit" : 186.72,
    "operatingProfitMargin" : 7.03,
    "operatingProfit" : 54.69,
    "netProfitMargin" : 1.86,
    "netProfit" : 14.47
  }, {
    "date" : "2013-12-31",
    "sales" : 766.93,
    "salesGrowthYoY" : 6.35,
    "grossProfitMargin" : 25.56,
    "grossProfit" : 196.03,
    "operatingProfitMargin" : 8.22,
    "operatingProfit" : 63.04,
    "netProfitMargin" : 1.90,
    "netProfit" : 14.57
  }, {
    "date" : "2014-03-31",
    "sales" : 777.51,
    "salesGrowthYoY" : -14.38,
    "grossProfitMargin" : 26.22,
    "grossProfit" : 203.86,
    "operatingProfitMargin" : 7.93,
    "operatingProfit" : 61.66,
    "netProfitMargin" : 1.31,
    "netProfit" : 10.19
  }, {
    "date" : "2014-06-30",
    "sales" : 672.11,
    "salesGrowthYoY" : -5.14,
    "grossProfitMargin" : 26.95,
    "grossProfit" : 181.13,
    "operatingProfitMargin" : 8.29,
    "operatingProfit" : 55.72,
    "netProfitMargin" : 1.67,
    "netProfit" : 11.22
  }, {
    "date" : "2014-09-30",
    "sales" : 691.71,
    "salesGrowthYoY" : -11.09,
    "grossProfitMargin" : 27.23,
    "grossProfit" : 188.35,
    "operatingProfitMargin" : 8.21,
    "operatingProfit" : 56.79,
    "netProfitMargin" : 1.78,
    "netProfit" : 12.31
  }, {
    "date" : "2014-12-31",
    "sales" : 707.87,
    "salesGrowthYoY" : -7.70,
    "grossProfitMargin" : 28.81,
    "grossProfit" : 203.94,
    "operatingProfitMargin" : 8.07,
    "operatingProfit" : 57.13,
    "netProfitMargin" : 2.00,
    "netProfit" : 14.16
  }, {
    "date" : "2015-03-31",
    "sales" : 785.41,
    "salesGrowthYoY" : 1.02,
    "grossProfitMargin" : 28.05,
    "grossProfit" : 220.31,
    "operatingProfitMargin" : 6.81,
    "operatingProfit" : 53.49,
    "netProfitMargin" : 2.10,
    "netProfit" : 16.49
  }, {
    "date" : "2015-06-30",
    "sales" : 708.95,
    "salesGrowthYoY" : 5.48,
    "grossProfitMargin" : 25.44,
    "grossProfit" : 180.36,
    "operatingProfitMargin" : 7.92,
    "operatingProfit" : 56.15,
    "netProfitMargin" : 1.68,
    "netProfit" : 11.91
  }, {
    "date" : "2015-09-30",
    "sales" : 696.97,
    "salesGrowthYoY" : 0.76,
    "grossProfitMargin" : 27.17,
    "grossProfit" : 189.37,
    "operatingProfitMargin" : 8.17,
    "operatingProfit" : 56.94,
    "netProfitMargin" : 1.85,
    "netProfit" : 12.89
  }, {
    "date" : "2015-12-31",
    "sales" : 739.49,
    "salesGrowthYoY" : 4.47,
    "grossProfitMargin" : 26.55,
    "grossProfit" : 196.33,
    "operatingProfitMargin" : 8.41,
    "operatingProfit" : 62.19,
    "netProfitMargin" : 2.28,
    "netProfit" : 16.86
  }, {
    "date" : "2016-03-31",
    "sales" : 818.75,
    "salesGrowthYoY" : 4.24,
    "grossProfitMargin" : 27.46,
    "grossProfit" : 224.83,
    "operatingProfitMargin" : 8.20,
    "operatingProfit" : 67.14,
    "netProfitMargin" : 2.62,
    "netProfit" : 21.45
  }, {
    "date" : "2016-06-30",
    "sales" : 741.15,
    "salesGrowthYoY" : 4.54,
    "grossProfitMargin" : 25.55,
    "grossProfit" : 189.36,
    "operatingProfitMargin" : 7.58,
    "operatingProfit" : 56.18,
    "netProfitMargin" : 1.74,
    "netProfit" : 12.90
  }, {
    "date" : "2016-09-30",
    "sales" : 740.34,
    "salesGrowthYoY" : 6.22,
    "grossProfitMargin" : 25.60,
    "grossProfit" : 189.53,
    "operatingProfitMargin" : 7.14,
    "operatingProfit" : 52.86,
    "netProfitMargin" : 1.77,
    "netProfit" : 13.10
  }, {
    "date" : "2016-12-31",
    "sales" : 1000.40,
    "salesGrowthYoY" : 35.28,
    "grossProfitMargin" : 25.41,
    "grossProfit" : 254.20,
    "operatingProfitMargin" : 8.07,
    "operatingProfit" : 80.73,
    "netProfitMargin" : 2.31,
    "netProfit" : 23.11
  }, {
    "date" : "2017-03-31",
    "sales" : 1085.23,
    "salesGrowthYoY" : 32.55,
    "grossProfitMargin" : 24.86,
    "grossProfit" : 269.79,
    "operatingProfitMargin" : 7.75,
    "operatingProfit" : 84.11,
    "netProfitMargin" : 2.64,
    "netProfit" : 28.65
  }, {
    "date" : "2017-06-30",
    "sales" : 1056.30,
    "salesGrowthYoY" : 42.52,
    "grossProfitMargin" : 24.31,
    "grossProfit" : 256.79,
    "operatingProfitMargin" : 6.63,
    "operatingProfit" : 70.03,
    "netProfitMargin" : 1.56,
    "netProfit" : 16.48
  }, {
    "date" : "2017-09-30",
    "sales" : 1136.21,
    "salesGrowthYoY" : 53.47,
    "grossProfitMargin" : 24.12,
    "grossProfit" : 274.05,
    "operatingProfitMargin" : 7.25,
    "operatingProfit" : 82.38,
    "netProfitMargin" : 2.07,
    "netProfit" : 23.52
  }, {
    "date" : "2017-12-31",
    "sales" : 1312.80,
    "salesGrowthYoY" : 31.23,
    "grossProfitMargin" : 22.27,
    "grossProfit" : 292.36,
    "operatingProfitMargin" : 6.99,
    "operatingProfit" : 91.76,
    "netProfitMargin" : 2.36,
    "netProfit" : 30.98
  }, {
    "date" : "2018-03-31",
    "sales" : 1425.85,
    "salesGrowthYoY" : 31.39,
    "grossProfitMargin" : 20.60,
    "grossProfit" : 293.73,
    "operatingProfitMargin" : 7.14,
    "operatingProfit" : 101.81,
    "netProfitMargin" : 2.60,
    "netProfit" : 37.07
  }, {
    "date" : "2018-06-30",
    "sales" : 1270.47,
    "salesGrowthYoY" : 20.28,
    "grossProfitMargin" : 20.15,
    "grossProfit" : 256.00,
    "operatingProfitMargin" : 5.79,
    "operatingProfit" : 73.56,
    "netProfitMargin" : 1.62,
    "netProfit" : 20.58
  }, {
    "date" : "2018-09-30",
    "sales" : 1394.80,
    "salesGrowthYoY" : 22.76,
    "grossProfitMargin" : 20.59,
    "grossProfit" : 287.19,
    "operatingProfitMargin" : 6.03,
    "operatingProfit" : 84.11,
    "netProfitMargin" : 1.80,
    "netProfit" : 25.11
  }, {
    "date" : "2018-12-31",
    "sales" : 1605.28,
    "salesGrowthYoY" : 22.28,
    "grossProfitMargin" : 21.37,
    "grossProfit" : 343.05,
    "operatingProfitMargin" : 5.99,
    "operatingProfit" : 96.16,
    "netProfitMargin" : 1.94,
    "netProfit" : 31.14
  }, {
    "date" : "2019-03-31",
    "sales" : 1706.49,
    "salesGrowthYoY" : 19.68,
    "grossProfitMargin" : 21.12,
    "grossProfit" : 360.41,
    "operatingProfitMargin" : 6.92,
    "operatingProfit" : 118.09,
    "netProfitMargin" : 2.58,
    "netProfit" : 44.03
  }, {
    "date" : "2019-06-30",
    "sales" : 1412.29,
    "salesGrowthYoY" : 11.16,
    "grossProfitMargin" : 20.88,
    "grossProfit" : 294.89,
    "operatingProfitMargin" : 5.90,
    "operatingProfit" : 83.33,
    "netProfitMargin" : 1.37,
    "netProfit" : 19.35
  }, {
    "date" : "2019-09-30",
    "sales" : 1323.66,
    "salesGrowthYoY" : -5.10,
    "grossProfitMargin" : 22.55,
    "grossProfit" : 298.49,
    "operatingProfitMargin" : 6.36,
    "operatingProfit" : 84.18,
    "netProfitMargin" : 1.71,
    "netProfit" : 22.63
  }, {
    "date" : "2019-12-31",
    "sales" : 1394.66,
    "salesGrowthYoY" : -13.12,
    "grossProfitMargin" : 23.35,
    "grossProfit" : 325.65,
    "operatingProfitMargin" : 6.90,
    "operatingProfit" : 96.23,
    "netProfitMargin" : 2.20,
    "netProfit" : 30.68
  }, {
    "date" : "2020-03-31",
    "sales" : 1338.41,
    "salesGrowthYoY" : -21.57,
    "grossProfitMargin" : 23.59,
    "grossProfit" : 315.73,
    "operatingProfitMargin" : 6.71,
    "operatingProfit" : 89.81,
    "netProfitMargin" : 2.21,
    "netProfit" : 29.58
  }, {
    "date" : "2020-06-30",
    "sales" : 881.68,
    "salesGrowthYoY" : -37.57,
    "grossProfitMargin" : 21.05,
    "grossProfit" : 185.59,
    "operatingProfitMargin" : 4.81,
    "operatingProfit" : 42.41,
    "netProfitMargin" : 0.18,
    "netProfit" : 1.59
  }, {
    "date" : "2020-09-30",
    "sales" : 1373.77,
    "salesGrowthYoY" : 3.79,
    "grossProfitMargin" : 23.67,
    "grossProfit" : 325.17,
    "operatingProfitMargin" : 7.22,
    "operatingProfit" : 99.19,
    "netProfitMargin" : 3.01,
    "netProfit" : 41.35
  }, {
    "date" : "2020-12-31",
    "sales" : 1577.32,
    "salesGrowthYoY" : 13.10,
    "grossProfitMargin" : 21.33,
    "grossProfit" : 336.44,
    "operatingProfitMargin" : 7.34,
    "operatingProfit" : 115.78,
    "netProfitMargin" : 3.51,
    "netProfit" : 55.36
  }, {
    "date" : "2021-03-31",
    "sales" : 1721.60,
    "salesGrowthYoY" : 28.63,
    "grossProfitMargin" : 21.43,
    "grossProfit" : 368.94,
    "operatingProfitMargin" : 6.95,
    "operatingProfit" : 119.65,
    "netProfitMargin" : 3.39,
    "netProfit" : 58.36
  }, {
    "date" : "2021-06-30",
    "sales" : 1453.39,
    "salesGrowthYoY" : 64.84,
    "grossProfitMargin" : 21.52,
    "grossProfit" : 312.77,
    "operatingProfitMargin" : 6.34,
    "operatingProfit" : 92.14,
    "netProfitMargin" : 2.57,
    "netProfit" : 37.35
  }, {
    "date" : "2021-09-30",
    "sales" : 1945.57,
    "salesGrowthYoY" : 41.62,
    "grossProfitMargin" : 19.01,
    "grossProfit" : 369.85,
    "operatingProfitMargin" : 5.19,
    "operatingProfit" : 100.98,
    "netProfitMargin" : 2.28,
    "netProfit" : 44.36
  }, {
    "date" : "2021-12-31",
    "sales" : 2030.19,
    "salesGrowthYoY" : 28.71,
    "grossProfitMargin" : 18.96,
    "grossProfit" : 384.92,
    "operatingProfitMargin" : 4.82,
    "operatingProfit" : 97.86,
    "netProfitMargin" : 1.99,
    "netProfit" : 40.40
  }, {
    "date" : "2022-03-31",
    "sales" : 2300.92,
    "salesGrowthYoY" : 33.65,
    "grossProfitMargin" : 20.52,
    "grossProfit" : 472.15,
    "operatingProfitMargin" : 6.59,
    "operatingProfit" : 151.63,
    "netProfitMargin" : 3.58,
    "netProfit" : 82.37
  }, {
    "date" : "2022-06-30",
    "sales" : 1839.47,
    "salesGrowthYoY" : 26.56,
    "grossProfitMargin" : 19.51,
    "grossProfit" : 358.88,
    "operatingProfitMargin" : 3.78,
    "operatingProfit" : 69.53,
    "netProfitMargin" : 1.20,
    "netProfit" : 22.07
  }, {
    "date" : "2022-09-30",
    "sales" : 1984.16,
    "salesGrowthYoY" : 1.98,
    "grossProfitMargin" : 21.20,
    "grossProfit" : 420.64,
    "operatingProfitMargin" : 6.51,
    "operatingProfit" : 129.17,
    "netProfitMargin" : 3.43,
    "netProfit" : 68.06
  }, {
    "date" : "2022-12-31",
    "sales" : 2021.13,
    "salesGrowthYoY" : -0.45,
    "grossProfitMargin" : 22.39,
    "grossProfit" : 452.53,
    "operatingProfitMargin" : 8.05,
    "operatingProfit" : 162.70,
    "netProfitMargin" : 4.44,
    "netProfit" : 89.74
  }, {
    "date" : "2023-03-31",
    "sales" : 2151.19,
    "salesGrowthYoY" : -6.51,
    "grossProfitMargin" : 25.19,
    "grossProfit" : 541.88,
    "operatingProfitMargin" : 11.73,
    "operatingProfit" : 252.33,
    "netProfitMargin" : 7.23,
    "netProfit" : 155.53
  }, {
    "date" : "2023-06-30",
    "sales" : 1875.13,
    "salesGrowthYoY" : 1.94,
    "grossProfitMargin" : 20.50,
    "grossProfit" : 384.40,
    "operatingProfitMargin" : 6.10,
    "operatingProfit" : 114.38,
    "netProfitMargin" : 3.15,
    "netProfit" : 59.07
  }, {
    "date" : "2023-09-30",
    "sales" : 1915.50,
    "salesGrowthYoY" : -3.46,
    "grossProfitMargin" : 22.53,
    "grossProfit" : 431.56,
    "operatingProfitMargin" : 7.17,
    "operatingProfit" : 137.34,
    "netProfitMargin" : 3.96,
    "netProfit" : 75.85
  }, {
    "date" : "2023-12-31",
    "sales" : 1937.51,
    "salesGrowthYoY" : -4.14,
    "grossProfitMargin" : 22.57,
    "grossProfit" : 437.30,
    "operatingProfitMargin" : 7.98,
    "operatingProfit" : 154.61,
    "netProfitMargin" : 4.65,
    "netProfit" : 90.09
  }, {
    "date" : "2024-03-31",
    "sales" : 2080.38,
    "salesGrowthYoY" : -3.29,
    "grossProfitMargin" : 23.12,
    "grossProfit" : 480.98,
    "operatingProfitMargin" : 7.97,
    "operatingProfit" : 165.81,
    "netProfitMargin" : 4.99,
    "netProfit" : 103.81
  }, {
    "date" : "2024-06-30",
    "sales" : 1893.08,
    "salesGrowthYoY" : 0.96,
    "grossProfitMargin" : 23.91,
    "grossProfit" : 452.64,
    "operatingProfitMargin" : 7.97,
    "operatingProfit" : 150.88,
    "netProfitMargin" : 4.88,
    "netProfit" : 92.38
  }, {
    "date" : "2024-09-30",
    "sales" : 1528.72,
    "salesGrowthYoY" : -20.19,
    "grossProfitMargin" : 22.10,
    "grossProfit" : 337.85,
    "operatingProfitMargin" : 4.99,
    "operatingProfit" : 76.28,
    "netProfitMargin" : 2.36,
    "netProfit" : 36.08
  }, {
    "date" : "2024-12-31",
    "sales" : 1867.77,
    "salesGrowthYoY" : -3.60,
    "grossProfitMargin" : 24.02,
    "grossProfit" : 448.64,
    "operatingProfitMargin" : 8.01,
    "operatingProfit" : 149.61,
    "netProfitMargin" : 4.81,
    "netProfit" : 89.84
  }, {
    "date" : "2025-03-31",
    "sales" : 2145.65,
    "salesGrowthYoY" : 3.14,
    "grossProfitMargin" : 26.17,
    "grossProfit" : 561.52,
    "operatingProfitMargin" : 9.43,
    "operatingProfit" : 202.33,
    "netProfitMargin" : 6.06,
    "netProfit" : 130.03
  }, {
    "date" : "2025-06-30",
    "sales" : 1604.41,
    "salesGrowthYoY" : -15.25,
    "grossProfitMargin" : 23.32,
    "grossProfit" : 374.15,
    "operatingProfitMargin" : 4.35,
    "operatingProfit" : 69.79,
    "netProfitMargin" : 2.09,
    "netProfit" : 33.53
  }, {
    "date" : "2025-09-30",
    "sales" : 1845.01,
    "salesGrowthYoY" : 20.69,
    "grossProfitMargin" : 21.62,
    "grossProfit" : 398.89,
    "operatingProfitMargin" : 6.41,
    "operatingProfit" : 118.27,
    "netProfitMargin" : 4.02,
    "netProfit" : 74.17
  } ],
  "latestQuarterlyResult" : {
    "date" : "2025-09-30",
    "sales" : 1845.01,
    "salesGrowthYoY" : 20.69,
    "grossProfitMargin" : 21.62,
    "grossProfit" : 398.89,
    "operatingProfitMargin" : 6.41,
    "operatingProfit" : 118.27,
    "netProfitMargin" : 4.02,
    "netProfit" : 74.17
  },
  "companyScore" : {
    "priceHigherThanDma50" : 0.00,
    "priceHigherThanDma100" : 0.00,
    "priceHigherThanDma200" : 0.00,
    "dma50HigherThanDma100" : 0.00,
    "dma50HigherThanDma200" : 0.00,
    "dma100HigherThanDma200" : 0.00,
    "pricePercentageAboveDma50" : 5.13,
    "pricePercentageAboveDma100" : 5.34,
    "pricePercentageAboveDma200" : 5.45,
    "weeklyVolumeHigherThanYearlyVolume" : 0.00,
    "salesGrowthPercentile" : 14.68,
    "operatingProfitMarginPercentile" : 7.95,
    "netProfitMarginPercentile" : 8.92,
    "totalTechnicalScore" : 15.92,
    "totalFundamentalScore" : 31.55,
    "totalScore" : 47.47
  }
}