{
  "metadata" : {
    "screenerCompanyId" : "3305",
    "companyCode" : "SUZLON",
    "companyName" : "Suzlon Energy",
    "screenerCompanyLink" : "https://www.screener.in/company/SUZLON",
    "screenerTechnicalHistoryLink" : "https://www.screener.in/api/company/3305/chart/?q=Price-DMA50-DMA200-Volume&days=365",
    "screenerQuarterlyResultsLink" : "https://www.screener.in/api/company/3305/chart/?q=GPM-OPM-NPM-Quarter+Sales&days=10000",
    "attributes" : {
      "companyCode" : "SUZLON",
      "companyName" : "Suzlon Energy",
      "marketCap" : 71517.00,
      "peRatio" : 23.70,
      "description" : "Suzlon is one of the leading global renewable energy solutions providers. It is a vertically integrated WTG manufacturer. It also undertakes installation and O&M of all WTG sales. Operations include design development and manufacturing of all major components, including rotor blades, tubular towers, generators, control equipment, gears and nacelles. Apart from manufacturing, it offers a full gamut of wind project planning and execution services, including wind resource assessment, infrastructure and power evacuation, technical planning and execution of wind power projects. It also offers O&M services in India and overseas countries.[1]"
    },
    "companyScore" : {
      "priceHigherThanDma50" : 0.00,
      "priceHigherThanDma100" : 0.00,
      "priceHigherThanDma200" : 0.00,
      "dma50HigherThanDma100" : 0.00,
      "dma50HigherThanDma200" : 0.00,
      "dma100HigherThanDma200" : 0.00,
      "pricePercentageAboveDma50" : 5.33,
      "pricePercentageAboveDma100" : 5.51,
      "pricePercentageAboveDma200" : 5.51,
      "weeklyVolumeHigherThanYearlyVolume" : 0.00,
      "salesGrowthPercentile" : 14.94,
      "operatingProfitMarginPercentile" : 19.89,
      "netProfitMarginPercentile" : 10.00,
      "totalTechnicalScore" : 16.35,
      "totalFundamentalScore" : 44.82,
      "totalScore" : 61.17
    }
  },
  "attributes" : {
    "companyCode" : "SUZLON",
    "companyName" : "Suzlon Energy",
    "marketCap" : 71517.00,
    "peRatio" : 23.70,
    "description" : "Suzlon is one of the leading global renewable energy solutions providers. It is a vertically integrated WTG manufacturer. It also undertakes installation and O&M of all WTG sales. Operations include design development and manufacturing of all major components, including rotor blades, tubular towers, generators, control equipment, gears and nacelles. Apart from manufacturing, it offers a full gamut of wind project planning and execution services, including wind resource assessment, infrastructure and power evacuation, technical planning and execution of wind power projects. It also offers O&M services in India and overseas countries.[1]"
  },
  "technicalHistory" : [ {
    "date" : "2024-12-04",
    "price" : 67.72,
    "dma50" : 67.48,
    "dma100" : null,
    "dma200" : 59.23,
    "volume" : 111591831.00
  }, {
    "date" : "2024-12-05",
    "price" : 68.26,
    "dma50" : 67.52,
    "dma100" : null,
    "dma200" : 59.32,
    "volume" : 64471205.00
  }, {
    "date" : "2024-12-06",
    "price" : 67.39,
    "dma50" : 67.51,
    "dma100" : null,
    "dma200" : 59.40,
    "volume" : 41454080.00
  }, {
    "date" : "2024-12-09",
    "price" : 67.36,
    "dma50" : 67.50,
    "dma100" : null,
    "dma200" : 59.48,
    "volume" : 37135562.00
  }, {
    "date" : "2024-12-10",
    "price" : 66.55,
    "dma50" : 67.47,
    "dma100" : null,
    "dma200" : 59.55,
    "volume" : 31173168.00
  }, {
    "date" : "2024-12-11",
    "price" : 66.12,
    "dma50" : 67.41,
    "dma100" : null,
    "dma200" : 59.61,
    "volume" : 34526258.00
  }, {
    "date" : "2024-12-12",
    "price" : 65.70,
    "dma50" : 67.35,
    "dma100" : null,
    "dma200" : 59.67,
    "volume" : 35547091.00
  }, {
    "date" : "2024-12-13",
    "price" : 66.20,
    "dma50" : 67.30,
    "dma100" : null,
    "dma200" : 59.74,
    "volume" : 54204207.00
  }, {
    "date" : "2024-12-16",
    "price" : 66.36,
    "dma50" : 67.27,
    "dma100" : null,
    "dma200" : 59.80,
    "volume" : 64806081.00
  }, {
    "date" : "2024-12-17",
    "price" : 69.56,
    "dma50" : 67.36,
    "dma100" : null,
    "dma200" : 59.90,
    "volume" : 215228936.00
  }, {
    "date" : "2024-12-18",
    "price" : 67.95,
    "dma50" : 67.38,
    "dma100" : null,
    "dma200" : 59.98,
    "volume" : 73303371.00
  }, {
    "date" : "2024-12-19",
    "price" : 67.05,
    "dma50" : 67.37,
    "dma100" : null,
    "dma200" : 60.05,
    "volume" : 62408436.00
  }, {
    "date" : "2024-12-20",
    "price" : 64.13,
    "dma50" : 67.24,
    "dma100" : null,
    "dma200" : 60.09,
    "volume" : 58239047.00
  }, {
    "date" : "2024-12-23",
    "price" : 63.86,
    "dma50" : 67.11,
    "dma100" : null,
    "dma200" : 60.13,
    "volume" : 33997125.00
  }, {
    "date" : "2024-12-24",
    "price" : 64.87,
    "dma50" : 67.02,
    "dma100" : null,
    "dma200" : 60.18,
    "volume" : 28355854.00
  }, {
    "date" : "2024-12-26",
    "price" : 64.34,
    "dma50" : 66.91,
    "dma100" : null,
    "dma200" : 60.22,
    "volume" : 20864978.00
  }, {
    "date" : "2024-12-27",
    "price" : 63.25,
    "dma50" : 66.77,
    "dma100" : null,
    "dma200" : 60.25,
    "volume" : 21903787.00
  }, {
    "date" : "2024-12-30",
    "price" : 61.42,
    "dma50" : 66.56,
    "dma100" : null,
    "dma200" : 60.26,
    "volume" : 52750312.00
  }, {
    "date" : "2024-12-31",
    "price" : 62.22,
    "dma50" : 66.39,
    "dma100" : null,
    "dma200" : 60.28,
    "volume" : 39407009.00
  }, {
    "date" : "2025-01-01",
    "price" : 65.33,
    "dma50" : 66.35,
    "dma100" : null,
    "dma200" : 60.33,
    "volume" : 70111488.00
  }, {
    "date" : "2025-01-02",
    "price" : 62.92,
    "dma50" : 66.21,
    "dma100" : null,
    "dma200" : 60.35,
    "volume" : 75196562.00
  }, {
    "date" : "2025-01-03",
    "price" : 61.95,
    "dma50" : 66.05,
    "dma100" : null,
    "dma200" : 60.37,
    "volume" : 47760646.00
  }, {
    "date" : "2025-01-06",
    "price" : 58.85,
    "dma50" : 65.76,
    "dma100" : null,
    "dma200" : 60.36,
    "volume" : 72358793.00
  }, {
    "date" : "2025-01-07",
    "price" : 60.88,
    "dma50" : 65.57,
    "dma100" : null,
    "dma200" : 60.36,
    "volume" : 66992156.00
  }, {
    "date" : "2025-01-08",
    "price" : 60.03,
    "dma50" : 65.36,
    "dma100" : null,
    "dma200" : 60.36,
    "volume" : 42054444.00
  }, {
    "date" : "2025-01-09",
    "price" : 57.88,
    "dma50" : 65.06,
    "dma100" : null,
    "dma200" : 60.33,
    "volume" : 39847124.00
  }, {
    "date" : "2025-01-10",
    "price" : 55.57,
    "dma50" : 64.69,
    "dma100" : null,
    "dma200" : 60.29,
    "volume" : 75543494.00
  }, {
    "date" : "2025-01-13",
    "price" : 54.45,
    "dma50" : 64.29,
    "dma100" : null,
    "dma200" : 60.23,
    "volume" : 104194929.00
  }, {
    "date" : "2025-01-14",
    "price" : 57.17,
    "dma50" : 64.01,
    "dma100" : null,
    "dma200" : 60.20,
    "volume" : 43571435.00
  }, {
    "date" : "2025-01-15",
    "price" : 57.26,
    "dma50" : 63.74,
    "dma100" : null,
    "dma200" : 60.17,
    "volume" : 68974026.00
  }, {
    "date" : "2025-01-16",
    "price" : 56.87,
    "dma50" : 63.48,
    "dma100" : null,
    "dma200" : 60.13,
    "volume" : 46023789.00
  }, {
    "date" : "2025-01-17",
    "price" : 56.84,
    "dma50" : 63.21,
    "dma100" : null,
    "dma200" : 60.10,
    "volume" : 47496532.00
  }, {
    "date" : "2025-01-20",
    "price" : 58.09,
    "dma50" : 63.01,
    "dma100" : null,
    "dma200" : 60.08,
    "volume" : 53308316.00
  }, {
    "date" : "2025-01-21",
    "price" : 57.43,
    "dma50" : 62.79,
    "dma100" : null,
    "dma200" : 60.06,
    "volume" : 38445274.00
  }, {
    "date" : "2025-01-22",
    "price" : 55.12,
    "dma50" : 62.49,
    "dma100" : null,
    "dma200" : 60.01,
    "volume" : 54859992.00
  }, {
    "date" : "2025-01-23",
    "price" : 54.31,
    "dma50" : 62.17,
    "dma100" : null,
    "dma200" : 59.95,
    "volume" : 54743409.00
  }, {
    "date" : "2025-01-24",
    "price" : 52.54,
    "dma50" : 61.80,
    "dma100" : null,
    "dma200" : 59.88,
    "volume" : 73521047.00
  }, {
    "date" : "2025-01-27",
    "price" : 50.23,
    "dma50" : 61.34,
    "dma100" : null,
    "dma200" : 59.78,
    "volume" : 77348641.00
  }, {
    "date" : "2025-01-28",
    "price" : 50.26,
    "dma50" : 60.91,
    "dma100" : null,
    "dma200" : 59.69,
    "volume" : 95521354.00
  }, {
    "date" : "2025-01-29",
    "price" : 52.77,
    "dma50" : 60.59,
    "dma100" : null,
    "dma200" : 59.62,
    "volume" : 14331127.00
  }, {
    "date" : "2025-01-30",
    "price" : 55.40,
    "dma50" : 60.38,
    "dma100" : null,
    "dma200" : 59.57,
    "volume" : 11244424.00
  }, {
    "date" : "2025-01-31",
    "price" : 58.17,
    "dma50" : 60.30,
    "dma100" : null,
    "dma200" : 59.56,
    "volume" : 124211705.00
  }, {
    "date" : "2025-02-01",
    "price" : 58.16,
    "dma50" : 60.21,
    "dma100" : null,
    "dma200" : 59.55,
    "volume" : 185905261.00
  }, {
    "date" : "2025-02-03",
    "price" : 56.37,
    "dma50" : 60.06,
    "dma100" : null,
    "dma200" : 59.52,
    "volume" : 101069419.00
  }, {
    "date" : "2025-02-04",
    "price" : 56.92,
    "dma50" : 59.94,
    "dma100" : null,
    "dma200" : 59.49,
    "volume" : 45407963.00
  }, {
    "date" : "2025-02-05",
    "price" : 55.90,
    "dma50" : 59.78,
    "dma100" : null,
    "dma200" : 59.45,
    "volume" : 43458157.00
  }, {
    "date" : "2025-02-06",
    "price" : 54.92,
    "dma50" : 59.59,
    "dma100" : null,
    "dma200" : 59.41,
    "volume" : 34368153.00
  }, {
    "date" : "2025-02-07",
    "price" : 53.61,
    "dma50" : 59.36,
    "dma100" : null,
    "dma200" : 59.35,
    "volume" : 44578837.00
  }, {
    "date" : "2025-02-10",
    "price" : 52.72,
    "dma50" : 59.10,
    "dma100" : null,
    "dma200" : 59.28,
    "volume" : 37017338.00
  }, {
    "date" : "2025-02-11",
    "price" : 51.99,
    "dma50" : 58.82,
    "dma100" : null,
    "dma200" : 59.21,
    "volume" : 58317852.00
  }, {
    "date" : "2025-02-12",
    "price" : 52.40,
    "dma50" : 58.57,
    "dma100" : null,
    "dma200" : 59.14,
    "volume" : 82110088.00
  }, {
    "date" : "2025-02-13",
    "price" : 53.35,
    "dma50" : 58.36,
    "dma100" : null,
    "dma200" : 59.09,
    "volume" : 45152070.00
  }, {
    "date" : "2025-02-14",
    "price" : 51.14,
    "dma50" : 58.08,
    "dma100" : null,
    "dma200" : 59.01,
    "volume" : 49537776.00
  }, {
    "date" : "2025-02-17",
    "price" : 51.42,
    "dma50" : 57.82,
    "dma100" : null,
    "dma200" : 58.93,
    "volume" : 55831294.00
  }, {
    "date" : "2025-02-18",
    "price" : 50.64,
    "dma50" : 57.54,
    "dma100" : null,
    "dma200" : 58.85,
    "volume" : 42069114.00
  }, {
    "date" : "2025-02-19",
    "price" : 54.16,
    "dma50" : 57.40,
    "dma100" : null,
    "dma200" : 58.80,
    "volume" : 77771447.00
  }, {
    "date" : "2025-02-20",
    "price" : 54.88,
    "dma50" : 57.30,
    "dma100" : null,
    "dma200" : 58.76,
    "volume" : 44729875.00
  }, {
    "date" : "2025-02-21",
    "price" : 55.17,
    "dma50" : 57.22,
    "dma100" : null,
    "dma200" : 58.73,
    "volume" : 61723869.00
  }, {
    "date" : "2025-02-24",
    "price" : 54.29,
    "dma50" : 57.11,
    "dma100" : null,
    "dma200" : 58.68,
    "volume" : 49071199.00
  }, {
    "date" : "2025-02-25",
    "price" : 54.58,
    "dma50" : 57.01,
    "dma100" : null,
    "dma200" : 58.64,
    "volume" : 26221981.00
  }, {
    "date" : "2025-02-27",
    "price" : 52.13,
    "dma50" : 56.82,
    "dma100" : null,
    "dma200" : 58.58,
    "volume" : 42352562.00
  }, {
    "date" : "2025-02-28",
    "price" : 49.71,
    "dma50" : 56.54,
    "dma100" : null,
    "dma200" : 58.49,
    "volume" : 98427247.00
  }, {
    "date" : "2025-03-03",
    "price" : 49.78,
    "dma50" : 56.27,
    "dma100" : null,
    "dma200" : 58.40,
    "volume" : 127018096.00
  }, {
    "date" : "2025-03-04",
    "price" : 50.11,
    "dma50" : 56.03,
    "dma100" : null,
    "dma200" : 58.32,
    "volume" : 73750711.00
  }, {
    "date" : "2025-03-05",
    "price" : 51.49,
    "dma50" : 55.85,
    "dma100" : null,
    "dma200" : 58.25,
    "volume" : 78434636.00
  }, {
    "date" : "2025-03-06",
    "price" : 52.10,
    "dma50" : 55.70,
    "dma100" : null,
    "dma200" : 58.19,
    "volume" : 65052063.00
  }, {
    "date" : "2025-03-07",
    "price" : 54.92,
    "dma50" : 55.67,
    "dma100" : null,
    "dma200" : 58.16,
    "volume" : 122650603.00
  }, {
    "date" : "2025-03-10",
    "price" : 53.24,
    "dma50" : 55.58,
    "dma100" : null,
    "dma200" : 58.11,
    "volume" : 96133440.00
  }, {
    "date" : "2025-03-11",
    "price" : 53.76,
    "dma50" : 55.51,
    "dma100" : null,
    "dma200" : 58.07,
    "volume" : 63283841.00
  }, {
    "date" : "2025-03-12",
    "price" : 53.85,
    "dma50" : 55.44,
    "dma100" : null,
    "dma200" : 58.03,
    "volume" : 52116054.00
  }, {
    "date" : "2025-03-13",
    "price" : 54.58,
    "dma50" : 55.41,
    "dma100" : null,
    "dma200" : 57.99,
    "volume" : 46540076.00
  }, {
    "date" : "2025-03-17",
    "price" : 54.50,
    "dma50" : 55.37,
    "dma100" : null,
    "dma200" : 57.96,
    "volume" : 57986567.00
  }, {
    "date" : "2025-03-18",
    "price" : 54.98,
    "dma50" : 55.36,
    "dma100" : null,
    "dma200" : 57.93,
    "volume" : 47418478.00
  }, {
    "date" : "2025-03-19",
    "price" : 57.76,
    "dma50" : 55.45,
    "dma100" : null,
    "dma200" : 57.92,
    "volume" : 92106032.00
  }, {
    "date" : "2025-03-20",
    "price" : 58.39,
    "dma50" : 55.57,
    "dma100" : null,
    "dma200" : 57.93,
    "volume" : 61227690.00
  }, {
    "date" : "2025-03-21",
    "price" : 56.50,
    "dma50" : 55.60,
    "dma100" : null,
    "dma200" : 57.92,
    "volume" : 110977376.00
  }, {
    "date" : "2025-03-24",
    "price" : 57.91,
    "dma50" : 55.69,
    "dma100" : null,
    "dma200" : 57.92,
    "volume" : 61957915.00
  }, {
    "date" : "2025-03-25",
    "price" : 57.65,
    "dma50" : 55.77,
    "dma100" : null,
    "dma200" : 57.91,
    "volume" : 77493394.00
  }, {
    "date" : "2025-03-26",
    "price" : 57.43,
    "dma50" : 55.84,
    "dma100" : null,
    "dma200" : 57.91,
    "volume" : 57960060.00
  }, {
    "date" : "2025-03-27",
    "price" : 57.01,
    "dma50" : 55.88,
    "dma100" : null,
    "dma200" : 57.90,
    "volume" : 57274132.00
  }, {
    "date" : "2025-03-28",
    "price" : 56.66,
    "dma50" : 55.91,
    "dma100" : null,
    "dma200" : 57.89,
    "volume" : 54403682.00
  }, {
    "date" : "2025-04-01",
    "price" : 55.75,
    "dma50" : 55.91,
    "dma100" : null,
    "dma200" : 57.87,
    "volume" : 44085094.00
  }, {
    "date" : "2025-04-02",
    "price" : 57.43,
    "dma50" : 55.97,
    "dma100" : null,
    "dma200" : 57.86,
    "volume" : 57861481.00
  }, {
    "date" : "2025-04-03",
    "price" : 57.49,
    "dma50" : 56.03,
    "dma100" : null,
    "dma200" : 57.86,
    "volume" : 47108885.00
  }, {
    "date" : "2025-04-04",
    "price" : 55.36,
    "dma50" : 56.00,
    "dma100" : null,
    "dma200" : 57.83,
    "volume" : 61692601.00
  }, {
    "date" : "2025-04-07",
    "price" : 52.12,
    "dma50" : 55.85,
    "dma100" : null,
    "dma200" : 57.78,
    "volume" : 99965470.00
  }, {
    "date" : "2025-04-08",
    "price" : 53.08,
    "dma50" : 55.74,
    "dma100" : null,
    "dma200" : 57.73,
    "volume" : 49362028.00
  }, {
    "date" : "2025-04-09",
    "price" : 51.21,
    "dma50" : 55.56,
    "dma100" : null,
    "dma200" : 57.66,
    "volume" : 57113164.00
  }, {
    "date" : "2025-04-11",
    "price" : 53.00,
    "dma50" : 55.46,
    "dma100" : null,
    "dma200" : 57.62,
    "volume" : 58671043.00
  }, {
    "date" : "2025-04-15",
    "price" : 54.37,
    "dma50" : 55.42,
    "dma100" : null,
    "dma200" : 57.59,
    "volume" : 68526011.00
  }, {
    "date" : "2025-04-16",
    "price" : 54.34,
    "dma50" : 55.38,
    "dma100" : null,
    "dma200" : 57.55,
    "volume" : 38485002.00
  }, {
    "date" : "2025-04-17",
    "price" : 55.07,
    "dma50" : 55.36,
    "dma100" : null,
    "dma200" : 57.53,
    "volume" : 63368142.00
  }, {
    "date" : "2025-04-21",
    "price" : 60.29,
    "dma50" : 55.56,
    "dma100" : null,
    "dma200" : 57.56,
    "volume" : 196736437.00
  }, {
    "date" : "2025-04-22",
    "price" : 59.27,
    "dma50" : 55.70,
    "dma100" : null,
    "dma200" : 57.57,
    "volume" : 105032513.00
  }, {
    "date" : "2025-04-23",
    "price" : 59.99,
    "dma50" : 55.87,
    "dma100" : null,
    "dma200" : 57.60,
    "volume" : 113579366.00
  }, {
    "date" : "2025-04-24",
    "price" : 60.11,
    "dma50" : 56.04,
    "dma100" : null,
    "dma200" : 57.62,
    "volume" : 107051182.00
  }, {
    "date" : "2025-04-25",
    "price" : 58.30,
    "dma50" : 56.13,
    "dma100" : null,
    "dma200" : 57.63,
    "volume" : 123881263.00
  }, {
    "date" : "2025-04-28",
    "price" : 57.78,
    "dma50" : 56.19,
    "dma100" : null,
    "dma200" : 57.63,
    "volume" : 55518301.00
  }, {
    "date" : "2025-04-29",
    "price" : 57.70,
    "dma50" : 56.25,
    "dma100" : null,
    "dma200" : 57.63,
    "volume" : 60074880.00
  }, {
    "date" : "2025-04-30",
    "price" : 56.40,
    "dma50" : 56.26,
    "dma100" : null,
    "dma200" : 57.62,
    "volume" : 59786006.00
  }, {
    "date" : "2025-05-02",
    "price" : 56.25,
    "dma50" : 56.26,
    "dma100" : 57.35,
    "dma200" : 57.60,
    "volume" : 45811364.00
  }, {
    "date" : "2025-05-05",
    "price" : 56.92,
    "dma50" : 56.28,
    "dma100" : 57.24,
    "dma200" : 57.60,
    "volume" : 35821031.00
  }, {
    "date" : "2025-05-06",
    "price" : 53.74,
    "dma50" : 56.18,
    "dma100" : 57.10,
    "dma200" : 57.56,
    "volume" : 70837969.00
  }, {
    "date" : "2025-05-07",
    "price" : 54.70,
    "dma50" : 56.12,
    "dma100" : 56.98,
    "dma200" : 57.53,
    "volume" : 109949193.00
  }, {
    "date" : "2025-05-08",
    "price" : 53.15,
    "dma50" : 56.01,
    "dma100" : 56.84,
    "dma200" : 57.49,
    "volume" : 69432315.00
  }, {
    "date" : "2025-05-09",
    "price" : 52.67,
    "dma50" : 55.88,
    "dma100" : 56.71,
    "dma200" : 57.44,
    "volume" : 81375892.00
  }, {
    "date" : "2025-05-12",
    "price" : 56.95,
    "dma50" : 55.92,
    "dma100" : 56.62,
    "dma200" : 57.43,
    "volume" : 97291592.00
  }, {
    "date" : "2025-05-13",
    "price" : 57.60,
    "dma50" : 55.98,
    "dma100" : 56.53,
    "dma200" : 57.44,
    "volume" : 62072155.00
  }, {
    "date" : "2025-05-14",
    "price" : 59.92,
    "dma50" : 56.14,
    "dma100" : 56.47,
    "dma200" : 57.46,
    "volume" : 113863060.00
  }, {
    "date" : "2025-05-15",
    "price" : 61.22,
    "dma50" : 56.34,
    "dma100" : 56.39,
    "dma200" : 57.50,
    "volume" : 93020593.00
  }, {
    "date" : "2025-05-16",
    "price" : 61.08,
    "dma50" : 56.52,
    "dma100" : 56.32,
    "dma200" : 57.53,
    "volume" : 90686367.00
  }, {
    "date" : "2025-05-19",
    "price" : 61.53,
    "dma50" : 56.72,
    "dma100" : 56.26,
    "dma200" : 57.57,
    "volume" : 61616524.00
  }, {
    "date" : "2025-05-20",
    "price" : 60.35,
    "dma50" : 56.86,
    "dma100" : 56.22,
    "dma200" : 57.60,
    "volume" : 69006346.00
  }, {
    "date" : "2025-05-21",
    "price" : 61.28,
    "dma50" : 57.04,
    "dma100" : 56.20,
    "dma200" : 57.64,
    "volume" : 67024819.00
  }, {
    "date" : "2025-05-22",
    "price" : 61.01,
    "dma50" : 57.19,
    "dma100" : 56.16,
    "dma200" : 57.67,
    "volume" : 49315942.00
  }, {
    "date" : "2025-05-23",
    "price" : 62.21,
    "dma50" : 57.39,
    "dma100" : 56.14,
    "dma200" : 57.72,
    "volume" : 97000490.00
  }, {
    "date" : "2025-05-26",
    "price" : 64.37,
    "dma50" : 57.66,
    "dma100" : 56.15,
    "dma200" : 57.78,
    "volume" : 147320530.00
  }, {
    "date" : "2025-05-27",
    "price" : 65.39,
    "dma50" : 57.97,
    "dma100" : 56.19,
    "dma200" : 57.86,
    "volume" : 134778979.00
  }, {
    "date" : "2025-05-28",
    "price" : 66.32,
    "dma50" : 58.29,
    "dma100" : 56.23,
    "dma200" : 57.94,
    "volume" : 185647168.00
  }, {
    "date" : "2025-05-29",
    "price" : 65.42,
    "dma50" : 58.57,
    "dma100" : 56.23,
    "dma200" : 58.02,
    "volume" : 123398032.00
  }, {
    "date" : "2025-05-30",
    "price" : 71.48,
    "dma50" : 59.08,
    "dma100" : 56.32,
    "dma200" : 58.15,
    "volume" : 634340823.00
  }, {
    "date" : "2025-06-02",
    "price" : 71.19,
    "dma50" : 59.55,
    "dma100" : 56.41,
    "dma200" : 58.28,
    "volume" : 191087354.00
  }, {
    "date" : "2025-06-03",
    "price" : 68.15,
    "dma50" : 59.89,
    "dma100" : 56.50,
    "dma200" : 58.38,
    "volume" : 196044521.00
  }, {
    "date" : "2025-06-04",
    "price" : 66.72,
    "dma50" : 60.16,
    "dma100" : 56.56,
    "dma200" : 58.46,
    "volume" : 151061598.00
  }, {
    "date" : "2025-06-05",
    "price" : 66.77,
    "dma50" : 60.42,
    "dma100" : 56.63,
    "dma200" : 58.54,
    "volume" : 135904021.00
  }, {
    "date" : "2025-06-06",
    "price" : 66.71,
    "dma50" : 60.66,
    "dma100" : 56.72,
    "dma200" : 58.63,
    "volume" : 90159695.00
  }, {
    "date" : "2025-06-09",
    "price" : 67.13,
    "dma50" : 60.92,
    "dma100" : 56.83,
    "dma200" : 58.71,
    "volume" : 130584909.00
  }, {
    "date" : "2025-06-10",
    "price" : 68.29,
    "dma50" : 61.21,
    "dma100" : 56.97,
    "dma200" : 58.81,
    "volume" : 182625152.00
  }, {
    "date" : "2025-06-11",
    "price" : 67.59,
    "dma50" : 61.46,
    "dma100" : 57.08,
    "dma200" : 58.89,
    "volume" : 109137083.00
  }, {
    "date" : "2025-06-12",
    "price" : 65.68,
    "dma50" : 61.62,
    "dma100" : 57.16,
    "dma200" : 58.96,
    "volume" : 97522761.00
  }, {
    "date" : "2025-06-13",
    "price" : 64.73,
    "dma50" : 61.74,
    "dma100" : 57.24,
    "dma200" : 59.02,
    "volume" : 98701194.00
  }, {
    "date" : "2025-06-16",
    "price" : 65.41,
    "dma50" : 61.89,
    "dma100" : 57.32,
    "dma200" : 59.08,
    "volume" : 94779408.00
  }, {
    "date" : "2025-06-17",
    "price" : 64.52,
    "dma50" : 61.99,
    "dma100" : 57.39,
    "dma200" : 59.14,
    "volume" : 70220458.00
  }, {
    "date" : "2025-06-18",
    "price" : 64.07,
    "dma50" : 62.07,
    "dma100" : 57.45,
    "dma200" : 59.19,
    "volume" : 54511341.00
  }, {
    "date" : "2025-06-19",
    "price" : 62.53,
    "dma50" : 62.09,
    "dma100" : 57.53,
    "dma200" : 59.22,
    "volume" : 97899456.00
  }, {
    "date" : "2025-06-20",
    "price" : 63.23,
    "dma50" : 62.14,
    "dma100" : 57.62,
    "dma200" : 59.26,
    "volume" : 164233283.00
  }, {
    "date" : "2025-06-23",
    "price" : 62.79,
    "dma50" : 62.16,
    "dma100" : 57.72,
    "dma200" : 59.29,
    "volume" : 55873807.00
  }, {
    "date" : "2025-06-24",
    "price" : 64.39,
    "dma50" : 62.25,
    "dma100" : 57.86,
    "dma200" : 59.34,
    "volume" : 91108995.00
  }, {
    "date" : "2025-06-25",
    "price" : 64.32,
    "dma50" : 62.33,
    "dma100" : 58.00,
    "dma200" : 59.39,
    "volume" : 58007536.00
  }, {
    "date" : "2025-06-26",
    "price" : 64.53,
    "dma50" : 62.42,
    "dma100" : 58.12,
    "dma200" : 59.44,
    "volume" : 69642494.00
  }, {
    "date" : "2025-06-27",
    "price" : 67.32,
    "dma50" : 62.61,
    "dma100" : 58.24,
    "dma200" : 59.52,
    "volume" : 178250216.00
  }, {
    "date" : "2025-06-30",
    "price" : 67.72,
    "dma50" : 62.81,
    "dma100" : 58.33,
    "dma200" : 59.60,
    "volume" : 109466163.00
  }, {
    "date" : "2025-07-01",
    "price" : 67.20,
    "dma50" : 62.98,
    "dma100" : 58.43,
    "dma200" : 59.68,
    "volume" : 56639942.00
  }, {
    "date" : "2025-07-02",
    "price" : 64.79,
    "dma50" : 63.05,
    "dma100" : 58.51,
    "dma200" : 59.73,
    "volume" : 79030741.00
  }, {
    "date" : "2025-07-03",
    "price" : 65.27,
    "dma50" : 63.14,
    "dma100" : 58.59,
    "dma200" : 59.79,
    "volume" : 55944392.00
  }, {
    "date" : "2025-07-04",
    "price" : 65.53,
    "dma50" : 63.23,
    "dma100" : 58.69,
    "dma200" : 59.84,
    "volume" : 35342861.00
  }, {
    "date" : "2025-07-07",
    "price" : 65.88,
    "dma50" : 63.34,
    "dma100" : 58.80,
    "dma200" : 59.90,
    "volume" : 48658098.00
  }, {
    "date" : "2025-07-08",
    "price" : 66.26,
    "dma50" : 63.45,
    "dma100" : 58.93,
    "dma200" : 59.97,
    "volume" : 46570900.00
  }, {
    "date" : "2025-07-09",
    "price" : 65.94,
    "dma50" : 63.55,
    "dma100" : 59.06,
    "dma200" : 60.03,
    "volume" : 46272030.00
  }, {
    "date" : "2025-07-10",
    "price" : 65.97,
    "dma50" : 63.64,
    "dma100" : 59.20,
    "dma200" : 60.09,
    "volume" : 33178252.00
  }, {
    "date" : "2025-07-11",
    "price" : 65.92,
    "dma50" : 63.73,
    "dma100" : 59.33,
    "dma200" : 60.14,
    "volume" : 38195366.00
  }, {
    "date" : "2025-07-14",
    "price" : 65.44,
    "dma50" : 63.80,
    "dma100" : 59.45,
    "dma200" : 60.20,
    "volume" : 46672688.00
  }, {
    "date" : "2025-07-15",
    "price" : 67.17,
    "dma50" : 63.93,
    "dma100" : 59.61,
    "dma200" : 60.27,
    "volume" : 79139003.00
  }, {
    "date" : "2025-07-16",
    "price" : 67.03,
    "dma50" : 64.05,
    "dma100" : 59.77,
    "dma200" : 60.33,
    "volume" : 59747816.00
  }, {
    "date" : "2025-07-17",
    "price" : 66.26,
    "dma50" : 64.14,
    "dma100" : 59.93,
    "dma200" : 60.39,
    "volume" : 35640147.00
  }, {
    "date" : "2025-07-18",
    "price" : 65.06,
    "dma50" : 64.18,
    "dma100" : 60.04,
    "dma200" : 60.44,
    "volume" : 42068389.00
  }, {
    "date" : "2025-07-21",
    "price" : 66.42,
    "dma50" : 64.26,
    "dma100" : 60.15,
    "dma200" : 60.50,
    "volume" : 41961547.00
  }, {
    "date" : "2025-07-22",
    "price" : 66.58,
    "dma50" : 64.36,
    "dma100" : 60.26,
    "dma200" : 60.56,
    "volume" : 38818581.00
  }, {
    "date" : "2025-07-23",
    "price" : 65.98,
    "dma50" : 64.42,
    "dma100" : 60.38,
    "dma200" : 60.61,
    "volume" : 35260333.00
  }, {
    "date" : "2025-07-24",
    "price" : 65.32,
    "dma50" : 64.45,
    "dma100" : 60.49,
    "dma200" : 60.66,
    "volume" : 30579055.00
  }, {
    "date" : "2025-07-25",
    "price" : 63.62,
    "dma50" : 64.42,
    "dma100" : 60.60,
    "dma200" : 60.69,
    "volume" : 58947035.00
  }, {
    "date" : "2025-07-28",
    "price" : 60.85,
    "dma50" : 64.28,
    "dma100" : 60.72,
    "dma200" : 60.69,
    "volume" : 73289255.00
  }, {
    "date" : "2025-07-29",
    "price" : 61.79,
    "dma50" : 64.18,
    "dma100" : 60.84,
    "dma200" : 60.70,
    "volume" : 62173421.00
  }, {
    "date" : "2025-07-30",
    "price" : 61.21,
    "dma50" : 64.07,
    "dma100" : 60.95,
    "dma200" : 60.71,
    "volume" : 30101454.00
  }, {
    "date" : "2025-07-31",
    "price" : 61.60,
    "dma50" : 63.97,
    "dma100" : 61.05,
    "dma200" : 60.72,
    "volume" : 60530720.00
  }, {
    "date" : "2025-08-01",
    "price" : 65.95,
    "dma50" : 64.05,
    "dma100" : 61.19,
    "dma200" : 60.77,
    "volume" : 304341214.00
  }, {
    "date" : "2025-08-04",
    "price" : 65.00,
    "dma50" : 64.09,
    "dma100" : 61.29,
    "dma200" : 60.81,
    "volume" : 80786619.00
  }, {
    "date" : "2025-08-05",
    "price" : 65.44,
    "dma50" : 64.14,
    "dma100" : 61.41,
    "dma200" : 60.86,
    "volume" : 55466454.00
  }, {
    "date" : "2025-08-06",
    "price" : 65.26,
    "dma50" : 64.18,
    "dma100" : 61.52,
    "dma200" : 60.90,
    "volume" : 50506208.00
  }, {
    "date" : "2025-08-07",
    "price" : 64.21,
    "dma50" : 64.18,
    "dma100" : 61.63,
    "dma200" : 60.93,
    "volume" : 81042229.00
  }, {
    "date" : "2025-08-08",
    "price" : 63.19,
    "dma50" : 64.14,
    "dma100" : 61.71,
    "dma200" : 60.95,
    "volume" : 47647945.00
  }, {
    "date" : "2025-08-11",
    "price" : 63.32,
    "dma50" : 64.11,
    "dma100" : 61.80,
    "dma200" : 60.98,
    "volume" : 60360583.00
  }, {
    "date" : "2025-08-12",
    "price" : 63.13,
    "dma50" : 64.07,
    "dma100" : 61.88,
    "dma200" : 61.00,
    "volume" : 112549974.00
  }, {
    "date" : "2025-08-13",
    "price" : 60.38,
    "dma50" : 63.93,
    "dma100" : 61.91,
    "dma200" : 60.99,
    "volume" : 185296972.00
  }, {
    "date" : "2025-08-14",
    "price" : 60.06,
    "dma50" : 63.78,
    "dma100" : 61.93,
    "dma200" : 60.98,
    "volume" : 69326116.00
  }, {
    "date" : "2025-08-18",
    "price" : 58.07,
    "dma50" : 63.55,
    "dma100" : 61.94,
    "dma200" : 60.96,
    "volume" : 195329742.00
  }, {
    "date" : "2025-08-19",
    "price" : 59.59,
    "dma50" : 63.40,
    "dma100" : 61.96,
    "dma200" : 60.94,
    "volume" : 106766902.00
  }, {
    "date" : "2025-08-20",
    "price" : 59.85,
    "dma50" : 63.26,
    "dma100" : 61.98,
    "dma200" : 60.93,
    "volume" : 66135274.00
  }, {
    "date" : "2025-08-21",
    "price" : 58.16,
    "dma50" : 63.06,
    "dma100" : 61.99,
    "dma200" : 60.90,
    "volume" : 60786319.00
  }, {
    "date" : "2025-08-22",
    "price" : 58.51,
    "dma50" : 62.88,
    "dma100" : 62.00,
    "dma200" : 60.88,
    "volume" : 75469278.00
  }, {
    "date" : "2025-08-25",
    "price" : 57.43,
    "dma50" : 62.67,
    "dma100" : 62.01,
    "dma200" : 60.84,
    "volume" : 61643424.00
  }, {
    "date" : "2025-08-26",
    "price" : 56.97,
    "dma50" : 62.44,
    "dma100" : 62.02,
    "dma200" : 60.81,
    "volume" : 60883599.00
  }, {
    "date" : "2025-08-28",
    "price" : 56.32,
    "dma50" : 62.20,
    "dma100" : 62.01,
    "dma200" : 60.76,
    "volume" : 61949673.00
  }, {
    "date" : "2025-08-29",
    "price" : 56.43,
    "dma50" : 61.98,
    "dma100" : 62.00,
    "dma200" : 60.72,
    "volume" : 73279674.00
  }, {
    "date" : "2025-09-01",
    "price" : 57.86,
    "dma50" : 61.82,
    "dma100" : 62.03,
    "dma200" : 60.69,
    "volume" : 69675832.00
  }, {
    "date" : "2025-09-02",
    "price" : 58.25,
    "dma50" : 61.68,
    "dma100" : 62.09,
    "dma200" : 60.67,
    "volume" : 80959088.00
  }, {
    "date" : "2025-09-03",
    "price" : 57.99,
    "dma50" : 61.53,
    "dma100" : 62.14,
    "dma200" : 60.64,
    "volume" : 47207065.00
  }, {
    "date" : "2025-09-04",
    "price" : 57.42,
    "dma50" : 61.37,
    "dma100" : 62.20,
    "dma200" : 60.61,
    "volume" : 52358409.00
  }, {
    "date" : "2025-09-05",
    "price" : 57.87,
    "dma50" : 61.23,
    "dma100" : 62.25,
    "dma200" : 60.58,
    "volume" : 41569691.00
  }, {
    "date" : "2025-09-08",
    "price" : 57.45,
    "dma50" : 61.08,
    "dma100" : 62.28,
    "dma200" : 60.55,
    "volume" : 36529032.00
  }, {
    "date" : "2025-09-09",
    "price" : 57.06,
    "dma50" : 60.93,
    "dma100" : 62.31,
    "dma200" : 60.51,
    "volume" : 30418316.00
  }, {
    "date" : "2025-09-10",
    "price" : 57.57,
    "dma50" : 60.79,
    "dma100" : 62.33,
    "dma200" : 60.48,
    "volume" : 42004219.00
  }, {
    "date" : "2025-09-11",
    "price" : 56.94,
    "dma50" : 60.64,
    "dma100" : 62.30,
    "dma200" : 60.45,
    "volume" : 39415397.00
  }, {
    "date" : "2025-09-12",
    "price" : 57.11,
    "dma50" : 60.51,
    "dma100" : 62.28,
    "dma200" : 60.42,
    "volume" : 34636886.00
  }, {
    "date" : "2025-09-15",
    "price" : 58.07,
    "dma50" : 60.41,
    "dma100" : 62.26,
    "dma200" : 60.39,
    "volume" : 51616411.00
  }, {
    "date" : "2025-09-16",
    "price" : 58.98,
    "dma50" : 60.35,
    "dma100" : 62.24,
    "dma200" : 60.38,
    "volume" : 93605516.00
  }, {
    "date" : "2025-09-17",
    "price" : 59.29,
    "dma50" : 60.31,
    "dma100" : 62.25,
    "dma200" : 60.37,
    "volume" : 70773099.00
  }, {
    "date" : "2025-09-18",
    "price" : 59.08,
    "dma50" : 60.26,
    "dma100" : 62.27,
    "dma200" : 60.36,
    "volume" : 37657707.00
  }, {
    "date" : "2025-09-19",
    "price" : 60.40,
    "dma50" : 60.27,
    "dma100" : 62.29,
    "dma200" : 60.36,
    "volume" : 89432378.00
  }, {
    "date" : "2025-09-22",
    "price" : 59.93,
    "dma50" : 60.26,
    "dma100" : 62.33,
    "dma200" : 60.35,
    "volume" : 66634299.00
  }, {
    "date" : "2025-09-23",
    "price" : 58.75,
    "dma50" : 60.20,
    "dma100" : 62.35,
    "dma200" : 60.34,
    "volume" : 49389618.00
  }, {
    "date" : "2025-09-24",
    "price" : 57.50,
    "dma50" : 60.09,
    "dma100" : 62.36,
    "dma200" : 60.31,
    "volume" : 39558288.00
  }, {
    "date" : "2025-09-25",
    "price" : 56.64,
    "dma50" : 59.96,
    "dma100" : 62.39,
    "dma200" : 60.27,
    "volume" : 43271882.00
  }, {
    "date" : "2025-09-26",
    "price" : 55.28,
    "dma50" : 59.77,
    "dma100" : 62.40,
    "dma200" : 60.22,
    "volume" : 63949998.00
  }, {
    "date" : "2025-09-29",
    "price" : 55.28,
    "dma50" : 59.60,
    "dma100" : 62.42,
    "dma200" : 60.17,
    "volume" : 56021558.00
  }, {
    "date" : "2025-09-30",
    "price" : 55.05,
    "dma50" : 59.42,
    "dma100" : 62.44,
    "dma200" : 60.12,
    "volume" : 65553574.00
  }, {
    "date" : "2025-10-01",
    "price" : 55.18,
    "dma50" : 59.25,
    "dma100" : 62.42,
    "dma200" : 60.07,
    "volume" : 49865682.00
  }, {
    "date" : "2025-10-03",
    "price" : 54.46,
    "dma50" : 59.06,
    "dma100" : 62.39,
    "dma200" : 60.02,
    "volume" : 77937651.00
  }, {
    "date" : "2025-10-06",
    "price" : 54.11,
    "dma50" : 58.87,
    "dma100" : 62.33,
    "dma200" : 59.96,
    "volume" : 51287633.00
  }, {
    "date" : "2025-10-07",
    "price" : 54.01,
    "dma50" : 58.68,
    "dma100" : 62.26,
    "dma200" : 59.90,
    "volume" : 58381786.00
  }, {
    "date" : "2025-10-08",
    "price" : 52.77,
    "dma50" : 58.45,
    "dma100" : 62.18,
    "dma200" : 59.83,
    "volume" : 69563297.00
  }, {
    "date" : "2025-10-09",
    "price" : 53.17,
    "dma50" : 58.24,
    "dma100" : 62.09,
    "dma200" : 59.76,
    "volume" : 71954255.00
  }, {
    "date" : "2025-10-10",
    "price" : 54.31,
    "dma50" : 58.09,
    "dma100" : 62.03,
    "dma200" : 59.71,
    "volume" : 68542828.00
  }, {
    "date" : "2025-10-13",
    "price" : 54.35,
    "dma50" : 57.94,
    "dma100" : 61.96,
    "dma200" : 59.65,
    "volume" : 48230087.00
  }, {
    "date" : "2025-10-14",
    "price" : 53.95,
    "dma50" : 57.78,
    "dma100" : 61.89,
    "dma200" : 59.60,
    "volume" : 45408053.00
  }, {
    "date" : "2025-10-15",
    "price" : 53.73,
    "dma50" : 57.62,
    "dma100" : 61.81,
    "dma200" : 59.54,
    "volume" : 63700341.00
  }, {
    "date" : "2025-10-16",
    "price" : 53.61,
    "dma50" : 57.47,
    "dma100" : 61.70,
    "dma200" : 59.48,
    "volume" : 52794097.00
  }, {
    "date" : "2025-10-17",
    "price" : 52.92,
    "dma50" : 57.29,
    "dma100" : 61.58,
    "dma200" : 59.41,
    "volume" : 183180696.00
  }, {
    "date" : "2025-10-20",
    "price" : 53.09,
    "dma50" : 57.12,
    "dma100" : 61.44,
    "dma200" : 59.35,
    "volume" : 37662626.00
  }, {
    "date" : "2025-10-21",
    "price" : 54.18,
    "dma50" : 57.01,
    "dma100" : 61.33,
    "dma200" : 59.30,
    "volume" : 26412789.00
  }, {
    "date" : "2025-10-23",
    "price" : 54.53,
    "dma50" : 56.91,
    "dma100" : 61.16,
    "dma200" : 59.25,
    "volume" : 81510376.00
  }, {
    "date" : "2025-10-24",
    "price" : 53.82,
    "dma50" : 56.79,
    "dma100" : 60.99,
    "dma200" : 59.20,
    "volume" : 50011039.00
  }, {
    "date" : "2025-10-27",
    "price" : 53.71,
    "dma50" : 56.67,
    "dma100" : 60.84,
    "dma200" : 59.14,
    "volume" : 28733060.00
  }, {
    "date" : "2025-10-28",
    "price" : 56.22,
    "dma50" : 56.65,
    "dma100" : 60.74,
    "dma200" : 59.11,
    "volume" : 144880851.00
  }, {
    "date" : "2025-10-29",
    "price" : 58.19,
    "dma50" : 56.71,
    "dma100" : 60.65,
    "dma200" : 59.11,
    "volume" : 173415853.00
  }, {
    "date" : "2025-10-30",
    "price" : 58.51,
    "dma50" : 56.78,
    "dma100" : 60.57,
    "dma200" : 59.10,
    "volume" : 94858010.00
  }, {
    "date" : "2025-10-31",
    "price" : 59.30,
    "dma50" : 56.88,
    "dma100" : 60.49,
    "dma200" : 59.10,
    "volume" : 122511128.00
  }, {
    "date" : "2025-11-03",
    "price" : 59.24,
    "dma50" : 56.97,
    "dma100" : 60.40,
    "dma200" : 59.10,
    "volume" : 84820892.00
  }, {
    "date" : "2025-11-04",
    "price" : 59.99,
    "dma50" : 57.09,
    "dma100" : 60.33,
    "dma200" : 59.11,
    "volume" : 351649840.00
  }, {
    "date" : "2025-11-06",
    "price" : 59.61,
    "dma50" : 57.19,
    "dma100" : 60.27,
    "dma200" : 59.12,
    "volume" : 163794402.00
  }, {
    "date" : "2025-11-07",
    "price" : 57.38,
    "dma50" : 57.20,
    "dma100" : 60.19,
    "dma200" : 59.10,
    "volume" : 137631596.00
  }, {
    "date" : "2025-11-10",
    "price" : 57.43,
    "dma50" : 57.21,
    "dma100" : 60.11,
    "dma200" : 59.08,
    "volume" : 71825409.00
  }, {
    "date" : "2025-11-11",
    "price" : 57.82,
    "dma50" : 57.23,
    "dma100" : 60.05,
    "dma200" : 59.07,
    "volume" : 54463847.00
  }, {
    "date" : "2025-11-12",
    "price" : 58.48,
    "dma50" : 57.28,
    "dma100" : 59.99,
    "dma200" : 59.06,
    "volume" : 60295778.00
  }, {
    "date" : "2025-11-13",
    "price" : 57.58,
    "dma50" : 57.29,
    "dma100" : 59.94,
    "dma200" : 59.05,
    "volume" : 43238525.00
  }, {
    "date" : "2025-11-14",
    "price" : 57.68,
    "dma50" : 57.31,
    "dma100" : 59.89,
    "dma200" : 59.04,
    "volume" : 44116320.00
  }, {
    "date" : "2025-11-17",
    "price" : 57.70,
    "dma50" : 57.32,
    "dma100" : 59.83,
    "dma200" : 59.02,
    "volume" : 38399093.00
  }, {
    "date" : "2025-11-18",
    "price" : 56.90,
    "dma50" : 57.31,
    "dma100" : 59.76,
    "dma200" : 59.00,
    "volume" : 33668932.00
  }, {
    "date" : "2025-11-19",
    "price" : 56.53,
    "dma50" : 57.28,
    "dma100" : 59.68,
    "dma200" : 58.98,
    "volume" : 38208273.00
  }, {
    "date" : "2025-11-20",
    "price" : 56.70,
    "dma50" : 57.25,
    "dma100" : 59.60,
    "dma200" : 58.95,
    "volume" : 42162380.00
  }, {
    "date" : "2025-11-21",
    "price" : 55.10,
    "dma50" : 57.17,
    "dma100" : 59.48,
    "dma200" : 58.92,
    "volume" : 46680643.00
  }, {
    "date" : "2025-11-24",
    "price" : 54.61,
    "dma50" : 57.07,
    "dma100" : 59.35,
    "dma200" : 58.87,
    "volume" : 101184217.00
  }, {
    "date" : "2025-11-25",
    "price" : 54.19,
    "dma50" : 56.96,
    "dma100" : 59.22,
    "dma200" : 58.83,
    "volume" : 38974832.00
  }, {
    "date" : "2025-11-26",
    "price" : 55.58,
    "dma50" : 56.90,
    "dma100" : 59.13,
    "dma200" : 58.79,
    "volume" : 49213876.00
  }, {
    "date" : "2025-11-27",
    "price" : 54.93,
    "dma50" : 56.82,
    "dma100" : 59.02,
    "dma200" : 58.76,
    "volume" : 32341394.00
  }, {
    "date" : "2025-11-28",
    "price" : 54.01,
    "dma50" : 56.71,
    "dma100" : 58.91,
    "dma200" : 58.71,
    "volume" : 57327176.00
  }, {
    "date" : "2025-12-01",
    "price" : 53.72,
    "dma50" : 56.60,
    "dma100" : 58.79,
    "dma200" : 58.66,
    "volume" : 35875669.00
  }, {
    "date" : "2025-12-02",
    "price" : 53.42,
    "dma50" : 56.47,
    "dma100" : 58.66,
    "dma200" : 58.61,
    "volume" : 45473637.00
  }, {
    "date" : "2025-12-03",
    "price" : 52.59,
    "dma50" : 56.32,
    "dma100" : 58.53,
    "dma200" : 58.55,
    "volume" : 52472640.00
  } ],
  "latestTechnicalAttributes" : {
    "date" : "2025-12-03",
    "price" : 52.59,
    "dma50" : 56.32,
    "dma100" : 58.53,
    "dma200" : 58.55,
    "volume" : 52472640.00
  },
  "quarterlyResults" : [ {
    "date" : "2005-03-31",
    "sales" : 973.73,
    "salesGrowthYoY" : null,
    "grossProfitMargin" : 42.63,
    "grossProfit" : 415.10,
    "operatingProfitMargin" : 29.30,
    "operatingProfit" : 285.30,
    "netProfitMargin" : 26.06,
    "netProfit" : 253.75
  }, {
    "date" : "2005-06-30",
    "sales" : 307.59,
    "salesGrowthYoY" : null,
    "grossProfitMargin" : 41.66,
    "grossProfit" : 128.14,
    "operatingProfitMargin" : 24.23,
    "operatingProfit" : 74.53,
    "netProfitMargin" : 19.55,
    "netProfit" : 60.13
  }, {
    "date" : "2005-09-30",
    "sales" : 1093.77,
    "salesGrowthYoY" : null,
    "grossProfitMargin" : 37.90,
    "grossProfit" : 414.54,
    "operatingProfitMargin" : 25.74,
    "operatingProfit" : 281.54,
    "netProfitMargin" : 21.85,
    "netProfit" : 238.99
  }, {
    "date" : "2005-12-31",
    "sales" : 838.39,
    "salesGrowthYoY" : null,
    "grossProfitMargin" : 39.14,
    "grossProfit" : 328.15,
    "operatingProfitMargin" : 20.64,
    "operatingProfit" : 173.04,
    "netProfitMargin" : 19.32,
    "netProfit" : 161.98
  }, {
    "date" : "2006-03-31",
    "sales" : 1548.71,
    "salesGrowthYoY" : 59.05,
    "grossProfitMargin" : 41.03,
    "grossProfit" : 635.44,
    "operatingProfitMargin" : 25.36,
    "operatingProfit" : 392.75,
    "netProfitMargin" : 23.26,
    "netProfit" : 360.23
  }, {
    "date" : "2006-06-30",
    "sales" : 933.77,
    "salesGrowthYoY" : 203.58,
    "grossProfitMargin" : 42.26,
    "grossProfit" : 394.61,
    "operatingProfitMargin" : 25.63,
    "operatingProfit" : 239.33,
    "netProfitMargin" : 20.73,
    "netProfit" : 193.57
  }, {
    "date" : "2006-09-30",
    "sales" : 1285.45,
    "salesGrowthYoY" : 17.52,
    "grossProfitMargin" : 38.87,
    "grossProfit" : 499.65,
    "operatingProfitMargin" : 23.52,
    "operatingProfit" : 302.34,
    "netProfitMargin" : 19.72,
    "netProfit" : 253.49
  }, {
    "date" : "2006-12-31",
    "sales" : 1105.67,
    "salesGrowthYoY" : 31.88,
    "grossProfitMargin" : 40.63,
    "grossProfit" : 449.23,
    "operatingProfitMargin" : 18.61,
    "operatingProfit" : 205.77,
    "netProfitMargin" : 15.94,
    "netProfit" : 176.24
  }, {
    "date" : "2007-03-31",
    "sales" : 2055.48,
    "salesGrowthYoY" : 32.72,
    "grossProfitMargin" : 39.13,
    "grossProfit" : 804.31,
    "operatingProfitMargin" : 21.74,
    "operatingProfit" : 446.86,
    "netProfitMargin" : 21.30,
    "netProfit" : 437.82
  }, {
    "date" : "2007-06-30",
    "sales" : 839.19,
    "salesGrowthYoY" : -10.13,
    "grossProfitMargin" : 42.52,
    "grossProfit" : 356.82,
    "operatingProfitMargin" : 15.01,
    "operatingProfit" : 125.96,
    "netProfitMargin" : 13.35,
    "netProfit" : 112.03
  }, {
    "date" : "2007-09-30",
    "sales" : 1687.46,
    "salesGrowthYoY" : 31.27,
    "grossProfitMargin" : 40.45,
    "grossProfit" : 682.58,
    "operatingProfitMargin" : 23.86,
    "operatingProfit" : 402.63,
    "netProfitMargin" : 22.01,
    "netProfit" : 371.41
  }, {
    "date" : "2007-12-31",
    "sales" : 1654.96,
    "salesGrowthYoY" : 49.68,
    "grossProfitMargin" : 36.79,
    "grossProfit" : 608.86,
    "operatingProfitMargin" : 24.94,
    "operatingProfit" : 412.75,
    "netProfitMargin" : 20.85,
    "netProfit" : 345.06
  }, {
    "date" : "2008-03-31",
    "sales" : 2746.40,
    "salesGrowthYoY" : 33.61,
    "grossProfitMargin" : 40.88,
    "grossProfit" : 1122.73,
    "operatingProfitMargin" : 27.51,
    "operatingProfit" : 755.53,
    "netProfitMargin" : 26.06,
    "netProfit" : 715.71
  }, {
    "date" : "2008-06-30",
    "sales" : 1473.24,
    "salesGrowthYoY" : 75.55,
    "grossProfitMargin" : 41.22,
    "grossProfit" : 607.27,
    "operatingProfitMargin" : 26.18,
    "operatingProfit" : 385.69,
    "netProfitMargin" : 19.47,
    "netProfit" : 286.84
  }, {
    "date" : "2008-09-30",
    "sales" : 2234.47,
    "salesGrowthYoY" : 32.42,
    "grossProfitMargin" : 38.27,
    "grossProfit" : 855.13,
    "operatingProfitMargin" : 17.65,
    "operatingProfit" : 394.38,
    "netProfitMargin" : 11.91,
    "netProfit" : 266.13
  }, {
    "date" : "2008-12-31",
    "sales" : 1504.29,
    "salesGrowthYoY" : -9.10,
    "grossProfitMargin" : 38.56,
    "grossProfit" : 580.05,
    "operatingProfitMargin" : 5.50,
    "operatingProfit" : 82.74,
    "netProfitMargin" : 3.01,
    "netProfit" : 45.28
  }, {
    "date" : "2009-03-31",
    "sales" : 2039.94,
    "salesGrowthYoY" : -25.72,
    "grossProfitMargin" : 32.64,
    "grossProfit" : 665.84,
    "operatingProfitMargin" : -5.46,
    "operatingProfit" : -111.38,
    "netProfitMargin" : -7.57,
    "netProfit" : -154.42
  }, {
    "date" : "2009-06-30",
    "sales" : 314.95,
    "salesGrowthYoY" : -78.62,
    "grossProfitMargin" : 24.82,
    "grossProfit" : 78.17,
    "operatingProfitMargin" : -46.11,
    "operatingProfit" : -145.22,
    "netProfitMargin" : -82.38,
    "netProfit" : -259.46
  }, {
    "date" : "2009-09-30",
    "sales" : 627.29,
    "salesGrowthYoY" : -71.93,
    "grossProfitMargin" : 28.23,
    "grossProfit" : 177.08,
    "operatingProfitMargin" : -5.88,
    "operatingProfit" : -36.88,
    "netProfitMargin" : -27.67,
    "netProfit" : -173.57
  }, {
    "date" : "2009-12-31",
    "sales" : 754.01,
    "salesGrowthYoY" : -49.88,
    "grossProfitMargin" : 28.37,
    "grossProfit" : 213.91,
    "operatingProfitMargin" : -18.55,
    "operatingProfit" : -139.87,
    "netProfitMargin" : -36.73,
    "netProfit" : -276.95
  }, {
    "date" : "2010-03-31",
    "sales" : 1812.68,
    "salesGrowthYoY" : -11.14,
    "grossProfitMargin" : 28.81,
    "grossProfit" : 522.23,
    "operatingProfitMargin" : 4.37,
    "operatingProfit" : 79.21,
    "netProfitMargin" : -22.86,
    "netProfit" : -414.38
  }, {
    "date" : "2010-06-30",
    "sales" : 504.50,
    "salesGrowthYoY" : 60.18,
    "grossProfitMargin" : 23.89,
    "grossProfit" : 120.53,
    "operatingProfitMargin" : -48.18,
    "operatingProfit" : -243.07,
    "netProfitMargin" : -73.41,
    "netProfit" : -370.35
  }, {
    "date" : "2010-09-30",
    "sales" : 1069.51,
    "salesGrowthYoY" : 70.50,
    "grossProfitMargin" : 33.83,
    "grossProfit" : 361.82,
    "operatingProfitMargin" : -2.74,
    "operatingProfit" : -29.30,
    "netProfitMargin" : -8.33,
    "netProfit" : -89.09
  }, {
    "date" : "2010-12-31",
    "sales" : 1221.36,
    "salesGrowthYoY" : 61.98,
    "grossProfitMargin" : 39.56,
    "grossProfit" : 483.17,
    "operatingProfitMargin" : 8.90,
    "operatingProfit" : 108.70,
    "netProfitMargin" : 0.10,
    "netProfit" : 1.22
  }, {
    "date" : "2011-03-31",
    "sales" : 1571.02,
    "salesGrowthYoY" : -13.33,
    "grossProfitMargin" : 41.63,
    "grossProfit" : 654.02,
    "operatingProfitMargin" : 22.79,
    "operatingProfit" : 358.04,
    "netProfitMargin" : 19.72,
    "netProfit" : 309.81
  }, {
    "date" : "2011-06-30",
    "sales" : 1469.07,
    "salesGrowthYoY" : 191.19,
    "grossProfitMargin" : 39.21,
    "grossProfit" : 576.02,
    "operatingProfitMargin" : 18.80,
    "operatingProfit" : 276.19,
    "netProfitMargin" : 9.38,
    "netProfit" : 137.80
  }, {
    "date" : "2011-09-30",
    "sales" : 1943.57,
    "salesGrowthYoY" : 81.73,
    "grossProfitMargin" : 39.08,
    "grossProfit" : 759.55,
    "operatingProfitMargin" : 7.63,
    "operatingProfit" : 148.29,
    "netProfitMargin" : -1.00,
    "netProfit" : -19.44
  }, {
    "date" : "2011-12-31",
    "sales" : 1435.57,
    "salesGrowthYoY" : 17.54,
    "grossProfitMargin" : 30.29,
    "grossProfit" : 434.83,
    "operatingProfitMargin" : -9.07,
    "operatingProfit" : -130.21,
    "netProfitMargin" : -21.91,
    "netProfit" : -314.53
  }, {
    "date" : "2012-03-31",
    "sales" : 2023.00,
    "salesGrowthYoY" : 28.77,
    "grossProfitMargin" : 31.72,
    "grossProfit" : 641.70,
    "operatingProfitMargin" : 12.66,
    "operatingProfit" : 256.11,
    "netProfitMargin" : 1.63,
    "netProfit" : 32.97
  }, {
    "date" : "2012-06-30",
    "sales" : 596.91,
    "salesGrowthYoY" : -59.37,
    "grossProfitMargin" : 19.01,
    "grossProfit" : 113.47,
    "operatingProfitMargin" : -77.64,
    "operatingProfit" : -463.44,
    "netProfitMargin" : -117.64,
    "netProfit" : -702.20
  }, {
    "date" : "2012-09-30",
    "sales" : 659.27,
    "salesGrowthYoY" : -66.08,
    "grossProfitMargin" : 28.30,
    "grossProfit" : 186.57,
    "operatingProfitMargin" : -38.39,
    "operatingProfit" : -253.09,
    "netProfitMargin" : -72.64,
    "netProfit" : -478.89
  }, {
    "date" : "2012-12-31",
    "sales" : 30.84,
    "salesGrowthYoY" : -97.85,
    "grossProfitMargin" : -71.89,
    "grossProfit" : -22.17,
    "operatingProfitMargin" : -1467.32,
    "operatingProfit" : -452.52,
    "netProfitMargin" : -2473.22,
    "netProfit" : -762.74
  }, {
    "date" : "2013-03-31",
    "sales" : 466.65,
    "salesGrowthYoY" : -76.93,
    "grossProfitMargin" : 5.12,
    "grossProfit" : 23.89,
    "operatingProfitMargin" : -47.61,
    "operatingProfit" : -222.17,
    "netProfitMargin" : -108.42,
    "netProfit" : -505.94
  }, {
    "date" : "2013-06-30",
    "sales" : 950.02,
    "salesGrowthYoY" : 59.16,
    "grossProfitMargin" : 31.41,
    "grossProfit" : 298.40,
    "operatingProfitMargin" : -22.54,
    "operatingProfit" : -214.13,
    "netProfitMargin" : -48.32,
    "netProfit" : -459.05
  }, {
    "date" : "2013-09-30",
    "sales" : 599.07,
    "salesGrowthYoY" : -9.13,
    "grossProfitMargin" : 28.58,
    "grossProfit" : 171.21,
    "operatingProfitMargin" : -48.43,
    "operatingProfit" : -290.13,
    "netProfitMargin" : -93.28,
    "netProfit" : -558.81
  }, {
    "date" : "2013-12-31",
    "sales" : 507.40,
    "salesGrowthYoY" : 1545.27,
    "grossProfitMargin" : 35.11,
    "grossProfit" : 178.15,
    "operatingProfitMargin" : -7.85,
    "operatingProfit" : -39.83,
    "netProfitMargin" : -65.55,
    "netProfit" : -332.60
  }, {
    "date" : "2014-03-31",
    "sales" : 1008.24,
    "salesGrowthYoY" : 116.06,
    "grossProfitMargin" : 22.00,
    "grossProfit" : 221.81,
    "operatingProfitMargin" : 10.67,
    "operatingProfit" : 107.58,
    "netProfitMargin" : -21.07,
    "netProfit" : -212.44
  }, {
    "date" : "2014-06-30",
    "sales" : 817.23,
    "salesGrowthYoY" : -13.98,
    "grossProfitMargin" : 30.30,
    "grossProfit" : 247.62,
    "operatingProfitMargin" : -0.62,
    "operatingProfit" : -5.07,
    "netProfitMargin" : -40.34,
    "netProfit" : -329.67
  }, {
    "date" : "2014-09-30",
    "sales" : 754.01,
    "salesGrowthYoY" : 25.86,
    "grossProfitMargin" : 21.08,
    "grossProfit" : 158.95,
    "operatingProfitMargin" : -9.18,
    "operatingProfit" : -69.22,
    "netProfitMargin" : -47.26,
    "netProfit" : -356.35
  }, {
    "date" : "2014-12-31",
    "sales" : 289.09,
    "salesGrowthYoY" : -43.03,
    "grossProfitMargin" : 26.20,
    "grossProfit" : 75.74,
    "operatingProfitMargin" : -33.36,
    "operatingProfit" : -96.44,
    "netProfitMargin" : -123.70,
    "netProfit" : -357.60
  }, {
    "date" : "2015-03-31",
    "sales" : 409.97,
    "salesGrowthYoY" : -59.34,
    "grossProfitMargin" : 22.62,
    "grossProfit" : 92.74,
    "operatingProfitMargin" : -51.28,
    "operatingProfit" : -210.23,
    "netProfitMargin" : -92.89,
    "netProfit" : -380.82
  }, {
    "date" : "2015-06-30",
    "sales" : 1097.78,
    "salesGrowthYoY" : 34.33,
    "grossProfitMargin" : 33.88,
    "grossProfit" : 371.93,
    "operatingProfitMargin" : 3.27,
    "operatingProfit" : 35.90,
    "netProfitMargin" : -4.16,
    "netProfit" : -45.67
  }, {
    "date" : "2015-09-30",
    "sales" : 1144.64,
    "salesGrowthYoY" : 51.81,
    "grossProfitMargin" : 38.69,
    "grossProfit" : 442.86,
    "operatingProfitMargin" : 13.73,
    "operatingProfit" : 157.16,
    "netProfitMargin" : 7.14,
    "netProfit" : 81.73
  }, {
    "date" : "2015-12-31",
    "sales" : 1325.10,
    "salesGrowthYoY" : 358.37,
    "grossProfitMargin" : 39.19,
    "grossProfit" : 519.31,
    "operatingProfitMargin" : 18.12,
    "operatingProfit" : 240.11,
    "netProfitMargin" : 8.59,
    "netProfit" : 113.83
  }, {
    "date" : "2016-03-31",
    "sales" : 2347.40,
    "salesGrowthYoY" : 472.58,
    "grossProfitMargin" : 36.23,
    "grossProfit" : 850.46,
    "operatingProfitMargin" : 17.59,
    "operatingProfit" : 412.91,
    "netProfitMargin" : 12.15,
    "netProfit" : 285.21
  }, {
    "date" : "2016-06-30",
    "sales" : 1139.24,
    "salesGrowthYoY" : 3.78,
    "grossProfitMargin" : 41.70,
    "grossProfit" : 475.06,
    "operatingProfitMargin" : 7.96,
    "operatingProfit" : 90.68,
    "netProfitMargin" : -10.43,
    "netProfit" : -118.82
  }, {
    "date" : "2016-09-30",
    "sales" : 1943.62,
    "salesGrowthYoY" : 69.80,
    "grossProfitMargin" : 45.65,
    "grossProfit" : 887.26,
    "operatingProfitMargin" : 22.47,
    "operatingProfit" : 436.73,
    "netProfitMargin" : 11.63,
    "netProfit" : 226.04
  }, {
    "date" : "2016-12-31",
    "sales" : 2477.90,
    "salesGrowthYoY" : 87.00,
    "grossProfitMargin" : 43.63,
    "grossProfit" : 1081.11,
    "operatingProfitMargin" : 25.20,
    "operatingProfit" : 624.43,
    "netProfitMargin" : 14.60,
    "netProfit" : 361.77
  }, {
    "date" : "2017-03-31",
    "sales" : 3684.92,
    "salesGrowthYoY" : 56.98,
    "grossProfitMargin" : 34.21,
    "grossProfit" : 1260.61,
    "operatingProfitMargin" : 18.55,
    "operatingProfit" : 683.55,
    "netProfitMargin" : 11.47,
    "netProfit" : 422.66
  }, {
    "date" : "2017-06-30",
    "sales" : 2147.59,
    "salesGrowthYoY" : 88.51,
    "grossProfitMargin" : 31.77,
    "grossProfit" : 682.29,
    "operatingProfitMargin" : 12.80,
    "operatingProfit" : 274.89,
    "netProfitMargin" : 2.11,
    "netProfit" : 45.31
  }, {
    "date" : "2017-09-30",
    "sales" : 580.05,
    "salesGrowthYoY" : -70.16,
    "grossProfitMargin" : 37.93,
    "grossProfit" : 220.01,
    "operatingProfitMargin" : -5.80,
    "operatingProfit" : -33.64,
    "netProfitMargin" : -48.01,
    "netProfit" : -278.48
  }, {
    "date" : "2017-12-31",
    "sales" : 1756.84,
    "salesGrowthYoY" : -29.10,
    "grossProfitMargin" : 26.68,
    "grossProfit" : 468.72,
    "operatingProfitMargin" : 14.92,
    "operatingProfit" : 262.12,
    "netProfitMargin" : 0.88,
    "netProfit" : 15.46
  }, {
    "date" : "2018-03-31",
    "sales" : 1492.95,
    "salesGrowthYoY" : -59.48,
    "grossProfitMargin" : 32.69,
    "grossProfit" : 488.05,
    "operatingProfitMargin" : 10.78,
    "operatingProfit" : 160.94,
    "netProfitMargin" : -26.34,
    "netProfit" : -393.24
  }, {
    "date" : "2018-06-30",
    "sales" : 766.97,
    "salesGrowthYoY" : -64.29,
    "grossProfitMargin" : 26.19,
    "grossProfit" : 200.87,
    "operatingProfitMargin" : -11.28,
    "operatingProfit" : -86.51,
    "netProfitMargin" : -42.01,
    "netProfit" : -322.20
  }, {
    "date" : "2018-09-30",
    "sales" : 631.79,
    "salesGrowthYoY" : 8.92,
    "grossProfitMargin" : 36.24,
    "grossProfit" : 228.96,
    "operatingProfitMargin" : -10.59,
    "operatingProfit" : -66.91,
    "netProfitMargin" : -45.03,
    "netProfit" : -284.50
  }, {
    "date" : "2018-12-31",
    "sales" : 397.43,
    "salesGrowthYoY" : -77.38,
    "grossProfitMargin" : 45.59,
    "grossProfit" : 181.19,
    "operatingProfitMargin" : 5.72,
    "operatingProfit" : 22.73,
    "netProfitMargin" : -58.62,
    "netProfit" : -232.97
  }, {
    "date" : "2019-03-31",
    "sales" : 747.31,
    "salesGrowthYoY" : -49.94,
    "grossProfitMargin" : 28.48,
    "grossProfit" : 212.83,
    "operatingProfitMargin" : -7.13,
    "operatingProfit" : -53.28,
    "netProfitMargin" : -39.24,
    "netProfit" : -293.24
  }, {
    "date" : "2019-06-30",
    "sales" : 161.84,
    "salesGrowthYoY" : -78.90,
    "grossProfitMargin" : 35.94,
    "grossProfit" : 58.17,
    "operatingProfitMargin" : -82.46,
    "operatingProfit" : -133.45,
    "netProfitMargin" : -225.00,
    "netProfit" : -364.14
  }, {
    "date" : "2019-09-30",
    "sales" : 106.80,
    "salesGrowthYoY" : -83.10,
    "grossProfitMargin" : -32.94,
    "grossProfit" : -35.18,
    "operatingProfitMargin" : -318.56,
    "operatingProfit" : -340.22,
    "netProfitMargin" : -730.53,
    "netProfit" : -780.21
  }, {
    "date" : "2019-12-31",
    "sales" : 67.93,
    "salesGrowthYoY" : -82.91,
    "grossProfitMargin" : -17.03,
    "grossProfit" : -11.57,
    "operatingProfitMargin" : -342.13,
    "operatingProfit" : -232.41,
    "netProfitMargin" : -1046.64,
    "netProfit" : -710.98
  }, {
    "date" : "2020-03-31",
    "sales" : 39.38,
    "salesGrowthYoY" : -94.73,
    "grossProfitMargin" : -42.76,
    "grossProfit" : -16.84,
    "operatingProfitMargin" : -485.78,
    "operatingProfit" : -191.30,
    "netProfitMargin" : -1598.35,
    "netProfit" : -629.43
  }, {
    "date" : "2020-06-30",
    "sales" : 52.34,
    "salesGrowthYoY" : -67.66,
    "grossProfitMargin" : 71.51,
    "grossProfit" : 37.43,
    "operatingProfitMargin" : -139.97,
    "operatingProfit" : -73.26,
    "netProfitMargin" : -937.91,
    "netProfit" : -490.90
  }, {
    "date" : "2020-09-30",
    "sales" : 215.14,
    "salesGrowthYoY" : 101.44,
    "grossProfitMargin" : 40.95,
    "grossProfit" : 88.10,
    "operatingProfitMargin" : -15.08,
    "operatingProfit" : -32.44,
    "netProfitMargin" : -122.38,
    "netProfit" : -263.29
  }, {
    "date" : "2020-12-31",
    "sales" : 444.32,
    "salesGrowthYoY" : 554.09,
    "grossProfitMargin" : 33.76,
    "grossProfit" : 150.00,
    "operatingProfitMargin" : -1.75,
    "operatingProfit" : -7.78,
    "netProfitMargin" : -51.59,
    "netProfit" : -229.22
  }, {
    "date" : "2021-03-31",
    "sales" : 535.51,
    "salesGrowthYoY" : 1259.85,
    "grossProfitMargin" : 41.69,
    "grossProfit" : 223.25,
    "operatingProfitMargin" : 2.48,
    "operatingProfit" : 13.28,
    "netProfitMargin" : -40.45,
    "netProfit" : -216.61
  }, {
    "date" : "2021-06-30",
    "sales" : 603.06,
    "salesGrowthYoY" : 1052.20,
    "grossProfitMargin" : 34.34,
    "grossProfit" : 207.09,
    "operatingProfitMargin" : 4.49,
    "operatingProfit" : 27.08,
    "netProfitMargin" : -30.87,
    "netProfit" : -186.16
  }, {
    "date" : "2021-09-30",
    "sales" : 769.76,
    "salesGrowthYoY" : 257.79,
    "grossProfitMargin" : 26.34,
    "grossProfit" : 202.75,
    "operatingProfitMargin" : -1.61,
    "operatingProfit" : -12.39,
    "netProfitMargin" : -30.78,
    "netProfit" : -236.93
  }, {
    "date" : "2021-12-31",
    "sales" : 1001.18,
    "salesGrowthYoY" : 125.33,
    "grossProfitMargin" : 25.75,
    "grossProfit" : 257.80,
    "operatingProfitMargin" : 5.20,
    "operatingProfit" : 52.06,
    "netProfitMargin" : -18.21,
    "netProfit" : -182.31
  }, {
    "date" : "2022-03-31",
    "sales" : 1666.04,
    "salesGrowthYoY" : 211.11,
    "grossProfitMargin" : 16.71,
    "grossProfit" : 278.40,
    "operatingProfitMargin" : 0.16,
    "operatingProfit" : 2.67,
    "netProfitMargin" : -13.47,
    "netProfit" : -224.42
  }, {
    "date" : "2022-06-30",
    "sales" : 802.61,
    "salesGrowthYoY" : 33.09,
    "grossProfitMargin" : 22.63,
    "grossProfit" : 181.63,
    "operatingProfitMargin" : -1.54,
    "operatingProfit" : -12.36,
    "netProfitMargin" : -24.71,
    "netProfit" : -198.32
  }, {
    "date" : "2022-09-30",
    "sales" : 866.06,
    "salesGrowthYoY" : 12.51,
    "grossProfitMargin" : 27.59,
    "grossProfit" : 238.95,
    "operatingProfitMargin" : 5.93,
    "operatingProfit" : 51.36,
    "netProfitMargin" : -1.87,
    "netProfit" : -16.20
  }, {
    "date" : "2022-12-31",
    "sales" : 910.77,
    "salesGrowthYoY" : -9.03,
    "grossProfitMargin" : 23.51,
    "grossProfit" : 214.12,
    "operatingProfitMargin" : -0.36,
    "operatingProfit" : -3.28,
    "netProfitMargin" : -9.69,
    "netProfit" : -88.25
  }, {
    "date" : "2023-03-31",
    "sales" : 1011.00,
    "salesGrowthYoY" : -39.32,
    "grossProfitMargin" : 21.29,
    "grossProfit" : 215.24,
    "operatingProfitMargin" : 2.41,
    "operatingProfit" : 24.37,
    "netProfitMargin" : -7.58,
    "netProfit" : -76.63
  }, {
    "date" : "2023-06-30",
    "sales" : 760.13,
    "salesGrowthYoY" : -5.29,
    "grossProfitMargin" : 28.54,
    "grossProfit" : 216.94,
    "operatingProfitMargin" : 6.29,
    "operatingProfit" : 47.81,
    "netProfitMargin" : -1.68,
    "netProfit" : -12.77
  }, {
    "date" : "2023-09-30",
    "sales" : 763.87,
    "salesGrowthYoY" : -11.80,
    "grossProfitMargin" : 29.53,
    "grossProfit" : 225.57,
    "operatingProfitMargin" : 4.17,
    "operatingProfit" : 31.85,
    "netProfitMargin" : -1.55,
    "netProfit" : -11.84
  }, {
    "date" : "2023-12-31",
    "sales" : 907.64,
    "salesGrowthYoY" : -0.34,
    "grossProfitMargin" : 26.40,
    "grossProfit" : 239.62,
    "operatingProfitMargin" : 2.84,
    "operatingProfit" : 25.78,
    "netProfitMargin" : 2.66,
    "netProfit" : 24.14
  }, {
    "date" : "2024-03-31",
    "sales" : 1428.61,
    "salesGrowthYoY" : 41.31,
    "grossProfitMargin" : 25.91,
    "grossProfit" : 370.15,
    "operatingProfitMargin" : 8.07,
    "operatingProfit" : 115.29,
    "netProfitMargin" : 4.81,
    "netProfit" : 68.72
  }, {
    "date" : "2024-06-30",
    "sales" : 1911.58,
    "salesGrowthYoY" : 151.48,
    "grossProfitMargin" : 35.61,
    "grossProfit" : 680.71,
    "operatingProfitMargin" : 17.95,
    "operatingProfit" : 343.13,
    "netProfitMargin" : 15.28,
    "netProfit" : 292.09
  }, {
    "date" : "2024-09-30",
    "sales" : 1941.52,
    "salesGrowthYoY" : 154.17,
    "grossProfitMargin" : 34.97,
    "grossProfit" : 678.95,
    "operatingProfitMargin" : 12.41,
    "operatingProfit" : 240.94,
    "netProfitMargin" : 9.19,
    "netProfit" : 178.43
  }, {
    "date" : "2024-12-31",
    "sales" : 2291.85,
    "salesGrowthYoY" : 152.51,
    "grossProfitMargin" : 27.51,
    "grossProfit" : 630.49,
    "operatingProfitMargin" : 12.14,
    "operatingProfit" : 278.23,
    "netProfitMargin" : 8.75,
    "netProfit" : 200.54
  }, {
    "date" : "2025-03-31",
    "sales" : 3576.86,
    "salesGrowthYoY" : 150.37,
    "grossProfitMargin" : 32.74,
    "grossProfit" : 1171.06,
    "operatingProfitMargin" : 16.96,
    "operatingProfit" : 606.64,
    "netProfitMargin" : 31.98,
    "netProfit" : 1143.88
  }, {
    "date" : "2025-06-30",
    "sales" : 2847.60,
    "salesGrowthYoY" : 48.97,
    "grossProfitMargin" : 37.40,
    "grossProfit" : 1065.00,
    "operatingProfitMargin" : 20.46,
    "operatingProfit" : 582.62,
    "netProfitMargin" : 12.15,
    "netProfit" : 345.98
  }, {
    "date" : "2025-09-30",
    "sales" : 3480.60,
    "salesGrowthYoY" : 79.27,
    "grossProfitMargin" : 37.00,
    "grossProfit" : 1287.82,
    "operatingProfitMargin" : 20.83,
    "operatingProfit" : 725.01,
    "netProfitMargin" : 38.17,
    "netProfit" : 1328.55
  } ],
  "latestQuarterlyResult" : {
    "date" : "2025-09-30",
    "sales" : 3480.60,
    "salesGrowthYoY" : 79.27,
    "grossProfitMargin" : 37.00,
    "grossProfit" : 1287.82,
    "operatingProfitMargin" : 20.83,
    "operatingProfit" : 725.01,
    "netProfitMargin" : 38.17,
    "netProfit" : 1328.55
  },
  "companyScore" : {
    "priceHigherThanDma50" : 0.00,
    "priceHigherThanDma100" : 0.00,
    "priceHigherThanDma200" : 0.00,
    "dma50HigherThanDma100" : 0.00,
    "dma50HigherThanDma200" : 0.00,
    "dma100HigherThanDma200" : 0.00,
    "pricePercentageAboveDma50" : 5.33,
    "pricePercentageAboveDma100" : 5.51,
    "pricePercentageAboveDma200" : 5.51,
    "weeklyVolumeHigherThanYearlyVolume" : 0.00,
    "salesGrowthPercentile" : 14.94,
    "operatingProfitMarginPercentile" : 19.89,
    "netProfitMarginPercentile" : 10.00,
    "totalTechnicalScore" : 16.35,
    "totalFundamentalScore" : 44.82,
    "totalScore" : 61.17
  }
}