{
  "metadata" : {
    "screenerCompanyId" : "3367",
    "companyCode" : "TATACONSUM",
    "companyName" : "Tata Consumer",
    "screenerCompanyLink" : "https://www.screener.in/company/TATACONSUM/consolidated/",
    "screenerTechnicalHistoryLink" : "https://www.screener.in/api/company/3367/chart/?q=Price-DMA50-DMA200-Volume&days=365",
    "screenerQuarterlyResultsLink" : "https://www.screener.in/api/company/3367/chart/?q=GPM-OPM-NPM-Quarter+Sales&days=10000",
    "attributes" : {
      "companyCode" : "TATACONSUM",
      "companyName" : "Tata Consumer",
      "marketCap" : 114618.00,
      "peRatio" : 79.00,
      "description" : "Tata Consumer Products Ltd. is one of the leading companies of the Tata Group, with presence in the food and beverages business in India and internationally. It is the second largest tea company globally and has significant market presence and leadership in many markets. In addition to South Asia (mainly India), it has presence in various other geographies including Canada, UK, North America, Australia, Europe, Middle East and Africa. [1]"
    },
    "companyScore" : {
      "priceHigherThanDma50" : 0.00,
      "priceHigherThanDma100" : 0.00,
      "priceHigherThanDma200" : 5.00,
      "dma50HigherThanDma100" : 0.00,
      "dma50HigherThanDma200" : 5.00,
      "dma100HigherThanDma200" : 5.00,
      "pricePercentageAboveDma50" : 5.01,
      "pricePercentageAboveDma100" : 5.02,
      "pricePercentageAboveDma200" : 4.88,
      "weeklyVolumeHigherThanYearlyVolume" : 0.00,
      "salesGrowthPercentile" : 13.00,
      "operatingProfitMarginPercentile" : 11.90,
      "netProfitMarginPercentile" : 2.50,
      "totalTechnicalScore" : 29.91,
      "totalFundamentalScore" : 27.40,
      "totalScore" : 57.32
    }
  },
  "attributes" : {
    "companyCode" : "TATACONSUM",
    "companyName" : "Tata Consumer",
    "marketCap" : 114618.00,
    "peRatio" : 79.00,
    "description" : "Tata Consumer Products Ltd. is one of the leading companies of the Tata Group, with presence in the food and beverages business in India and internationally. It is the second largest tea company globally and has significant market presence and leadership in many markets. In addition to South Asia (mainly India), it has presence in various other geographies including Canada, UK, North America, Australia, Europe, Middle East and Africa. [1]"
  },
  "technicalHistory" : [ {
    "date" : "2025-02-21",
    "price" : 1004.00,
    "dma50" : 993.58,
    "dma100" : null,
    "dma200" : 1029.29,
    "volume" : 1433994.00
  }, {
    "date" : "2025-02-24",
    "price" : 1002.40,
    "dma50" : 993.92,
    "dma100" : null,
    "dma200" : 1029.02,
    "volume" : 1018498.00
  }, {
    "date" : "2025-02-25",
    "price" : 1004.85,
    "dma50" : 994.35,
    "dma100" : null,
    "dma200" : 1028.78,
    "volume" : 1675187.00
  }, {
    "date" : "2025-02-27",
    "price" : 1008.00,
    "dma50" : 994.89,
    "dma100" : null,
    "dma200" : 1028.58,
    "volume" : 1371265.00
  }, {
    "date" : "2025-02-28",
    "price" : 963.70,
    "dma50" : 993.66,
    "dma100" : null,
    "dma200" : 1027.93,
    "volume" : 5162725.00
  }, {
    "date" : "2025-03-03",
    "price" : 953.90,
    "dma50" : 992.11,
    "dma100" : null,
    "dma200" : 1027.20,
    "volume" : 1346107.00
  }, {
    "date" : "2025-03-04",
    "price" : 954.55,
    "dma50" : 990.63,
    "dma100" : null,
    "dma200" : 1026.47,
    "volume" : 1948890.00
  }, {
    "date" : "2025-03-05",
    "price" : 956.80,
    "dma50" : 989.31,
    "dma100" : null,
    "dma200" : 1025.78,
    "volume" : 2786116.00
  }, {
    "date" : "2025-03-06",
    "price" : 958.15,
    "dma50" : 988.08,
    "dma100" : null,
    "dma200" : 1025.11,
    "volume" : 2440044.00
  }, {
    "date" : "2025-03-07",
    "price" : 962.05,
    "dma50" : 987.06,
    "dma100" : null,
    "dma200" : 1024.48,
    "volume" : 955267.00
  }, {
    "date" : "2025-03-10",
    "price" : 957.30,
    "dma50" : 985.90,
    "dma100" : null,
    "dma200" : 1023.81,
    "volume" : 1683004.00
  }, {
    "date" : "2025-03-11",
    "price" : 959.85,
    "dma50" : 984.87,
    "dma100" : null,
    "dma200" : 1023.17,
    "volume" : 2773904.00
  }, {
    "date" : "2025-03-12",
    "price" : 945.45,
    "dma50" : 983.33,
    "dma100" : null,
    "dma200" : 1022.40,
    "volume" : 1646644.00
  }, {
    "date" : "2025-03-13",
    "price" : 946.10,
    "dma50" : 981.87,
    "dma100" : null,
    "dma200" : 1021.64,
    "volume" : 916758.00
  }, {
    "date" : "2025-03-17",
    "price" : 940.45,
    "dma50" : 980.24,
    "dma100" : null,
    "dma200" : 1020.83,
    "volume" : 1016603.00
  }, {
    "date" : "2025-03-18",
    "price" : 946.85,
    "dma50" : 978.93,
    "dma100" : null,
    "dma200" : 1020.10,
    "volume" : 2360017.00
  }, {
    "date" : "2025-03-19",
    "price" : 949.85,
    "dma50" : 977.79,
    "dma100" : null,
    "dma200" : 1019.40,
    "volume" : 1679607.00
  }, {
    "date" : "2025-03-20",
    "price" : 965.85,
    "dma50" : 977.33,
    "dma100" : null,
    "dma200" : 1018.87,
    "volume" : 2456656.00
  }, {
    "date" : "2025-03-21",
    "price" : 961.20,
    "dma50" : 976.69,
    "dma100" : null,
    "dma200" : 1018.29,
    "volume" : 3178450.00
  }, {
    "date" : "2025-03-24",
    "price" : 970.45,
    "dma50" : 976.45,
    "dma100" : null,
    "dma200" : 1017.82,
    "volume" : 1566358.00
  }, {
    "date" : "2025-03-25",
    "price" : 970.70,
    "dma50" : 976.22,
    "dma100" : null,
    "dma200" : 1017.35,
    "volume" : 1682050.00
  }, {
    "date" : "2025-03-26",
    "price" : 959.65,
    "dma50" : 975.57,
    "dma100" : null,
    "dma200" : 1016.77,
    "volume" : 1423241.00
  }, {
    "date" : "2025-03-27",
    "price" : 973.55,
    "dma50" : 975.49,
    "dma100" : null,
    "dma200" : 1016.34,
    "volume" : 2618154.00
  }, {
    "date" : "2025-03-28",
    "price" : 1001.90,
    "dma50" : 976.53,
    "dma100" : null,
    "dma200" : 1016.20,
    "volume" : 2364178.00
  }, {
    "date" : "2025-04-01",
    "price" : 992.25,
    "dma50" : 977.15,
    "dma100" : null,
    "dma200" : 1015.96,
    "volume" : 1062911.00
  }, {
    "date" : "2025-04-02",
    "price" : 1062.70,
    "dma50" : 980.50,
    "dma100" : null,
    "dma200" : 1016.43,
    "volume" : 9036475.00
  }, {
    "date" : "2025-04-03",
    "price" : 1071.00,
    "dma50" : 984.05,
    "dma100" : null,
    "dma200" : 1016.97,
    "volume" : 1649903.00
  }, {
    "date" : "2025-04-04",
    "price" : 1087.85,
    "dma50" : 988.12,
    "dma100" : null,
    "dma200" : 1017.67,
    "volume" : 4275731.00
  }, {
    "date" : "2025-04-07",
    "price" : 1047.35,
    "dma50" : 990.44,
    "dma100" : null,
    "dma200" : 1017.97,
    "volume" : 3304387.00
  }, {
    "date" : "2025-04-08",
    "price" : 1069.75,
    "dma50" : 993.55,
    "dma100" : null,
    "dma200" : 1018.48,
    "volume" : 1488151.00
  }, {
    "date" : "2025-04-09",
    "price" : 1089.75,
    "dma50" : 997.33,
    "dma100" : null,
    "dma200" : 1019.19,
    "volume" : 2310206.00
  }, {
    "date" : "2025-04-11",
    "price" : 1097.90,
    "dma50" : 1001.27,
    "dma100" : null,
    "dma200" : 1019.98,
    "volume" : 1957537.00
  }, {
    "date" : "2025-04-15",
    "price" : 1103.40,
    "dma50" : 1005.27,
    "dma100" : null,
    "dma200" : 1020.81,
    "volume" : 1047958.00
  }, {
    "date" : "2025-04-16",
    "price" : 1105.90,
    "dma50" : 1009.22,
    "dma100" : null,
    "dma200" : 1021.65,
    "volume" : 710361.00
  }, {
    "date" : "2025-04-17",
    "price" : 1120.20,
    "dma50" : 1013.57,
    "dma100" : null,
    "dma200" : 1022.63,
    "volume" : 1586359.00
  }, {
    "date" : "2025-04-21",
    "price" : 1121.00,
    "dma50" : 1017.79,
    "dma100" : null,
    "dma200" : 1023.61,
    "volume" : 713665.00
  }, {
    "date" : "2025-04-22",
    "price" : 1136.70,
    "dma50" : 1022.45,
    "dma100" : null,
    "dma200" : 1024.74,
    "volume" : 1303193.00
  }, {
    "date" : "2025-04-23",
    "price" : 1150.10,
    "dma50" : 1027.46,
    "dma100" : null,
    "dma200" : 1025.99,
    "volume" : 1809697.00
  }, {
    "date" : "2025-04-24",
    "price" : 1161.30,
    "dma50" : 1032.70,
    "dma100" : null,
    "dma200" : 1027.33,
    "volume" : 6030926.00
  }, {
    "date" : "2025-04-25",
    "price" : 1155.70,
    "dma50" : 1037.53,
    "dma100" : null,
    "dma200" : 1028.61,
    "volume" : 1498470.00
  }, {
    "date" : "2025-04-28",
    "price" : 1155.20,
    "dma50" : 1042.14,
    "dma100" : null,
    "dma200" : 1029.87,
    "volume" : 686865.00
  }, {
    "date" : "2025-04-29",
    "price" : 1168.90,
    "dma50" : 1047.11,
    "dma100" : null,
    "dma200" : 1031.25,
    "volume" : 1560880.00
  }, {
    "date" : "2025-04-30",
    "price" : 1165.80,
    "dma50" : 1051.77,
    "dma100" : null,
    "dma200" : 1032.59,
    "volume" : 1535061.00
  }, {
    "date" : "2025-05-02",
    "price" : 1156.80,
    "dma50" : 1055.89,
    "dma100" : null,
    "dma200" : 1033.83,
    "volume" : 1061044.00
  }, {
    "date" : "2025-05-05",
    "price" : 1161.50,
    "dma50" : 1060.03,
    "dma100" : null,
    "dma200" : 1035.10,
    "volume" : 1457381.00
  }, {
    "date" : "2025-05-06",
    "price" : 1155.30,
    "dma50" : 1063.76,
    "dma100" : null,
    "dma200" : 1036.29,
    "volume" : 1426511.00
  }, {
    "date" : "2025-05-07",
    "price" : 1146.00,
    "dma50" : 1066.99,
    "dma100" : null,
    "dma200" : 1037.39,
    "volume" : 1812491.00
  }, {
    "date" : "2025-05-08",
    "price" : 1116.00,
    "dma50" : 1068.91,
    "dma100" : null,
    "dma200" : 1038.17,
    "volume" : 2741110.00
  }, {
    "date" : "2025-05-09",
    "price" : 1113.70,
    "dma50" : 1070.67,
    "dma100" : null,
    "dma200" : 1038.92,
    "volume" : 833176.00
  }, {
    "date" : "2025-05-12",
    "price" : 1145.60,
    "dma50" : 1073.61,
    "dma100" : null,
    "dma200" : 1039.98,
    "volume" : 790628.00
  }, {
    "date" : "2025-05-13",
    "price" : 1118.60,
    "dma50" : 1075.37,
    "dma100" : null,
    "dma200" : 1040.76,
    "volume" : 1278795.00
  }, {
    "date" : "2025-05-14",
    "price" : 1120.40,
    "dma50" : 1077.14,
    "dma100" : null,
    "dma200" : 1041.56,
    "volume" : 1559121.00
  }, {
    "date" : "2025-05-15",
    "price" : 1147.20,
    "dma50" : 1079.88,
    "dma100" : null,
    "dma200" : 1042.61,
    "volume" : 2100108.00
  }, {
    "date" : "2025-05-16",
    "price" : 1168.00,
    "dma50" : 1083.34,
    "dma100" : null,
    "dma200" : 1043.85,
    "volume" : 1380191.00
  }, {
    "date" : "2025-05-19",
    "price" : 1149.30,
    "dma50" : 1085.93,
    "dma100" : null,
    "dma200" : 1044.90,
    "volume" : 802582.00
  }, {
    "date" : "2025-05-20",
    "price" : 1128.50,
    "dma50" : 1087.60,
    "dma100" : null,
    "dma200" : 1045.73,
    "volume" : 836642.00
  }, {
    "date" : "2025-05-21",
    "price" : 1138.80,
    "dma50" : 1089.60,
    "dma100" : null,
    "dma200" : 1046.66,
    "volume" : 727380.00
  }, {
    "date" : "2025-05-22",
    "price" : 1126.70,
    "dma50" : 1091.06,
    "dma100" : null,
    "dma200" : 1047.46,
    "volume" : 1456474.00
  }, {
    "date" : "2025-05-23",
    "price" : 1140.80,
    "dma50" : 1093.01,
    "dma100" : null,
    "dma200" : 1048.39,
    "volume" : 908715.00
  }, {
    "date" : "2025-05-26",
    "price" : 1146.30,
    "dma50" : 1095.10,
    "dma100" : null,
    "dma200" : 1049.36,
    "volume" : 632339.00
  }, {
    "date" : "2025-05-27",
    "price" : 1138.40,
    "dma50" : 1096.80,
    "dma100" : null,
    "dma200" : 1050.25,
    "volume" : 915694.00
  }, {
    "date" : "2025-05-28",
    "price" : 1121.40,
    "dma50" : 1097.76,
    "dma100" : null,
    "dma200" : 1050.95,
    "volume" : 517143.00
  }, {
    "date" : "2025-05-29",
    "price" : 1109.80,
    "dma50" : 1098.23,
    "dma100" : null,
    "dma200" : 1051.54,
    "volume" : 2598287.00
  }, {
    "date" : "2025-05-30",
    "price" : 1106.30,
    "dma50" : 1098.55,
    "dma100" : null,
    "dma200" : 1052.08,
    "volume" : 2491157.00
  }, {
    "date" : "2025-06-02",
    "price" : 1120.40,
    "dma50" : 1099.41,
    "dma100" : null,
    "dma200" : 1052.76,
    "volume" : 944950.00
  }, {
    "date" : "2025-06-03",
    "price" : 1114.60,
    "dma50" : 1100.00,
    "dma100" : null,
    "dma200" : 1053.38,
    "volume" : 805097.00
  }, {
    "date" : "2025-06-04",
    "price" : 1124.40,
    "dma50" : 1100.96,
    "dma100" : null,
    "dma200" : 1054.09,
    "volume" : 655824.00
  }, {
    "date" : "2025-06-05",
    "price" : 1111.90,
    "dma50" : 1101.39,
    "dma100" : null,
    "dma200" : 1054.66,
    "volume" : 1061915.00
  }, {
    "date" : "2025-06-06",
    "price" : 1115.60,
    "dma50" : 1101.95,
    "dma100" : null,
    "dma200" : 1055.27,
    "volume" : 532119.00
  }, {
    "date" : "2025-06-09",
    "price" : 1121.20,
    "dma50" : 1102.70,
    "dma100" : null,
    "dma200" : 1055.92,
    "volume" : 496963.00
  }, {
    "date" : "2025-06-10",
    "price" : 1115.10,
    "dma50" : 1103.19,
    "dma100" : null,
    "dma200" : 1056.51,
    "volume" : 471718.00
  }, {
    "date" : "2025-06-11",
    "price" : 1104.30,
    "dma50" : 1103.23,
    "dma100" : null,
    "dma200" : 1056.99,
    "volume" : 874258.00
  }, {
    "date" : "2025-06-12",
    "price" : 1085.10,
    "dma50" : 1102.52,
    "dma100" : null,
    "dma200" : 1057.27,
    "volume" : 957587.00
  }, {
    "date" : "2025-06-13",
    "price" : 1078.40,
    "dma50" : 1101.57,
    "dma100" : null,
    "dma200" : 1057.48,
    "volume" : 625226.00
  }, {
    "date" : "2025-06-16",
    "price" : 1083.40,
    "dma50" : 1100.86,
    "dma100" : null,
    "dma200" : 1057.74,
    "volume" : 458201.00
  }, {
    "date" : "2025-06-17",
    "price" : 1071.60,
    "dma50" : 1099.71,
    "dma100" : null,
    "dma200" : 1057.87,
    "volume" : 675686.00
  }, {
    "date" : "2025-06-18",
    "price" : 1065.20,
    "dma50" : 1098.36,
    "dma100" : null,
    "dma200" : 1057.95,
    "volume" : 564675.00
  }, {
    "date" : "2025-06-19",
    "price" : 1088.30,
    "dma50" : 1097.97,
    "dma100" : null,
    "dma200" : 1058.25,
    "volume" : 2961712.00
  }, {
    "date" : "2025-06-20",
    "price" : 1100.20,
    "dma50" : 1098.05,
    "dma100" : null,
    "dma200" : 1058.67,
    "volume" : 2112623.00
  }, {
    "date" : "2025-06-23",
    "price" : 1109.40,
    "dma50" : 1098.50,
    "dma100" : null,
    "dma200" : 1059.17,
    "volume" : 781029.00
  }, {
    "date" : "2025-06-24",
    "price" : 1107.70,
    "dma50" : 1098.86,
    "dma100" : null,
    "dma200" : 1059.65,
    "volume" : 1190128.00
  }, {
    "date" : "2025-06-25",
    "price" : 1126.50,
    "dma50" : 1099.94,
    "dma100" : null,
    "dma200" : 1060.32,
    "volume" : 1629271.00
  }, {
    "date" : "2025-06-26",
    "price" : 1145.40,
    "dma50" : 1101.73,
    "dma100" : null,
    "dma200" : 1061.17,
    "volume" : 2280335.00
  }, {
    "date" : "2025-06-27",
    "price" : 1124.30,
    "dma50" : 1102.61,
    "dma100" : null,
    "dma200" : 1061.79,
    "volume" : 634370.00
  }, {
    "date" : "2025-06-30",
    "price" : 1098.90,
    "dma50" : 1102.47,
    "dma100" : null,
    "dma200" : 1062.16,
    "volume" : 1879068.00
  }, {
    "date" : "2025-07-01",
    "price" : 1095.60,
    "dma50" : 1102.20,
    "dma100" : null,
    "dma200" : 1062.50,
    "volume" : 1000985.00
  }, {
    "date" : "2025-07-02",
    "price" : 1095.80,
    "dma50" : 1101.95,
    "dma100" : null,
    "dma200" : 1062.83,
    "volume" : 1250970.00
  }, {
    "date" : "2025-07-03",
    "price" : 1089.40,
    "dma50" : 1101.45,
    "dma100" : null,
    "dma200" : 1063.09,
    "volume" : 773083.00
  }, {
    "date" : "2025-07-04",
    "price" : 1089.70,
    "dma50" : 1100.99,
    "dma100" : null,
    "dma200" : 1063.36,
    "volume" : 581871.00
  }, {
    "date" : "2025-07-07",
    "price" : 1101.90,
    "dma50" : 1101.03,
    "dma100" : null,
    "dma200" : 1063.74,
    "volume" : 1177079.00
  }, {
    "date" : "2025-07-08",
    "price" : 1099.90,
    "dma50" : 1100.98,
    "dma100" : null,
    "dma200" : 1064.10,
    "volume" : 628038.00
  }, {
    "date" : "2025-07-09",
    "price" : 1097.90,
    "dma50" : 1100.86,
    "dma100" : null,
    "dma200" : 1064.44,
    "volume" : 836620.00
  }, {
    "date" : "2025-07-10",
    "price" : 1088.90,
    "dma50" : 1100.39,
    "dma100" : null,
    "dma200" : 1064.68,
    "volume" : 539897.00
  }, {
    "date" : "2025-07-11",
    "price" : 1076.80,
    "dma50" : 1099.47,
    "dma100" : null,
    "dma200" : 1064.80,
    "volume" : 1030831.00
  }, {
    "date" : "2025-07-14",
    "price" : 1071.80,
    "dma50" : 1098.38,
    "dma100" : null,
    "dma200" : 1064.87,
    "volume" : 940858.00
  }, {
    "date" : "2025-07-15",
    "price" : 1081.80,
    "dma50" : 1097.73,
    "dma100" : null,
    "dma200" : 1065.04,
    "volume" : 578758.00
  }, {
    "date" : "2025-07-16",
    "price" : 1081.50,
    "dma50" : 1097.10,
    "dma100" : null,
    "dma200" : 1065.20,
    "volume" : 1790973.00
  }, {
    "date" : "2025-07-17",
    "price" : 1105.80,
    "dma50" : 1097.44,
    "dma100" : null,
    "dma200" : 1065.61,
    "volume" : 1227681.00
  }, {
    "date" : "2025-07-18",
    "price" : 1095.90,
    "dma50" : 1097.38,
    "dma100" : null,
    "dma200" : 1065.91,
    "volume" : 869101.00
  }, {
    "date" : "2025-07-21",
    "price" : 1090.30,
    "dma50" : 1097.10,
    "dma100" : null,
    "dma200" : 1066.15,
    "volume" : 839483.00
  }, {
    "date" : "2025-07-22",
    "price" : 1084.80,
    "dma50" : 1096.62,
    "dma100" : 1077.91,
    "dma200" : 1066.34,
    "volume" : 984220.00
  }, {
    "date" : "2025-07-23",
    "price" : 1062.60,
    "dma50" : 1095.28,
    "dma100" : 1078.52,
    "dma200" : 1066.30,
    "volume" : 1560368.00
  }, {
    "date" : "2025-07-24",
    "price" : 1072.80,
    "dma50" : 1094.40,
    "dma100" : 1079.20,
    "dma200" : 1066.36,
    "volume" : 6560146.00
  }, {
    "date" : "2025-07-25",
    "price" : 1054.40,
    "dma50" : 1092.83,
    "dma100" : 1079.66,
    "dma200" : 1066.24,
    "volume" : 1214644.00
  }, {
    "date" : "2025-07-28",
    "price" : 1059.90,
    "dma50" : 1091.54,
    "dma100" : 1080.62,
    "dma200" : 1066.18,
    "volume" : 1260911.00
  }, {
    "date" : "2025-07-29",
    "price" : 1061.60,
    "dma50" : 1090.37,
    "dma100" : 1081.70,
    "dma200" : 1066.14,
    "volume" : 958849.00
  }, {
    "date" : "2025-07-30",
    "price" : 1073.10,
    "dma50" : 1089.69,
    "dma100" : 1082.88,
    "dma200" : 1066.20,
    "volume" : 1233767.00
  }, {
    "date" : "2025-07-31",
    "price" : 1073.20,
    "dma50" : 1089.04,
    "dma100" : 1084.05,
    "dma200" : 1066.27,
    "volume" : 1145817.00
  }, {
    "date" : "2025-08-01",
    "price" : 1070.40,
    "dma50" : 1088.31,
    "dma100" : 1085.17,
    "dma200" : 1066.32,
    "volume" : 1068257.00
  }, {
    "date" : "2025-08-04",
    "price" : 1072.60,
    "dma50" : 1087.70,
    "dma100" : 1086.28,
    "dma200" : 1066.38,
    "volume" : 675672.00
  }, {
    "date" : "2025-08-05",
    "price" : 1064.60,
    "dma50" : 1086.79,
    "dma100" : 1087.35,
    "dma200" : 1066.36,
    "volume" : 866326.00
  }, {
    "date" : "2025-08-06",
    "price" : 1052.80,
    "dma50" : 1085.46,
    "dma100" : 1088.28,
    "dma200" : 1066.23,
    "volume" : 611926.00
  }, {
    "date" : "2025-08-07",
    "price" : 1052.80,
    "dma50" : 1084.18,
    "dma100" : 1089.35,
    "dma200" : 1066.09,
    "volume" : 622323.00
  }, {
    "date" : "2025-08-08",
    "price" : 1051.00,
    "dma50" : 1082.88,
    "dma100" : 1090.40,
    "dma200" : 1065.94,
    "volume" : 861661.00
  }, {
    "date" : "2025-08-11",
    "price" : 1059.10,
    "dma50" : 1081.94,
    "dma100" : 1091.59,
    "dma200" : 1065.87,
    "volume" : 628188.00
  }, {
    "date" : "2025-08-12",
    "price" : 1046.80,
    "dma50" : 1080.57,
    "dma100" : 1092.59,
    "dma200" : 1065.68,
    "volume" : 659023.00
  }, {
    "date" : "2025-08-13",
    "price" : 1056.10,
    "dma50" : 1079.61,
    "dma100" : 1093.65,
    "dma200" : 1065.59,
    "volume" : 511985.00
  }, {
    "date" : "2025-08-14",
    "price" : 1051.20,
    "dma50" : 1078.49,
    "dma100" : 1094.50,
    "dma200" : 1065.45,
    "volume" : 779829.00
  }, {
    "date" : "2025-08-18",
    "price" : 1071.30,
    "dma50" : 1078.21,
    "dma100" : 1095.60,
    "dma200" : 1065.50,
    "volume" : 1127270.00
  }, {
    "date" : "2025-08-19",
    "price" : 1085.80,
    "dma50" : 1078.51,
    "dma100" : 1096.76,
    "dma200" : 1065.71,
    "volume" : 723408.00
  }, {
    "date" : "2025-08-20",
    "price" : 1105.30,
    "dma50" : 1079.56,
    "dma100" : 1098.10,
    "dma200" : 1066.10,
    "volume" : 918487.00
  }, {
    "date" : "2025-08-21",
    "price" : 1088.10,
    "dma50" : 1079.89,
    "dma100" : 1099.39,
    "dma200" : 1066.32,
    "volume" : 638019.00
  }, {
    "date" : "2025-08-22",
    "price" : 1084.10,
    "dma50" : 1080.06,
    "dma100" : 1100.49,
    "dma200" : 1066.50,
    "volume" : 403796.00
  }, {
    "date" : "2025-08-25",
    "price" : 1081.60,
    "dma50" : 1080.12,
    "dma100" : 1101.29,
    "dma200" : 1066.65,
    "volume" : 457070.00
  }, {
    "date" : "2025-08-26",
    "price" : 1079.90,
    "dma50" : 1080.11,
    "dma100" : 1102.17,
    "dma200" : 1066.78,
    "volume" : 1216844.00
  }, {
    "date" : "2025-08-28",
    "price" : 1062.40,
    "dma50" : 1079.42,
    "dma100" : 1102.16,
    "dma200" : 1066.73,
    "volume" : 650493.00
  }, {
    "date" : "2025-08-29",
    "price" : 1065.40,
    "dma50" : 1078.87,
    "dma100" : 1102.11,
    "dma200" : 1066.72,
    "volume" : 1098416.00
  }, {
    "date" : "2025-09-01",
    "price" : 1075.70,
    "dma50" : 1078.74,
    "dma100" : 1101.99,
    "dma200" : 1066.81,
    "volume" : 835597.00
  }, {
    "date" : "2025-09-02",
    "price" : 1100.80,
    "dma50" : 1079.61,
    "dma100" : 1102.52,
    "dma200" : 1067.15,
    "volume" : 1725838.00
  }, {
    "date" : "2025-09-03",
    "price" : 1104.40,
    "dma50" : 1080.58,
    "dma100" : 1102.87,
    "dma200" : 1067.52,
    "volume" : 1266115.00
  }, {
    "date" : "2025-09-04",
    "price" : 1071.10,
    "dma50" : 1080.21,
    "dma100" : 1102.68,
    "dma200" : 1067.55,
    "volume" : 2492955.00
  }, {
    "date" : "2025-09-05",
    "price" : 1072.40,
    "dma50" : 1079.90,
    "dma100" : 1102.43,
    "dma200" : 1067.60,
    "volume" : 1181575.00
  }, {
    "date" : "2025-09-08",
    "price" : 1074.20,
    "dma50" : 1079.68,
    "dma100" : 1102.13,
    "dma200" : 1067.67,
    "volume" : 610397.00
  }, {
    "date" : "2025-09-09",
    "price" : 1083.50,
    "dma50" : 1079.83,
    "dma100" : 1101.91,
    "dma200" : 1067.83,
    "volume" : 801004.00
  }, {
    "date" : "2025-09-10",
    "price" : 1101.00,
    "dma50" : 1080.66,
    "dma100" : 1101.72,
    "dma200" : 1068.16,
    "volume" : 1244398.00
  }, {
    "date" : "2025-09-11",
    "price" : 1105.30,
    "dma50" : 1081.62,
    "dma100" : 1101.56,
    "dma200" : 1068.53,
    "volume" : 1075849.00
  }, {
    "date" : "2025-09-12",
    "price" : 1103.90,
    "dma50" : 1082.50,
    "dma100" : 1101.23,
    "dma200" : 1068.88,
    "volume" : 1148252.00
  }, {
    "date" : "2025-09-15",
    "price" : 1102.60,
    "dma50" : 1083.29,
    "dma100" : 1100.76,
    "dma200" : 1069.21,
    "volume" : 1509056.00
  }, {
    "date" : "2025-09-16",
    "price" : 1092.10,
    "dma50" : 1083.63,
    "dma100" : 1100.07,
    "dma200" : 1069.44,
    "volume" : 660796.00
  }, {
    "date" : "2025-09-17",
    "price" : 1136.30,
    "dma50" : 1085.70,
    "dma100" : 1099.87,
    "dma200" : 1070.11,
    "volume" : 3588662.00
  }, {
    "date" : "2025-09-18",
    "price" : 1129.30,
    "dma50" : 1087.41,
    "dma100" : 1099.61,
    "dma200" : 1070.70,
    "volume" : 1058278.00
  }, {
    "date" : "2025-09-19",
    "price" : 1126.80,
    "dma50" : 1088.95,
    "dma100" : 1099.19,
    "dma200" : 1071.25,
    "volume" : 1455611.00
  }, {
    "date" : "2025-09-22",
    "price" : 1130.10,
    "dma50" : 1090.57,
    "dma100" : 1098.84,
    "dma200" : 1071.84,
    "volume" : 793100.00
  }, {
    "date" : "2025-09-23",
    "price" : 1128.50,
    "dma50" : 1092.05,
    "dma100" : 1098.55,
    "dma200" : 1072.40,
    "volume" : 1106316.00
  }, {
    "date" : "2025-09-24",
    "price" : 1140.10,
    "dma50" : 1093.94,
    "dma100" : 1098.34,
    "dma200" : 1073.08,
    "volume" : 1169766.00
  }, {
    "date" : "2025-09-25",
    "price" : 1134.20,
    "dma50" : 1095.52,
    "dma100" : 1098.13,
    "dma200" : 1073.68,
    "volume" : 1042736.00
  }, {
    "date" : "2025-09-26",
    "price" : 1119.00,
    "dma50" : 1096.44,
    "dma100" : 1097.86,
    "dma200" : 1074.14,
    "volume" : 576258.00
  }, {
    "date" : "2025-09-29",
    "price" : 1123.10,
    "dma50" : 1097.48,
    "dma100" : 1097.93,
    "dma200" : 1074.62,
    "volume" : 1425946.00
  }, {
    "date" : "2025-09-30",
    "price" : 1129.30,
    "dma50" : 1098.73,
    "dma100" : 1098.08,
    "dma200" : 1075.17,
    "volume" : 1407464.00
  }, {
    "date" : "2025-10-01",
    "price" : 1144.80,
    "dma50" : 1100.54,
    "dma100" : 1098.08,
    "dma200" : 1075.86,
    "volume" : 813209.00
  }, {
    "date" : "2025-10-03",
    "price" : 1137.50,
    "dma50" : 1101.99,
    "dma100" : 1098.27,
    "dma200" : 1076.47,
    "volume" : 1602953.00
  }, {
    "date" : "2025-10-06",
    "price" : 1142.10,
    "dma50" : 1103.56,
    "dma100" : 1098.48,
    "dma200" : 1077.13,
    "volume" : 1499552.00
  }, {
    "date" : "2025-10-07",
    "price" : 1120.00,
    "dma50" : 1104.20,
    "dma100" : 1098.21,
    "dma200" : 1077.55,
    "volume" : 1449917.00
  }, {
    "date" : "2025-10-08",
    "price" : 1120.20,
    "dma50" : 1104.83,
    "dma100" : 1097.73,
    "dma200" : 1077.98,
    "volume" : 990468.00
  }, {
    "date" : "2025-10-09",
    "price" : 1118.00,
    "dma50" : 1105.35,
    "dma100" : 1097.42,
    "dma200" : 1078.38,
    "volume" : 861864.00
  }, {
    "date" : "2025-10-10",
    "price" : 1126.50,
    "dma50" : 1106.18,
    "dma100" : 1097.40,
    "dma200" : 1078.85,
    "volume" : 1012166.00
  }, {
    "date" : "2025-10-13",
    "price" : 1117.00,
    "dma50" : 1106.60,
    "dma100" : 1097.18,
    "dma200" : 1079.23,
    "volume" : 852197.00
  }, {
    "date" : "2025-10-14",
    "price" : 1118.90,
    "dma50" : 1107.08,
    "dma100" : 1097.10,
    "dma200" : 1079.63,
    "volume" : 1044840.00
  }, {
    "date" : "2025-10-15",
    "price" : 1114.20,
    "dma50" : 1107.36,
    "dma100" : 1096.84,
    "dma200" : 1079.97,
    "volume" : 1335722.00
  }, {
    "date" : "2025-10-16",
    "price" : 1149.30,
    "dma50" : 1109.01,
    "dma100" : 1096.87,
    "dma200" : 1080.66,
    "volume" : 2420139.00
  }, {
    "date" : "2025-10-17",
    "price" : 1166.00,
    "dma50" : 1111.24,
    "dma100" : 1097.14,
    "dma200" : 1081.51,
    "volume" : 2147132.00
  }, {
    "date" : "2025-10-20",
    "price" : 1176.40,
    "dma50" : 1113.80,
    "dma100" : 1097.69,
    "dma200" : 1082.46,
    "volume" : 1813031.00
  }, {
    "date" : "2025-10-21",
    "price" : 1174.60,
    "dma50" : 1116.18,
    "dma100" : 1098.34,
    "dma200" : 1083.37,
    "volume" : 144193.00
  }, {
    "date" : "2025-10-23",
    "price" : 1161.00,
    "dma50" : 1117.94,
    "dma100" : 1098.89,
    "dma200" : 1084.14,
    "volume" : 1251632.00
  }, {
    "date" : "2025-10-24",
    "price" : 1155.30,
    "dma50" : 1119.41,
    "dma100" : 1099.24,
    "dma200" : 1084.85,
    "volume" : 1128172.00
  }, {
    "date" : "2025-10-27",
    "price" : 1169.90,
    "dma50" : 1121.39,
    "dma100" : 1099.79,
    "dma200" : 1085.70,
    "volume" : 1061712.00
  }, {
    "date" : "2025-10-28",
    "price" : 1168.90,
    "dma50" : 1123.25,
    "dma100" : 1100.24,
    "dma200" : 1086.53,
    "volume" : 865043.00
  }, {
    "date" : "2025-10-29",
    "price" : 1177.10,
    "dma50" : 1125.36,
    "dma100" : 1100.89,
    "dma200" : 1087.43,
    "volume" : 1051970.00
  }, {
    "date" : "2025-10-30",
    "price" : 1176.60,
    "dma50" : 1127.37,
    "dma100" : 1101.50,
    "dma200" : 1088.32,
    "volume" : 911959.00
  }, {
    "date" : "2025-10-31",
    "price" : 1165.00,
    "dma50" : 1128.85,
    "dma100" : 1101.94,
    "dma200" : 1089.08,
    "volume" : 774266.00
  }, {
    "date" : "2025-11-03",
    "price" : 1197.50,
    "dma50" : 1131.54,
    "dma100" : 1102.76,
    "dma200" : 1090.16,
    "volume" : 2739986.00
  }, {
    "date" : "2025-11-04",
    "price" : 1179.30,
    "dma50" : 1133.41,
    "dma100" : 1103.51,
    "dma200" : 1091.04,
    "volume" : 3007233.00
  }, {
    "date" : "2025-11-06",
    "price" : 1190.40,
    "dma50" : 1135.65,
    "dma100" : 1104.56,
    "dma200" : 1092.03,
    "volume" : 2463349.00
  }, {
    "date" : "2025-11-07",
    "price" : 1167.20,
    "dma50" : 1136.88,
    "dma100" : 1105.45,
    "dma200" : 1092.78,
    "volume" : 1400749.00
  }, {
    "date" : "2025-11-10",
    "price" : 1142.70,
    "dma50" : 1137.11,
    "dma100" : 1106.04,
    "dma200" : 1093.28,
    "volume" : 1771174.00
  }, {
    "date" : "2025-11-11",
    "price" : 1156.20,
    "dma50" : 1137.86,
    "dma100" : 1106.89,
    "dma200" : 1093.90,
    "volume" : 1235662.00
  }, {
    "date" : "2025-11-12",
    "price" : 1162.00,
    "dma50" : 1138.81,
    "dma100" : 1107.86,
    "dma200" : 1094.58,
    "volume" : 1255781.00
  }, {
    "date" : "2025-11-13",
    "price" : 1154.80,
    "dma50" : 1139.43,
    "dma100" : 1108.52,
    "dma200" : 1095.18,
    "volume" : 1686257.00
  }, {
    "date" : "2025-11-14",
    "price" : 1157.80,
    "dma50" : 1140.15,
    "dma100" : 1109.10,
    "dma200" : 1095.80,
    "volume" : 1874202.00
  }, {
    "date" : "2025-11-17",
    "price" : 1178.90,
    "dma50" : 1141.67,
    "dma100" : 1109.79,
    "dma200" : 1096.63,
    "volume" : 2204041.00
  }, {
    "date" : "2025-11-18",
    "price" : 1154.10,
    "dma50" : 1142.16,
    "dma100" : 1110.26,
    "dma200" : 1097.20,
    "volume" : 1716512.00
  }, {
    "date" : "2025-11-19",
    "price" : 1162.10,
    "dma50" : 1142.94,
    "dma100" : 1110.61,
    "dma200" : 1097.85,
    "volume" : 2014308.00
  }, {
    "date" : "2025-11-20",
    "price" : 1173.90,
    "dma50" : 1144.16,
    "dma100" : 1110.90,
    "dma200" : 1098.60,
    "volume" : 2275695.00
  }, {
    "date" : "2025-11-21",
    "price" : 1183.10,
    "dma50" : 1145.68,
    "dma100" : 1111.49,
    "dma200" : 1099.45,
    "volume" : 3222659.00
  }, {
    "date" : "2025-11-24",
    "price" : 1186.00,
    "dma50" : 1147.26,
    "dma100" : 1112.36,
    "dma200" : 1100.31,
    "volume" : 4830863.00
  }, {
    "date" : "2025-11-25",
    "price" : 1177.70,
    "dma50" : 1148.46,
    "dma100" : 1113.18,
    "dma200" : 1101.08,
    "volume" : 1270683.00
  }, {
    "date" : "2025-11-26",
    "price" : 1185.30,
    "dma50" : 1149.90,
    "dma100" : 1114.07,
    "dma200" : 1101.91,
    "volume" : 731139.00
  }, {
    "date" : "2025-11-27",
    "price" : 1177.70,
    "dma50" : 1150.99,
    "dma100" : 1114.96,
    "dma200" : 1102.67,
    "volume" : 1148854.00
  }, {
    "date" : "2025-11-28",
    "price" : 1172.40,
    "dma50" : 1151.83,
    "dma100" : 1115.78,
    "dma200" : 1103.36,
    "volume" : 1029591.00
  }, {
    "date" : "2025-12-01",
    "price" : 1163.80,
    "dma50" : 1152.30,
    "dma100" : 1116.40,
    "dma200" : 1103.96,
    "volume" : 497865.00
  }, {
    "date" : "2025-12-02",
    "price" : 1162.20,
    "dma50" : 1152.69,
    "dma100" : 1117.03,
    "dma200" : 1104.54,
    "volume" : 716036.00
  }, {
    "date" : "2025-12-03",
    "price" : 1140.00,
    "dma50" : 1152.19,
    "dma100" : 1117.45,
    "dma200" : 1104.90,
    "volume" : 736876.00
  }, {
    "date" : "2025-12-04",
    "price" : 1148.40,
    "dma50" : 1152.04,
    "dma100" : 1118.04,
    "dma200" : 1105.33,
    "volume" : 722442.00
  }, {
    "date" : "2025-12-05",
    "price" : 1162.90,
    "dma50" : 1152.47,
    "dma100" : 1118.90,
    "dma200" : 1105.90,
    "volume" : 710966.00
  }, {
    "date" : "2025-12-08",
    "price" : 1145.80,
    "dma50" : 1152.21,
    "dma100" : 1119.64,
    "dma200" : 1106.30,
    "volume" : 600759.00
  }, {
    "date" : "2025-12-09",
    "price" : 1146.70,
    "dma50" : 1151.99,
    "dma100" : 1120.29,
    "dma200" : 1106.70,
    "volume" : 856961.00
  }, {
    "date" : "2025-12-10",
    "price" : 1140.10,
    "dma50" : 1151.53,
    "dma100" : 1120.88,
    "dma200" : 1107.03,
    "volume" : 350486.00
  }, {
    "date" : "2025-12-11",
    "price" : 1142.10,
    "dma50" : 1151.16,
    "dma100" : 1121.24,
    "dma200" : 1107.38,
    "volume" : 628439.00
  }, {
    "date" : "2025-12-12",
    "price" : 1149.30,
    "dma50" : 1151.08,
    "dma100" : 1121.77,
    "dma200" : 1107.80,
    "volume" : 760129.00
  }, {
    "date" : "2025-12-15",
    "price" : 1157.40,
    "dma50" : 1151.33,
    "dma100" : 1122.45,
    "dma200" : 1108.29,
    "volume" : 1112682.00
  }, {
    "date" : "2025-12-16",
    "price" : 1169.90,
    "dma50" : 1152.06,
    "dma100" : 1123.30,
    "dma200" : 1108.91,
    "volume" : 1212282.00
  }, {
    "date" : "2025-12-17",
    "price" : 1179.80,
    "dma50" : 1153.15,
    "dma100" : 1124.47,
    "dma200" : 1109.61,
    "volume" : 1525990.00
  }, {
    "date" : "2025-12-18",
    "price" : 1171.50,
    "dma50" : 1153.87,
    "dma100" : 1125.46,
    "dma200" : 1110.23,
    "volume" : 587895.00
  }, {
    "date" : "2025-12-19",
    "price" : 1184.00,
    "dma50" : 1155.05,
    "dma100" : 1126.75,
    "dma200" : 1110.96,
    "volume" : 608994.00
  }, {
    "date" : "2025-12-22",
    "price" : 1178.80,
    "dma50" : 1155.98,
    "dma100" : 1127.94,
    "dma200" : 1111.64,
    "volume" : 679506.00
  }, {
    "date" : "2025-12-23",
    "price" : 1185.60,
    "dma50" : 1157.14,
    "dma100" : 1129.18,
    "dma200" : 1112.37,
    "volume" : 823418.00
  }, {
    "date" : "2025-12-24",
    "price" : 1179.20,
    "dma50" : 1158.01,
    "dma100" : 1130.24,
    "dma200" : 1113.04,
    "volume" : 545766.00
  }, {
    "date" : "2025-12-26",
    "price" : 1175.70,
    "dma50" : 1158.70,
    "dma100" : 1131.27,
    "dma200" : 1113.66,
    "volume" : 329562.00
  }, {
    "date" : "2025-12-29",
    "price" : 1195.20,
    "dma50" : 1160.13,
    "dma100" : 1132.51,
    "dma200" : 1114.47,
    "volume" : 2079112.00
  }, {
    "date" : "2025-12-30",
    "price" : 1179.00,
    "dma50" : 1160.87,
    "dma100" : 1133.58,
    "dma200" : 1115.11,
    "volume" : 2280406.00
  }, {
    "date" : "2025-12-31",
    "price" : 1192.00,
    "dma50" : 1162.09,
    "dma100" : 1134.85,
    "dma200" : 1115.88,
    "volume" : 1043011.00
  }, {
    "date" : "2026-01-01",
    "price" : 1176.90,
    "dma50" : 1162.67,
    "dma100" : 1136.09,
    "dma200" : 1116.49,
    "volume" : 984214.00
  }, {
    "date" : "2026-01-02",
    "price" : 1170.70,
    "dma50" : 1162.99,
    "dma100" : 1137.27,
    "dma200" : 1117.03,
    "volume" : 1029168.00
  }, {
    "date" : "2026-01-05",
    "price" : 1182.10,
    "dma50" : 1163.74,
    "dma100" : 1138.58,
    "dma200" : 1117.67,
    "volume" : 1546249.00
  }, {
    "date" : "2026-01-06",
    "price" : 1210.40,
    "dma50" : 1165.57,
    "dma100" : 1140.10,
    "dma200" : 1118.60,
    "volume" : 1296597.00
  }, {
    "date" : "2026-01-07",
    "price" : 1212.60,
    "dma50" : 1167.41,
    "dma100" : 1141.75,
    "dma200" : 1119.53,
    "volume" : 1067084.00
  }, {
    "date" : "2026-01-08",
    "price" : 1197.40,
    "dma50" : 1168.59,
    "dma100" : 1143.17,
    "dma200" : 1120.31,
    "volume" : 579538.00
  }, {
    "date" : "2026-01-09",
    "price" : 1175.90,
    "dma50" : 1168.87,
    "dma100" : 1144.41,
    "dma200" : 1120.86,
    "volume" : 580302.00
  }, {
    "date" : "2026-01-12",
    "price" : 1192.30,
    "dma50" : 1169.79,
    "dma100" : 1145.62,
    "dma200" : 1121.57,
    "volume" : 683475.00
  }, {
    "date" : "2026-01-13",
    "price" : 1189.40,
    "dma50" : 1170.56,
    "dma100" : 1146.66,
    "dma200" : 1122.24,
    "volume" : 615343.00
  }, {
    "date" : "2026-01-14",
    "price" : 1171.40,
    "dma50" : 1170.59,
    "dma100" : 1147.32,
    "dma200" : 1122.73,
    "volume" : 592056.00
  }, {
    "date" : "2026-01-16",
    "price" : 1189.10,
    "dma50" : 1171.32,
    "dma100" : 1148.33,
    "dma200" : 1123.39,
    "volume" : 1270325.00
  }, {
    "date" : "2026-01-19",
    "price" : 1180.20,
    "dma50" : 1171.67,
    "dma100" : 1149.29,
    "dma200" : 1123.96,
    "volume" : 552379.00
  }, {
    "date" : "2026-01-20",
    "price" : 1185.00,
    "dma50" : 1172.19,
    "dma100" : 1150.33,
    "dma200" : 1124.57,
    "volume" : 2070068.00
  }, {
    "date" : "2026-01-21",
    "price" : 1163.60,
    "dma50" : 1171.85,
    "dma100" : 1151.16,
    "dma200" : 1124.96,
    "volume" : 981893.00
  }, {
    "date" : "2026-01-22",
    "price" : 1175.20,
    "dma50" : 1171.99,
    "dma100" : 1152.29,
    "dma200" : 1125.46,
    "volume" : 1507585.00
  }, {
    "date" : "2026-01-23",
    "price" : 1153.50,
    "dma50" : 1171.26,
    "dma100" : 1153.17,
    "dma200" : 1125.73,
    "volume" : 1472342.00
  }, {
    "date" : "2026-01-27",
    "price" : 1187.40,
    "dma50" : 1171.89,
    "dma100" : 1154.29,
    "dma200" : 1126.35,
    "volume" : 3934387.00
  }, {
    "date" : "2026-01-28",
    "price" : 1131.80,
    "dma50" : 1170.32,
    "dma100" : 1154.60,
    "dma200" : 1126.40,
    "volume" : 4857201.00
  }, {
    "date" : "2026-01-29",
    "price" : 1107.20,
    "dma50" : 1167.85,
    "dma100" : 1154.63,
    "dma200" : 1126.21,
    "volume" : 2832181.00
  }, {
    "date" : "2026-01-30",
    "price" : 1133.90,
    "dma50" : 1166.51,
    "dma100" : 1155.26,
    "dma200" : 1126.29,
    "volume" : 2613612.00
  }, {
    "date" : "2026-02-01",
    "price" : 1087.30,
    "dma50" : 1163.41,
    "dma100" : 1155.40,
    "dma200" : 1125.90,
    "volume" : 1205263.00
  }, {
    "date" : "2026-02-02",
    "price" : 1125.40,
    "dma50" : 1161.92,
    "dma100" : 1155.92,
    "dma200" : 1125.89,
    "volume" : 1844506.00
  }, {
    "date" : "2026-02-03",
    "price" : 1155.40,
    "dma50" : 1161.66,
    "dma100" : 1156.63,
    "dma200" : 1126.19,
    "volume" : 1479089.00
  }, {
    "date" : "2026-02-04",
    "price" : 1153.00,
    "dma50" : 1161.32,
    "dma100" : 1157.15,
    "dma200" : 1126.46,
    "volume" : 1166050.00
  }, {
    "date" : "2026-02-05",
    "price" : 1155.90,
    "dma50" : 1161.11,
    "dma100" : 1157.66,
    "dma200" : 1126.75,
    "volume" : 1171755.00
  }, {
    "date" : "2026-02-06",
    "price" : 1159.30,
    "dma50" : 1161.04,
    "dma100" : 1158.21,
    "dma200" : 1127.07,
    "volume" : 845747.00
  }, {
    "date" : "2026-02-09",
    "price" : 1167.20,
    "dma50" : 1161.28,
    "dma100" : 1158.86,
    "dma200" : 1127.47,
    "volume" : 1177369.00
  }, {
    "date" : "2026-02-10",
    "price" : 1152.20,
    "dma50" : 1160.92,
    "dma100" : 1159.46,
    "dma200" : 1127.72,
    "volume" : 1046398.00
  }, {
    "date" : "2026-02-11",
    "price" : 1152.60,
    "dma50" : 1160.60,
    "dma100" : 1159.62,
    "dma200" : 1127.96,
    "volume" : 766971.00
  }, {
    "date" : "2026-02-12",
    "price" : 1149.30,
    "dma50" : 1160.15,
    "dma100" : 1159.82,
    "dma200" : 1128.18,
    "volume" : 682803.00
  }, {
    "date" : "2026-02-13",
    "price" : 1132.20,
    "dma50" : 1159.06,
    "dma100" : 1159.88,
    "dma200" : 1128.22,
    "volume" : 535075.00
  }, {
    "date" : "2026-02-16",
    "price" : 1139.20,
    "dma50" : 1158.28,
    "dma100" : 1159.97,
    "dma200" : 1128.33,
    "volume" : 828541.00
  }, {
    "date" : "2026-02-17",
    "price" : 1148.50,
    "dma50" : 1157.90,
    "dma100" : 1160.17,
    "dma200" : 1128.53,
    "volume" : 452750.00
  }, {
    "date" : "2026-02-18",
    "price" : 1169.70,
    "dma50" : 1158.36,
    "dma100" : 1160.47,
    "dma200" : 1128.94,
    "volume" : 667189.00
  }, {
    "date" : "2026-02-19",
    "price" : 1160.50,
    "dma50" : 1158.44,
    "dma100" : 1160.73,
    "dma200" : 1129.25,
    "volume" : 1002439.00
  }, {
    "date" : "2026-02-20",
    "price" : 1156.20,
    "dma50" : 1158.36,
    "dma100" : 1161.10,
    "dma200" : 1129.52,
    "volume" : 494811.00
  } ],
  "latestTechnicalAttributes" : {
    "date" : "2026-02-20",
    "price" : 1156.20,
    "dma50" : 1158.36,
    "dma100" : 1161.10,
    "dma200" : 1129.52,
    "volume" : 494811.00
  },
  "quarterlyResults" : [ {
    "date" : "2005-03-31",
    "sales" : 220.41,
    "salesGrowthYoY" : null,
    "grossProfitMargin" : 64.56,
    "grossProfit" : 142.30,
    "operatingProfitMargin" : 2.65,
    "operatingProfit" : 5.84,
    "netProfitMargin" : 12.16,
    "netProfit" : 26.80
  }, {
    "date" : "2005-06-30",
    "sales" : 236.46,
    "salesGrowthYoY" : null,
    "grossProfitMargin" : 73.35,
    "grossProfit" : 173.44,
    "operatingProfitMargin" : 18.54,
    "operatingProfit" : 43.84,
    "netProfitMargin" : 15.24,
    "netProfit" : 36.04
  }, {
    "date" : "2005-09-30",
    "sales" : 255.26,
    "salesGrowthYoY" : null,
    "grossProfitMargin" : 82.10,
    "grossProfit" : 209.57,
    "operatingProfitMargin" : 26.62,
    "operatingProfit" : 67.95,
    "netProfitMargin" : 25.15,
    "netProfit" : 64.20
  }, {
    "date" : "2005-12-31",
    "sales" : 278.41,
    "salesGrowthYoY" : null,
    "grossProfitMargin" : 67.01,
    "grossProfit" : 186.56,
    "operatingProfitMargin" : 18.98,
    "operatingProfit" : 52.84,
    "netProfitMargin" : 15.71,
    "netProfit" : 43.74
  }, {
    "date" : "2006-03-31",
    "sales" : 219.07,
    "salesGrowthYoY" : -0.61,
    "grossProfitMargin" : 58.20,
    "grossProfit" : 127.50,
    "operatingProfitMargin" : 5.09,
    "operatingProfit" : 11.15,
    "netProfitMargin" : 9.62,
    "netProfit" : 21.07
  }, {
    "date" : "2006-06-30",
    "sales" : 254.35,
    "salesGrowthYoY" : 7.57,
    "grossProfitMargin" : 71.13,
    "grossProfit" : 180.92,
    "operatingProfitMargin" : 21.89,
    "operatingProfit" : 55.68,
    "netProfitMargin" : 18.20,
    "netProfit" : 46.29
  }, {
    "date" : "2006-09-30",
    "sales" : 274.00,
    "salesGrowthYoY" : 7.34,
    "grossProfitMargin" : 77.75,
    "grossProfit" : 213.03,
    "operatingProfitMargin" : 26.86,
    "operatingProfit" : 73.60,
    "netProfitMargin" : 37.08,
    "netProfit" : 101.60
  }, {
    "date" : "2006-12-31",
    "sales" : 290.77,
    "salesGrowthYoY" : 4.44,
    "grossProfitMargin" : 64.72,
    "grossProfit" : 188.19,
    "operatingProfitMargin" : 19.16,
    "operatingProfit" : 55.71,
    "netProfitMargin" : 13.43,
    "netProfit" : 39.05
  }, {
    "date" : "2007-03-31",
    "sales" : 251.23,
    "salesGrowthYoY" : 14.68,
    "grossProfitMargin" : 58.97,
    "grossProfit" : 148.15,
    "operatingProfitMargin" : 5.95,
    "operatingProfit" : 14.95,
    "netProfitMargin" : 0.09,
    "netProfit" : 0.23
  }, {
    "date" : "2007-06-30",
    "sales" : 280.61,
    "salesGrowthYoY" : 10.32,
    "grossProfitMargin" : 48.97,
    "grossProfit" : 137.41,
    "operatingProfitMargin" : 20.31,
    "operatingProfit" : 56.99,
    "netProfitMargin" : 14.47,
    "netProfit" : 40.60
  }, {
    "date" : "2007-09-30",
    "sales" : 283.72,
    "salesGrowthYoY" : 3.55,
    "grossProfitMargin" : 46.50,
    "grossProfit" : 131.93,
    "operatingProfitMargin" : 12.36,
    "operatingProfit" : 35.07,
    "netProfitMargin" : 13.53,
    "netProfit" : 38.39
  }, {
    "date" : "2007-12-31",
    "sales" : 314.08,
    "salesGrowthYoY" : 8.02,
    "grossProfitMargin" : 46.90,
    "grossProfit" : 147.30,
    "operatingProfitMargin" : 13.29,
    "operatingProfit" : 41.74,
    "netProfitMargin" : 14.38,
    "netProfit" : 45.16
  }, {
    "date" : "2008-03-31",
    "sales" : 275.02,
    "salesGrowthYoY" : 9.47,
    "grossProfitMargin" : 48.14,
    "grossProfit" : 132.39,
    "operatingProfitMargin" : 9.42,
    "operatingProfit" : 25.91,
    "netProfitMargin" : 13.27,
    "netProfit" : 36.50
  }, {
    "date" : "2008-06-30",
    "sales" : 314.97,
    "salesGrowthYoY" : 12.24,
    "grossProfitMargin" : 45.30,
    "grossProfit" : 142.68,
    "operatingProfitMargin" : 16.96,
    "operatingProfit" : 53.42,
    "netProfitMargin" : 12.46,
    "netProfit" : 39.25
  }, {
    "date" : "2008-09-30",
    "sales" : 324.32,
    "salesGrowthYoY" : 14.31,
    "grossProfitMargin" : 41.38,
    "grossProfit" : 134.20,
    "operatingProfitMargin" : 8.13,
    "operatingProfit" : 26.37,
    "netProfitMargin" : 12.87,
    "netProfit" : 41.74
  }, {
    "date" : "2008-12-31",
    "sales" : 382.75,
    "salesGrowthYoY" : 21.86,
    "grossProfitMargin" : 42.44,
    "grossProfit" : 162.44,
    "operatingProfitMargin" : 12.13,
    "operatingProfit" : 46.43,
    "netProfitMargin" : 13.02,
    "netProfit" : 49.83
  }, {
    "date" : "2009-03-31",
    "sales" : 357.21,
    "salesGrowthYoY" : 29.89,
    "grossProfitMargin" : 47.07,
    "grossProfit" : 168.14,
    "operatingProfitMargin" : 5.69,
    "operatingProfit" : 20.33,
    "netProfitMargin" : 8.19,
    "netProfit" : 29.26
  }, {
    "date" : "2009-06-30",
    "sales" : 419.49,
    "salesGrowthYoY" : 33.18,
    "grossProfitMargin" : 43.03,
    "grossProfit" : 180.51,
    "operatingProfitMargin" : 15.92,
    "operatingProfit" : 66.78,
    "netProfitMargin" : 10.59,
    "netProfit" : 44.42
  }, {
    "date" : "2009-09-30",
    "sales" : 426.36,
    "salesGrowthYoY" : 31.46,
    "grossProfitMargin" : 40.48,
    "grossProfit" : 172.59,
    "operatingProfitMargin" : 8.30,
    "operatingProfit" : 35.39,
    "netProfitMargin" : 11.18,
    "netProfit" : 47.67
  }, {
    "date" : "2009-12-31",
    "sales" : 450.61,
    "salesGrowthYoY" : 17.73,
    "grossProfitMargin" : 42.44,
    "grossProfit" : 191.24,
    "operatingProfitMargin" : 10.53,
    "operatingProfit" : 47.45,
    "netProfitMargin" : 8.50,
    "netProfit" : 38.30
  }, {
    "date" : "2010-03-31",
    "sales" : 419.15,
    "salesGrowthYoY" : 17.34,
    "grossProfitMargin" : 44.83,
    "grossProfit" : 187.90,
    "operatingProfitMargin" : 12.07,
    "operatingProfit" : 50.59,
    "netProfitMargin" : 12.82,
    "netProfit" : 53.74
  }, {
    "date" : "2010-06-30",
    "sales" : 454.01,
    "salesGrowthYoY" : 8.23,
    "grossProfitMargin" : 43.03,
    "grossProfit" : 195.36,
    "operatingProfitMargin" : 12.21,
    "operatingProfit" : 55.43,
    "netProfitMargin" : 7.96,
    "netProfit" : 36.14
  }, {
    "date" : "2010-09-30",
    "sales" : 447.66,
    "salesGrowthYoY" : 5.00,
    "grossProfitMargin" : 41.68,
    "grossProfit" : 186.58,
    "operatingProfitMargin" : 8.42,
    "operatingProfit" : 37.69,
    "netProfitMargin" : 9.17,
    "netProfit" : 41.05
  }, {
    "date" : "2010-12-31",
    "sales" : 475.17,
    "salesGrowthYoY" : 5.45,
    "grossProfitMargin" : 38.19,
    "grossProfit" : 181.47,
    "operatingProfitMargin" : 5.48,
    "operatingProfit" : 26.04,
    "netProfitMargin" : 9.95,
    "netProfit" : 47.28
  }, {
    "date" : "2011-03-31",
    "sales" : 434.27,
    "salesGrowthYoY" : 3.61,
    "grossProfitMargin" : 34.30,
    "grossProfit" : 148.95,
    "operatingProfitMargin" : 6.11,
    "operatingProfit" : 26.53,
    "netProfitMargin" : 5.95,
    "netProfit" : 25.84
  }, {
    "date" : "2011-06-30",
    "sales" : 519.46,
    "salesGrowthYoY" : 14.42,
    "grossProfitMargin" : 33.68,
    "grossProfit" : 174.95,
    "operatingProfitMargin" : 11.74,
    "operatingProfit" : 60.98,
    "netProfitMargin" : 12.30,
    "netProfit" : 63.89
  }, {
    "date" : "2011-09-30",
    "sales" : 511.13,
    "salesGrowthYoY" : 14.18,
    "grossProfitMargin" : 34.10,
    "grossProfit" : 174.30,
    "operatingProfitMargin" : 10.01,
    "operatingProfit" : 51.16,
    "netProfitMargin" : 10.34,
    "netProfit" : 52.85
  }, {
    "date" : "2011-12-31",
    "sales" : 530.51,
    "salesGrowthYoY" : 11.65,
    "grossProfitMargin" : 38.70,
    "grossProfit" : 205.31,
    "operatingProfitMargin" : 12.61,
    "operatingProfit" : 66.90,
    "netProfitMargin" : 12.74,
    "netProfit" : 67.59
  }, {
    "date" : "2012-03-31",
    "sales" : 474.19,
    "salesGrowthYoY" : 9.19,
    "grossProfitMargin" : 41.21,
    "grossProfit" : 195.41,
    "operatingProfitMargin" : 11.06,
    "operatingProfit" : 52.45,
    "netProfitMargin" : 7.51,
    "netProfit" : 35.61
  }, {
    "date" : "2012-06-30",
    "sales" : 570.08,
    "salesGrowthYoY" : 9.74,
    "grossProfitMargin" : 36.19,
    "grossProfit" : 206.31,
    "operatingProfitMargin" : 13.91,
    "operatingProfit" : 79.30,
    "netProfitMargin" : 10.02,
    "netProfit" : 57.12
  }, {
    "date" : "2012-09-30",
    "sales" : 552.36,
    "salesGrowthYoY" : 8.07,
    "grossProfitMargin" : 30.75,
    "grossProfit" : 169.85,
    "operatingProfitMargin" : 5.64,
    "operatingProfit" : 31.15,
    "netProfitMargin" : 11.10,
    "netProfit" : 61.31
  }, {
    "date" : "2012-12-31",
    "sales" : 625.29,
    "salesGrowthYoY" : 17.87,
    "grossProfitMargin" : 33.61,
    "grossProfit" : 210.16,
    "operatingProfitMargin" : 10.81,
    "operatingProfit" : 67.59,
    "netProfitMargin" : 12.70,
    "netProfit" : 79.41
  }, {
    "date" : "2013-03-31",
    "sales" : 578.37,
    "salesGrowthYoY" : 21.97,
    "grossProfitMargin" : 39.40,
    "grossProfit" : 227.88,
    "operatingProfitMargin" : 10.46,
    "operatingProfit" : 60.50,
    "netProfitMargin" : 7.18,
    "netProfit" : 41.53
  }, {
    "date" : "2013-06-30",
    "sales" : 679.59,
    "salesGrowthYoY" : 19.21,
    "grossProfitMargin" : 35.11,
    "grossProfit" : 238.60,
    "operatingProfitMargin" : 12.41,
    "operatingProfit" : 84.34,
    "netProfitMargin" : 9.71,
    "netProfit" : 65.99
  }, {
    "date" : "2013-09-30",
    "sales" : 652.02,
    "salesGrowthYoY" : 18.04,
    "grossProfitMargin" : 32.86,
    "grossProfit" : 214.25,
    "operatingProfitMargin" : 6.71,
    "operatingProfit" : 43.75,
    "netProfitMargin" : 8.82,
    "netProfit" : 57.51
  }, {
    "date" : "2013-12-31",
    "sales" : 718.59,
    "salesGrowthYoY" : 14.92,
    "grossProfitMargin" : 36.26,
    "grossProfit" : 260.56,
    "operatingProfitMargin" : 12.46,
    "operatingProfit" : 89.54,
    "netProfitMargin" : 12.97,
    "netProfit" : 93.20
  }, {
    "date" : "2014-03-31",
    "sales" : 632.75,
    "salesGrowthYoY" : 9.40,
    "grossProfitMargin" : 38.10,
    "grossProfit" : 241.08,
    "operatingProfitMargin" : 10.47,
    "operatingProfit" : 66.25,
    "netProfitMargin" : 16.50,
    "netProfit" : 104.40
  }, {
    "date" : "2014-06-30",
    "sales" : 726.05,
    "salesGrowthYoY" : 6.84,
    "grossProfitMargin" : 34.58,
    "grossProfit" : 251.07,
    "operatingProfitMargin" : 11.73,
    "operatingProfit" : 85.17,
    "netProfitMargin" : 8.26,
    "netProfit" : 59.97
  }, {
    "date" : "2014-09-30",
    "sales" : 712.37,
    "salesGrowthYoY" : 9.26,
    "grossProfitMargin" : 33.43,
    "grossProfit" : 238.15,
    "operatingProfitMargin" : 8.25,
    "operatingProfit" : 58.77,
    "netProfitMargin" : 18.46,
    "netProfit" : 131.50
  }, {
    "date" : "2014-12-31",
    "sales" : 781.75,
    "salesGrowthYoY" : 8.79,
    "grossProfitMargin" : 36.17,
    "grossProfit" : 282.76,
    "operatingProfitMargin" : 11.05,
    "operatingProfit" : 86.38,
    "netProfitMargin" : 7.11,
    "netProfit" : 55.58
  }, {
    "date" : "2015-03-31",
    "sales" : 671.49,
    "salesGrowthYoY" : 6.12,
    "grossProfitMargin" : 40.70,
    "grossProfit" : 273.30,
    "operatingProfitMargin" : 12.89,
    "operatingProfit" : 86.56,
    "netProfitMargin" : 16.46,
    "netProfit" : 110.53
  }, {
    "date" : "2015-06-30",
    "sales" : 802.32,
    "salesGrowthYoY" : 10.50,
    "grossProfitMargin" : 35.15,
    "grossProfit" : 282.02,
    "operatingProfitMargin" : 14.16,
    "operatingProfit" : 113.61,
    "netProfitMargin" : 8.16,
    "netProfit" : 65.47
  }, {
    "date" : "2015-09-30",
    "sales" : 748.23,
    "salesGrowthYoY" : 5.03,
    "grossProfitMargin" : 36.19,
    "grossProfit" : 270.78,
    "operatingProfitMargin" : 9.76,
    "operatingProfit" : 73.03,
    "netProfitMargin" : 14.44,
    "netProfit" : 108.04
  }, {
    "date" : "2015-12-31",
    "sales" : 761.10,
    "salesGrowthYoY" : -2.64,
    "grossProfitMargin" : 36.52,
    "grossProfit" : 277.95,
    "operatingProfitMargin" : 12.53,
    "operatingProfit" : 95.37,
    "netProfitMargin" : 6.57,
    "netProfit" : 50.00
  }, {
    "date" : "2016-03-31",
    "sales" : 676.75,
    "salesGrowthYoY" : 0.78,
    "grossProfitMargin" : 38.49,
    "grossProfit" : 260.48,
    "operatingProfitMargin" : 11.40,
    "operatingProfit" : 77.15,
    "netProfitMargin" : 8.36,
    "netProfit" : 56.58
  }, {
    "date" : "2016-06-30",
    "sales" : 820.08,
    "salesGrowthYoY" : 2.21,
    "grossProfitMargin" : 35.29,
    "grossProfit" : 289.41,
    "operatingProfitMargin" : 14.16,
    "operatingProfit" : 116.12,
    "netProfitMargin" : 8.93,
    "netProfit" : 73.23
  }, {
    "date" : "2016-09-30",
    "sales" : 759.12,
    "salesGrowthYoY" : 1.46,
    "grossProfitMargin" : 38.47,
    "grossProfit" : 292.03,
    "operatingProfitMargin" : 11.17,
    "operatingProfit" : 84.79,
    "netProfitMargin" : 11.37,
    "netProfit" : 86.31
  }, {
    "date" : "2016-12-31",
    "sales" : 786.43,
    "salesGrowthYoY" : 3.33,
    "grossProfitMargin" : 39.28,
    "grossProfit" : 308.91,
    "operatingProfitMargin" : 12.33,
    "operatingProfit" : 96.97,
    "netProfitMargin" : 9.21,
    "netProfit" : 72.43
  }, {
    "date" : "2017-03-31",
    "sales" : 696.57,
    "salesGrowthYoY" : 2.93,
    "grossProfitMargin" : 40.86,
    "grossProfit" : 284.62,
    "operatingProfitMargin" : 9.30,
    "operatingProfit" : 64.78,
    "netProfitMargin" : 6.31,
    "netProfit" : 43.95
  }, {
    "date" : "2017-06-30",
    "sales" : 859.44,
    "salesGrowthYoY" : 4.80,
    "grossProfitMargin" : 40.49,
    "grossProfit" : 347.99,
    "operatingProfitMargin" : 18.64,
    "operatingProfit" : 160.20,
    "netProfitMargin" : 16.19,
    "netProfit" : 139.14
  }, {
    "date" : "2017-09-30",
    "sales" : 794.80,
    "salesGrowthYoY" : 4.70,
    "grossProfitMargin" : 39.54,
    "grossProfit" : 314.26,
    "operatingProfitMargin" : 15.41,
    "operatingProfit" : 122.48,
    "netProfitMargin" : 15.13,
    "netProfit" : 120.25
  }, {
    "date" : "2017-12-31",
    "sales" : 848.43,
    "salesGrowthYoY" : 7.88,
    "grossProfitMargin" : 41.69,
    "grossProfit" : 353.71,
    "operatingProfitMargin" : 17.50,
    "operatingProfit" : 148.48,
    "netProfitMargin" : 15.15,
    "netProfit" : 128.54
  }, {
    "date" : "2018-03-31",
    "sales" : 714.65,
    "salesGrowthYoY" : 2.60,
    "grossProfitMargin" : 41.76,
    "grossProfit" : 298.44,
    "operatingProfitMargin" : 9.82,
    "operatingProfit" : 70.18,
    "netProfitMargin" : 7.96,
    "netProfit" : 56.89
  }, {
    "date" : "2018-06-30",
    "sales" : 908.60,
    "salesGrowthYoY" : 5.72,
    "grossProfitMargin" : 40.43,
    "grossProfit" : 367.35,
    "operatingProfitMargin" : 18.37,
    "operatingProfit" : 166.91,
    "netProfitMargin" : 16.26,
    "netProfit" : 147.74
  }, {
    "date" : "2018-09-30",
    "sales" : 847.28,
    "salesGrowthYoY" : 6.60,
    "grossProfitMargin" : 38.58,
    "grossProfit" : 326.88,
    "operatingProfitMargin" : 11.60,
    "operatingProfit" : 98.28,
    "netProfitMargin" : 14.20,
    "netProfit" : 120.31
  }, {
    "date" : "2018-12-31",
    "sales" : 889.73,
    "salesGrowthYoY" : 4.87,
    "grossProfitMargin" : 39.32,
    "grossProfit" : 349.84,
    "operatingProfitMargin" : 12.81,
    "operatingProfit" : 113.97,
    "netProfitMargin" : 10.08,
    "netProfit" : 89.68
  }, {
    "date" : "2019-03-31",
    "sales" : 784.05,
    "salesGrowthYoY" : 9.71,
    "grossProfitMargin" : 39.00,
    "grossProfit" : 305.78,
    "operatingProfitMargin" : 7.53,
    "operatingProfit" : 59.04,
    "netProfitMargin" : 6.79,
    "netProfit" : 53.24
  }, {
    "date" : "2019-06-30",
    "sales" : 1464.04,
    "salesGrowthYoY" : 61.13,
    "grossProfitMargin" : 37.68,
    "grossProfit" : 551.65,
    "operatingProfitMargin" : 15.91,
    "operatingProfit" : 232.93,
    "netProfitMargin" : 10.92,
    "netProfit" : 159.87
  }, {
    "date" : "2019-09-30",
    "sales" : 1427.16,
    "salesGrowthYoY" : 68.44,
    "grossProfitMargin" : 38.87,
    "grossProfit" : 554.74,
    "operatingProfitMargin" : 14.28,
    "operatingProfit" : 203.80,
    "netProfitMargin" : 10.95,
    "netProfit" : 156.27
  }, {
    "date" : "2019-12-31",
    "sales" : 1463.45,
    "salesGrowthYoY" : 64.48,
    "grossProfitMargin" : 38.47,
    "grossProfit" : 562.99,
    "operatingProfitMargin" : 14.14,
    "operatingProfit" : 206.93,
    "netProfitMargin" : 9.81,
    "netProfit" : 143.56
  }, {
    "date" : "2020-03-31",
    "sales" : 1335.31,
    "salesGrowthYoY" : 70.31,
    "grossProfitMargin" : 40.98,
    "grossProfit" : 547.21,
    "operatingProfitMargin" : 12.01,
    "operatingProfit" : 160.37,
    "netProfitMargin" : 7.54,
    "netProfit" : 100.68
  }, {
    "date" : "2020-06-30",
    "sales" : 1605.43,
    "salesGrowthYoY" : 9.66,
    "grossProfitMargin" : 40.85,
    "grossProfit" : 655.82,
    "operatingProfitMargin" : 20.29,
    "operatingProfit" : 325.74,
    "netProfitMargin" : 15.44,
    "netProfit" : 247.88
  }, {
    "date" : "2020-09-30",
    "sales" : 1736.14,
    "salesGrowthYoY" : 21.65,
    "grossProfitMargin" : 34.96,
    "grossProfit" : 606.95,
    "operatingProfitMargin" : 14.61,
    "operatingProfit" : 253.65,
    "netProfitMargin" : 10.57,
    "netProfit" : 183.51
  }, {
    "date" : "2020-12-31",
    "sales" : 1962.73,
    "salesGrowthYoY" : 34.12,
    "grossProfitMargin" : 30.09,
    "grossProfit" : 590.59,
    "operatingProfitMargin" : 10.04,
    "operatingProfit" : 197.06,
    "netProfitMargin" : 7.18,
    "netProfit" : 140.92
  }, {
    "date" : "2021-03-31",
    "sales" : 1850.06,
    "salesGrowthYoY" : 38.55,
    "grossProfitMargin" : 30.85,
    "grossProfit" : 570.74,
    "operatingProfitMargin" : 7.68,
    "operatingProfit" : 142.08,
    "netProfitMargin" : 4.97,
    "netProfit" : 91.95
  }, {
    "date" : "2021-06-30",
    "sales" : 1965.89,
    "salesGrowthYoY" : 22.45,
    "grossProfitMargin" : 34.70,
    "grossProfit" : 682.16,
    "operatingProfitMargin" : 13.93,
    "operatingProfit" : 273.85,
    "netProfitMargin" : 15.45,
    "netProfit" : 303.73
  }, {
    "date" : "2021-09-30",
    "sales" : 1987.50,
    "salesGrowthYoY" : 14.48,
    "grossProfitMargin" : 37.18,
    "grossProfit" : 738.95,
    "operatingProfitMargin" : 13.52,
    "operatingProfit" : 268.71,
    "netProfitMargin" : 9.75,
    "netProfit" : 193.78
  }, {
    "date" : "2021-12-31",
    "sales" : 2030.48,
    "salesGrowthYoY" : 3.45,
    "grossProfitMargin" : 38.71,
    "grossProfit" : 786.00,
    "operatingProfitMargin" : 13.82,
    "operatingProfit" : 280.61,
    "netProfitMargin" : 9.58,
    "netProfit" : 194.52
  }, {
    "date" : "2022-03-31",
    "sales" : 1948.42,
    "salesGrowthYoY" : 5.32,
    "grossProfitMargin" : 40.11,
    "grossProfit" : 781.51,
    "operatingProfitMargin" : 14.76,
    "operatingProfit" : 287.59,
    "netProfitMargin" : 11.00,
    "netProfit" : 214.33
  }, {
    "date" : "2022-06-30",
    "sales" : 2076.88,
    "salesGrowthYoY" : 5.65,
    "grossProfitMargin" : 37.92,
    "grossProfit" : 787.55,
    "operatingProfitMargin" : 14.77,
    "operatingProfit" : 306.76,
    "netProfitMargin" : 11.62,
    "netProfit" : 241.33
  }, {
    "date" : "2022-09-30",
    "sales" : 2130.78,
    "salesGrowthYoY" : 7.21,
    "grossProfitMargin" : 39.26,
    "grossProfit" : 836.54,
    "operatingProfitMargin" : 15.77,
    "operatingProfit" : 336.02,
    "netProfitMargin" : 11.01,
    "netProfit" : 234.60
  }, {
    "date" : "2022-12-31",
    "sales" : 2153.31,
    "salesGrowthYoY" : 6.05,
    "grossProfitMargin" : 38.93,
    "grossProfit" : 838.28,
    "operatingProfitMargin" : 15.24,
    "operatingProfit" : 328.16,
    "netProfitMargin" : 11.29,
    "netProfit" : 243.11
  }, {
    "date" : "2023-03-31",
    "sales" : 2311.59,
    "salesGrowthYoY" : 18.64,
    "grossProfitMargin" : 38.93,
    "grossProfit" : 899.90,
    "operatingProfitMargin" : 15.91,
    "operatingProfit" : 367.77,
    "netProfitMargin" : 12.24,
    "netProfit" : 282.94
  }, {
    "date" : "2023-06-30",
    "sales" : 2420.05,
    "salesGrowthYoY" : 16.52,
    "grossProfitMargin" : 38.81,
    "grossProfit" : 939.22,
    "operatingProfitMargin" : 15.44,
    "operatingProfit" : 373.66,
    "netProfitMargin" : 11.00,
    "netProfit" : 266.21
  }, {
    "date" : "2023-09-30",
    "sales" : 2630.82,
    "salesGrowthYoY" : 23.47,
    "grossProfitMargin" : 38.94,
    "grossProfit" : 1024.44,
    "operatingProfitMargin" : 15.00,
    "operatingProfit" : 394.62,
    "netProfitMargin" : 10.28,
    "netProfit" : 270.45
  }, {
    "date" : "2023-12-31",
    "sales" : 2629.17,
    "salesGrowthYoY" : 22.10,
    "grossProfitMargin" : 40.50,
    "grossProfit" : 1064.81,
    "operatingProfitMargin" : 16.18,
    "operatingProfit" : 425.40,
    "netProfitMargin" : 11.30,
    "netProfit" : 297.10
  }, {
    "date" : "2024-03-31",
    "sales" : 2772.91,
    "salesGrowthYoY" : 19.96,
    "grossProfitMargin" : 39.50,
    "grossProfit" : 1095.30,
    "operatingProfitMargin" : 14.15,
    "operatingProfit" : 392.37,
    "netProfitMargin" : 9.22,
    "netProfit" : 255.66
  }, {
    "date" : "2024-06-30",
    "sales" : 3201.79,
    "salesGrowthYoY" : 32.30,
    "grossProfitMargin" : 36.62,
    "grossProfit" : 1172.50,
    "operatingProfitMargin" : 12.86,
    "operatingProfit" : 411.75,
    "netProfitMargin" : 5.97,
    "netProfit" : 191.15
  }, {
    "date" : "2024-09-30",
    "sales" : 3045.76,
    "salesGrowthYoY" : 15.77,
    "grossProfitMargin" : 33.61,
    "grossProfit" : 1023.68,
    "operatingProfitMargin" : 11.27,
    "operatingProfit" : 343.26,
    "netProfitMargin" : 7.82,
    "netProfit" : 238.18
  }, {
    "date" : "2024-12-31",
    "sales" : 3200.14,
    "salesGrowthYoY" : 21.72,
    "grossProfitMargin" : 31.24,
    "grossProfit" : 999.72,
    "operatingProfitMargin" : 9.85,
    "operatingProfit" : 315.21,
    "netProfitMargin" : 17.81,
    "netProfit" : 569.94
  }, {
    "date" : "2025-03-31",
    "sales" : 3354.16,
    "salesGrowthYoY" : 20.96,
    "grossProfitMargin" : 31.61,
    "grossProfit" : 1060.25,
    "operatingProfitMargin" : 10.11,
    "operatingProfit" : 339.11,
    "netProfitMargin" : 6.41,
    "netProfit" : 215.00
  }, {
    "date" : "2025-06-30",
    "sales" : 3529.05,
    "salesGrowthYoY" : 10.22,
    "grossProfitMargin" : 32.73,
    "grossProfit" : 1155.06,
    "operatingProfitMargin" : 11.40,
    "operatingProfit" : 402.31,
    "netProfitMargin" : 20.23,
    "netProfit" : 713.93
  }, {
    "date" : "2025-09-30",
    "sales" : 3595.22,
    "salesGrowthYoY" : 18.04,
    "grossProfitMargin" : 34.01,
    "grossProfit" : 1222.73,
    "operatingProfitMargin" : 12.14,
    "operatingProfit" : 436.46,
    "netProfitMargin" : 7.93,
    "netProfit" : 285.10
  }, {
    "date" : "2025-12-31",
    "sales" : 3684.02,
    "salesGrowthYoY" : 15.12,
    "grossProfitMargin" : 35.24,
    "grossProfit" : 1298.25,
    "operatingProfitMargin" : 13.12,
    "operatingProfit" : 483.34,
    "netProfitMargin" : 8.34,
    "netProfit" : 307.25
  } ],
  "latestQuarterlyResult" : {
    "date" : "2025-12-31",
    "sales" : 3684.02,
    "salesGrowthYoY" : 15.12,
    "grossProfitMargin" : 35.24,
    "grossProfit" : 1298.25,
    "operatingProfitMargin" : 13.12,
    "operatingProfit" : 483.34,
    "netProfitMargin" : 8.34,
    "netProfit" : 307.25
  },
  "companyScore" : {
    "priceHigherThanDma50" : 0.00,
    "priceHigherThanDma100" : 0.00,
    "priceHigherThanDma200" : 5.00,
    "dma50HigherThanDma100" : 0.00,
    "dma50HigherThanDma200" : 5.00,
    "dma100HigherThanDma200" : 5.00,
    "pricePercentageAboveDma50" : 5.01,
    "pricePercentageAboveDma100" : 5.02,
    "pricePercentageAboveDma200" : 4.88,
    "weeklyVolumeHigherThanYearlyVolume" : 0.00,
    "salesGrowthPercentile" : 13.00,
    "operatingProfitMarginPercentile" : 11.90,
    "netProfitMarginPercentile" : 2.50,
    "totalTechnicalScore" : 29.91,
    "totalFundamentalScore" : 27.40,
    "totalScore" : 57.32
  }
}