{
  "metadata" : {
    "screenerCompanyId" : "3469",
    "companyCode" : "TBZ",
    "companyName" : "T B Z",
    "screenerCompanyLink" : "https://www.screener.in/company/TBZ/consolidated/",
    "screenerTechnicalHistoryLink" : "https://www.screener.in/api/company/3469/chart/?q=Price-DMA50-DMA200-Volume&days=365",
    "screenerQuarterlyResultsLink" : "https://www.screener.in/api/company/3469/chart/?q=GPM-OPM-NPM-Quarter+Sales&days=10000",
    "attributes" : {
      "companyCode" : "TBZ",
      "companyName" : "T B Z",
      "marketCap" : 1090.00,
      "peRatio" : 11.70,
      "description" : "Incorporated in 2007, Tribhovandas Bhimji Zaveri Ltd is in the business of retail sales of ornaments made of gold, diamond, silver, platinum and precious stones[1]"
    },
    "companyScore" : {
      "priceHigherThanDma50" : 0.00,
      "priceHigherThanDma100" : 0.00,
      "priceHigherThanDma200" : 0.00,
      "dma50HigherThanDma100" : 0.00,
      "dma50HigherThanDma200" : 0.00,
      "dma100HigherThanDma200" : 0.00,
      "pricePercentageAboveDma50" : 5.22,
      "pricePercentageAboveDma100" : 5.44,
      "pricePercentageAboveDma200" : 5.54,
      "weeklyVolumeHigherThanYearlyVolume" : 5.00,
      "salesGrowthPercentile" : 15.77,
      "operatingProfitMarginPercentile" : 18.21,
      "netProfitMarginPercentile" : 9.38,
      "totalTechnicalScore" : 21.20,
      "totalFundamentalScore" : 43.37,
      "totalScore" : 64.56
    }
  },
  "attributes" : {
    "companyCode" : "TBZ",
    "companyName" : "T B Z",
    "marketCap" : 1090.00,
    "peRatio" : 11.70,
    "description" : "Incorporated in 2007, Tribhovandas Bhimji Zaveri Ltd is in the business of retail sales of ornaments made of gold, diamond, silver, platinum and precious stones[1]"
  },
  "technicalHistory" : [ {
    "date" : "2025-01-20",
    "price" : 206.76,
    "dma50" : 239.23,
    "dma100" : null,
    "dma200" : 206.46,
    "volume" : 248379.00
  }, {
    "date" : "2025-01-21",
    "price" : 199.39,
    "dma50" : 237.67,
    "dma100" : null,
    "dma200" : 206.39,
    "volume" : 198825.00
  }, {
    "date" : "2025-01-22",
    "price" : 193.59,
    "dma50" : 235.94,
    "dma100" : null,
    "dma200" : 206.26,
    "volume" : 315085.00
  }, {
    "date" : "2025-01-23",
    "price" : 191.65,
    "dma50" : 234.20,
    "dma100" : null,
    "dma200" : 206.12,
    "volume" : 180439.00
  }, {
    "date" : "2025-01-24",
    "price" : 183.38,
    "dma50" : 232.21,
    "dma100" : null,
    "dma200" : 205.89,
    "volume" : 173843.00
  }, {
    "date" : "2025-01-27",
    "price" : 176.99,
    "dma50" : 230.04,
    "dma100" : null,
    "dma200" : 205.61,
    "volume" : 194948.00
  }, {
    "date" : "2025-01-28",
    "price" : 174.19,
    "dma50" : 227.85,
    "dma100" : null,
    "dma200" : 205.29,
    "volume" : 295800.00
  }, {
    "date" : "2025-01-29",
    "price" : 179.52,
    "dma50" : 225.96,
    "dma100" : null,
    "dma200" : 205.04,
    "volume" : 196696.00
  }, {
    "date" : "2025-01-30",
    "price" : 178.03,
    "dma50" : 224.08,
    "dma100" : null,
    "dma200" : 204.77,
    "volume" : 127400.00
  }, {
    "date" : "2025-01-31",
    "price" : 186.93,
    "dma50" : 222.62,
    "dma100" : null,
    "dma200" : 204.59,
    "volume" : 112196.00
  }, {
    "date" : "2025-02-01",
    "price" : 191.42,
    "dma50" : 221.40,
    "dma100" : null,
    "dma200" : 204.46,
    "volume" : 308308.00
  }, {
    "date" : "2025-02-03",
    "price" : 181.84,
    "dma50" : 219.85,
    "dma100" : null,
    "dma200" : 204.23,
    "volume" : 215891.00
  }, {
    "date" : "2025-02-04",
    "price" : 186.85,
    "dma50" : 218.55,
    "dma100" : null,
    "dma200" : 204.06,
    "volume" : 273199.00
  }, {
    "date" : "2025-02-05",
    "price" : 196.19,
    "dma50" : 217.68,
    "dma100" : null,
    "dma200" : 203.98,
    "volume" : 246287.00
  }, {
    "date" : "2025-02-06",
    "price" : 188.65,
    "dma50" : 216.54,
    "dma100" : null,
    "dma200" : 203.83,
    "volume" : 308590.00
  }, {
    "date" : "2025-02-07",
    "price" : 185.18,
    "dma50" : 215.31,
    "dma100" : null,
    "dma200" : 203.64,
    "volume" : 187589.00
  }, {
    "date" : "2025-02-10",
    "price" : 179.02,
    "dma50" : 213.89,
    "dma100" : null,
    "dma200" : 203.40,
    "volume" : 116495.00
  }, {
    "date" : "2025-02-11",
    "price" : 170.86,
    "dma50" : 212.20,
    "dma100" : null,
    "dma200" : 203.08,
    "volume" : 146542.00
  }, {
    "date" : "2025-02-12",
    "price" : 179.40,
    "dma50" : 210.91,
    "dma100" : null,
    "dma200" : 202.84,
    "volume" : 128278.00
  }, {
    "date" : "2025-02-13",
    "price" : 188.37,
    "dma50" : 210.03,
    "dma100" : null,
    "dma200" : 202.70,
    "volume" : 39803.00
  }, {
    "date" : "2025-02-14",
    "price" : 195.76,
    "dma50" : 209.47,
    "dma100" : null,
    "dma200" : 202.63,
    "volume" : 1239492.00
  }, {
    "date" : "2025-02-17",
    "price" : 185.97,
    "dma50" : 208.55,
    "dma100" : null,
    "dma200" : 202.46,
    "volume" : 336805.00
  }, {
    "date" : "2025-02-18",
    "price" : 179.08,
    "dma50" : 207.39,
    "dma100" : null,
    "dma200" : 202.23,
    "volume" : 283858.00
  }, {
    "date" : "2025-02-19",
    "price" : 187.49,
    "dma50" : 206.61,
    "dma100" : null,
    "dma200" : 202.08,
    "volume" : 142319.00
  }, {
    "date" : "2025-02-20",
    "price" : 183.64,
    "dma50" : 205.71,
    "dma100" : null,
    "dma200" : 201.90,
    "volume" : 238618.00
  }, {
    "date" : "2025-02-21",
    "price" : 180.15,
    "dma50" : 204.71,
    "dma100" : null,
    "dma200" : 201.68,
    "volume" : 146963.00
  }, {
    "date" : "2025-02-24",
    "price" : 177.77,
    "dma50" : 203.65,
    "dma100" : null,
    "dma200" : 201.44,
    "volume" : 95283.00
  }, {
    "date" : "2025-02-25",
    "price" : 178.40,
    "dma50" : 202.66,
    "dma100" : null,
    "dma200" : 201.22,
    "volume" : 164616.00
  }, {
    "date" : "2025-02-27",
    "price" : 171.77,
    "dma50" : 201.45,
    "dma100" : null,
    "dma200" : 200.92,
    "volume" : 89400.00
  }, {
    "date" : "2025-02-28",
    "price" : 164.33,
    "dma50" : 199.99,
    "dma100" : null,
    "dma200" : 200.56,
    "volume" : 165145.00
  }, {
    "date" : "2025-03-03",
    "price" : 159.43,
    "dma50" : 198.40,
    "dma100" : null,
    "dma200" : 200.15,
    "volume" : 207427.00
  }, {
    "date" : "2025-03-04",
    "price" : 162.54,
    "dma50" : 197.00,
    "dma100" : null,
    "dma200" : 199.77,
    "volume" : 142880.00
  }, {
    "date" : "2025-03-05",
    "price" : 168.30,
    "dma50" : 195.87,
    "dma100" : null,
    "dma200" : 199.46,
    "volume" : 242726.00
  }, {
    "date" : "2025-03-06",
    "price" : 171.67,
    "dma50" : 194.92,
    "dma100" : null,
    "dma200" : 199.18,
    "volume" : 179578.00
  }, {
    "date" : "2025-03-07",
    "price" : 175.39,
    "dma50" : 194.16,
    "dma100" : null,
    "dma200" : 198.95,
    "volume" : 147233.00
  }, {
    "date" : "2025-03-10",
    "price" : 168.31,
    "dma50" : 193.14,
    "dma100" : null,
    "dma200" : 198.64,
    "volume" : 127539.00
  }, {
    "date" : "2025-03-11",
    "price" : 166.09,
    "dma50" : 192.08,
    "dma100" : null,
    "dma200" : 198.32,
    "volume" : 98168.00
  }, {
    "date" : "2025-03-12",
    "price" : 164.37,
    "dma50" : 191.00,
    "dma100" : null,
    "dma200" : 197.98,
    "volume" : 69822.00
  }, {
    "date" : "2025-03-13",
    "price" : 161.81,
    "dma50" : 189.85,
    "dma100" : null,
    "dma200" : 197.62,
    "volume" : 86300.00
  }, {
    "date" : "2025-03-17",
    "price" : 158.10,
    "dma50" : 188.61,
    "dma100" : null,
    "dma200" : 197.23,
    "volume" : 155109.00
  }, {
    "date" : "2025-03-18",
    "price" : 166.00,
    "dma50" : 187.72,
    "dma100" : null,
    "dma200" : 196.92,
    "volume" : 134013.00
  }, {
    "date" : "2025-03-19",
    "price" : 174.30,
    "dma50" : 187.19,
    "dma100" : null,
    "dma200" : 196.69,
    "volume" : 88139.00
  }, {
    "date" : "2025-03-20",
    "price" : 179.78,
    "dma50" : 186.90,
    "dma100" : null,
    "dma200" : 196.52,
    "volume" : 489540.00
  }, {
    "date" : "2025-03-21",
    "price" : 188.76,
    "dma50" : 186.97,
    "dma100" : null,
    "dma200" : 196.45,
    "volume" : 188148.00
  }, {
    "date" : "2025-03-24",
    "price" : 186.04,
    "dma50" : 186.94,
    "dma100" : null,
    "dma200" : 196.34,
    "volume" : 384898.00
  }, {
    "date" : "2025-03-25",
    "price" : 178.23,
    "dma50" : 186.60,
    "dma100" : null,
    "dma200" : 196.16,
    "volume" : 291582.00
  }, {
    "date" : "2025-03-26",
    "price" : 173.43,
    "dma50" : 186.08,
    "dma100" : null,
    "dma200" : 195.94,
    "volume" : 169363.00
  }, {
    "date" : "2025-03-27",
    "price" : 180.72,
    "dma50" : 185.87,
    "dma100" : null,
    "dma200" : 195.79,
    "volume" : 314932.00
  }, {
    "date" : "2025-03-28",
    "price" : 183.30,
    "dma50" : 185.77,
    "dma100" : null,
    "dma200" : 195.66,
    "volume" : 283147.00
  }, {
    "date" : "2025-04-01",
    "price" : 192.46,
    "dma50" : 186.03,
    "dma100" : null,
    "dma200" : 195.63,
    "volume" : 434798.00
  }, {
    "date" : "2025-04-02",
    "price" : 195.80,
    "dma50" : 186.41,
    "dma100" : null,
    "dma200" : 195.63,
    "volume" : 582871.00
  }, {
    "date" : "2025-04-03",
    "price" : 205.59,
    "dma50" : 187.17,
    "dma100" : null,
    "dma200" : 195.73,
    "volume" : 424193.00
  }, {
    "date" : "2025-04-04",
    "price" : 195.31,
    "dma50" : 187.49,
    "dma100" : null,
    "dma200" : 195.73,
    "volume" : 495140.00
  }, {
    "date" : "2025-04-07",
    "price" : 173.67,
    "dma50" : 186.94,
    "dma100" : null,
    "dma200" : 195.51,
    "volume" : 556389.00
  }, {
    "date" : "2025-04-08",
    "price" : 181.98,
    "dma50" : 186.75,
    "dma100" : null,
    "dma200" : 195.37,
    "volume" : 369018.00
  }, {
    "date" : "2025-04-09",
    "price" : 179.19,
    "dma50" : 186.45,
    "dma100" : null,
    "dma200" : 195.21,
    "volume" : 162309.00
  }, {
    "date" : "2025-04-11",
    "price" : 194.76,
    "dma50" : 186.78,
    "dma100" : null,
    "dma200" : 195.21,
    "volume" : 721691.00
  }, {
    "date" : "2025-04-15",
    "price" : 197.26,
    "dma50" : 187.19,
    "dma100" : null,
    "dma200" : 195.23,
    "volume" : 342163.00
  }, {
    "date" : "2025-04-16",
    "price" : 202.36,
    "dma50" : 187.78,
    "dma100" : null,
    "dma200" : 195.30,
    "volume" : 399648.00
  }, {
    "date" : "2025-04-17",
    "price" : 204.86,
    "dma50" : 188.45,
    "dma100" : null,
    "dma200" : 195.39,
    "volume" : 309257.00
  }, {
    "date" : "2025-04-21",
    "price" : 205.72,
    "dma50" : 189.13,
    "dma100" : null,
    "dma200" : 195.50,
    "volume" : 234894.00
  }, {
    "date" : "2025-04-22",
    "price" : 217.83,
    "dma50" : 190.26,
    "dma100" : null,
    "dma200" : 195.72,
    "volume" : 2440303.00
  }, {
    "date" : "2025-04-23",
    "price" : 221.03,
    "dma50" : 191.46,
    "dma100" : null,
    "dma200" : 195.97,
    "volume" : 1093284.00
  }, {
    "date" : "2025-04-24",
    "price" : 219.07,
    "dma50" : 192.55,
    "dma100" : null,
    "dma200" : 196.20,
    "volume" : 374292.00
  }, {
    "date" : "2025-04-25",
    "price" : 207.59,
    "dma50" : 193.14,
    "dma100" : null,
    "dma200" : 196.31,
    "volume" : 494049.00
  }, {
    "date" : "2025-04-28",
    "price" : 202.30,
    "dma50" : 193.50,
    "dma100" : null,
    "dma200" : 196.37,
    "volume" : 485015.00
  }, {
    "date" : "2025-04-29",
    "price" : 202.07,
    "dma50" : 193.83,
    "dma100" : null,
    "dma200" : 196.43,
    "volume" : 232397.00
  }, {
    "date" : "2025-04-30",
    "price" : 195.52,
    "dma50" : 193.90,
    "dma100" : null,
    "dma200" : 196.42,
    "volume" : 227353.00
  }, {
    "date" : "2025-05-02",
    "price" : 191.89,
    "dma50" : 193.82,
    "dma100" : null,
    "dma200" : 196.38,
    "volume" : 164615.00
  }, {
    "date" : "2025-05-05",
    "price" : 198.15,
    "dma50" : 193.99,
    "dma100" : null,
    "dma200" : 196.39,
    "volume" : 248416.00
  }, {
    "date" : "2025-05-06",
    "price" : 190.07,
    "dma50" : 193.84,
    "dma100" : null,
    "dma200" : 196.33,
    "volume" : 198377.00
  }, {
    "date" : "2025-05-07",
    "price" : 194.82,
    "dma50" : 193.87,
    "dma100" : null,
    "dma200" : 196.32,
    "volume" : 307126.00
  }, {
    "date" : "2025-05-08",
    "price" : 193.81,
    "dma50" : 193.87,
    "dma100" : null,
    "dma200" : 196.29,
    "volume" : 511542.00
  }, {
    "date" : "2025-05-09",
    "price" : 190.16,
    "dma50" : 193.73,
    "dma100" : null,
    "dma200" : 196.23,
    "volume" : 269139.00
  }, {
    "date" : "2025-05-12",
    "price" : 201.22,
    "dma50" : 194.02,
    "dma100" : null,
    "dma200" : 196.28,
    "volume" : 242691.00
  }, {
    "date" : "2025-05-13",
    "price" : 201.74,
    "dma50" : 194.32,
    "dma100" : null,
    "dma200" : 196.33,
    "volume" : 194115.00
  }, {
    "date" : "2025-05-14",
    "price" : 204.32,
    "dma50" : 194.71,
    "dma100" : null,
    "dma200" : 196.41,
    "volume" : 490147.00
  }, {
    "date" : "2025-05-15",
    "price" : 204.25,
    "dma50" : 195.09,
    "dma100" : null,
    "dma200" : 196.49,
    "volume" : 177770.00
  }, {
    "date" : "2025-05-16",
    "price" : 205.12,
    "dma50" : 195.48,
    "dma100" : null,
    "dma200" : 196.58,
    "volume" : 205673.00
  }, {
    "date" : "2025-05-19",
    "price" : 207.29,
    "dma50" : 195.95,
    "dma100" : null,
    "dma200" : 196.68,
    "volume" : 413687.00
  }, {
    "date" : "2025-05-20",
    "price" : 204.87,
    "dma50" : 196.30,
    "dma100" : null,
    "dma200" : 196.76,
    "volume" : 190938.00
  }, {
    "date" : "2025-05-21",
    "price" : 204.36,
    "dma50" : 196.61,
    "dma100" : null,
    "dma200" : 196.84,
    "volume" : 181202.00
  }, {
    "date" : "2025-05-22",
    "price" : 207.27,
    "dma50" : 197.03,
    "dma100" : null,
    "dma200" : 196.94,
    "volume" : 220533.00
  }, {
    "date" : "2025-05-23",
    "price" : 192.22,
    "dma50" : 196.84,
    "dma100" : null,
    "dma200" : 196.90,
    "volume" : 668916.00
  }, {
    "date" : "2025-05-26",
    "price" : 195.26,
    "dma50" : 196.78,
    "dma100" : null,
    "dma200" : 196.88,
    "volume" : 296999.00
  }, {
    "date" : "2025-05-27",
    "price" : 193.42,
    "dma50" : 196.65,
    "dma100" : null,
    "dma200" : 196.85,
    "volume" : 166432.00
  }, {
    "date" : "2025-05-28",
    "price" : 190.42,
    "dma50" : 196.40,
    "dma100" : null,
    "dma200" : 196.78,
    "volume" : 179371.00
  }, {
    "date" : "2025-05-29",
    "price" : 186.76,
    "dma50" : 196.02,
    "dma100" : null,
    "dma200" : 196.68,
    "volume" : 297940.00
  }, {
    "date" : "2025-05-30",
    "price" : 188.42,
    "dma50" : 195.73,
    "dma100" : null,
    "dma200" : 196.60,
    "volume" : 209288.00
  }, {
    "date" : "2025-06-02",
    "price" : 187.73,
    "dma50" : 195.41,
    "dma100" : null,
    "dma200" : 196.51,
    "volume" : 145239.00
  }, {
    "date" : "2025-06-03",
    "price" : 184.28,
    "dma50" : 194.98,
    "dma100" : null,
    "dma200" : 196.39,
    "volume" : 208483.00
  }, {
    "date" : "2025-06-04",
    "price" : 187.04,
    "dma50" : 194.67,
    "dma100" : null,
    "dma200" : 196.30,
    "volume" : 621985.00
  }, {
    "date" : "2025-06-05",
    "price" : 187.17,
    "dma50" : 194.37,
    "dma100" : null,
    "dma200" : 196.21,
    "volume" : 153341.00
  }, {
    "date" : "2025-06-06",
    "price" : 188.59,
    "dma50" : 194.14,
    "dma100" : null,
    "dma200" : 196.13,
    "volume" : 214292.00
  }, {
    "date" : "2025-06-09",
    "price" : 193.03,
    "dma50" : 194.10,
    "dma100" : null,
    "dma200" : 196.10,
    "volume" : 1087181.00
  }, {
    "date" : "2025-06-10",
    "price" : 196.48,
    "dma50" : 194.19,
    "dma100" : null,
    "dma200" : 196.10,
    "volume" : 572793.00
  }, {
    "date" : "2025-06-11",
    "price" : 198.10,
    "dma50" : 194.35,
    "dma100" : null,
    "dma200" : 196.12,
    "volume" : 711028.00
  }, {
    "date" : "2025-06-12",
    "price" : 192.61,
    "dma50" : 194.28,
    "dma100" : null,
    "dma200" : 196.09,
    "volume" : 328543.00
  }, {
    "date" : "2025-06-13",
    "price" : 192.42,
    "dma50" : 194.21,
    "dma100" : null,
    "dma200" : 196.05,
    "volume" : 172386.00
  }, {
    "date" : "2025-06-16",
    "price" : 191.59,
    "dma50" : 194.10,
    "dma100" : null,
    "dma200" : 196.01,
    "volume" : 165662.00
  }, {
    "date" : "2025-06-17",
    "price" : 188.31,
    "dma50" : 193.88,
    "dma100" : 188.10,
    "dma200" : 195.93,
    "volume" : 94413.00
  }, {
    "date" : "2025-06-18",
    "price" : 187.33,
    "dma50" : 193.62,
    "dma100" : 187.98,
    "dma200" : 195.85,
    "volume" : 84803.00
  }, {
    "date" : "2025-06-19",
    "price" : 183.95,
    "dma50" : 193.24,
    "dma100" : 187.88,
    "dma200" : 195.73,
    "volume" : 108059.00
  }, {
    "date" : "2025-06-20",
    "price" : 186.40,
    "dma50" : 192.97,
    "dma100" : 187.83,
    "dma200" : 195.63,
    "volume" : 104451.00
  }, {
    "date" : "2025-06-23",
    "price" : 183.06,
    "dma50" : 192.58,
    "dma100" : 187.83,
    "dma200" : 195.51,
    "volume" : 94496.00
  }, {
    "date" : "2025-06-24",
    "price" : 182.94,
    "dma50" : 192.21,
    "dma100" : 187.89,
    "dma200" : 195.38,
    "volume" : 174688.00
  }, {
    "date" : "2025-06-25",
    "price" : 186.04,
    "dma50" : 191.96,
    "dma100" : 188.00,
    "dma200" : 195.29,
    "volume" : 356090.00
  }, {
    "date" : "2025-06-26",
    "price" : 186.90,
    "dma50" : 191.76,
    "dma100" : 188.08,
    "dma200" : 195.21,
    "volume" : 137160.00
  }, {
    "date" : "2025-06-27",
    "price" : 185.58,
    "dma50" : 191.52,
    "dma100" : 188.15,
    "dma200" : 195.11,
    "volume" : 124943.00
  }, {
    "date" : "2025-06-30",
    "price" : 187.07,
    "dma50" : 191.35,
    "dma100" : 188.16,
    "dma200" : 195.03,
    "volume" : 111605.00
  }, {
    "date" : "2025-07-01",
    "price" : 192.00,
    "dma50" : 191.37,
    "dma100" : 188.16,
    "dma200" : 195.00,
    "volume" : 641769.00
  }, {
    "date" : "2025-07-02",
    "price" : 188.68,
    "dma50" : 191.27,
    "dma100" : 188.23,
    "dma200" : 194.94,
    "volume" : 195848.00
  }, {
    "date" : "2025-07-03",
    "price" : 188.96,
    "dma50" : 191.18,
    "dma100" : 188.25,
    "dma200" : 194.88,
    "volume" : 89500.00
  }, {
    "date" : "2025-07-04",
    "price" : 194.59,
    "dma50" : 191.31,
    "dma100" : 188.23,
    "dma200" : 194.88,
    "volume" : 1132750.00
  }, {
    "date" : "2025-07-07",
    "price" : 198.69,
    "dma50" : 191.60,
    "dma100" : 188.34,
    "dma200" : 194.91,
    "volume" : 843521.00
  }, {
    "date" : "2025-07-08",
    "price" : 195.40,
    "dma50" : 191.75,
    "dma100" : 188.44,
    "dma200" : 194.92,
    "volume" : 323496.00
  }, {
    "date" : "2025-07-09",
    "price" : 192.39,
    "dma50" : 191.77,
    "dma100" : 188.57,
    "dma200" : 194.89,
    "volume" : 138317.00
  }, {
    "date" : "2025-07-10",
    "price" : 194.12,
    "dma50" : 191.87,
    "dma100" : 188.80,
    "dma200" : 194.89,
    "volume" : 92870.00
  }, {
    "date" : "2025-07-11",
    "price" : 189.56,
    "dma50" : 191.78,
    "dma100" : 188.91,
    "dma200" : 194.83,
    "volume" : 176918.00
  }, {
    "date" : "2025-07-14",
    "price" : 188.72,
    "dma50" : 191.66,
    "dma100" : 188.91,
    "dma200" : 194.77,
    "volume" : 139317.00
  }, {
    "date" : "2025-07-15",
    "price" : 196.03,
    "dma50" : 191.83,
    "dma100" : 188.91,
    "dma200" : 194.78,
    "volume" : 1032709.00
  }, {
    "date" : "2025-07-16",
    "price" : 196.21,
    "dma50" : 192.00,
    "dma100" : 189.01,
    "dma200" : 194.80,
    "volume" : 504140.00
  }, {
    "date" : "2025-07-17",
    "price" : 202.76,
    "dma50" : 192.42,
    "dma100" : 189.25,
    "dma200" : 194.88,
    "volume" : 1789812.00
  }, {
    "date" : "2025-07-18",
    "price" : 201.10,
    "dma50" : 192.76,
    "dma100" : 189.39,
    "dma200" : 194.94,
    "volume" : 481665.00
  }, {
    "date" : "2025-07-21",
    "price" : 197.24,
    "dma50" : 192.94,
    "dma100" : 189.52,
    "dma200" : 194.96,
    "volume" : 202965.00
  }, {
    "date" : "2025-07-22",
    "price" : 195.75,
    "dma50" : 193.05,
    "dma100" : 189.68,
    "dma200" : 194.97,
    "volume" : 375668.00
  }, {
    "date" : "2025-07-23",
    "price" : 197.88,
    "dma50" : 193.24,
    "dma100" : 189.88,
    "dma200" : 195.00,
    "volume" : 666017.00
  }, {
    "date" : "2025-07-24",
    "price" : 195.02,
    "dma50" : 193.31,
    "dma100" : 190.05,
    "dma200" : 195.00,
    "volume" : 203430.00
  }, {
    "date" : "2025-07-25",
    "price" : 189.18,
    "dma50" : 193.15,
    "dma100" : 190.22,
    "dma200" : 194.94,
    "volume" : 149525.00
  }, {
    "date" : "2025-07-28",
    "price" : 186.78,
    "dma50" : 192.90,
    "dma100" : 190.44,
    "dma200" : 194.86,
    "volume" : 144135.00
  }, {
    "date" : "2025-07-29",
    "price" : 189.23,
    "dma50" : 192.75,
    "dma100" : 190.74,
    "dma200" : 194.80,
    "volume" : 154826.00
  }, {
    "date" : "2025-07-30",
    "price" : 186.76,
    "dma50" : 192.52,
    "dma100" : 190.98,
    "dma200" : 194.72,
    "volume" : 104878.00
  }, {
    "date" : "2025-07-31",
    "price" : 183.36,
    "dma50" : 192.16,
    "dma100" : 191.14,
    "dma200" : 194.61,
    "volume" : 174126.00
  }, {
    "date" : "2025-08-01",
    "price" : 191.53,
    "dma50" : 192.13,
    "dma100" : 191.33,
    "dma200" : 194.58,
    "volume" : 709838.00
  }, {
    "date" : "2025-08-04",
    "price" : 200.12,
    "dma50" : 192.45,
    "dma100" : 191.58,
    "dma200" : 194.64,
    "volume" : 1000710.00
  }, {
    "date" : "2025-08-05",
    "price" : 213.45,
    "dma50" : 193.27,
    "dma100" : 192.03,
    "dma200" : 194.82,
    "volume" : 3704926.00
  }, {
    "date" : "2025-08-06",
    "price" : 214.77,
    "dma50" : 194.11,
    "dma100" : 192.52,
    "dma200" : 195.02,
    "volume" : 1723343.00
  }, {
    "date" : "2025-08-07",
    "price" : 195.33,
    "dma50" : 194.16,
    "dma100" : 192.83,
    "dma200" : 195.02,
    "volume" : 2185933.00
  }, {
    "date" : "2025-08-08",
    "price" : 187.84,
    "dma50" : 193.91,
    "dma100" : 193.09,
    "dma200" : 194.95,
    "volume" : 771839.00
  }, {
    "date" : "2025-08-11",
    "price" : 194.17,
    "dma50" : 193.92,
    "dma100" : 193.45,
    "dma200" : 194.95,
    "volume" : 674178.00
  }, {
    "date" : "2025-08-12",
    "price" : 189.83,
    "dma50" : 193.76,
    "dma100" : 193.69,
    "dma200" : 194.89,
    "volume" : 570678.00
  }, {
    "date" : "2025-08-13",
    "price" : 187.65,
    "dma50" : 193.52,
    "dma100" : 193.82,
    "dma200" : 194.82,
    "volume" : 298220.00
  }, {
    "date" : "2025-08-14",
    "price" : 188.08,
    "dma50" : 193.31,
    "dma100" : 193.90,
    "dma200" : 194.76,
    "volume" : 220639.00
  }, {
    "date" : "2025-08-18",
    "price" : 190.61,
    "dma50" : 193.20,
    "dma100" : 193.92,
    "dma200" : 194.71,
    "volume" : 184394.00
  }, {
    "date" : "2025-08-19",
    "price" : 192.51,
    "dma50" : 193.18,
    "dma100" : 193.99,
    "dma200" : 194.69,
    "volume" : 214496.00
  }, {
    "date" : "2025-08-20",
    "price" : 193.06,
    "dma50" : 193.17,
    "dma100" : 194.14,
    "dma200" : 194.68,
    "volume" : 278392.00
  }, {
    "date" : "2025-08-21",
    "price" : 191.44,
    "dma50" : 193.10,
    "dma100" : 194.32,
    "dma200" : 194.64,
    "volume" : 149512.00
  }, {
    "date" : "2025-08-22",
    "price" : 190.56,
    "dma50" : 193.00,
    "dma100" : 194.41,
    "dma200" : 194.60,
    "volume" : 102950.00
  }, {
    "date" : "2025-08-25",
    "price" : 190.41,
    "dma50" : 192.90,
    "dma100" : 194.49,
    "dma200" : 194.56,
    "volume" : 148296.00
  }, {
    "date" : "2025-08-26",
    "price" : 189.61,
    "dma50" : 192.77,
    "dma100" : 194.46,
    "dma200" : 194.51,
    "volume" : 177878.00
  }, {
    "date" : "2025-08-28",
    "price" : 186.71,
    "dma50" : 192.54,
    "dma100" : 194.37,
    "dma200" : 194.43,
    "volume" : 135469.00
  }, {
    "date" : "2025-08-29",
    "price" : 185.31,
    "dma50" : 192.25,
    "dma100" : 194.16,
    "dma200" : 194.34,
    "volume" : 189306.00
  }, {
    "date" : "2025-09-01",
    "price" : 187.71,
    "dma50" : 192.07,
    "dma100" : 194.09,
    "dma200" : 194.28,
    "volume" : 156963.00
  }, {
    "date" : "2025-09-02",
    "price" : 187.90,
    "dma50" : 191.91,
    "dma100" : 194.23,
    "dma200" : 194.21,
    "volume" : 164960.00
  }, {
    "date" : "2025-09-03",
    "price" : 186.46,
    "dma50" : 191.70,
    "dma100" : 194.27,
    "dma200" : 194.14,
    "volume" : 222613.00
  }, {
    "date" : "2025-09-04",
    "price" : 185.13,
    "dma50" : 191.44,
    "dma100" : 194.33,
    "dma200" : 194.05,
    "volume" : 88507.00
  }, {
    "date" : "2025-09-05",
    "price" : 183.53,
    "dma50" : 191.13,
    "dma100" : 194.22,
    "dma200" : 193.94,
    "volume" : 134659.00
  }, {
    "date" : "2025-09-08",
    "price" : 187.26,
    "dma50" : 190.98,
    "dma100" : 194.12,
    "dma200" : 193.88,
    "volume" : 237443.00
  }, {
    "date" : "2025-09-09",
    "price" : 188.74,
    "dma50" : 190.89,
    "dma100" : 193.99,
    "dma200" : 193.83,
    "volume" : 216955.00
  }, {
    "date" : "2025-09-10",
    "price" : 187.06,
    "dma50" : 190.74,
    "dma100" : 193.81,
    "dma200" : 193.76,
    "volume" : 227550.00
  }, {
    "date" : "2025-09-11",
    "price" : 187.74,
    "dma50" : 190.62,
    "dma100" : 193.63,
    "dma200" : 193.70,
    "volume" : 152182.00
  }, {
    "date" : "2025-09-12",
    "price" : 186.85,
    "dma50" : 190.47,
    "dma100" : 193.32,
    "dma200" : 193.63,
    "volume" : 173169.00
  }, {
    "date" : "2025-09-15",
    "price" : 187.25,
    "dma50" : 190.35,
    "dma100" : 192.98,
    "dma200" : 193.57,
    "volume" : 113656.00
  }, {
    "date" : "2025-09-16",
    "price" : 187.77,
    "dma50" : 190.25,
    "dma100" : 192.67,
    "dma200" : 193.51,
    "volume" : 116255.00
  }, {
    "date" : "2025-09-17",
    "price" : 192.41,
    "dma50" : 190.33,
    "dma100" : 192.52,
    "dma200" : 193.50,
    "volume" : 1083047.00
  }, {
    "date" : "2025-09-18",
    "price" : 190.02,
    "dma50" : 190.32,
    "dma100" : 192.39,
    "dma200" : 193.46,
    "volume" : 523820.00
  }, {
    "date" : "2025-09-19",
    "price" : 188.01,
    "dma50" : 190.23,
    "dma100" : 192.25,
    "dma200" : 193.41,
    "volume" : 623372.00
  }, {
    "date" : "2025-09-22",
    "price" : 188.91,
    "dma50" : 190.18,
    "dma100" : 192.19,
    "dma200" : 193.36,
    "volume" : 146707.00
  }, {
    "date" : "2025-09-23",
    "price" : 190.25,
    "dma50" : 190.18,
    "dma100" : 192.17,
    "dma200" : 193.33,
    "volume" : 176487.00
  }, {
    "date" : "2025-09-24",
    "price" : 185.84,
    "dma50" : 190.01,
    "dma100" : 192.05,
    "dma200" : 193.26,
    "volume" : 170175.00
  }, {
    "date" : "2025-09-25",
    "price" : 185.39,
    "dma50" : 189.83,
    "dma100" : 192.00,
    "dma200" : 193.18,
    "volume" : 89942.00
  }, {
    "date" : "2025-09-26",
    "price" : 180.93,
    "dma50" : 189.48,
    "dma100" : 191.86,
    "dma200" : 193.06,
    "volume" : 157606.00
  }, {
    "date" : "2025-09-29",
    "price" : 181.66,
    "dma50" : 189.17,
    "dma100" : 191.74,
    "dma200" : 192.95,
    "volume" : 129499.00
  }, {
    "date" : "2025-09-30",
    "price" : 182.12,
    "dma50" : 188.90,
    "dma100" : 191.66,
    "dma200" : 192.84,
    "volume" : 84688.00
  }, {
    "date" : "2025-10-01",
    "price" : 185.25,
    "dma50" : 188.75,
    "dma100" : 191.50,
    "dma200" : 192.76,
    "volume" : 101549.00
  }, {
    "date" : "2025-10-03",
    "price" : 188.54,
    "dma50" : 188.74,
    "dma100" : 191.37,
    "dma200" : 192.72,
    "volume" : 280561.00
  }, {
    "date" : "2025-10-06",
    "price" : 186.70,
    "dma50" : 188.66,
    "dma100" : 191.19,
    "dma200" : 192.66,
    "volume" : 132294.00
  }, {
    "date" : "2025-10-07",
    "price" : 184.29,
    "dma50" : 188.49,
    "dma100" : 190.99,
    "dma200" : 192.58,
    "volume" : 116378.00
  }, {
    "date" : "2025-10-08",
    "price" : 185.19,
    "dma50" : 188.36,
    "dma100" : 190.79,
    "dma200" : 192.50,
    "volume" : 100096.00
  }, {
    "date" : "2025-10-09",
    "price" : 187.11,
    "dma50" : 188.31,
    "dma100" : 190.59,
    "dma200" : 192.45,
    "volume" : 299056.00
  }, {
    "date" : "2025-10-10",
    "price" : 184.96,
    "dma50" : 188.18,
    "dma100" : 190.39,
    "dma200" : 192.38,
    "volume" : 164085.00
  }, {
    "date" : "2025-10-13",
    "price" : 184.05,
    "dma50" : 188.02,
    "dma100" : 190.19,
    "dma200" : 192.29,
    "volume" : 106354.00
  }, {
    "date" : "2025-10-14",
    "price" : 184.57,
    "dma50" : 187.89,
    "dma100" : 189.96,
    "dma200" : 192.22,
    "volume" : 125347.00
  }, {
    "date" : "2025-10-15",
    "price" : 186.31,
    "dma50" : 187.82,
    "dma100" : 189.90,
    "dma200" : 192.16,
    "volume" : 158476.00
  }, {
    "date" : "2025-10-16",
    "price" : 188.09,
    "dma50" : 187.83,
    "dma100" : 189.83,
    "dma200" : 192.12,
    "volume" : 199010.00
  }, {
    "date" : "2025-10-17",
    "price" : 183.68,
    "dma50" : 187.67,
    "dma100" : 189.73,
    "dma200" : 192.03,
    "volume" : 246309.00
  }, {
    "date" : "2025-10-20",
    "price" : 184.33,
    "dma50" : 187.54,
    "dma100" : 189.67,
    "dma200" : 191.96,
    "volume" : 78284.00
  }, {
    "date" : "2025-10-21",
    "price" : 184.13,
    "dma50" : 187.41,
    "dma100" : 189.65,
    "dma200" : 191.88,
    "volume" : 44527.00
  }, {
    "date" : "2025-10-23",
    "price" : 183.66,
    "dma50" : 187.26,
    "dma100" : 189.60,
    "dma200" : 191.80,
    "volume" : 110502.00
  }, {
    "date" : "2025-10-24",
    "price" : 182.78,
    "dma50" : 187.08,
    "dma100" : 189.55,
    "dma200" : 191.71,
    "volume" : 81563.00
  }, {
    "date" : "2025-10-27",
    "price" : 182.65,
    "dma50" : 186.91,
    "dma100" : 189.53,
    "dma200" : 191.62,
    "volume" : 74898.00
  }, {
    "date" : "2025-10-28",
    "price" : 181.15,
    "dma50" : 186.68,
    "dma100" : 189.47,
    "dma200" : 191.51,
    "volume" : 82194.00
  }, {
    "date" : "2025-10-29",
    "price" : 182.87,
    "dma50" : 186.53,
    "dma100" : 189.43,
    "dma200" : 191.43,
    "volume" : 59238.00
  }, {
    "date" : "2025-10-30",
    "price" : 181.30,
    "dma50" : 186.33,
    "dma100" : 189.36,
    "dma200" : 191.33,
    "volume" : 97067.00
  }, {
    "date" : "2025-10-31",
    "price" : 179.88,
    "dma50" : 186.08,
    "dma100" : 189.23,
    "dma200" : 191.21,
    "volume" : 70816.00
  }, {
    "date" : "2025-11-03",
    "price" : 181.74,
    "dma50" : 185.91,
    "dma100" : 189.08,
    "dma200" : 191.12,
    "volume" : 398429.00
  }, {
    "date" : "2025-11-04",
    "price" : 185.13,
    "dma50" : 185.88,
    "dma100" : 188.95,
    "dma200" : 191.06,
    "volume" : 1213374.00
  }, {
    "date" : "2025-11-06",
    "price" : 185.43,
    "dma50" : 185.86,
    "dma100" : 188.88,
    "dma200" : 191.00,
    "volume" : 242466.00
  }, {
    "date" : "2025-11-07",
    "price" : 186.26,
    "dma50" : 185.87,
    "dma100" : 188.82,
    "dma200" : 190.95,
    "volume" : 299545.00
  }, {
    "date" : "2025-11-10",
    "price" : 195.67,
    "dma50" : 186.26,
    "dma100" : 188.86,
    "dma200" : 191.00,
    "volume" : 2243849.00
  }, {
    "date" : "2025-11-11",
    "price" : 190.37,
    "dma50" : 186.42,
    "dma100" : 188.88,
    "dma200" : 191.00,
    "volume" : 461522.00
  }, {
    "date" : "2025-11-12",
    "price" : 192.98,
    "dma50" : 186.68,
    "dma100" : 188.93,
    "dma200" : 191.01,
    "volume" : 442753.00
  }, {
    "date" : "2025-11-13",
    "price" : 191.47,
    "dma50" : 186.86,
    "dma100" : 189.01,
    "dma200" : 191.02,
    "volume" : 368699.00
  }, {
    "date" : "2025-11-14",
    "price" : 190.27,
    "dma50" : 187.00,
    "dma100" : 189.05,
    "dma200" : 191.01,
    "volume" : 478942.00
  }, {
    "date" : "2025-11-17",
    "price" : 191.24,
    "dma50" : 187.16,
    "dma100" : 189.13,
    "dma200" : 191.01,
    "volume" : 815598.00
  }, {
    "date" : "2025-11-18",
    "price" : 187.34,
    "dma50" : 187.17,
    "dma100" : 189.17,
    "dma200" : 190.98,
    "volume" : 229972.00
  }, {
    "date" : "2025-11-19",
    "price" : 184.60,
    "dma50" : 187.07,
    "dma100" : 189.16,
    "dma200" : 190.91,
    "volume" : 298955.00
  }, {
    "date" : "2025-11-20",
    "price" : 180.94,
    "dma50" : 186.83,
    "dma100" : 189.10,
    "dma200" : 190.81,
    "volume" : 272297.00
  }, {
    "date" : "2025-11-21",
    "price" : 178.41,
    "dma50" : 186.50,
    "dma100" : 189.03,
    "dma200" : 190.69,
    "volume" : 158460.00
  }, {
    "date" : "2025-11-24",
    "price" : 172.95,
    "dma50" : 185.97,
    "dma100" : 188.89,
    "dma200" : 190.51,
    "volume" : 210746.00
  }, {
    "date" : "2025-11-25",
    "price" : 170.94,
    "dma50" : 185.38,
    "dma100" : 188.68,
    "dma200" : 190.32,
    "volume" : 184456.00
  }, {
    "date" : "2025-11-26",
    "price" : 172.80,
    "dma50" : 184.89,
    "dma100" : 188.52,
    "dma200" : 190.15,
    "volume" : 152325.00
  }, {
    "date" : "2025-11-27",
    "price" : 174.07,
    "dma50" : 184.46,
    "dma100" : 188.37,
    "dma200" : 189.99,
    "volume" : 65299.00
  }, {
    "date" : "2025-11-28",
    "price" : 175.39,
    "dma50" : 184.11,
    "dma100" : 188.18,
    "dma200" : 189.84,
    "volume" : 69875.00
  }, {
    "date" : "2025-12-01",
    "price" : 176.29,
    "dma50" : 183.80,
    "dma100" : 187.95,
    "dma200" : 189.71,
    "volume" : 168376.00
  }, {
    "date" : "2025-12-02",
    "price" : 174.42,
    "dma50" : 183.43,
    "dma100" : 187.74,
    "dma200" : 189.55,
    "volume" : 83012.00
  }, {
    "date" : "2025-12-03",
    "price" : 171.07,
    "dma50" : 182.95,
    "dma100" : 187.53,
    "dma200" : 189.37,
    "volume" : 83972.00
  }, {
    "date" : "2025-12-04",
    "price" : 171.33,
    "dma50" : 182.49,
    "dma100" : 187.30,
    "dma200" : 189.19,
    "volume" : 92869.00
  }, {
    "date" : "2025-12-05",
    "price" : 168.27,
    "dma50" : 181.93,
    "dma100" : 187.09,
    "dma200" : 188.98,
    "volume" : 133076.00
  }, {
    "date" : "2025-12-08",
    "price" : 163.85,
    "dma50" : 181.22,
    "dma100" : 186.84,
    "dma200" : 188.73,
    "volume" : 175005.00
  }, {
    "date" : "2025-12-09",
    "price" : 163.11,
    "dma50" : 180.51,
    "dma100" : 186.51,
    "dma200" : 188.48,
    "volume" : 218687.00
  }, {
    "date" : "2025-12-10",
    "price" : 162.91,
    "dma50" : 179.82,
    "dma100" : 186.18,
    "dma200" : 188.22,
    "volume" : 110914.00
  }, {
    "date" : "2025-12-11",
    "price" : 163.05,
    "dma50" : 179.17,
    "dma100" : 185.78,
    "dma200" : 187.97,
    "volume" : 131910.00
  }, {
    "date" : "2025-12-12",
    "price" : 164.35,
    "dma50" : 178.58,
    "dma100" : 185.41,
    "dma200" : 187.74,
    "volume" : 83373.00
  }, {
    "date" : "2025-12-15",
    "price" : 164.26,
    "dma50" : 178.02,
    "dma100" : 185.08,
    "dma200" : 187.50,
    "volume" : 114611.00
  }, {
    "date" : "2025-12-16",
    "price" : 162.31,
    "dma50" : 177.41,
    "dma100" : 184.75,
    "dma200" : 187.25,
    "volume" : 99763.00
  }, {
    "date" : "2025-12-17",
    "price" : 159.54,
    "dma50" : 176.71,
    "dma100" : 184.37,
    "dma200" : 186.98,
    "volume" : 129424.00
  }, {
    "date" : "2025-12-18",
    "price" : 160.86,
    "dma50" : 176.08,
    "dma100" : 184.02,
    "dma200" : 186.72,
    "volume" : 214672.00
  }, {
    "date" : "2025-12-19",
    "price" : 160.83,
    "dma50" : 175.49,
    "dma100" : 183.74,
    "dma200" : 186.46,
    "volume" : 74509.00
  }, {
    "date" : "2025-12-22",
    "price" : 163.26,
    "dma50" : 175.01,
    "dma100" : 183.50,
    "dma200" : 186.23,
    "volume" : 91769.00
  }, {
    "date" : "2025-12-23",
    "price" : 164.39,
    "dma50" : 174.59,
    "dma100" : 183.26,
    "dma200" : 186.01,
    "volume" : 106810.00
  }, {
    "date" : "2025-12-24",
    "price" : 161.93,
    "dma50" : 174.09,
    "dma100" : 183.01,
    "dma200" : 185.77,
    "volume" : 65635.00
  }, {
    "date" : "2025-12-26",
    "price" : 163.69,
    "dma50" : 173.69,
    "dma100" : 182.81,
    "dma200" : 185.55,
    "volume" : 347033.00
  }, {
    "date" : "2025-12-29",
    "price" : 164.94,
    "dma50" : 173.34,
    "dma100" : 182.55,
    "dma200" : 185.35,
    "volume" : 318620.00
  }, {
    "date" : "2025-12-30",
    "price" : 162.77,
    "dma50" : 172.93,
    "dma100" : 182.17,
    "dma200" : 185.12,
    "volume" : 75877.00
  }, {
    "date" : "2025-12-31",
    "price" : 164.73,
    "dma50" : 172.61,
    "dma100" : 181.68,
    "dma200" : 184.92,
    "volume" : 77090.00
  }, {
    "date" : "2026-01-01",
    "price" : 164.88,
    "dma50" : 172.30,
    "dma100" : 181.19,
    "dma200" : 184.72,
    "volume" : 39000.00
  }, {
    "date" : "2026-01-02",
    "price" : 167.28,
    "dma50" : 172.11,
    "dma100" : 180.91,
    "dma200" : 184.55,
    "volume" : 161668.00
  }, {
    "date" : "2026-01-05",
    "price" : 164.19,
    "dma50" : 171.80,
    "dma100" : 180.67,
    "dma200" : 184.34,
    "volume" : 119693.00
  }, {
    "date" : "2026-01-06",
    "price" : 162.17,
    "dma50" : 171.42,
    "dma100" : 180.35,
    "dma200" : 184.12,
    "volume" : 97024.00
  }, {
    "date" : "2026-01-07",
    "price" : 187.13,
    "dma50" : 172.04,
    "dma100" : 180.32,
    "dma200" : 184.15,
    "volume" : 31463875.00
  }, {
    "date" : "2026-01-08",
    "price" : 170.66,
    "dma50" : 171.98,
    "dma100" : 180.15,
    "dma200" : 184.02,
    "volume" : 14016918.00
  }, {
    "date" : "2026-01-09",
    "price" : 169.06,
    "dma50" : 171.87,
    "dma100" : 179.96,
    "dma200" : 183.87,
    "volume" : 7053949.00
  }, {
    "date" : "2026-01-12",
    "price" : 166.23,
    "dma50" : 171.65,
    "dma100" : 179.72,
    "dma200" : 183.69,
    "volume" : 1415121.00
  }, {
    "date" : "2026-01-13",
    "price" : 164.61,
    "dma50" : 171.37,
    "dma100" : 179.44,
    "dma200" : 183.50,
    "volume" : 677484.00
  }, {
    "date" : "2026-01-14",
    "price" : 164.84,
    "dma50" : 171.11,
    "dma100" : 179.16,
    "dma200" : 183.32,
    "volume" : 435025.00
  }, {
    "date" : "2026-01-16",
    "price" : 163.30,
    "dma50" : 170.81,
    "dma100" : 178.88,
    "dma200" : 183.12,
    "volume" : 568273.00
  } ],
  "latestTechnicalAttributes" : {
    "date" : "2026-01-16",
    "price" : 163.30,
    "dma50" : 170.81,
    "dma100" : 178.88,
    "dma200" : 183.12,
    "volume" : 568273.00
  },
  "quarterlyResults" : [ {
    "date" : "2011-12-31",
    "sales" : 470.53,
    "salesGrowthYoY" : null,
    "grossProfitMargin" : 17.82,
    "grossProfit" : 83.85,
    "operatingProfitMargin" : 9.55,
    "operatingProfit" : 44.94,
    "netProfitMargin" : 4.45,
    "netProfit" : 20.94
  }, {
    "date" : "2012-03-31",
    "sales" : 268.10,
    "salesGrowthYoY" : null,
    "grossProfitMargin" : 17.06,
    "grossProfit" : 45.74,
    "operatingProfitMargin" : 7.31,
    "operatingProfit" : 19.60,
    "netProfitMargin" : 2.81,
    "netProfit" : 7.53
  }, {
    "date" : "2012-06-30",
    "sales" : 283.50,
    "salesGrowthYoY" : null,
    "grossProfitMargin" : 20.86,
    "grossProfit" : 59.14,
    "operatingProfitMargin" : 10.12,
    "operatingProfit" : 28.69,
    "netProfitMargin" : 5.74,
    "netProfit" : 16.27
  }, {
    "date" : "2012-09-30",
    "sales" : 350.43,
    "salesGrowthYoY" : null,
    "grossProfitMargin" : 19.39,
    "grossProfit" : 67.95,
    "operatingProfitMargin" : 8.62,
    "operatingProfit" : 30.21,
    "netProfitMargin" : 5.42,
    "netProfit" : 18.99
  }, {
    "date" : "2012-12-31",
    "sales" : 577.07,
    "salesGrowthYoY" : 22.64,
    "grossProfitMargin" : 17.05,
    "grossProfit" : 98.39,
    "operatingProfitMargin" : 7.55,
    "operatingProfit" : 43.57,
    "netProfitMargin" : 4.29,
    "netProfit" : 24.76
  }, {
    "date" : "2013-03-31",
    "sales" : 447.33,
    "salesGrowthYoY" : 66.85,
    "grossProfitMargin" : 19.35,
    "grossProfit" : 86.56,
    "operatingProfitMargin" : 10.00,
    "operatingProfit" : 44.73,
    "netProfitMargin" : 5.59,
    "netProfit" : 25.01
  }, {
    "date" : "2013-06-30",
    "sales" : 533.04,
    "salesGrowthYoY" : 88.02,
    "grossProfitMargin" : 16.34,
    "grossProfit" : 87.10,
    "operatingProfitMargin" : 7.60,
    "operatingProfit" : 40.51,
    "netProfitMargin" : 3.90,
    "netProfit" : 20.79
  }, {
    "date" : "2013-09-30",
    "sales" : 322.68,
    "salesGrowthYoY" : -7.92,
    "grossProfitMargin" : 18.35,
    "grossProfit" : 59.21,
    "operatingProfitMargin" : 5.16,
    "operatingProfit" : 16.65,
    "netProfitMargin" : 1.09,
    "netProfit" : 3.52
  }, {
    "date" : "2013-12-31",
    "sales" : 517.14,
    "salesGrowthYoY" : -10.39,
    "grossProfitMargin" : 18.52,
    "grossProfit" : 95.77,
    "operatingProfitMargin" : 8.44,
    "operatingProfit" : 43.65,
    "netProfitMargin" : 3.69,
    "netProfit" : 19.08
  }, {
    "date" : "2014-03-31",
    "sales" : 445.27,
    "salesGrowthYoY" : -0.46,
    "grossProfitMargin" : 14.92,
    "grossProfit" : 66.43,
    "operatingProfitMargin" : 7.25,
    "operatingProfit" : 32.28,
    "netProfitMargin" : 2.63,
    "netProfit" : 11.71
  }, {
    "date" : "2014-06-30",
    "sales" : 432.37,
    "salesGrowthYoY" : -18.89,
    "grossProfitMargin" : 13.21,
    "grossProfit" : 57.12,
    "operatingProfitMargin" : 3.40,
    "operatingProfit" : 14.70,
    "netProfitMargin" : 0.12,
    "netProfit" : 0.52
  }, {
    "date" : "2014-09-30",
    "sales" : 426.32,
    "salesGrowthYoY" : 32.12,
    "grossProfitMargin" : 13.33,
    "grossProfit" : 56.83,
    "operatingProfitMargin" : 2.96,
    "operatingProfit" : 12.62,
    "netProfitMargin" : 0.13,
    "netProfit" : 0.55
  }, {
    "date" : "2014-12-31",
    "sales" : 612.50,
    "salesGrowthYoY" : 18.44,
    "grossProfitMargin" : 14.26,
    "grossProfit" : 87.34,
    "operatingProfitMargin" : 3.69,
    "operatingProfit" : 22.60,
    "netProfitMargin" : 1.06,
    "netProfit" : 6.49
  }, {
    "date" : "2015-03-31",
    "sales" : 463.01,
    "salesGrowthYoY" : 3.98,
    "grossProfitMargin" : 13.76,
    "grossProfit" : 63.71,
    "operatingProfitMargin" : 5.39,
    "operatingProfit" : 24.96,
    "netProfitMargin" : 2.75,
    "netProfit" : 12.73
  }, {
    "date" : "2015-06-30",
    "sales" : 415.94,
    "salesGrowthYoY" : -3.80,
    "grossProfitMargin" : 15.48,
    "grossProfit" : 64.39,
    "operatingProfitMargin" : 3.99,
    "operatingProfit" : 16.60,
    "netProfitMargin" : 0.65,
    "netProfit" : 2.70
  }, {
    "date" : "2015-09-30",
    "sales" : 438.02,
    "salesGrowthYoY" : 2.74,
    "grossProfitMargin" : 11.99,
    "grossProfit" : 52.52,
    "operatingProfitMargin" : -0.20,
    "operatingProfit" : -0.88,
    "netProfitMargin" : -2.76,
    "netProfit" : -12.09
  }, {
    "date" : "2015-12-31",
    "sales" : 495.66,
    "salesGrowthYoY" : -19.08,
    "grossProfitMargin" : 13.16,
    "grossProfit" : 65.23,
    "operatingProfitMargin" : 3.45,
    "operatingProfit" : 17.10,
    "netProfitMargin" : 0.66,
    "netProfit" : 3.27
  }, {
    "date" : "2016-03-31",
    "sales" : 305.17,
    "salesGrowthYoY" : -34.09,
    "grossProfitMargin" : 17.40,
    "grossProfit" : 53.10,
    "operatingProfitMargin" : -0.24,
    "operatingProfit" : -0.73,
    "netProfitMargin" : -5.57,
    "netProfit" : -17.00
  }, {
    "date" : "2016-06-30",
    "sales" : 323.60,
    "salesGrowthYoY" : -22.20,
    "grossProfitMargin" : 17.20,
    "grossProfit" : 55.66,
    "operatingProfitMargin" : 5.49,
    "operatingProfit" : 17.77,
    "netProfitMargin" : 0.70,
    "netProfit" : 2.27
  }, {
    "date" : "2016-09-30",
    "sales" : 445.46,
    "salesGrowthYoY" : 1.70,
    "grossProfitMargin" : 15.18,
    "grossProfit" : 67.62,
    "operatingProfitMargin" : 5.31,
    "operatingProfit" : 23.65,
    "netProfitMargin" : 1.77,
    "netProfit" : 7.88
  }, {
    "date" : "2016-12-31",
    "sales" : 539.96,
    "salesGrowthYoY" : 8.94,
    "grossProfitMargin" : 12.48,
    "grossProfit" : 67.39,
    "operatingProfitMargin" : 3.57,
    "operatingProfit" : 19.28,
    "netProfitMargin" : 1.36,
    "netProfit" : 7.34
  }, {
    "date" : "2017-03-31",
    "sales" : 380.98,
    "salesGrowthYoY" : 24.84,
    "grossProfitMargin" : 12.10,
    "grossProfit" : 46.10,
    "operatingProfitMargin" : 2.09,
    "operatingProfit" : 7.96,
    "netProfitMargin" : -0.01,
    "netProfit" : -0.04
  }, {
    "date" : "2017-06-30",
    "sales" : 444.01,
    "salesGrowthYoY" : 37.21,
    "grossProfitMargin" : 20.03,
    "grossProfit" : 88.94,
    "operatingProfitMargin" : 4.44,
    "operatingProfit" : 19.71,
    "netProfitMargin" : 1.31,
    "netProfit" : 5.82
  }, {
    "date" : "2017-09-30",
    "sales" : 326.17,
    "salesGrowthYoY" : -26.78,
    "grossProfitMargin" : 23.29,
    "grossProfit" : 75.96,
    "operatingProfitMargin" : 3.66,
    "operatingProfit" : 11.94,
    "netProfitMargin" : 0.25,
    "netProfit" : 0.82
  }, {
    "date" : "2017-12-31",
    "sales" : 547.64,
    "salesGrowthYoY" : 1.42,
    "grossProfitMargin" : 18.71,
    "grossProfit" : 102.46,
    "operatingProfitMargin" : 4.13,
    "operatingProfit" : 22.62,
    "netProfitMargin" : 1.35,
    "netProfit" : 7.39
  }, {
    "date" : "2018-03-31",
    "sales" : 433.60,
    "salesGrowthYoY" : 13.81,
    "grossProfitMargin" : 17.43,
    "grossProfit" : 75.58,
    "operatingProfitMargin" : 4.37,
    "operatingProfit" : 18.95,
    "netProfitMargin" : 1.62,
    "netProfit" : 7.02
  }, {
    "date" : "2018-06-30",
    "sales" : 410.94,
    "salesGrowthYoY" : -7.45,
    "grossProfitMargin" : 20.58,
    "grossProfit" : 84.57,
    "operatingProfitMargin" : 3.38,
    "operatingProfit" : 13.89,
    "netProfitMargin" : 0.32,
    "netProfit" : 1.32
  }, {
    "date" : "2018-09-30",
    "sales" : 345.66,
    "salesGrowthYoY" : 5.98,
    "grossProfitMargin" : 22.45,
    "grossProfit" : 77.60,
    "operatingProfitMargin" : 4.57,
    "operatingProfit" : 15.80,
    "netProfitMargin" : 0.49,
    "netProfit" : 1.69
  }, {
    "date" : "2018-12-31",
    "sales" : 591.75,
    "salesGrowthYoY" : 8.05,
    "grossProfitMargin" : 20.11,
    "grossProfit" : 119.00,
    "operatingProfitMargin" : 5.10,
    "operatingProfit" : 30.18,
    "netProfitMargin" : 1.88,
    "netProfit" : 11.12
  }, {
    "date" : "2019-03-31",
    "sales" : 415.49,
    "salesGrowthYoY" : -4.18,
    "grossProfitMargin" : 18.94,
    "grossProfit" : 78.69,
    "operatingProfitMargin" : 3.37,
    "operatingProfit" : 14.00,
    "netProfitMargin" : 0.28,
    "netProfit" : 1.16
  }, {
    "date" : "2019-06-30",
    "sales" : 429.77,
    "salesGrowthYoY" : 4.58,
    "grossProfitMargin" : 21.24,
    "grossProfit" : 91.28,
    "operatingProfitMargin" : 5.98,
    "operatingProfit" : 25.70,
    "netProfitMargin" : 0.72,
    "netProfit" : 3.09
  }, {
    "date" : "2019-09-30",
    "sales" : 393.20,
    "salesGrowthYoY" : 13.75,
    "grossProfitMargin" : 17.52,
    "grossProfit" : 68.89,
    "operatingProfitMargin" : 5.53,
    "operatingProfit" : 21.74,
    "netProfitMargin" : 0.22,
    "netProfit" : 0.87
  }, {
    "date" : "2019-12-31",
    "sales" : 644.56,
    "salesGrowthYoY" : 8.92,
    "grossProfitMargin" : 18.45,
    "grossProfit" : 118.92,
    "operatingProfitMargin" : 6.22,
    "operatingProfit" : 40.09,
    "netProfitMargin" : 2.18,
    "netProfit" : 14.05
  }, {
    "date" : "2020-03-31",
    "sales" : 342.52,
    "salesGrowthYoY" : -17.56,
    "grossProfitMargin" : 18.81,
    "grossProfit" : 64.43,
    "operatingProfitMargin" : 6.94,
    "operatingProfit" : 23.77,
    "netProfitMargin" : 1.16,
    "netProfit" : 3.97
  }, {
    "date" : "2020-06-30",
    "sales" : 79.46,
    "salesGrowthYoY" : -81.51,
    "grossProfitMargin" : 11.36,
    "grossProfit" : 9.03,
    "operatingProfitMargin" : -10.53,
    "operatingProfit" : -8.37,
    "netProfitMargin" : -24.13,
    "netProfit" : -19.17
  }, {
    "date" : "2020-09-30",
    "sales" : 273.18,
    "salesGrowthYoY" : -30.52,
    "grossProfitMargin" : 22.90,
    "grossProfit" : 62.56,
    "operatingProfitMargin" : 14.97,
    "operatingProfit" : 40.90,
    "netProfitMargin" : 5.18,
    "netProfit" : 14.15
  }, {
    "date" : "2020-12-31",
    "sales" : 623.28,
    "salesGrowthYoY" : -3.30,
    "grossProfitMargin" : 18.70,
    "grossProfit" : 116.55,
    "operatingProfitMargin" : 10.91,
    "operatingProfit" : 68.00,
    "netProfitMargin" : 6.34,
    "netProfit" : 39.52
  }, {
    "date" : "2021-03-31",
    "sales" : 366.08,
    "salesGrowthYoY" : 6.88,
    "grossProfitMargin" : 14.69,
    "grossProfit" : 53.78,
    "operatingProfitMargin" : 5.57,
    "operatingProfit" : 20.39,
    "netProfitMargin" : 2.35,
    "netProfit" : 8.60
  }, {
    "date" : "2021-06-30",
    "sales" : 193.67,
    "salesGrowthYoY" : 143.73,
    "grossProfitMargin" : 14.14,
    "grossProfit" : 27.38,
    "operatingProfitMargin" : -0.43,
    "operatingProfit" : -0.83,
    "netProfitMargin" : -4.70,
    "netProfit" : -9.10
  }, {
    "date" : "2021-09-30",
    "sales" : 455.88,
    "salesGrowthYoY" : 66.88,
    "grossProfitMargin" : 14.43,
    "grossProfit" : 65.78,
    "operatingProfitMargin" : 4.52,
    "operatingProfit" : 20.61,
    "netProfitMargin" : 1.45,
    "netProfit" : 6.61
  }, {
    "date" : "2021-12-31",
    "sales" : 762.80,
    "salesGrowthYoY" : 22.38,
    "grossProfitMargin" : 13.10,
    "grossProfit" : 99.93,
    "operatingProfitMargin" : 4.87,
    "operatingProfit" : 37.15,
    "netProfitMargin" : 2.25,
    "netProfit" : 17.16
  }, {
    "date" : "2022-03-31",
    "sales" : 431.49,
    "salesGrowthYoY" : 17.87,
    "grossProfitMargin" : 13.20,
    "grossProfit" : 56.96,
    "operatingProfitMargin" : 3.58,
    "operatingProfit" : 15.45,
    "netProfitMargin" : 0.56,
    "netProfit" : 2.42
  }, {
    "date" : "2022-06-30",
    "sales" : 579.89,
    "salesGrowthYoY" : 199.42,
    "grossProfitMargin" : 12.20,
    "grossProfit" : 70.75,
    "operatingProfitMargin" : 3.22,
    "operatingProfit" : 18.67,
    "netProfitMargin" : 0.50,
    "netProfit" : 2.90
  }, {
    "date" : "2022-09-30",
    "sales" : 536.80,
    "salesGrowthYoY" : 17.75,
    "grossProfitMargin" : 13.47,
    "grossProfit" : 72.31,
    "operatingProfitMargin" : 4.24,
    "operatingProfit" : 22.76,
    "netProfitMargin" : 1.04,
    "netProfit" : 5.58
  }, {
    "date" : "2022-12-31",
    "sales" : 812.18,
    "salesGrowthYoY" : 6.47,
    "grossProfitMargin" : 11.77,
    "grossProfit" : 95.59,
    "operatingProfitMargin" : 5.33,
    "operatingProfit" : 43.29,
    "netProfitMargin" : 2.45,
    "netProfit" : 19.90
  }, {
    "date" : "2023-03-31",
    "sales" : 464.76,
    "salesGrowthYoY" : 7.71,
    "grossProfitMargin" : 16.31,
    "grossProfit" : 75.80,
    "operatingProfitMargin" : 6.51,
    "operatingProfit" : 30.26,
    "netProfitMargin" : 2.42,
    "netProfit" : 11.25
  }, {
    "date" : "2023-06-30",
    "sales" : 570.82,
    "salesGrowthYoY" : -1.56,
    "grossProfitMargin" : 15.46,
    "grossProfit" : 88.25,
    "operatingProfitMargin" : 5.65,
    "operatingProfit" : 32.25,
    "netProfitMargin" : 2.00,
    "netProfit" : 11.42
  }, {
    "date" : "2023-09-30",
    "sales" : 480.59,
    "salesGrowthYoY" : -10.47,
    "grossProfitMargin" : 15.61,
    "grossProfit" : 75.02,
    "operatingProfitMargin" : 6.17,
    "operatingProfit" : 29.65,
    "netProfitMargin" : 1.91,
    "netProfit" : 9.18
  }, {
    "date" : "2023-12-31",
    "sales" : 741.02,
    "salesGrowthYoY" : -8.76,
    "grossProfitMargin" : 14.25,
    "grossProfit" : 105.60,
    "operatingProfitMargin" : 6.10,
    "operatingProfit" : 45.20,
    "netProfitMargin" : 2.83,
    "netProfit" : 20.97
  }, {
    "date" : "2024-03-31",
    "sales" : 506.51,
    "salesGrowthYoY" : 8.98,
    "grossProfitMargin" : 14.44,
    "grossProfit" : 73.14,
    "operatingProfitMargin" : 6.13,
    "operatingProfit" : 31.05,
    "netProfitMargin" : 2.47,
    "netProfit" : 12.51
  }, {
    "date" : "2024-06-30",
    "sales" : 596.24,
    "salesGrowthYoY" : 4.45,
    "grossProfitMargin" : 16.23,
    "grossProfit" : 96.77,
    "operatingProfitMargin" : 7.14,
    "operatingProfit" : 42.57,
    "netProfitMargin" : 3.10,
    "netProfit" : 18.48
  }, {
    "date" : "2024-09-30",
    "sales" : 567.05,
    "salesGrowthYoY" : 17.99,
    "grossProfitMargin" : 15.71,
    "grossProfit" : 89.08,
    "operatingProfitMargin" : 6.39,
    "operatingProfit" : 36.23,
    "netProfitMargin" : 2.33,
    "netProfit" : 13.21
  }, {
    "date" : "2024-12-31",
    "sales" : 927.85,
    "salesGrowthYoY" : 25.21,
    "grossProfitMargin" : 14.32,
    "grossProfit" : 132.87,
    "operatingProfitMargin" : 6.52,
    "operatingProfit" : 60.50,
    "netProfitMargin" : 3.29,
    "netProfit" : 30.53
  }, {
    "date" : "2025-03-31",
    "sales" : 529.34,
    "salesGrowthYoY" : 4.51,
    "grossProfitMargin" : 17.32,
    "grossProfit" : 91.68,
    "operatingProfitMargin" : 6.94,
    "operatingProfit" : 36.74,
    "netProfitMargin" : 1.92,
    "netProfit" : 10.16
  }, {
    "date" : "2025-06-30",
    "sales" : 624.01,
    "salesGrowthYoY" : 4.66,
    "grossProfitMargin" : 17.67,
    "grossProfit" : 110.26,
    "operatingProfitMargin" : 8.24,
    "operatingProfit" : 51.42,
    "netProfitMargin" : 3.36,
    "netProfit" : 20.97
  }, {
    "date" : "2025-09-30",
    "sales" : 687.83,
    "salesGrowthYoY" : 21.30,
    "grossProfitMargin" : 19.17,
    "grossProfit" : 131.86,
    "operatingProfitMargin" : 9.18,
    "operatingProfit" : 63.14,
    "netProfitMargin" : 4.46,
    "netProfit" : 30.68
  } ],
  "latestQuarterlyResult" : {
    "date" : "2025-09-30",
    "sales" : 687.83,
    "salesGrowthYoY" : 21.30,
    "grossProfitMargin" : 19.17,
    "grossProfit" : 131.86,
    "operatingProfitMargin" : 9.18,
    "operatingProfit" : 63.14,
    "netProfitMargin" : 4.46,
    "netProfit" : 30.68
  },
  "companyScore" : {
    "priceHigherThanDma50" : 0.00,
    "priceHigherThanDma100" : 0.00,
    "priceHigherThanDma200" : 0.00,
    "dma50HigherThanDma100" : 0.00,
    "dma50HigherThanDma200" : 0.00,
    "dma100HigherThanDma200" : 0.00,
    "pricePercentageAboveDma50" : 5.22,
    "pricePercentageAboveDma100" : 5.44,
    "pricePercentageAboveDma200" : 5.54,
    "weeklyVolumeHigherThanYearlyVolume" : 5.00,
    "salesGrowthPercentile" : 15.77,
    "operatingProfitMarginPercentile" : 18.21,
    "netProfitMarginPercentile" : 9.38,
    "totalTechnicalScore" : 21.20,
    "totalFundamentalScore" : 43.37,
    "totalScore" : 64.56
  }
}