{
  "metadata" : {
    "screenerCompanyId" : "3412",
    "companyCode" : "THERMAX",
    "companyName" : "Thermax",
    "screenerCompanyLink" : "https://www.screener.in/company/THERMAX/consolidated/",
    "screenerTechnicalHistoryLink" : "https://www.screener.in/api/company/3412/chart/?q=Price-DMA50-DMA200-Volume&days=365",
    "screenerQuarterlyResultsLink" : "https://www.screener.in/api/company/3412/chart/?q=GPM-OPM-NPM-Quarter+Sales&days=10000",
    "attributes" : {
      "companyCode" : "THERMAX",
      "companyName" : "Thermax",
      "marketCap" : 37556.00,
      "peRatio" : 58.60,
      "description" : "Thermax Limited offers solutions to energy, environment and chemical sectors. The Company’s portfolio includes boilers and heaters, absorption chillers/ heat pumps, power plants, solar equipment, air pollution control equipment/system, water and waste recycle plant, ion exchange resins and performance chemicals and related services. [1]"
    },
    "companyScore" : {
      "priceHigherThanDma50" : 5.00,
      "priceHigherThanDma100" : 5.00,
      "priceHigherThanDma200" : 0.00,
      "dma50HigherThanDma100" : 0.00,
      "dma50HigherThanDma200" : 0.00,
      "dma100HigherThanDma200" : 0.00,
      "pricePercentageAboveDma50" : 4.68,
      "pricePercentageAboveDma100" : 4.77,
      "pricePercentageAboveDma200" : 5.10,
      "weeklyVolumeHigherThanYearlyVolume" : 0.00,
      "salesGrowthPercentile" : 10.50,
      "operatingProfitMarginPercentile" : 12.26,
      "netProfitMarginPercentile" : 5.46,
      "totalTechnicalScore" : 24.56,
      "totalFundamentalScore" : 28.22,
      "totalScore" : 52.77
    }
  },
  "attributes" : {
    "companyCode" : "THERMAX",
    "companyName" : "Thermax",
    "marketCap" : 37556.00,
    "peRatio" : 58.60,
    "description" : "Thermax Limited offers solutions to energy, environment and chemical sectors. The Company’s portfolio includes boilers and heaters, absorption chillers/ heat pumps, power plants, solar equipment, air pollution control equipment/system, water and waste recycle plant, ion exchange resins and performance chemicals and related services. [1]"
  },
  "technicalHistory" : [ {
    "date" : "2025-02-24",
    "price" : 3285.20,
    "dma50" : 3749.85,
    "dma100" : null,
    "dma200" : 4242.47,
    "volume" : 77055.00
  }, {
    "date" : "2025-02-25",
    "price" : 3200.65,
    "dma50" : 3728.32,
    "dma100" : null,
    "dma200" : 4232.10,
    "volume" : 99760.00
  }, {
    "date" : "2025-02-27",
    "price" : 3191.00,
    "dma50" : 3707.24,
    "dma100" : null,
    "dma200" : 4221.74,
    "volume" : 65147.00
  }, {
    "date" : "2025-02-28",
    "price" : 3248.50,
    "dma50" : 3689.25,
    "dma100" : null,
    "dma200" : 4212.06,
    "volume" : 414210.00
  }, {
    "date" : "2025-03-03",
    "price" : 3201.75,
    "dma50" : 3670.14,
    "dma100" : null,
    "dma200" : 4202.00,
    "volume" : 64494.00
  }, {
    "date" : "2025-03-04",
    "price" : 3204.45,
    "dma50" : 3651.87,
    "dma100" : null,
    "dma200" : 4192.08,
    "volume" : 71773.00
  }, {
    "date" : "2025-03-05",
    "price" : 3237.00,
    "dma50" : 3635.60,
    "dma100" : null,
    "dma200" : 4182.58,
    "volume" : 117703.00
  }, {
    "date" : "2025-03-06",
    "price" : 3300.00,
    "dma50" : 3622.44,
    "dma100" : null,
    "dma200" : 4173.79,
    "volume" : 97914.00
  }, {
    "date" : "2025-03-07",
    "price" : 3359.80,
    "dma50" : 3612.14,
    "dma100" : null,
    "dma200" : 4165.69,
    "volume" : 94289.00
  }, {
    "date" : "2025-03-10",
    "price" : 3332.70,
    "dma50" : 3601.19,
    "dma100" : null,
    "dma200" : 4157.41,
    "volume" : 132059.00
  }, {
    "date" : "2025-03-11",
    "price" : 3275.00,
    "dma50" : 3588.39,
    "dma100" : null,
    "dma200" : 4148.63,
    "volume" : 67113.00
  }, {
    "date" : "2025-03-12",
    "price" : 3262.20,
    "dma50" : 3575.60,
    "dma100" : null,
    "dma200" : 4139.81,
    "volume" : 90796.00
  }, {
    "date" : "2025-03-13",
    "price" : 3370.70,
    "dma50" : 3567.57,
    "dma100" : null,
    "dma200" : 4132.15,
    "volume" : 367970.00
  }, {
    "date" : "2025-03-17",
    "price" : 3240.30,
    "dma50" : 3554.73,
    "dma100" : null,
    "dma200" : 4123.28,
    "volume" : 166262.00
  }, {
    "date" : "2025-03-18",
    "price" : 3277.30,
    "dma50" : 3543.85,
    "dma100" : null,
    "dma200" : 4114.86,
    "volume" : 100807.00
  }, {
    "date" : "2025-03-19",
    "price" : 3385.70,
    "dma50" : 3537.65,
    "dma100" : null,
    "dma200" : 4107.61,
    "volume" : 137064.00
  }, {
    "date" : "2025-03-20",
    "price" : 3527.70,
    "dma50" : 3537.26,
    "dma100" : null,
    "dma200" : 4101.83,
    "volume" : 343165.00
  }, {
    "date" : "2025-03-21",
    "price" : 3496.10,
    "dma50" : 3535.65,
    "dma100" : null,
    "dma200" : 4095.81,
    "volume" : 207987.00
  }, {
    "date" : "2025-03-24",
    "price" : 3464.05,
    "dma50" : 3532.84,
    "dma100" : null,
    "dma200" : 4089.52,
    "volume" : 151046.00
  }, {
    "date" : "2025-03-25",
    "price" : 3567.40,
    "dma50" : 3534.19,
    "dma100" : null,
    "dma200" : 4084.33,
    "volume" : 407189.00
  }, {
    "date" : "2025-03-26",
    "price" : 3477.65,
    "dma50" : 3531.98,
    "dma100" : null,
    "dma200" : 4078.29,
    "volume" : 111187.00
  }, {
    "date" : "2025-03-27",
    "price" : 3776.75,
    "dma50" : 3541.58,
    "dma100" : null,
    "dma200" : 4075.29,
    "volume" : 230175.00
  }, {
    "date" : "2025-03-28",
    "price" : 3654.10,
    "dma50" : 3545.99,
    "dma100" : null,
    "dma200" : 4071.10,
    "volume" : 121858.00
  }, {
    "date" : "2025-04-01",
    "price" : 3550.00,
    "dma50" : 3546.15,
    "dma100" : null,
    "dma200" : 4065.91,
    "volume" : 51015.00
  }, {
    "date" : "2025-04-02",
    "price" : 3548.25,
    "dma50" : 3546.23,
    "dma100" : null,
    "dma200" : 4060.76,
    "volume" : 107020.00
  }, {
    "date" : "2025-04-03",
    "price" : 3549.65,
    "dma50" : 3546.36,
    "dma100" : null,
    "dma200" : 4055.68,
    "volume" : 57962.00
  }, {
    "date" : "2025-04-04",
    "price" : 3546.20,
    "dma50" : 3546.36,
    "dma100" : null,
    "dma200" : 4050.61,
    "volume" : 33670.00
  }, {
    "date" : "2025-04-07",
    "price" : 3253.50,
    "dma50" : 3534.87,
    "dma100" : null,
    "dma200" : 4042.68,
    "volume" : 71002.00
  }, {
    "date" : "2025-04-08",
    "price" : 3221.95,
    "dma50" : 3522.60,
    "dma100" : null,
    "dma200" : 4034.51,
    "volume" : 64180.00
  }, {
    "date" : "2025-04-09",
    "price" : 3072.40,
    "dma50" : 3504.95,
    "dma100" : null,
    "dma200" : 4024.94,
    "volume" : 191417.00
  }, {
    "date" : "2025-04-11",
    "price" : 3085.45,
    "dma50" : 3488.49,
    "dma100" : null,
    "dma200" : 4015.59,
    "volume" : 113094.00
  }, {
    "date" : "2025-04-15",
    "price" : 3245.60,
    "dma50" : 3478.97,
    "dma100" : null,
    "dma200" : 4007.93,
    "volume" : 134394.00
  }, {
    "date" : "2025-04-16",
    "price" : 3366.40,
    "dma50" : 3474.55,
    "dma100" : null,
    "dma200" : 4001.54,
    "volume" : 98618.00
  }, {
    "date" : "2025-04-17",
    "price" : 3394.40,
    "dma50" : 3471.41,
    "dma100" : null,
    "dma200" : 3995.50,
    "volume" : 44348.00
  }, {
    "date" : "2025-04-21",
    "price" : 3421.60,
    "dma50" : 3469.46,
    "dma100" : null,
    "dma200" : 3989.79,
    "volume" : 34415.00
  }, {
    "date" : "2025-04-22",
    "price" : 3448.90,
    "dma50" : 3468.65,
    "dma100" : null,
    "dma200" : 3984.41,
    "volume" : 88780.00
  }, {
    "date" : "2025-04-23",
    "price" : 3449.60,
    "dma50" : 3467.90,
    "dma100" : null,
    "dma200" : 3979.09,
    "volume" : 44781.00
  }, {
    "date" : "2025-04-24",
    "price" : 3636.20,
    "dma50" : 3474.50,
    "dma100" : null,
    "dma200" : 3975.68,
    "volume" : 503885.00
  }, {
    "date" : "2025-04-25",
    "price" : 3444.00,
    "dma50" : 3473.31,
    "dma100" : null,
    "dma200" : 3970.39,
    "volume" : 134121.00
  }, {
    "date" : "2025-04-28",
    "price" : 3410.70,
    "dma50" : 3470.85,
    "dma100" : null,
    "dma200" : 3964.82,
    "volume" : 83572.00
  }, {
    "date" : "2025-04-29",
    "price" : 3346.40,
    "dma50" : 3465.97,
    "dma100" : null,
    "dma200" : 3958.66,
    "volume" : 89698.00
  }, {
    "date" : "2025-04-30",
    "price" : 3291.30,
    "dma50" : 3459.12,
    "dma100" : null,
    "dma200" : 3952.02,
    "volume" : 110061.00
  }, {
    "date" : "2025-05-02",
    "price" : 3241.20,
    "dma50" : 3450.58,
    "dma100" : null,
    "dma200" : 3944.95,
    "volume" : 61521.00
  }, {
    "date" : "2025-05-05",
    "price" : 3249.70,
    "dma50" : 3442.70,
    "dma100" : null,
    "dma200" : 3938.03,
    "volume" : 38825.00
  }, {
    "date" : "2025-05-06",
    "price" : 3219.40,
    "dma50" : 3433.94,
    "dma100" : null,
    "dma200" : 3930.88,
    "volume" : 32927.00
  }, {
    "date" : "2025-05-07",
    "price" : 3243.10,
    "dma50" : 3426.46,
    "dma100" : null,
    "dma200" : 3924.04,
    "volume" : 51998.00
  }, {
    "date" : "2025-05-08",
    "price" : 3156.10,
    "dma50" : 3415.86,
    "dma100" : null,
    "dma200" : 3916.40,
    "volume" : 53435.00
  }, {
    "date" : "2025-05-09",
    "price" : 3239.10,
    "dma50" : 3408.92,
    "dma100" : null,
    "dma200" : 3909.66,
    "volume" : 64664.00
  }, {
    "date" : "2025-05-12",
    "price" : 3299.30,
    "dma50" : 3404.63,
    "dma100" : null,
    "dma200" : 3903.58,
    "volume" : 251931.00
  }, {
    "date" : "2025-05-13",
    "price" : 3320.80,
    "dma50" : 3401.34,
    "dma100" : null,
    "dma200" : 3897.79,
    "volume" : 167528.00
  }, {
    "date" : "2025-05-14",
    "price" : 3405.10,
    "dma50" : 3401.49,
    "dma100" : null,
    "dma200" : 3892.88,
    "volume" : 391540.00
  }, {
    "date" : "2025-05-15",
    "price" : 3429.80,
    "dma50" : 3402.60,
    "dma100" : null,
    "dma200" : 3888.28,
    "volume" : 152083.00
  }, {
    "date" : "2025-05-16",
    "price" : 3426.60,
    "dma50" : 3403.54,
    "dma100" : null,
    "dma200" : 3883.68,
    "volume" : 68941.00
  }, {
    "date" : "2025-05-19",
    "price" : 3512.90,
    "dma50" : 3407.83,
    "dma100" : null,
    "dma200" : 3879.99,
    "volume" : 231179.00
  }, {
    "date" : "2025-05-20",
    "price" : 3501.80,
    "dma50" : 3411.51,
    "dma100" : null,
    "dma200" : 3876.23,
    "volume" : 136354.00
  }, {
    "date" : "2025-05-21",
    "price" : 3542.80,
    "dma50" : 3416.66,
    "dma100" : null,
    "dma200" : 3872.91,
    "volume" : 97689.00
  }, {
    "date" : "2025-05-22",
    "price" : 3597.00,
    "dma50" : 3423.73,
    "dma100" : null,
    "dma200" : 3870.17,
    "volume" : 150060.00
  }, {
    "date" : "2025-05-23",
    "price" : 3548.00,
    "dma50" : 3428.61,
    "dma100" : null,
    "dma200" : 3866.96,
    "volume" : 50326.00
  }, {
    "date" : "2025-05-26",
    "price" : 3483.20,
    "dma50" : 3430.75,
    "dma100" : null,
    "dma200" : 3863.14,
    "volume" : 57368.00
  }, {
    "date" : "2025-05-27",
    "price" : 3451.70,
    "dma50" : 3431.57,
    "dma100" : null,
    "dma200" : 3859.05,
    "volume" : 83243.00
  }, {
    "date" : "2025-05-28",
    "price" : 3485.70,
    "dma50" : 3433.69,
    "dma100" : null,
    "dma200" : 3855.33,
    "volume" : 68766.00
  }, {
    "date" : "2025-05-29",
    "price" : 3418.40,
    "dma50" : 3433.09,
    "dma100" : null,
    "dma200" : 3850.99,
    "volume" : 95358.00
  }, {
    "date" : "2025-05-30",
    "price" : 3388.20,
    "dma50" : 3431.33,
    "dma100" : null,
    "dma200" : 3846.38,
    "volume" : 191328.00
  }, {
    "date" : "2025-06-02",
    "price" : 3448.70,
    "dma50" : 3432.01,
    "dma100" : null,
    "dma200" : 3842.42,
    "volume" : 71816.00
  }, {
    "date" : "2025-06-03",
    "price" : 3390.30,
    "dma50" : 3430.38,
    "dma100" : null,
    "dma200" : 3837.92,
    "volume" : 65442.00
  }, {
    "date" : "2025-06-04",
    "price" : 3515.00,
    "dma50" : 3433.69,
    "dma100" : null,
    "dma200" : 3834.71,
    "volume" : 351687.00
  }, {
    "date" : "2025-06-05",
    "price" : 3531.40,
    "dma50" : 3437.53,
    "dma100" : null,
    "dma200" : 3831.69,
    "volume" : 113786.00
  }, {
    "date" : "2025-06-06",
    "price" : 3532.40,
    "dma50" : 3441.25,
    "dma100" : null,
    "dma200" : 3828.72,
    "volume" : 40207.00
  }, {
    "date" : "2025-06-09",
    "price" : 3562.60,
    "dma50" : 3446.01,
    "dma100" : null,
    "dma200" : 3826.07,
    "volume" : 378570.00
  }, {
    "date" : "2025-06-10",
    "price" : 3557.00,
    "dma50" : 3450.36,
    "dma100" : null,
    "dma200" : 3823.39,
    "volume" : 94768.00
  }, {
    "date" : "2025-06-11",
    "price" : 3550.60,
    "dma50" : 3454.29,
    "dma100" : null,
    "dma200" : 3820.68,
    "volume" : 365360.00
  }, {
    "date" : "2025-06-12",
    "price" : 3570.60,
    "dma50" : 3458.85,
    "dma100" : null,
    "dma200" : 3818.19,
    "volume" : 80062.00
  }, {
    "date" : "2025-06-13",
    "price" : 3550.80,
    "dma50" : 3462.46,
    "dma100" : null,
    "dma200" : 3815.53,
    "volume" : 51400.00
  }, {
    "date" : "2025-06-16",
    "price" : 3531.50,
    "dma50" : 3465.16,
    "dma100" : null,
    "dma200" : 3812.70,
    "volume" : 42764.00
  }, {
    "date" : "2025-06-17",
    "price" : 3474.60,
    "dma50" : 3465.53,
    "dma100" : null,
    "dma200" : 3809.34,
    "volume" : 34615.00
  }, {
    "date" : "2025-06-18",
    "price" : 3508.80,
    "dma50" : 3467.23,
    "dma100" : null,
    "dma200" : 3806.35,
    "volume" : 40071.00
  }, {
    "date" : "2025-06-19",
    "price" : 3535.80,
    "dma50" : 3469.92,
    "dma100" : null,
    "dma200" : 3803.65,
    "volume" : 144207.00
  }, {
    "date" : "2025-06-20",
    "price" : 3423.10,
    "dma50" : 3468.08,
    "dma100" : null,
    "dma200" : 3799.87,
    "volume" : 507528.00
  }, {
    "date" : "2025-06-23",
    "price" : 3477.70,
    "dma50" : 3468.46,
    "dma100" : null,
    "dma200" : 3796.66,
    "volume" : 61241.00
  }, {
    "date" : "2025-06-24",
    "price" : 3459.30,
    "dma50" : 3468.10,
    "dma100" : null,
    "dma200" : 3793.31,
    "volume" : 154245.00
  }, {
    "date" : "2025-06-25",
    "price" : 3444.50,
    "dma50" : 3467.18,
    "dma100" : null,
    "dma200" : 3789.83,
    "volume" : 65719.00
  }, {
    "date" : "2025-06-26",
    "price" : 3463.00,
    "dma50" : 3467.01,
    "dma100" : null,
    "dma200" : 3786.58,
    "volume" : 88290.00
  }, {
    "date" : "2025-06-27",
    "price" : 3347.80,
    "dma50" : 3462.34,
    "dma100" : null,
    "dma200" : 3782.22,
    "volume" : 278736.00
  }, {
    "date" : "2025-06-30",
    "price" : 3419.30,
    "dma50" : 3460.65,
    "dma100" : null,
    "dma200" : 3778.61,
    "volume" : 153932.00
  }, {
    "date" : "2025-07-01",
    "price" : 3356.70,
    "dma50" : 3456.57,
    "dma100" : null,
    "dma200" : 3774.41,
    "volume" : 83918.00
  }, {
    "date" : "2025-07-02",
    "price" : 3412.20,
    "dma50" : 3454.83,
    "dma100" : null,
    "dma200" : 3770.80,
    "volume" : 266201.00
  }, {
    "date" : "2025-07-03",
    "price" : 3483.90,
    "dma50" : 3455.97,
    "dma100" : null,
    "dma200" : 3767.95,
    "volume" : 303003.00
  }, {
    "date" : "2025-07-04",
    "price" : 3458.50,
    "dma50" : 3456.07,
    "dma100" : null,
    "dma200" : 3764.87,
    "volume" : 36051.00
  }, {
    "date" : "2025-07-07",
    "price" : 3446.20,
    "dma50" : 3455.68,
    "dma100" : null,
    "dma200" : 3761.70,
    "volume" : 63790.00
  }, {
    "date" : "2025-07-08",
    "price" : 3453.50,
    "dma50" : 3455.60,
    "dma100" : null,
    "dma200" : 3758.63,
    "volume" : 60556.00
  }, {
    "date" : "2025-07-09",
    "price" : 3426.40,
    "dma50" : 3454.45,
    "dma100" : null,
    "dma200" : 3755.33,
    "volume" : 34826.00
  }, {
    "date" : "2025-07-10",
    "price" : 3434.40,
    "dma50" : 3453.67,
    "dma100" : null,
    "dma200" : 3752.13,
    "volume" : 30133.00
  }, {
    "date" : "2025-07-11",
    "price" : 3465.00,
    "dma50" : 3454.11,
    "dma100" : null,
    "dma200" : 3749.28,
    "volume" : 93221.00
  }, {
    "date" : "2025-07-14",
    "price" : 3444.20,
    "dma50" : 3453.72,
    "dma100" : null,
    "dma200" : 3746.24,
    "volume" : 67322.00
  }, {
    "date" : "2025-07-15",
    "price" : 3479.40,
    "dma50" : 3454.73,
    "dma100" : null,
    "dma200" : 3743.59,
    "volume" : 49368.00
  }, {
    "date" : "2025-07-16",
    "price" : 3645.80,
    "dma50" : 3462.22,
    "dma100" : null,
    "dma200" : 3742.61,
    "volume" : 813519.00
  }, {
    "date" : "2025-07-17",
    "price" : 3885.90,
    "dma50" : 3478.84,
    "dma100" : null,
    "dma200" : 3744.04,
    "volume" : 4140706.00
  }, {
    "date" : "2025-07-18",
    "price" : 3888.40,
    "dma50" : 3494.90,
    "dma100" : null,
    "dma200" : 3745.47,
    "volume" : 434343.00
  }, {
    "date" : "2025-07-21",
    "price" : 3903.10,
    "dma50" : 3510.91,
    "dma100" : null,
    "dma200" : 3747.04,
    "volume" : 143547.00
  }, {
    "date" : "2025-07-22",
    "price" : 3944.50,
    "dma50" : 3527.91,
    "dma100" : null,
    "dma200" : 3749.01,
    "volume" : 197163.00
  }, {
    "date" : "2025-07-23",
    "price" : 3869.20,
    "dma50" : 3541.29,
    "dma100" : 3437.85,
    "dma200" : 3750.20,
    "volume" : 94383.00
  }, {
    "date" : "2025-07-24",
    "price" : 3850.40,
    "dma50" : 3553.42,
    "dma100" : 3444.35,
    "dma200" : 3751.20,
    "volume" : 76267.00
  }, {
    "date" : "2025-07-25",
    "price" : 3739.00,
    "dma50" : 3560.69,
    "dma100" : 3449.83,
    "dma200" : 3751.08,
    "volume" : 88187.00
  }, {
    "date" : "2025-07-28",
    "price" : 3722.70,
    "dma50" : 3567.05,
    "dma100" : 3454.57,
    "dma200" : 3750.80,
    "volume" : 49634.00
  }, {
    "date" : "2025-07-29",
    "price" : 3778.60,
    "dma50" : 3575.34,
    "dma100" : 3460.34,
    "dma200" : 3751.07,
    "volume" : 67918.00
  }, {
    "date" : "2025-07-30",
    "price" : 3837.10,
    "dma50" : 3585.61,
    "dma100" : 3466.67,
    "dma200" : 3751.93,
    "volume" : 57499.00
  }, {
    "date" : "2025-07-31",
    "price" : 3940.40,
    "dma50" : 3599.52,
    "dma100" : 3473.70,
    "dma200" : 3753.80,
    "volume" : 176484.00
  }, {
    "date" : "2025-08-01",
    "price" : 3778.70,
    "dma50" : 3606.55,
    "dma100" : 3478.49,
    "dma200" : 3754.05,
    "volume" : 188555.00
  }, {
    "date" : "2025-08-04",
    "price" : 3539.00,
    "dma50" : 3603.90,
    "dma100" : 3480.28,
    "dma200" : 3751.91,
    "volume" : 244105.00
  }, {
    "date" : "2025-08-05",
    "price" : 3557.00,
    "dma50" : 3602.06,
    "dma100" : 3482.52,
    "dma200" : 3749.97,
    "volume" : 207286.00
  }, {
    "date" : "2025-08-06",
    "price" : 3454.20,
    "dma50" : 3596.26,
    "dma100" : 3484.32,
    "dma200" : 3747.03,
    "volume" : 100422.00
  }, {
    "date" : "2025-08-07",
    "price" : 3328.20,
    "dma50" : 3585.75,
    "dma100" : 3484.98,
    "dma200" : 3742.86,
    "volume" : 171200.00
  }, {
    "date" : "2025-08-08",
    "price" : 3272.70,
    "dma50" : 3573.47,
    "dma100" : 3484.00,
    "dma200" : 3738.18,
    "volume" : 205379.00
  }, {
    "date" : "2025-08-11",
    "price" : 3273.60,
    "dma50" : 3561.71,
    "dma100" : 3484.33,
    "dma200" : 3733.56,
    "volume" : 63338.00
  }, {
    "date" : "2025-08-12",
    "price" : 3297.90,
    "dma50" : 3551.37,
    "dma100" : 3484.53,
    "dma200" : 3729.23,
    "volume" : 67830.00
  }, {
    "date" : "2025-08-13",
    "price" : 3300.90,
    "dma50" : 3541.55,
    "dma100" : 3483.69,
    "dma200" : 3724.96,
    "volume" : 305587.00
  }, {
    "date" : "2025-08-14",
    "price" : 3274.30,
    "dma50" : 3531.07,
    "dma100" : 3481.15,
    "dma200" : 3720.48,
    "volume" : 53026.00
  }, {
    "date" : "2025-08-18",
    "price" : 3276.60,
    "dma50" : 3521.09,
    "dma100" : 3478.96,
    "dma200" : 3716.06,
    "volume" : 87622.00
  }, {
    "date" : "2025-08-19",
    "price" : 3305.20,
    "dma50" : 3512.62,
    "dma100" : 3477.37,
    "dma200" : 3711.98,
    "volume" : 66658.00
  }, {
    "date" : "2025-08-20",
    "price" : 3233.30,
    "dma50" : 3501.67,
    "dma100" : 3474.03,
    "dma200" : 3707.21,
    "volume" : 139056.00
  }, {
    "date" : "2025-08-21",
    "price" : 3237.20,
    "dma50" : 3491.30,
    "dma100" : 3471.62,
    "dma200" : 3702.54,
    "volume" : 431904.00
  }, {
    "date" : "2025-08-22",
    "price" : 3259.00,
    "dma50" : 3482.19,
    "dma100" : 3466.45,
    "dma200" : 3698.12,
    "volume" : 192965.00
  }, {
    "date" : "2025-08-25",
    "price" : 3271.50,
    "dma50" : 3473.92,
    "dma100" : 3462.62,
    "dma200" : 3693.88,
    "volume" : 178386.00
  }, {
    "date" : "2025-08-26",
    "price" : 3258.70,
    "dma50" : 3465.48,
    "dma100" : 3459.71,
    "dma200" : 3689.55,
    "volume" : 5245585.00
  }, {
    "date" : "2025-08-28",
    "price" : 3186.70,
    "dma50" : 3454.55,
    "dma100" : 3456.09,
    "dma200" : 3684.54,
    "volume" : 441273.00
  }, {
    "date" : "2025-08-29",
    "price" : 3207.60,
    "dma50" : 3444.87,
    "dma100" : 3452.67,
    "dma200" : 3679.80,
    "volume" : 182618.00
  }, {
    "date" : "2025-09-01",
    "price" : 3210.60,
    "dma50" : 3435.68,
    "dma100" : 3449.32,
    "dma200" : 3675.13,
    "volume" : 89687.00
  }, {
    "date" : "2025-09-02",
    "price" : 3282.20,
    "dma50" : 3429.66,
    "dma100" : 3449.60,
    "dma200" : 3671.22,
    "volume" : 102741.00
  }, {
    "date" : "2025-09-03",
    "price" : 3260.00,
    "dma50" : 3423.01,
    "dma100" : 3449.98,
    "dma200" : 3667.13,
    "volume" : 83220.00
  }, {
    "date" : "2025-09-04",
    "price" : 3341.90,
    "dma50" : 3419.83,
    "dma100" : 3452.68,
    "dma200" : 3663.89,
    "volume" : 155840.00
  }, {
    "date" : "2025-09-05",
    "price" : 3292.70,
    "dma50" : 3414.84,
    "dma100" : 3454.75,
    "dma200" : 3660.20,
    "volume" : 99899.00
  }, {
    "date" : "2025-09-08",
    "price" : 3320.90,
    "dma50" : 3411.16,
    "dma100" : 3455.50,
    "dma200" : 3656.82,
    "volume" : 110951.00
  }, {
    "date" : "2025-09-09",
    "price" : 3312.30,
    "dma50" : 3407.28,
    "dma100" : 3454.96,
    "dma200" : 3653.39,
    "volume" : 167524.00
  }, {
    "date" : "2025-09-10",
    "price" : 3366.00,
    "dma50" : 3405.66,
    "dma100" : 3454.68,
    "dma200" : 3650.53,
    "volume" : 351663.00
  }, {
    "date" : "2025-09-11",
    "price" : 3342.80,
    "dma50" : 3403.20,
    "dma100" : 3453.89,
    "dma200" : 3647.47,
    "volume" : 64679.00
  }, {
    "date" : "2025-09-12",
    "price" : 3311.50,
    "dma50" : 3399.60,
    "dma100" : 3452.52,
    "dma200" : 3644.13,
    "volume" : 53418.00
  }, {
    "date" : "2025-09-15",
    "price" : 3314.90,
    "dma50" : 3396.28,
    "dma100" : 3451.17,
    "dma200" : 3640.85,
    "volume" : 56569.00
  }, {
    "date" : "2025-09-16",
    "price" : 3318.80,
    "dma50" : 3393.24,
    "dma100" : 3448.00,
    "dma200" : 3637.65,
    "volume" : 50558.00
  }, {
    "date" : "2025-09-17",
    "price" : 3311.40,
    "dma50" : 3390.03,
    "dma100" : 3446.67,
    "dma200" : 3634.40,
    "volume" : 92005.00
  }, {
    "date" : "2025-09-18",
    "price" : 3330.00,
    "dma50" : 3387.68,
    "dma100" : 3445.86,
    "dma200" : 3631.37,
    "volume" : 70136.00
  }, {
    "date" : "2025-09-19",
    "price" : 3307.60,
    "dma50" : 3384.54,
    "dma100" : 3445.47,
    "dma200" : 3628.15,
    "volume" : 135428.00
  }, {
    "date" : "2025-09-22",
    "price" : 3269.80,
    "dma50" : 3380.04,
    "dma100" : 3445.26,
    "dma200" : 3624.59,
    "volume" : 36642.00
  }, {
    "date" : "2025-09-23",
    "price" : 3358.80,
    "dma50" : 3379.20,
    "dma100" : 3446.43,
    "dma200" : 3621.94,
    "volume" : 224763.00
  }, {
    "date" : "2025-09-24",
    "price" : 3317.20,
    "dma50" : 3376.77,
    "dma100" : 3447.11,
    "dma200" : 3618.91,
    "volume" : 67094.00
  }, {
    "date" : "2025-09-25",
    "price" : 3233.10,
    "dma50" : 3371.14,
    "dma100" : 3447.25,
    "dma200" : 3615.07,
    "volume" : 91853.00
  }, {
    "date" : "2025-09-26",
    "price" : 3197.70,
    "dma50" : 3364.34,
    "dma100" : 3446.79,
    "dma200" : 3610.92,
    "volume" : 96040.00
  }, {
    "date" : "2025-09-29",
    "price" : 3131.50,
    "dma50" : 3355.21,
    "dma100" : 3446.55,
    "dma200" : 3606.15,
    "volume" : 80931.00
  }, {
    "date" : "2025-09-30",
    "price" : 3170.30,
    "dma50" : 3347.95,
    "dma100" : 3445.86,
    "dma200" : 3601.81,
    "volume" : 81836.00
  }, {
    "date" : "2025-10-01",
    "price" : 3165.20,
    "dma50" : 3340.79,
    "dma100" : 3444.52,
    "dma200" : 3597.47,
    "volume" : 45625.00
  }, {
    "date" : "2025-10-03",
    "price" : 3188.50,
    "dma50" : 3334.82,
    "dma100" : 3443.20,
    "dma200" : 3593.40,
    "volume" : 62266.00
  }, {
    "date" : "2025-10-06",
    "price" : 3179.30,
    "dma50" : 3328.72,
    "dma100" : 3440.94,
    "dma200" : 3589.28,
    "volume" : 66933.00
  }, {
    "date" : "2025-10-07",
    "price" : 3190.10,
    "dma50" : 3323.28,
    "dma100" : 3438.54,
    "dma200" : 3585.30,
    "volume" : 71063.00
  }, {
    "date" : "2025-10-08",
    "price" : 3158.20,
    "dma50" : 3316.81,
    "dma100" : 3435.86,
    "dma200" : 3581.06,
    "volume" : 74644.00
  }, {
    "date" : "2025-10-09",
    "price" : 3182.50,
    "dma50" : 3311.54,
    "dma100" : 3432.55,
    "dma200" : 3577.09,
    "volume" : 60047.00
  }, {
    "date" : "2025-10-10",
    "price" : 3223.80,
    "dma50" : 3308.10,
    "dma100" : 3429.77,
    "dma200" : 3573.57,
    "volume" : 75652.00
  }, {
    "date" : "2025-10-13",
    "price" : 3189.50,
    "dma50" : 3303.45,
    "dma100" : 3426.24,
    "dma200" : 3569.75,
    "volume" : 54686.00
  }, {
    "date" : "2025-10-14",
    "price" : 3107.40,
    "dma50" : 3295.76,
    "dma100" : 3421.34,
    "dma200" : 3565.15,
    "volume" : 121618.00
  }, {
    "date" : "2025-10-15",
    "price" : 3110.00,
    "dma50" : 3288.48,
    "dma100" : 3416.96,
    "dma200" : 3560.62,
    "volume" : 64844.00
  }, {
    "date" : "2025-10-16",
    "price" : 3167.20,
    "dma50" : 3283.72,
    "dma100" : 3413.80,
    "dma200" : 3556.71,
    "volume" : 91923.00
  }, {
    "date" : "2025-10-17",
    "price" : 3145.20,
    "dma50" : 3278.29,
    "dma100" : 3410.74,
    "dma200" : 3552.61,
    "volume" : 167339.00
  }, {
    "date" : "2025-10-20",
    "price" : 3180.40,
    "dma50" : 3274.45,
    "dma100" : 3407.69,
    "dma200" : 3548.91,
    "volume" : 123892.00
  }, {
    "date" : "2025-10-21",
    "price" : 3219.10,
    "dma50" : 3272.28,
    "dma100" : 3405.69,
    "dma200" : 3545.63,
    "volume" : 18865.00
  }, {
    "date" : "2025-10-23",
    "price" : 3187.80,
    "dma50" : 3268.97,
    "dma100" : 3403.69,
    "dma200" : 3542.07,
    "volume" : 111050.00
  }, {
    "date" : "2025-10-24",
    "price" : 3276.50,
    "dma50" : 3269.26,
    "dma100" : 3401.97,
    "dma200" : 3539.43,
    "volume" : 121367.00
  }, {
    "date" : "2025-10-27",
    "price" : 3314.20,
    "dma50" : 3271.02,
    "dma100" : 3401.21,
    "dma200" : 3537.18,
    "volume" : 102223.00
  }, {
    "date" : "2025-10-28",
    "price" : 3254.80,
    "dma50" : 3270.39,
    "dma100" : 3398.60,
    "dma200" : 3534.37,
    "volume" : 74205.00
  }, {
    "date" : "2025-10-29",
    "price" : 3267.90,
    "dma50" : 3270.29,
    "dma100" : 3395.97,
    "dma200" : 3531.72,
    "volume" : 54074.00
  }, {
    "date" : "2025-10-30",
    "price" : 3257.00,
    "dma50" : 3269.77,
    "dma100" : 3393.21,
    "dma200" : 3528.99,
    "volume" : 104909.00
  }, {
    "date" : "2025-10-31",
    "price" : 3218.80,
    "dma50" : 3267.77,
    "dma100" : 3389.78,
    "dma200" : 3525.90,
    "volume" : 38084.00
  }, {
    "date" : "2025-11-03",
    "price" : 3206.80,
    "dma50" : 3265.38,
    "dma100" : 3386.27,
    "dma200" : 3522.73,
    "volume" : 67836.00
  }, {
    "date" : "2025-11-04",
    "price" : 3271.70,
    "dma50" : 3265.63,
    "dma100" : 3383.49,
    "dma200" : 3520.23,
    "volume" : 226558.00
  }, {
    "date" : "2025-11-06",
    "price" : 3256.00,
    "dma50" : 3265.25,
    "dma100" : 3380.34,
    "dma200" : 3517.60,
    "volume" : 53145.00
  }, {
    "date" : "2025-11-07",
    "price" : 3190.90,
    "dma50" : 3262.33,
    "dma100" : 3376.74,
    "dma200" : 3514.35,
    "volume" : 57590.00
  }, {
    "date" : "2025-11-10",
    "price" : 3138.60,
    "dma50" : 3257.48,
    "dma100" : 3372.81,
    "dma200" : 3510.61,
    "volume" : 59337.00
  }, {
    "date" : "2025-11-11",
    "price" : 3167.70,
    "dma50" : 3253.96,
    "dma100" : 3369.74,
    "dma200" : 3507.20,
    "volume" : 79009.00
  }, {
    "date" : "2025-11-12",
    "price" : 3061.20,
    "dma50" : 3246.40,
    "dma100" : 3365.27,
    "dma200" : 3502.76,
    "volume" : 601017.00
  }, {
    "date" : "2025-11-13",
    "price" : 3024.10,
    "dma50" : 3237.68,
    "dma100" : 3360.15,
    "dma200" : 3498.00,
    "volume" : 224769.00
  }, {
    "date" : "2025-11-14",
    "price" : 3006.00,
    "dma50" : 3228.60,
    "dma100" : 3355.98,
    "dma200" : 3493.10,
    "volume" : 83491.00
  }, {
    "date" : "2025-11-17",
    "price" : 3012.90,
    "dma50" : 3220.14,
    "dma100" : 3351.33,
    "dma200" : 3488.33,
    "volume" : 102602.00
  }, {
    "date" : "2025-11-18",
    "price" : 2943.40,
    "dma50" : 3209.29,
    "dma100" : 3346.17,
    "dma200" : 3482.90,
    "volume" : 147479.00
  }, {
    "date" : "2025-11-19",
    "price" : 2921.90,
    "dma50" : 3198.02,
    "dma100" : 3340.95,
    "dma200" : 3477.32,
    "volume" : 164033.00
  }, {
    "date" : "2025-11-20",
    "price" : 2968.20,
    "dma50" : 3189.00,
    "dma100" : 3336.00,
    "dma200" : 3472.26,
    "volume" : 136768.00
  }, {
    "date" : "2025-11-21",
    "price" : 2886.70,
    "dma50" : 3177.15,
    "dma100" : 3331.39,
    "dma200" : 3466.43,
    "volume" : 93783.00
  }, {
    "date" : "2025-11-24",
    "price" : 2867.20,
    "dma50" : 3164.99,
    "dma100" : 3325.87,
    "dma200" : 3460.47,
    "volume" : 161968.00
  }, {
    "date" : "2025-11-25",
    "price" : 2882.80,
    "dma50" : 3153.93,
    "dma100" : 3321.13,
    "dma200" : 3454.72,
    "volume" : 76159.00
  }, {
    "date" : "2025-11-26",
    "price" : 2933.00,
    "dma50" : 3145.26,
    "dma100" : 3316.33,
    "dma200" : 3449.53,
    "volume" : 95365.00
  }, {
    "date" : "2025-11-27",
    "price" : 2940.80,
    "dma50" : 3137.25,
    "dma100" : 3310.90,
    "dma200" : 3444.47,
    "volume" : 60717.00
  }, {
    "date" : "2025-11-28",
    "price" : 2920.10,
    "dma50" : 3128.73,
    "dma100" : 3305.52,
    "dma200" : 3439.25,
    "volume" : 36764.00
  }, {
    "date" : "2025-12-01",
    "price" : 2916.50,
    "dma50" : 3120.41,
    "dma100" : 3300.22,
    "dma200" : 3434.05,
    "volume" : 43719.00
  }, {
    "date" : "2025-12-02",
    "price" : 2924.10,
    "dma50" : 3112.71,
    "dma100" : 3294.93,
    "dma200" : 3428.97,
    "volume" : 22492.00
  }, {
    "date" : "2025-12-03",
    "price" : 2889.60,
    "dma50" : 3103.96,
    "dma100" : 3289.56,
    "dma200" : 3423.61,
    "volume" : 45618.00
  }, {
    "date" : "2025-12-04",
    "price" : 2869.10,
    "dma50" : 3094.75,
    "dma100" : 3283.91,
    "dma200" : 3418.09,
    "volume" : 63052.00
  }, {
    "date" : "2025-12-05",
    "price" : 2845.70,
    "dma50" : 3084.98,
    "dma100" : 3277.71,
    "dma200" : 3412.39,
    "volume" : 80376.00
  }, {
    "date" : "2025-12-08",
    "price" : 2805.60,
    "dma50" : 3074.03,
    "dma100" : 3271.33,
    "dma200" : 3406.35,
    "volume" : 116211.00
  }, {
    "date" : "2025-12-09",
    "price" : 2833.70,
    "dma50" : 3064.60,
    "dma100" : 3264.87,
    "dma200" : 3400.66,
    "volume" : 66284.00
  }, {
    "date" : "2025-12-10",
    "price" : 2773.80,
    "dma50" : 3053.20,
    "dma100" : 3256.15,
    "dma200" : 3394.42,
    "volume" : 57271.00
  }, {
    "date" : "2025-12-11",
    "price" : 2798.70,
    "dma50" : 3043.22,
    "dma100" : 3245.28,
    "dma200" : 3388.49,
    "volume" : 38872.00
  }, {
    "date" : "2025-12-12",
    "price" : 2870.40,
    "dma50" : 3036.44,
    "dma100" : 3235.10,
    "dma200" : 3383.34,
    "volume" : 444811.00
  }, {
    "date" : "2025-12-15",
    "price" : 2891.20,
    "dma50" : 3030.74,
    "dma100" : 3224.98,
    "dma200" : 3378.44,
    "volume" : 107605.00
  }, {
    "date" : "2025-12-16",
    "price" : 2884.60,
    "dma50" : 3025.01,
    "dma100" : 3214.38,
    "dma200" : 3373.53,
    "volume" : 37508.00
  }, {
    "date" : "2025-12-17",
    "price" : 2882.70,
    "dma50" : 3019.43,
    "dma100" : 3204.52,
    "dma200" : 3368.64,
    "volume" : 62122.00
  }, {
    "date" : "2025-12-18",
    "price" : 2850.80,
    "dma50" : 3012.82,
    "dma100" : 3194.52,
    "dma200" : 3363.49,
    "volume" : 75316.00
  }, {
    "date" : "2025-12-19",
    "price" : 2869.90,
    "dma50" : 3007.22,
    "dma100" : 3185.83,
    "dma200" : 3358.58,
    "volume" : 80140.00
  }, {
    "date" : "2025-12-22",
    "price" : 2877.00,
    "dma50" : 3002.11,
    "dma100" : 3177.37,
    "dma200" : 3353.79,
    "volume" : 63718.00
  }, {
    "date" : "2025-12-23",
    "price" : 2931.70,
    "dma50" : 2999.35,
    "dma100" : 3168.90,
    "dma200" : 3349.59,
    "volume" : 185942.00
  }, {
    "date" : "2025-12-24",
    "price" : 3000.60,
    "dma50" : 2999.40,
    "dma100" : 3160.54,
    "dma200" : 3346.11,
    "volume" : 150643.00
  }, {
    "date" : "2025-12-26",
    "price" : 3012.40,
    "dma50" : 2999.91,
    "dma100" : 3151.26,
    "dma200" : 3342.79,
    "volume" : 120626.00
  }, {
    "date" : "2025-12-29",
    "price" : 3008.60,
    "dma50" : 3000.25,
    "dma100" : 3143.56,
    "dma200" : 3339.47,
    "volume" : 59988.00
  }, {
    "date" : "2025-12-30",
    "price" : 3013.50,
    "dma50" : 3000.77,
    "dma100" : 3138.30,
    "dma200" : 3336.22,
    "volume" : 118443.00
  }, {
    "date" : "2025-12-31",
    "price" : 3022.60,
    "dma50" : 3001.62,
    "dma100" : 3132.96,
    "dma200" : 3333.10,
    "volume" : 112425.00
  }, {
    "date" : "2026-01-01",
    "price" : 3063.40,
    "dma50" : 3004.05,
    "dma100" : 3129.05,
    "dma200" : 3330.42,
    "volume" : 75709.00
  }, {
    "date" : "2026-01-02",
    "price" : 3025.90,
    "dma50" : 3004.90,
    "dma100" : 3126.03,
    "dma200" : 3327.39,
    "volume" : 67202.00
  }, {
    "date" : "2026-01-05",
    "price" : 3070.60,
    "dma50" : 3007.48,
    "dma100" : 3124.01,
    "dma200" : 3324.83,
    "volume" : 87401.00
  }, {
    "date" : "2026-01-06",
    "price" : 3087.60,
    "dma50" : 3010.62,
    "dma100" : 3122.15,
    "dma200" : 3322.47,
    "volume" : 122240.00
  }, {
    "date" : "2026-01-07",
    "price" : 3069.30,
    "dma50" : 3012.92,
    "dma100" : 3119.86,
    "dma200" : 3319.96,
    "volume" : 160551.00
  }, {
    "date" : "2026-01-08",
    "price" : 3061.40,
    "dma50" : 3014.82,
    "dma100" : 3117.46,
    "dma200" : 3317.38,
    "volume" : 180571.00
  }, {
    "date" : "2026-01-09",
    "price" : 3023.40,
    "dma50" : 3015.16,
    "dma100" : 3114.96,
    "dma200" : 3314.46,
    "volume" : 135624.00
  }, {
    "date" : "2026-01-12",
    "price" : 2949.40,
    "dma50" : 3012.58,
    "dma100" : 3111.68,
    "dma200" : 3310.82,
    "volume" : 92473.00
  }, {
    "date" : "2026-01-13",
    "price" : 2964.20,
    "dma50" : 3010.68,
    "dma100" : 3108.27,
    "dma200" : 3307.38,
    "volume" : 65936.00
  }, {
    "date" : "2026-01-14",
    "price" : 2971.80,
    "dma50" : 3009.16,
    "dma100" : 3105.66,
    "dma200" : 3304.04,
    "volume" : 30684.00
  }, {
    "date" : "2026-01-16",
    "price" : 2970.30,
    "dma50" : 3007.64,
    "dma100" : 3102.99,
    "dma200" : 3300.72,
    "volume" : 67823.00
  }, {
    "date" : "2026-01-19",
    "price" : 2937.70,
    "dma50" : 3004.89,
    "dma100" : 3099.78,
    "dma200" : 3297.10,
    "volume" : 28930.00
  }, {
    "date" : "2026-01-20",
    "price" : 2921.40,
    "dma50" : 3001.62,
    "dma100" : 3096.28,
    "dma200" : 3293.37,
    "volume" : 77066.00
  }, {
    "date" : "2026-01-21",
    "price" : 2929.40,
    "dma50" : 2998.79,
    "dma100" : 3092.98,
    "dma200" : 3289.74,
    "volume" : 75033.00
  }, {
    "date" : "2026-01-22",
    "price" : 2908.30,
    "dma50" : 2995.24,
    "dma100" : 3090.20,
    "dma200" : 3285.95,
    "volume" : 46085.00
  }, {
    "date" : "2026-01-23",
    "price" : 2920.60,
    "dma50" : 2992.31,
    "dma100" : 3087.33,
    "dma200" : 3282.31,
    "volume" : 70213.00
  }, {
    "date" : "2026-01-27",
    "price" : 2831.00,
    "dma50" : 2985.98,
    "dma100" : 3083.53,
    "dma200" : 3277.82,
    "volume" : 119767.00
  }, {
    "date" : "2026-01-28",
    "price" : 2870.40,
    "dma50" : 2981.45,
    "dma100" : 3079.42,
    "dma200" : 3273.77,
    "volume" : 68987.00
  }, {
    "date" : "2026-01-29",
    "price" : 2795.20,
    "dma50" : 2974.15,
    "dma100" : 3074.77,
    "dma200" : 3269.01,
    "volume" : 99193.00
  }, {
    "date" : "2026-01-30",
    "price" : 2878.00,
    "dma50" : 2970.38,
    "dma100" : 3070.13,
    "dma200" : 3265.12,
    "volume" : 174644.00
  }, {
    "date" : "2026-02-01",
    "price" : 2886.20,
    "dma50" : 2967.08,
    "dma100" : 3066.06,
    "dma200" : 3261.35,
    "volume" : 44243.00
  }, {
    "date" : "2026-02-02",
    "price" : 2829.70,
    "dma50" : 2961.69,
    "dma100" : 3061.15,
    "dma200" : 3257.05,
    "volume" : 124373.00
  }, {
    "date" : "2026-02-03",
    "price" : 2950.00,
    "dma50" : 2961.23,
    "dma100" : 3057.53,
    "dma200" : 3254.00,
    "volume" : 392936.00
  }, {
    "date" : "2026-02-04",
    "price" : 2949.90,
    "dma50" : 2960.79,
    "dma100" : 3053.37,
    "dma200" : 3250.97,
    "volume" : 123324.00
  }, {
    "date" : "2026-02-05",
    "price" : 2908.50,
    "dma50" : 2958.74,
    "dma100" : 3049.02,
    "dma200" : 3247.56,
    "volume" : 60873.00
  }, {
    "date" : "2026-02-06",
    "price" : 2872.60,
    "dma50" : 2955.36,
    "dma100" : 3044.64,
    "dma200" : 3243.83,
    "volume" : 70239.00
  }, {
    "date" : "2026-02-09",
    "price" : 2893.30,
    "dma50" : 2952.92,
    "dma100" : 3040.42,
    "dma200" : 3240.34,
    "volume" : 196678.00
  }, {
    "date" : "2026-02-10",
    "price" : 2960.20,
    "dma50" : 2953.21,
    "dma100" : 3036.83,
    "dma200" : 3237.56,
    "volume" : 64419.00
  }, {
    "date" : "2026-02-11",
    "price" : 2931.60,
    "dma50" : 2952.36,
    "dma100" : 3033.03,
    "dma200" : 3234.51,
    "volume" : 174170.00
  }, {
    "date" : "2026-02-12",
    "price" : 2831.60,
    "dma50" : 2947.63,
    "dma100" : 3028.05,
    "dma200" : 3230.50,
    "volume" : 231887.00
  }, {
    "date" : "2026-02-13",
    "price" : 2886.70,
    "dma50" : 2945.24,
    "dma100" : 3023.84,
    "dma200" : 3227.08,
    "volume" : 307112.00
  }, {
    "date" : "2026-02-16",
    "price" : 2924.20,
    "dma50" : 2944.41,
    "dma100" : 3020.39,
    "dma200" : 3224.07,
    "volume" : 65354.00
  }, {
    "date" : "2026-02-17",
    "price" : 3054.20,
    "dma50" : 2948.72,
    "dma100" : 3017.34,
    "dma200" : 3222.38,
    "volume" : 139488.00
  }, {
    "date" : "2026-02-18",
    "price" : 3092.30,
    "dma50" : 2954.35,
    "dma100" : 3015.09,
    "dma200" : 3221.08,
    "volume" : 103505.00
  }, {
    "date" : "2026-02-19",
    "price" : 3007.00,
    "dma50" : 2956.41,
    "dma100" : 3012.83,
    "dma200" : 3218.95,
    "volume" : 86696.00
  }, {
    "date" : "2026-02-20",
    "price" : 3151.80,
    "dma50" : 2964.08,
    "dma100" : 3012.37,
    "dma200" : 3218.28,
    "volume" : 327903.00
  } ],
  "latestTechnicalAttributes" : {
    "date" : "2026-02-20",
    "price" : 3151.80,
    "dma50" : 2964.08,
    "dma100" : 3012.37,
    "dma200" : 3218.28,
    "volume" : 327903.00
  },
  "quarterlyResults" : [ {
    "date" : "2005-03-31",
    "sales" : 337.21,
    "salesGrowthYoY" : null,
    "grossProfitMargin" : 30.34,
    "grossProfit" : 102.31,
    "operatingProfitMargin" : 10.68,
    "operatingProfit" : 36.01,
    "netProfitMargin" : 8.32,
    "netProfit" : 28.06
  }, {
    "date" : "2005-06-30",
    "sales" : 223.23,
    "salesGrowthYoY" : null,
    "grossProfitMargin" : 32.33,
    "grossProfit" : 72.17,
    "operatingProfitMargin" : 7.44,
    "operatingProfit" : 16.61,
    "netProfitMargin" : 5.95,
    "netProfit" : 13.28
  }, {
    "date" : "2005-09-30",
    "sales" : 307.84,
    "salesGrowthYoY" : null,
    "grossProfitMargin" : 34.18,
    "grossProfit" : 105.22,
    "operatingProfitMargin" : 12.82,
    "operatingProfit" : 39.47,
    "netProfitMargin" : 8.61,
    "netProfit" : 26.51
  }, {
    "date" : "2005-12-31",
    "sales" : 359.35,
    "salesGrowthYoY" : null,
    "grossProfitMargin" : 36.10,
    "grossProfit" : 129.73,
    "operatingProfitMargin" : 12.75,
    "operatingProfit" : 45.82,
    "netProfitMargin" : 8.20,
    "netProfit" : 29.47
  }, {
    "date" : "2006-03-31",
    "sales" : 476.19,
    "salesGrowthYoY" : 41.21,
    "grossProfitMargin" : 37.25,
    "grossProfit" : 177.38,
    "operatingProfitMargin" : 14.89,
    "operatingProfit" : 70.90,
    "netProfitMargin" : 8.91,
    "netProfit" : 42.43
  }, {
    "date" : "2006-06-30",
    "sales" : 322.64,
    "salesGrowthYoY" : 44.53,
    "grossProfitMargin" : 38.32,
    "grossProfit" : 123.64,
    "operatingProfitMargin" : 11.86,
    "operatingProfit" : 38.27,
    "netProfitMargin" : 8.54,
    "netProfit" : 27.55
  }, {
    "date" : "2006-09-30",
    "sales" : 482.30,
    "salesGrowthYoY" : 56.67,
    "grossProfitMargin" : 37.92,
    "grossProfit" : 182.89,
    "operatingProfitMargin" : 15.72,
    "operatingProfit" : 75.82,
    "netProfitMargin" : 10.96,
    "netProfit" : 52.86
  }, {
    "date" : "2006-12-31",
    "sales" : 549.88,
    "salesGrowthYoY" : 53.02,
    "grossProfitMargin" : 33.46,
    "grossProfit" : 183.99,
    "operatingProfitMargin" : 13.82,
    "operatingProfit" : 75.99,
    "netProfitMargin" : 10.08,
    "netProfit" : 55.43
  }, {
    "date" : "2007-03-31",
    "sales" : 818.22,
    "salesGrowthYoY" : 71.83,
    "grossProfitMargin" : 30.42,
    "grossProfit" : 248.90,
    "operatingProfitMargin" : 12.53,
    "operatingProfit" : 102.52,
    "netProfitMargin" : 8.02,
    "netProfit" : 65.62
  }, {
    "date" : "2007-06-30",
    "sales" : 666.53,
    "salesGrowthYoY" : 106.59,
    "grossProfitMargin" : 31.57,
    "grossProfit" : 210.42,
    "operatingProfitMargin" : 11.48,
    "operatingProfit" : 76.52,
    "netProfitMargin" : 8.40,
    "netProfit" : 55.99
  }, {
    "date" : "2007-09-30",
    "sales" : 770.10,
    "salesGrowthYoY" : 59.67,
    "grossProfitMargin" : 31.65,
    "grossProfit" : 243.74,
    "operatingProfitMargin" : 13.12,
    "operatingProfit" : 101.04,
    "netProfitMargin" : 8.99,
    "netProfit" : 69.23
  }, {
    "date" : "2007-12-31",
    "sales" : 834.35,
    "salesGrowthYoY" : 51.73,
    "grossProfitMargin" : 28.41,
    "grossProfit" : 237.04,
    "operatingProfitMargin" : 11.25,
    "operatingProfit" : 93.86,
    "netProfitMargin" : 8.99,
    "netProfit" : 75.01
  }, {
    "date" : "2008-03-31",
    "sales" : 922.12,
    "salesGrowthYoY" : 12.70,
    "grossProfitMargin" : 34.87,
    "grossProfit" : 321.54,
    "operatingProfitMargin" : 13.78,
    "operatingProfit" : 127.07,
    "netProfitMargin" : 8.51,
    "netProfit" : 78.47
  }, {
    "date" : "2008-06-30",
    "sales" : 716.97,
    "salesGrowthYoY" : 7.57,
    "grossProfitMargin" : 37.74,
    "grossProfit" : 270.58,
    "operatingProfitMargin" : 12.71,
    "operatingProfit" : 91.13,
    "netProfitMargin" : 8.89,
    "netProfit" : 63.74
  }, {
    "date" : "2008-09-30",
    "sales" : 804.07,
    "salesGrowthYoY" : 4.41,
    "grossProfitMargin" : 36.76,
    "grossProfit" : 295.58,
    "operatingProfitMargin" : 11.59,
    "operatingProfit" : 93.19,
    "netProfitMargin" : 7.08,
    "netProfit" : 56.93
  }, {
    "date" : "2008-12-31",
    "sales" : 795.06,
    "salesGrowthYoY" : -4.71,
    "grossProfitMargin" : 34.40,
    "grossProfit" : 273.50,
    "operatingProfitMargin" : 12.17,
    "operatingProfit" : 96.76,
    "netProfitMargin" : 9.09,
    "netProfit" : 72.27
  }, {
    "date" : "2009-03-31",
    "sales" : 948.25,
    "salesGrowthYoY" : 2.83,
    "grossProfitMargin" : 35.26,
    "grossProfit" : 334.35,
    "operatingProfitMargin" : 14.06,
    "operatingProfit" : 133.32,
    "netProfitMargin" : 9.80,
    "netProfit" : 92.93
  }, {
    "date" : "2009-06-30",
    "sales" : 537.59,
    "salesGrowthYoY" : -25.02,
    "grossProfitMargin" : 37.95,
    "grossProfit" : 204.02,
    "operatingProfitMargin" : 12.82,
    "operatingProfit" : 68.92,
    "netProfitMargin" : 8.65,
    "netProfit" : 46.50
  }, {
    "date" : "2009-09-30",
    "sales" : 676.96,
    "salesGrowthYoY" : -15.81,
    "grossProfitMargin" : 36.95,
    "grossProfit" : 250.14,
    "operatingProfitMargin" : 11.70,
    "operatingProfit" : 79.20,
    "netProfitMargin" : 7.99,
    "netProfit" : 54.09
  }, {
    "date" : "2009-12-31",
    "sales" : 748.25,
    "salesGrowthYoY" : -5.89,
    "grossProfitMargin" : 35.05,
    "grossProfit" : 262.26,
    "operatingProfitMargin" : 11.95,
    "operatingProfit" : 89.42,
    "netProfitMargin" : 7.55,
    "netProfit" : 56.49
  }, {
    "date" : "2010-03-31",
    "sales" : 1219.26,
    "salesGrowthYoY" : 28.58,
    "grossProfitMargin" : 33.40,
    "grossProfit" : 407.23,
    "operatingProfitMargin" : 12.02,
    "operatingProfit" : 146.56,
    "netProfitMargin" : 8.13,
    "netProfit" : 99.13
  }, {
    "date" : "2010-06-30",
    "sales" : 789.78,
    "salesGrowthYoY" : 46.91,
    "grossProfitMargin" : 33.53,
    "grossProfit" : 264.81,
    "operatingProfitMargin" : 12.15,
    "operatingProfit" : 95.96,
    "netProfitMargin" : 8.38,
    "netProfit" : 66.18
  }, {
    "date" : "2010-09-30",
    "sales" : 1091.62,
    "salesGrowthYoY" : 61.25,
    "grossProfitMargin" : 31.91,
    "grossProfit" : 348.34,
    "operatingProfitMargin" : 11.78,
    "operatingProfit" : 128.59,
    "netProfitMargin" : 8.20,
    "netProfit" : 89.51
  }, {
    "date" : "2010-12-31",
    "sales" : 1241.17,
    "salesGrowthYoY" : 65.88,
    "grossProfitMargin" : 30.34,
    "grossProfit" : 376.57,
    "operatingProfitMargin" : 11.80,
    "operatingProfit" : 146.46,
    "netProfitMargin" : 8.07,
    "netProfit" : 100.16
  }, {
    "date" : "2011-03-31",
    "sales" : 1766.71,
    "salesGrowthYoY" : 44.90,
    "grossProfitMargin" : 27.38,
    "grossProfit" : 483.73,
    "operatingProfitMargin" : 10.59,
    "operatingProfit" : 187.09,
    "netProfitMargin" : 7.16,
    "netProfit" : 126.50
  }, {
    "date" : "2011-06-30",
    "sales" : 1044.27,
    "salesGrowthYoY" : 32.22,
    "grossProfitMargin" : 30.27,
    "grossProfit" : 316.10,
    "operatingProfitMargin" : 10.87,
    "operatingProfit" : 113.51,
    "netProfitMargin" : 7.65,
    "netProfit" : 79.89
  }, {
    "date" : "2011-09-30",
    "sales" : 1303.63,
    "salesGrowthYoY" : 19.42,
    "grossProfitMargin" : 29.96,
    "grossProfit" : 390.57,
    "operatingProfitMargin" : 10.78,
    "operatingProfit" : 140.53,
    "netProfitMargin" : 7.80,
    "netProfit" : 101.68
  }, {
    "date" : "2011-12-31",
    "sales" : 1269.33,
    "salesGrowthYoY" : 2.27,
    "grossProfitMargin" : 31.55,
    "grossProfit" : 400.47,
    "operatingProfitMargin" : 10.75,
    "operatingProfit" : 136.45,
    "netProfitMargin" : 7.52,
    "netProfit" : 95.45
  }, {
    "date" : "2012-03-31",
    "sales" : 1686.83,
    "salesGrowthYoY" : -4.52,
    "grossProfitMargin" : 30.60,
    "grossProfit" : 516.17,
    "operatingProfitMargin" : 10.99,
    "operatingProfit" : 185.38,
    "netProfitMargin" : 7.70,
    "netProfit" : 129.89
  }, {
    "date" : "2012-06-30",
    "sales" : 983.47,
    "salesGrowthYoY" : -5.82,
    "grossProfitMargin" : 33.18,
    "grossProfit" : 326.32,
    "operatingProfitMargin" : 9.80,
    "operatingProfit" : 96.38,
    "netProfitMargin" : 6.83,
    "netProfit" : 67.17
  }, {
    "date" : "2012-09-30",
    "sales" : 1192.38,
    "salesGrowthYoY" : -8.53,
    "grossProfitMargin" : 31.59,
    "grossProfit" : 376.67,
    "operatingProfitMargin" : 10.21,
    "operatingProfit" : 121.74,
    "netProfitMargin" : 7.64,
    "netProfit" : 91.10
  }, {
    "date" : "2012-12-31",
    "sales" : 1046.82,
    "salesGrowthYoY" : -17.53,
    "grossProfitMargin" : 33.30,
    "grossProfit" : 348.59,
    "operatingProfitMargin" : 10.69,
    "operatingProfit" : 111.91,
    "netProfitMargin" : 7.29,
    "netProfit" : 76.31
  }, {
    "date" : "2013-03-31",
    "sales" : 1468.20,
    "salesGrowthYoY" : -12.96,
    "grossProfitMargin" : 31.71,
    "grossProfit" : 465.57,
    "operatingProfitMargin" : 11.39,
    "operatingProfit" : 167.23,
    "netProfitMargin" : 7.85,
    "netProfit" : 115.25
  }, {
    "date" : "2013-06-30",
    "sales" : 862.82,
    "salesGrowthYoY" : -12.27,
    "grossProfitMargin" : 41.75,
    "grossProfit" : 360.23,
    "operatingProfitMargin" : 9.44,
    "operatingProfit" : 81.45,
    "netProfitMargin" : 5.82,
    "netProfit" : 50.22
  }, {
    "date" : "2013-09-30",
    "sales" : 1043.27,
    "salesGrowthYoY" : -12.51,
    "grossProfitMargin" : 35.62,
    "grossProfit" : 371.61,
    "operatingProfitMargin" : 8.98,
    "operatingProfit" : 93.69,
    "netProfitMargin" : 2.89,
    "netProfit" : 30.15
  }, {
    "date" : "2013-12-31",
    "sales" : 1013.77,
    "salesGrowthYoY" : -3.16,
    "grossProfitMargin" : 32.90,
    "grossProfit" : 333.53,
    "operatingProfitMargin" : 8.96,
    "operatingProfit" : 90.83,
    "netProfitMargin" : 6.57,
    "netProfit" : 66.60
  }, {
    "date" : "2014-03-31",
    "sales" : 1382.52,
    "salesGrowthYoY" : -5.84,
    "grossProfitMargin" : 34.16,
    "grossProfit" : 472.27,
    "operatingProfitMargin" : 9.68,
    "operatingProfit" : 133.83,
    "netProfitMargin" : 7.66,
    "netProfit" : 105.90
  }, {
    "date" : "2014-06-30",
    "sales" : 839.41,
    "salesGrowthYoY" : -2.71,
    "grossProfitMargin" : 38.56,
    "grossProfit" : 323.68,
    "operatingProfitMargin" : 6.88,
    "operatingProfit" : 57.75,
    "netProfitMargin" : 4.93,
    "netProfit" : 41.38
  }, {
    "date" : "2014-09-30",
    "sales" : 1157.12,
    "salesGrowthYoY" : 10.91,
    "grossProfitMargin" : 35.93,
    "grossProfit" : 415.75,
    "operatingProfitMargin" : 10.56,
    "operatingProfit" : 122.19,
    "netProfitMargin" : 7.43,
    "netProfit" : 85.97
  }, {
    "date" : "2014-12-31",
    "sales" : 1125.22,
    "salesGrowthYoY" : 10.99,
    "grossProfitMargin" : 36.13,
    "grossProfit" : 406.54,
    "operatingProfitMargin" : 11.69,
    "operatingProfit" : 131.54,
    "netProfitMargin" : 6.77,
    "netProfit" : 76.18
  }, {
    "date" : "2015-03-31",
    "sales" : 1508.36,
    "salesGrowthYoY" : 9.10,
    "grossProfitMargin" : 37.97,
    "grossProfit" : 572.72,
    "operatingProfitMargin" : 10.78,
    "operatingProfit" : 162.60,
    "netProfitMargin" : 8.77,
    "netProfit" : 132.28
  }, {
    "date" : "2015-06-30",
    "sales" : 1017.31,
    "salesGrowthYoY" : 21.19,
    "grossProfitMargin" : 42.52,
    "grossProfit" : 432.56,
    "operatingProfitMargin" : 7.75,
    "operatingProfit" : 78.84,
    "netProfitMargin" : 5.49,
    "netProfit" : 55.85
  }, {
    "date" : "2015-09-30",
    "sales" : 1082.93,
    "salesGrowthYoY" : -6.41,
    "grossProfitMargin" : 41.61,
    "grossProfit" : 450.61,
    "operatingProfitMargin" : 8.37,
    "operatingProfit" : 90.64,
    "netProfitMargin" : 5.71,
    "netProfit" : 61.84
  }, {
    "date" : "2015-12-31",
    "sales" : 1030.38,
    "salesGrowthYoY" : -8.43,
    "grossProfitMargin" : 40.11,
    "grossProfit" : 413.29,
    "operatingProfitMargin" : 8.52,
    "operatingProfit" : 87.79,
    "netProfitMargin" : 6.58,
    "netProfit" : 67.80
  }, {
    "date" : "2016-03-31",
    "sales" : 1291.96,
    "salesGrowthYoY" : -14.35,
    "grossProfitMargin" : 42.25,
    "grossProfit" : 545.85,
    "operatingProfitMargin" : 9.60,
    "operatingProfit" : 124.03,
    "netProfitMargin" : 8.99,
    "netProfit" : 116.15
  }, {
    "date" : "2016-06-30",
    "sales" : 791.44,
    "salesGrowthYoY" : -22.20,
    "grossProfitMargin" : 50.58,
    "grossProfit" : 400.31,
    "operatingProfitMargin" : 8.05,
    "operatingProfit" : 63.71,
    "netProfitMargin" : 5.71,
    "netProfit" : 45.19
  }, {
    "date" : "2016-09-30",
    "sales" : 845.32,
    "salesGrowthYoY" : -21.94,
    "grossProfitMargin" : 44.81,
    "grossProfit" : 378.79,
    "operatingProfitMargin" : 9.15,
    "operatingProfit" : 77.35,
    "netProfitMargin" : 7.06,
    "netProfit" : 59.68
  }, {
    "date" : "2016-12-31",
    "sales" : 784.72,
    "salesGrowthYoY" : -23.84,
    "grossProfitMargin" : 47.78,
    "grossProfit" : 374.94,
    "operatingProfitMargin" : 10.28,
    "operatingProfit" : 80.67,
    "netProfitMargin" : 7.22,
    "netProfit" : 56.66
  }, {
    "date" : "2017-03-31",
    "sales" : 1342.84,
    "salesGrowthYoY" : 3.94,
    "grossProfitMargin" : 40.96,
    "grossProfit" : 550.03,
    "operatingProfitMargin" : 11.33,
    "operatingProfit" : 152.14,
    "netProfitMargin" : 4.84,
    "netProfit" : 64.99
  }, {
    "date" : "2017-06-30",
    "sales" : 713.38,
    "salesGrowthYoY" : -9.86,
    "grossProfitMargin" : 48.27,
    "grossProfit" : 344.35,
    "operatingProfitMargin" : 6.02,
    "operatingProfit" : 42.95,
    "netProfitMargin" : 4.55,
    "netProfit" : 32.46
  }, {
    "date" : "2017-09-30",
    "sales" : 863.87,
    "salesGrowthYoY" : 2.19,
    "grossProfitMargin" : 43.72,
    "grossProfit" : 377.68,
    "operatingProfitMargin" : 9.97,
    "operatingProfit" : 86.13,
    "netProfitMargin" : 6.58,
    "netProfit" : 56.84
  }, {
    "date" : "2017-12-31",
    "sales" : 658.40,
    "salesGrowthYoY" : -16.10,
    "grossProfitMargin" : 46.14,
    "grossProfit" : 303.79,
    "operatingProfitMargin" : 9.67,
    "operatingProfit" : 63.67,
    "netProfitMargin" : 9.60,
    "netProfit" : 63.21
  }, {
    "date" : "2018-03-31",
    "sales" : 894.05,
    "salesGrowthYoY" : -33.42,
    "grossProfitMargin" : 41.94,
    "grossProfit" : 374.96,
    "operatingProfitMargin" : 9.73,
    "operatingProfit" : 86.99,
    "netProfitMargin" : 10.94,
    "netProfit" : 97.81
  }, {
    "date" : "2018-06-30",
    "sales" : 608.24,
    "salesGrowthYoY" : -14.74,
    "grossProfitMargin" : 45.69,
    "grossProfit" : 277.90,
    "operatingProfitMargin" : 5.80,
    "operatingProfit" : 35.28,
    "netProfitMargin" : 7.38,
    "netProfit" : 44.89
  }, {
    "date" : "2018-09-30",
    "sales" : 758.43,
    "salesGrowthYoY" : -12.21,
    "grossProfitMargin" : 39.79,
    "grossProfit" : 301.78,
    "operatingProfitMargin" : 4.49,
    "operatingProfit" : 34.05,
    "netProfitMargin" : 9.14,
    "netProfit" : 69.32
  }, {
    "date" : "2018-12-31",
    "sales" : 846.83,
    "salesGrowthYoY" : 28.62,
    "grossProfitMargin" : 39.32,
    "grossProfit" : 332.97,
    "operatingProfitMargin" : 8.15,
    "operatingProfit" : 69.02,
    "netProfitMargin" : 7.07,
    "netProfit" : 59.87
  }, {
    "date" : "2019-03-31",
    "sales" : 1327.60,
    "salesGrowthYoY" : 48.49,
    "grossProfitMargin" : 31.82,
    "grossProfit" : 422.44,
    "operatingProfitMargin" : 8.46,
    "operatingProfit" : 112.31,
    "netProfitMargin" : 9.41,
    "netProfit" : 124.93
  }, {
    "date" : "2019-06-30",
    "sales" : 787.75,
    "salesGrowthYoY" : 29.51,
    "grossProfitMargin" : 38.99,
    "grossProfit" : 307.14,
    "operatingProfitMargin" : 4.17,
    "operatingProfit" : 32.85,
    "netProfitMargin" : 6.34,
    "netProfit" : 49.94
  }, {
    "date" : "2019-09-30",
    "sales" : 838.30,
    "salesGrowthYoY" : 10.53,
    "grossProfitMargin" : 41.54,
    "grossProfit" : 348.23,
    "operatingProfitMargin" : 7.57,
    "operatingProfit" : 63.46,
    "netProfitMargin" : 7.74,
    "netProfit" : 64.88
  }, {
    "date" : "2019-12-31",
    "sales" : 849.63,
    "salesGrowthYoY" : 0.33,
    "grossProfitMargin" : 42.80,
    "grossProfit" : 363.64,
    "operatingProfitMargin" : 8.22,
    "operatingProfit" : 69.84,
    "netProfitMargin" : 6.83,
    "netProfit" : 58.03
  }, {
    "date" : "2020-03-31",
    "sales" : 739.40,
    "salesGrowthYoY" : -44.31,
    "grossProfitMargin" : 47.19,
    "grossProfit" : 348.92,
    "operatingProfitMargin" : 6.40,
    "operatingProfit" : 47.32,
    "netProfitMargin" : 7.15,
    "netProfit" : 52.87
  }, {
    "date" : "2020-06-30",
    "sales" : 428.54,
    "salesGrowthYoY" : -45.60,
    "grossProfitMargin" : 47.87,
    "grossProfit" : 205.14,
    "operatingProfitMargin" : -2.44,
    "operatingProfit" : -10.46,
    "netProfitMargin" : -0.45,
    "netProfit" : -1.93
  }, {
    "date" : "2020-09-30",
    "sales" : 714.72,
    "salesGrowthYoY" : -14.74,
    "grossProfitMargin" : 43.97,
    "grossProfit" : 314.26,
    "operatingProfitMargin" : 6.71,
    "operatingProfit" : 47.96,
    "netProfitMargin" : 5.91,
    "netProfit" : 42.24
  }, {
    "date" : "2020-12-31",
    "sales" : 903.25,
    "salesGrowthYoY" : 6.31,
    "grossProfitMargin" : 44.42,
    "grossProfit" : 401.22,
    "operatingProfitMargin" : 10.63,
    "operatingProfit" : 96.02,
    "netProfitMargin" : -2.85,
    "netProfit" : -25.74
  }, {
    "date" : "2021-03-31",
    "sales" : 1084.97,
    "salesGrowthYoY" : 46.74,
    "grossProfitMargin" : 45.20,
    "grossProfit" : 490.41,
    "operatingProfitMargin" : 7.80,
    "operatingProfit" : 84.63,
    "netProfitMargin" : 10.39,
    "netProfit" : 112.73
  }, {
    "date" : "2021-06-30",
    "sales" : 709.65,
    "salesGrowthYoY" : 65.60,
    "grossProfitMargin" : 45.89,
    "grossProfit" : 325.66,
    "operatingProfitMargin" : 4.81,
    "operatingProfit" : 34.13,
    "netProfitMargin" : 4.30,
    "netProfit" : 30.51
  }, {
    "date" : "2021-09-30",
    "sales" : 1007.38,
    "salesGrowthYoY" : 40.95,
    "grossProfitMargin" : 40.43,
    "grossProfit" : 407.28,
    "operatingProfitMargin" : 6.73,
    "operatingProfit" : 67.80,
    "netProfitMargin" : 5.95,
    "netProfit" : 59.94
  }, {
    "date" : "2021-12-31",
    "sales" : 1017.16,
    "salesGrowthYoY" : 12.61,
    "grossProfitMargin" : 40.17,
    "grossProfit" : 408.59,
    "operatingProfitMargin" : 5.20,
    "operatingProfit" : 52.89,
    "netProfitMargin" : 4.88,
    "netProfit" : 49.64
  }, {
    "date" : "2022-03-31",
    "sales" : 1281.20,
    "salesGrowthYoY" : 18.09,
    "grossProfitMargin" : 36.65,
    "grossProfit" : 469.56,
    "operatingProfitMargin" : 5.55,
    "operatingProfit" : 71.11,
    "netProfitMargin" : 5.55,
    "netProfit" : 71.11
  }, {
    "date" : "2022-06-30",
    "sales" : 947.00,
    "salesGrowthYoY" : 33.45,
    "grossProfitMargin" : 40.58,
    "grossProfit" : 384.29,
    "operatingProfitMargin" : 3.93,
    "operatingProfit" : 37.22,
    "netProfitMargin" : 2.59,
    "netProfit" : 24.53
  }, {
    "date" : "2022-09-30",
    "sales" : 1373.42,
    "salesGrowthYoY" : 36.34,
    "grossProfitMargin" : 39.45,
    "grossProfit" : 541.81,
    "operatingProfitMargin" : 7.24,
    "operatingProfit" : 99.44,
    "netProfitMargin" : 6.74,
    "netProfit" : 92.57
  }, {
    "date" : "2022-12-31",
    "sales" : 1330.73,
    "salesGrowthYoY" : 30.83,
    "grossProfitMargin" : 41.79,
    "grossProfit" : 556.11,
    "operatingProfitMargin" : 7.38,
    "operatingProfit" : 98.21,
    "netProfitMargin" : 6.76,
    "netProfit" : 89.96
  }, {
    "date" : "2023-03-31",
    "sales" : 1490.01,
    "salesGrowthYoY" : 16.30,
    "grossProfitMargin" : 45.64,
    "grossProfit" : 680.04,
    "operatingProfitMargin" : 9.78,
    "operatingProfit" : 145.72,
    "netProfitMargin" : 7.86,
    "netProfit" : 117.11
  }, {
    "date" : "2023-06-30",
    "sales" : 1160.61,
    "salesGrowthYoY" : 22.56,
    "grossProfitMargin" : 45.89,
    "grossProfit" : 532.60,
    "operatingProfitMargin" : 7.22,
    "operatingProfit" : 83.80,
    "netProfitMargin" : 6.77,
    "netProfit" : 78.57
  }, {
    "date" : "2023-09-30",
    "sales" : 1443.90,
    "salesGrowthYoY" : 5.13,
    "grossProfitMargin" : 44.80,
    "grossProfit" : 646.87,
    "operatingProfitMargin" : 9.79,
    "operatingProfit" : 141.36,
    "netProfitMargin" : 7.51,
    "netProfit" : 108.44
  }, {
    "date" : "2023-12-31",
    "sales" : 1479.78,
    "salesGrowthYoY" : 11.20,
    "grossProfitMargin" : 43.82,
    "grossProfit" : 648.44,
    "operatingProfitMargin" : 8.18,
    "operatingProfit" : 121.05,
    "netProfitMargin" : 6.92,
    "netProfit" : 102.40
  }, {
    "date" : "2024-03-31",
    "sales" : 1737.64,
    "salesGrowthYoY" : 16.62,
    "grossProfitMargin" : 40.65,
    "grossProfit" : 706.35,
    "operatingProfitMargin" : 7.77,
    "operatingProfit" : 135.01,
    "netProfitMargin" : 7.40,
    "netProfit" : 128.59
  }, {
    "date" : "2024-06-30",
    "sales" : 1310.95,
    "salesGrowthYoY" : 12.95,
    "grossProfitMargin" : 44.05,
    "grossProfit" : 577.47,
    "operatingProfitMargin" : 5.52,
    "operatingProfit" : 72.36,
    "netProfitMargin" : 6.56,
    "netProfit" : 86.00
  }, {
    "date" : "2024-09-30",
    "sales" : 1523.10,
    "salesGrowthYoY" : 5.49,
    "grossProfitMargin" : 45.28,
    "grossProfit" : 689.66,
    "operatingProfitMargin" : 8.34,
    "operatingProfit" : 127.03,
    "netProfitMargin" : 7.09,
    "netProfit" : 107.99
  }, {
    "date" : "2024-12-31",
    "sales" : 1468.83,
    "salesGrowthYoY" : -0.74,
    "grossProfitMargin" : 44.65,
    "grossProfit" : 655.83,
    "operatingProfitMargin" : 7.52,
    "operatingProfit" : 110.46,
    "netProfitMargin" : 7.02,
    "netProfit" : 103.11
  }, {
    "date" : "2025-03-31",
    "sales" : 1971.65,
    "salesGrowthYoY" : 13.47,
    "grossProfitMargin" : 41.70,
    "grossProfit" : 822.18,
    "operatingProfitMargin" : 11.00,
    "operatingProfit" : 216.88,
    "netProfitMargin" : 10.40,
    "netProfit" : 205.05
  }, {
    "date" : "2025-06-30",
    "sales" : 1188.80,
    "salesGrowthYoY" : -9.32,
    "grossProfitMargin" : 49.78,
    "grossProfit" : 591.78,
    "operatingProfitMargin" : 4.60,
    "operatingProfit" : 54.68,
    "netProfitMargin" : 3.91,
    "netProfit" : 46.48
  }, {
    "date" : "2025-09-30",
    "sales" : 1504.60,
    "salesGrowthYoY" : -1.21,
    "grossProfitMargin" : 45.43,
    "grossProfit" : 683.54,
    "operatingProfitMargin" : 7.05,
    "operatingProfit" : 106.07,
    "netProfitMargin" : 15.02,
    "netProfit" : 225.99
  }, {
    "date" : "2025-12-31",
    "sales" : 1599.01,
    "salesGrowthYoY" : 8.86,
    "grossProfitMargin" : 45.62,
    "grossProfit" : 729.47,
    "operatingProfitMargin" : 8.69,
    "operatingProfit" : 138.95,
    "netProfitMargin" : 6.91,
    "netProfit" : 110.49
  } ],
  "latestQuarterlyResult" : {
    "date" : "2025-12-31",
    "sales" : 1599.01,
    "salesGrowthYoY" : 8.86,
    "grossProfitMargin" : 45.62,
    "grossProfit" : 729.47,
    "operatingProfitMargin" : 8.69,
    "operatingProfit" : 138.95,
    "netProfitMargin" : 6.91,
    "netProfit" : 110.49
  },
  "companyScore" : {
    "priceHigherThanDma50" : 5.00,
    "priceHigherThanDma100" : 5.00,
    "priceHigherThanDma200" : 0.00,
    "dma50HigherThanDma100" : 0.00,
    "dma50HigherThanDma200" : 0.00,
    "dma100HigherThanDma200" : 0.00,
    "pricePercentageAboveDma50" : 4.68,
    "pricePercentageAboveDma100" : 4.77,
    "pricePercentageAboveDma200" : 5.10,
    "weeklyVolumeHigherThanYearlyVolume" : 0.00,
    "salesGrowthPercentile" : 10.50,
    "operatingProfitMarginPercentile" : 12.26,
    "netProfitMarginPercentile" : 5.46,
    "totalTechnicalScore" : 24.56,
    "totalFundamentalScore" : 28.22,
    "totalScore" : 52.77
  }
}