{
  "metadata" : {
    "screenerCompanyId" : "3388",
    "companyCode" : "TIIL",
    "companyName" : "Technocraf.Inds.",
    "screenerCompanyLink" : "https://www.screener.in/company/TIIL/consolidated/",
    "screenerTechnicalHistoryLink" : "https://www.screener.in/api/company/3388/chart/?q=Price-DMA50-DMA200-Volume&days=365",
    "screenerQuarterlyResultsLink" : "https://www.screener.in/api/company/3388/chart/?q=GPM-OPM-NPM-Quarter+Sales&days=10000",
    "attributes" : {
      "companyCode" : "TIIL",
      "companyName" : "Technocraf.Inds.",
      "marketCap" : 5462.00,
      "peRatio" : 19.80,
      "description" : "Technocraft Industries was incorporated in 1992. It has presence in five main business industries viz., Drum Closures, Scaffolding systems, Cotton Yarn, Fabric, Garments and Engineering Services. Company has manufacturing facilities in India and China.[1]"
    },
    "companyScore" : {
      "priceHigherThanDma50" : 5.00,
      "priceHigherThanDma100" : 5.00,
      "priceHigherThanDma200" : 0.00,
      "dma50HigherThanDma100" : 0.00,
      "dma50HigherThanDma200" : 0.00,
      "dma100HigherThanDma200" : 0.00,
      "pricePercentageAboveDma50" : 4.61,
      "pricePercentageAboveDma100" : 4.71,
      "pricePercentageAboveDma200" : 5.09,
      "weeklyVolumeHigherThanYearlyVolume" : 5.00,
      "salesGrowthPercentile" : 4.81,
      "operatingProfitMarginPercentile" : 12.80,
      "netProfitMarginPercentile" : 7.10,
      "totalTechnicalScore" : 29.41,
      "totalFundamentalScore" : 24.71,
      "totalScore" : 54.12
    }
  },
  "attributes" : {
    "companyCode" : "TIIL",
    "companyName" : "Technocraf.Inds.",
    "marketCap" : 5462.00,
    "peRatio" : 19.80,
    "description" : "Technocraft Industries was incorporated in 1992. It has presence in five main business industries viz., Drum Closures, Scaffolding systems, Cotton Yarn, Fabric, Garments and Engineering Services. Company has manufacturing facilities in India and China.[1]"
  },
  "technicalHistory" : [ {
    "date" : "2025-02-17",
    "price" : 2648.65,
    "dma50" : 2724.96,
    "dma100" : null,
    "dma200" : 2763.47,
    "volume" : 8669.00
  }, {
    "date" : "2025-02-18",
    "price" : 2607.05,
    "dma50" : 2720.34,
    "dma100" : null,
    "dma200" : 2761.91,
    "volume" : 6702.00
  }, {
    "date" : "2025-02-19",
    "price" : 2651.10,
    "dma50" : 2717.62,
    "dma100" : null,
    "dma200" : 2760.81,
    "volume" : 3729.00
  }, {
    "date" : "2025-02-20",
    "price" : 2610.10,
    "dma50" : 2713.41,
    "dma100" : null,
    "dma200" : 2759.31,
    "volume" : 4634.00
  }, {
    "date" : "2025-02-21",
    "price" : 2612.90,
    "dma50" : 2709.46,
    "dma100" : null,
    "dma200" : 2757.85,
    "volume" : 2315.00
  }, {
    "date" : "2025-02-24",
    "price" : 2601.70,
    "dma50" : 2705.24,
    "dma100" : null,
    "dma200" : 2756.30,
    "volume" : 4394.00
  }, {
    "date" : "2025-02-25",
    "price" : 2604.75,
    "dma50" : 2701.30,
    "dma100" : null,
    "dma200" : 2754.79,
    "volume" : 3175.00
  }, {
    "date" : "2025-02-27",
    "price" : 2517.30,
    "dma50" : 2694.08,
    "dma100" : null,
    "dma200" : 2752.43,
    "volume" : 9669.00
  }, {
    "date" : "2025-02-28",
    "price" : 2475.60,
    "dma50" : 2685.51,
    "dma100" : null,
    "dma200" : 2749.67,
    "volume" : 7694.00
  }, {
    "date" : "2025-03-03",
    "price" : 2528.05,
    "dma50" : 2679.34,
    "dma100" : null,
    "dma200" : 2747.47,
    "volume" : 10981.00
  }, {
    "date" : "2025-03-04",
    "price" : 2445.25,
    "dma50" : 2670.16,
    "dma100" : null,
    "dma200" : 2744.46,
    "volume" : 9136.00
  }, {
    "date" : "2025-03-05",
    "price" : 2476.35,
    "dma50" : 2662.56,
    "dma100" : null,
    "dma200" : 2741.79,
    "volume" : 8038.00
  }, {
    "date" : "2025-03-06",
    "price" : 2466.60,
    "dma50" : 2654.87,
    "dma100" : null,
    "dma200" : 2739.05,
    "volume" : 8960.00
  }, {
    "date" : "2025-03-07",
    "price" : 2464.05,
    "dma50" : 2647.39,
    "dma100" : null,
    "dma200" : 2736.32,
    "volume" : 5797.00
  }, {
    "date" : "2025-03-10",
    "price" : 2358.35,
    "dma50" : 2636.06,
    "dma100" : null,
    "dma200" : 2732.56,
    "volume" : 9686.00
  }, {
    "date" : "2025-03-11",
    "price" : 2341.35,
    "dma50" : 2624.50,
    "dma100" : null,
    "dma200" : 2728.66,
    "volume" : 11651.00
  }, {
    "date" : "2025-03-12",
    "price" : 2403.25,
    "dma50" : 2615.82,
    "dma100" : null,
    "dma200" : 2725.43,
    "volume" : 15058.00
  }, {
    "date" : "2025-03-13",
    "price" : 2441.00,
    "dma50" : 2608.97,
    "dma100" : null,
    "dma200" : 2722.60,
    "volume" : 27456.00
  }, {
    "date" : "2025-03-17",
    "price" : 2481.30,
    "dma50" : 2603.96,
    "dma100" : null,
    "dma200" : 2720.19,
    "volume" : 28898.00
  }, {
    "date" : "2025-03-18",
    "price" : 2514.50,
    "dma50" : 2600.45,
    "dma100" : null,
    "dma200" : 2718.15,
    "volume" : 10724.00
  }, {
    "date" : "2025-03-19",
    "price" : 2581.00,
    "dma50" : 2599.69,
    "dma100" : null,
    "dma200" : 2716.78,
    "volume" : 10388.00
  }, {
    "date" : "2025-03-20",
    "price" : 2629.70,
    "dma50" : 2600.87,
    "dma100" : null,
    "dma200" : 2715.92,
    "volume" : 11754.00
  }, {
    "date" : "2025-03-21",
    "price" : 2663.95,
    "dma50" : 2603.34,
    "dma100" : null,
    "dma200" : 2715.40,
    "volume" : 10449.00
  }, {
    "date" : "2025-03-24",
    "price" : 2681.80,
    "dma50" : 2606.42,
    "dma100" : null,
    "dma200" : 2715.07,
    "volume" : 17716.00
  }, {
    "date" : "2025-03-25",
    "price" : 2649.95,
    "dma50" : 2608.12,
    "dma100" : null,
    "dma200" : 2714.42,
    "volume" : 11053.00
  }, {
    "date" : "2025-03-26",
    "price" : 2623.00,
    "dma50" : 2608.71,
    "dma100" : null,
    "dma200" : 2713.51,
    "volume" : 18127.00
  }, {
    "date" : "2025-03-27",
    "price" : 2696.50,
    "dma50" : 2612.15,
    "dma100" : null,
    "dma200" : 2713.34,
    "volume" : 19053.00
  }, {
    "date" : "2025-03-28",
    "price" : 2625.85,
    "dma50" : 2612.69,
    "dma100" : null,
    "dma200" : 2712.47,
    "volume" : 14515.00
  }, {
    "date" : "2025-04-01",
    "price" : 2676.80,
    "dma50" : 2615.20,
    "dma100" : null,
    "dma200" : 2712.11,
    "volume" : 7972.00
  }, {
    "date" : "2025-04-02",
    "price" : 2701.65,
    "dma50" : 2618.59,
    "dma100" : null,
    "dma200" : 2712.01,
    "volume" : 5505.00
  }, {
    "date" : "2025-04-03",
    "price" : 2597.35,
    "dma50" : 2617.76,
    "dma100" : null,
    "dma200" : 2710.87,
    "volume" : 38127.00
  }, {
    "date" : "2025-04-04",
    "price" : 2437.65,
    "dma50" : 2610.70,
    "dma100" : null,
    "dma200" : 2708.15,
    "volume" : 8192.00
  }, {
    "date" : "2025-04-07",
    "price" : 2268.40,
    "dma50" : 2597.27,
    "dma100" : null,
    "dma200" : 2703.77,
    "volume" : 18611.00
  }, {
    "date" : "2025-04-08",
    "price" : 2267.45,
    "dma50" : 2584.34,
    "dma100" : null,
    "dma200" : 2699.43,
    "volume" : 7697.00
  }, {
    "date" : "2025-04-09",
    "price" : 2211.25,
    "dma50" : 2569.71,
    "dma100" : null,
    "dma200" : 2694.57,
    "volume" : 8705.00
  }, {
    "date" : "2025-04-11",
    "price" : 2304.20,
    "dma50" : 2559.29,
    "dma100" : null,
    "dma200" : 2690.69,
    "volume" : 77329.00
  }, {
    "date" : "2025-04-15",
    "price" : 2449.70,
    "dma50" : 2555.00,
    "dma100" : null,
    "dma200" : 2688.29,
    "volume" : 64795.00
  }, {
    "date" : "2025-04-16",
    "price" : 2443.80,
    "dma50" : 2550.64,
    "dma100" : null,
    "dma200" : 2685.86,
    "volume" : 5549.00
  }, {
    "date" : "2025-04-17",
    "price" : 2429.80,
    "dma50" : 2545.90,
    "dma100" : null,
    "dma200" : 2683.31,
    "volume" : 4760.00
  }, {
    "date" : "2025-04-21",
    "price" : 2476.30,
    "dma50" : 2543.17,
    "dma100" : null,
    "dma200" : 2681.25,
    "volume" : 8954.00
  }, {
    "date" : "2025-04-22",
    "price" : 2561.20,
    "dma50" : 2543.88,
    "dma100" : null,
    "dma200" : 2680.06,
    "volume" : 14727.00
  }, {
    "date" : "2025-04-23",
    "price" : 2586.40,
    "dma50" : 2545.54,
    "dma100" : null,
    "dma200" : 2679.13,
    "volume" : 8740.00
  }, {
    "date" : "2025-04-24",
    "price" : 2543.10,
    "dma50" : 2545.45,
    "dma100" : null,
    "dma200" : 2677.77,
    "volume" : 9010.00
  }, {
    "date" : "2025-04-25",
    "price" : 2391.00,
    "dma50" : 2539.39,
    "dma100" : null,
    "dma200" : 2674.92,
    "volume" : 14417.00
  }, {
    "date" : "2025-04-28",
    "price" : 2342.20,
    "dma50" : 2531.66,
    "dma100" : null,
    "dma200" : 2671.61,
    "volume" : 15077.00
  }, {
    "date" : "2025-04-29",
    "price" : 2372.40,
    "dma50" : 2525.41,
    "dma100" : null,
    "dma200" : 2668.63,
    "volume" : 10445.00
  }, {
    "date" : "2025-04-30",
    "price" : 2344.40,
    "dma50" : 2518.31,
    "dma100" : null,
    "dma200" : 2665.40,
    "volume" : 8554.00
  }, {
    "date" : "2025-05-02",
    "price" : 2442.50,
    "dma50" : 2515.34,
    "dma100" : null,
    "dma200" : 2663.19,
    "volume" : 12861.00
  }, {
    "date" : "2025-05-05",
    "price" : 2572.60,
    "dma50" : 2517.59,
    "dma100" : null,
    "dma200" : 2662.29,
    "volume" : 18923.00
  }, {
    "date" : "2025-05-06",
    "price" : 2628.00,
    "dma50" : 2521.92,
    "dma100" : null,
    "dma200" : 2661.94,
    "volume" : 23727.00
  }, {
    "date" : "2025-05-07",
    "price" : 2653.70,
    "dma50" : 2527.08,
    "dma100" : null,
    "dma200" : 2661.86,
    "volume" : 11305.00
  }, {
    "date" : "2025-05-08",
    "price" : 2643.90,
    "dma50" : 2531.67,
    "dma100" : null,
    "dma200" : 2661.68,
    "volume" : 8155.00
  }, {
    "date" : "2025-05-09",
    "price" : 2642.70,
    "dma50" : 2536.02,
    "dma100" : null,
    "dma200" : 2661.49,
    "volume" : 8372.00
  }, {
    "date" : "2025-05-12",
    "price" : 2745.60,
    "dma50" : 2544.24,
    "dma100" : null,
    "dma200" : 2662.33,
    "volume" : 8003.00
  }, {
    "date" : "2025-05-13",
    "price" : 2785.30,
    "dma50" : 2553.69,
    "dma100" : null,
    "dma200" : 2663.56,
    "volume" : 9310.00
  }, {
    "date" : "2025-05-14",
    "price" : 2830.40,
    "dma50" : 2564.54,
    "dma100" : null,
    "dma200" : 2665.22,
    "volume" : 5860.00
  }, {
    "date" : "2025-05-15",
    "price" : 2780.30,
    "dma50" : 2573.00,
    "dma100" : null,
    "dma200" : 2666.36,
    "volume" : 12745.00
  }, {
    "date" : "2025-05-16",
    "price" : 2816.80,
    "dma50" : 2582.56,
    "dma100" : null,
    "dma200" : 2667.86,
    "volume" : 11628.00
  }, {
    "date" : "2025-05-19",
    "price" : 2870.50,
    "dma50" : 2593.86,
    "dma100" : null,
    "dma200" : 2669.87,
    "volume" : 10816.00
  }, {
    "date" : "2025-05-20",
    "price" : 2900.70,
    "dma50" : 2605.89,
    "dma100" : null,
    "dma200" : 2672.17,
    "volume" : 7015.00
  }, {
    "date" : "2025-05-21",
    "price" : 2905.10,
    "dma50" : 2617.62,
    "dma100" : null,
    "dma200" : 2674.49,
    "volume" : 4041.00
  }, {
    "date" : "2025-05-22",
    "price" : 2882.40,
    "dma50" : 2628.01,
    "dma100" : null,
    "dma200" : 2676.56,
    "volume" : 4026.00
  }, {
    "date" : "2025-05-23",
    "price" : 2876.70,
    "dma50" : 2637.76,
    "dma100" : null,
    "dma200" : 2678.55,
    "volume" : 2217.00
  }, {
    "date" : "2025-05-26",
    "price" : 2866.70,
    "dma50" : 2646.74,
    "dma100" : null,
    "dma200" : 2680.42,
    "volume" : 8874.00
  }, {
    "date" : "2025-05-27",
    "price" : 2921.50,
    "dma50" : 2657.51,
    "dma100" : null,
    "dma200" : 2682.82,
    "volume" : 3356.00
  }, {
    "date" : "2025-05-28",
    "price" : 2881.50,
    "dma50" : 2666.30,
    "dma100" : null,
    "dma200" : 2684.80,
    "volume" : 2531.00
  }, {
    "date" : "2025-05-29",
    "price" : 2877.10,
    "dma50" : 2674.56,
    "dma100" : null,
    "dma200" : 2686.71,
    "volume" : 8043.00
  }, {
    "date" : "2025-05-30",
    "price" : 3119.10,
    "dma50" : 2692.00,
    "dma100" : null,
    "dma200" : 2691.01,
    "volume" : 196578.00
  }, {
    "date" : "2025-06-02",
    "price" : 3035.90,
    "dma50" : 2705.48,
    "dma100" : null,
    "dma200" : 2694.44,
    "volume" : 11494.00
  }, {
    "date" : "2025-06-03",
    "price" : 3060.20,
    "dma50" : 2719.39,
    "dma100" : null,
    "dma200" : 2698.08,
    "volume" : 6292.00
  }, {
    "date" : "2025-06-04",
    "price" : 3012.60,
    "dma50" : 2730.89,
    "dma100" : null,
    "dma200" : 2701.21,
    "volume" : 10582.00
  }, {
    "date" : "2025-06-05",
    "price" : 3112.80,
    "dma50" : 2745.87,
    "dma100" : null,
    "dma200" : 2705.31,
    "volume" : 11999.00
  }, {
    "date" : "2025-06-06",
    "price" : 3061.80,
    "dma50" : 2758.26,
    "dma100" : null,
    "dma200" : 2708.86,
    "volume" : 10955.00
  }, {
    "date" : "2025-06-09",
    "price" : 3121.50,
    "dma50" : 2772.50,
    "dma100" : null,
    "dma200" : 2712.96,
    "volume" : 10844.00
  }, {
    "date" : "2025-06-10",
    "price" : 3034.80,
    "dma50" : 2782.79,
    "dma100" : null,
    "dma200" : 2716.16,
    "volume" : 14385.00
  }, {
    "date" : "2025-06-11",
    "price" : 3002.30,
    "dma50" : 2791.40,
    "dma100" : null,
    "dma200" : 2719.01,
    "volume" : 6941.00
  }, {
    "date" : "2025-06-12",
    "price" : 2931.60,
    "dma50" : 2796.89,
    "dma100" : null,
    "dma200" : 2721.13,
    "volume" : 8674.00
  }, {
    "date" : "2025-06-13",
    "price" : 2863.10,
    "dma50" : 2799.49,
    "dma100" : null,
    "dma200" : 2722.54,
    "volume" : 11539.00
  }, {
    "date" : "2025-06-16",
    "price" : 2936.80,
    "dma50" : 2804.88,
    "dma100" : null,
    "dma200" : 2724.67,
    "volume" : 9610.00
  }, {
    "date" : "2025-06-17",
    "price" : 2914.80,
    "dma50" : 2809.19,
    "dma100" : null,
    "dma200" : 2726.56,
    "volume" : 11057.00
  }, {
    "date" : "2025-06-18",
    "price" : 2872.10,
    "dma50" : 2811.65,
    "dma100" : null,
    "dma200" : 2728.01,
    "volume" : 2961.00
  }, {
    "date" : "2025-06-19",
    "price" : 2816.80,
    "dma50" : 2811.86,
    "dma100" : null,
    "dma200" : 2728.89,
    "volume" : 5958.00
  }, {
    "date" : "2025-06-20",
    "price" : 3062.50,
    "dma50" : 2821.68,
    "dma100" : null,
    "dma200" : 2732.21,
    "volume" : 84838.00
  }, {
    "date" : "2025-06-23",
    "price" : 3053.50,
    "dma50" : 2830.78,
    "dma100" : null,
    "dma200" : 2735.41,
    "volume" : 9443.00
  }, {
    "date" : "2025-06-24",
    "price" : 3045.20,
    "dma50" : 2839.18,
    "dma100" : null,
    "dma200" : 2738.49,
    "volume" : 11560.00
  }, {
    "date" : "2025-06-25",
    "price" : 3089.40,
    "dma50" : 2849.00,
    "dma100" : null,
    "dma200" : 2741.98,
    "volume" : 8446.00
  }, {
    "date" : "2025-06-26",
    "price" : 3009.20,
    "dma50" : 2855.28,
    "dma100" : null,
    "dma200" : 2744.64,
    "volume" : 12271.00
  }, {
    "date" : "2025-06-27",
    "price" : 3019.20,
    "dma50" : 2861.71,
    "dma100" : null,
    "dma200" : 2747.38,
    "volume" : 5682.00
  }, {
    "date" : "2025-06-30",
    "price" : 3023.00,
    "dma50" : 2868.03,
    "dma100" : null,
    "dma200" : 2750.12,
    "volume" : 4974.00
  }, {
    "date" : "2025-07-01",
    "price" : 3199.80,
    "dma50" : 2881.04,
    "dma100" : null,
    "dma200" : 2754.59,
    "volume" : 62444.00
  }, {
    "date" : "2025-07-02",
    "price" : 3123.10,
    "dma50" : 2890.54,
    "dma100" : null,
    "dma200" : 2758.26,
    "volume" : 23163.00
  }, {
    "date" : "2025-07-03",
    "price" : 3133.80,
    "dma50" : 2900.08,
    "dma100" : null,
    "dma200" : 2762.00,
    "volume" : 8936.00
  }, {
    "date" : "2025-07-04",
    "price" : 3241.30,
    "dma50" : 2913.46,
    "dma100" : null,
    "dma200" : 2766.76,
    "volume" : 26310.00
  }, {
    "date" : "2025-07-07",
    "price" : 3268.70,
    "dma50" : 2927.39,
    "dma100" : null,
    "dma200" : 2771.76,
    "volume" : 16990.00
  }, {
    "date" : "2025-07-08",
    "price" : 3245.10,
    "dma50" : 2939.85,
    "dma100" : null,
    "dma200" : 2776.47,
    "volume" : 7031.00
  }, {
    "date" : "2025-07-09",
    "price" : 3266.50,
    "dma50" : 2952.66,
    "dma100" : null,
    "dma200" : 2781.35,
    "volume" : 8760.00
  }, {
    "date" : "2025-07-10",
    "price" : 3227.40,
    "dma50" : 2963.43,
    "dma100" : null,
    "dma200" : 2785.78,
    "volume" : 10609.00
  }, {
    "date" : "2025-07-11",
    "price" : 3192.50,
    "dma50" : 2972.41,
    "dma100" : null,
    "dma200" : 2789.83,
    "volume" : 87486.00
  }, {
    "date" : "2025-07-14",
    "price" : 3106.30,
    "dma50" : 2977.66,
    "dma100" : null,
    "dma200" : 2792.98,
    "volume" : 11846.00
  }, {
    "date" : "2025-07-15",
    "price" : 3058.60,
    "dma50" : 2980.84,
    "dma100" : null,
    "dma200" : 2795.62,
    "volume" : 10656.00
  }, {
    "date" : "2025-07-16",
    "price" : 3027.20,
    "dma50" : 2982.66,
    "dma100" : 2749.70,
    "dma200" : 2797.93,
    "volume" : 11284.00
  }, {
    "date" : "2025-07-17",
    "price" : 3108.60,
    "dma50" : 2987.60,
    "dma100" : 2754.71,
    "dma200" : 2801.02,
    "volume" : 12383.00
  }, {
    "date" : "2025-07-18",
    "price" : 3248.90,
    "dma50" : 2997.84,
    "dma100" : 2760.69,
    "dma200" : 2805.47,
    "volume" : 111386.00
  }, {
    "date" : "2025-07-21",
    "price" : 3290.10,
    "dma50" : 3009.30,
    "dma100" : 2767.49,
    "dma200" : 2810.30,
    "volume" : 17519.00
  }, {
    "date" : "2025-07-22",
    "price" : 3308.70,
    "dma50" : 3021.05,
    "dma100" : 2774.45,
    "dma200" : 2815.26,
    "volume" : 41937.00
  }, {
    "date" : "2025-07-23",
    "price" : 3287.80,
    "dma50" : 3031.51,
    "dma100" : 2781.31,
    "dma200" : 2819.96,
    "volume" : 10994.00
  }, {
    "date" : "2025-07-24",
    "price" : 3338.80,
    "dma50" : 3043.56,
    "dma100" : 2788.65,
    "dma200" : 2825.12,
    "volume" : 13389.00
  }, {
    "date" : "2025-07-25",
    "price" : 3320.80,
    "dma50" : 3054.43,
    "dma100" : 2796.69,
    "dma200" : 2830.05,
    "volume" : 10710.00
  }, {
    "date" : "2025-07-28",
    "price" : 3299.90,
    "dma50" : 3064.06,
    "dma100" : 2804.93,
    "dma200" : 2834.73,
    "volume" : 19186.00
  }, {
    "date" : "2025-07-29",
    "price" : 3257.30,
    "dma50" : 3071.63,
    "dma100" : 2812.22,
    "dma200" : 2838.93,
    "volume" : 6979.00
  }, {
    "date" : "2025-07-30",
    "price" : 3293.00,
    "dma50" : 3080.31,
    "dma100" : 2820.70,
    "dma200" : 2843.45,
    "volume" : 8033.00
  }, {
    "date" : "2025-07-31",
    "price" : 3120.20,
    "dma50" : 3081.88,
    "dma100" : 2827.14,
    "dma200" : 2846.20,
    "volume" : 31892.00
  }, {
    "date" : "2025-08-01",
    "price" : 3130.70,
    "dma50" : 3083.79,
    "dma100" : 2833.78,
    "dma200" : 2849.03,
    "volume" : 6486.00
  }, {
    "date" : "2025-08-04",
    "price" : 3139.30,
    "dma50" : 3085.97,
    "dma100" : 2840.53,
    "dma200" : 2851.92,
    "volume" : 5384.00
  }, {
    "date" : "2025-08-05",
    "price" : 3204.20,
    "dma50" : 3090.61,
    "dma100" : 2848.99,
    "dma200" : 2855.43,
    "volume" : 8825.00
  }, {
    "date" : "2025-08-06",
    "price" : 3189.90,
    "dma50" : 3094.50,
    "dma100" : 2857.48,
    "dma200" : 2858.76,
    "volume" : 17949.00
  }, {
    "date" : "2025-08-07",
    "price" : 3072.90,
    "dma50" : 3093.65,
    "dma100" : 2864.17,
    "dma200" : 2860.89,
    "volume" : 50231.00
  }, {
    "date" : "2025-08-08",
    "price" : 2984.30,
    "dma50" : 3089.36,
    "dma100" : 2869.61,
    "dma200" : 2862.12,
    "volume" : 11858.00
  }, {
    "date" : "2025-08-11",
    "price" : 2740.70,
    "dma50" : 3075.69,
    "dma100" : 2872.20,
    "dma200" : 2860.91,
    "volume" : 73890.00
  }, {
    "date" : "2025-08-12",
    "price" : 2631.00,
    "dma50" : 3058.25,
    "dma100" : 2873.36,
    "dma200" : 2858.62,
    "volume" : 30347.00
  }, {
    "date" : "2025-08-13",
    "price" : 2665.30,
    "dma50" : 3042.84,
    "dma100" : 2874.21,
    "dma200" : 2856.70,
    "volume" : 10432.00
  }, {
    "date" : "2025-08-14",
    "price" : 2671.80,
    "dma50" : 3028.29,
    "dma100" : 2874.63,
    "dma200" : 2854.86,
    "volume" : 10913.00
  }, {
    "date" : "2025-08-18",
    "price" : 2693.20,
    "dma50" : 3015.15,
    "dma100" : 2874.92,
    "dma200" : 2853.25,
    "volume" : 5396.00
  }, {
    "date" : "2025-08-19",
    "price" : 2750.80,
    "dma50" : 3004.78,
    "dma100" : 2875.61,
    "dma200" : 2852.23,
    "volume" : 10226.00
  }, {
    "date" : "2025-08-20",
    "price" : 2810.60,
    "dma50" : 2997.17,
    "dma100" : 2877.22,
    "dma200" : 2851.81,
    "volume" : 7252.00
  }, {
    "date" : "2025-08-21",
    "price" : 2803.90,
    "dma50" : 2989.59,
    "dma100" : 2879.03,
    "dma200" : 2851.34,
    "volume" : 4462.00
  }, {
    "date" : "2025-08-22",
    "price" : 2763.50,
    "dma50" : 2980.72,
    "dma100" : 2879.70,
    "dma200" : 2850.46,
    "volume" : 6058.00
  }, {
    "date" : "2025-08-25",
    "price" : 2626.30,
    "dma50" : 2966.83,
    "dma100" : 2879.70,
    "dma200" : 2848.23,
    "volume" : 22637.00
  }, {
    "date" : "2025-08-26",
    "price" : 2521.60,
    "dma50" : 2949.37,
    "dma100" : 2878.15,
    "dma200" : 2844.98,
    "volume" : 24680.00
  }, {
    "date" : "2025-08-28",
    "price" : 2529.20,
    "dma50" : 2932.89,
    "dma100" : 2876.42,
    "dma200" : 2841.84,
    "volume" : 9090.00
  }, {
    "date" : "2025-08-29",
    "price" : 2467.00,
    "dma50" : 2914.62,
    "dma100" : 2875.12,
    "dma200" : 2838.11,
    "volume" : 9261.00
  }, {
    "date" : "2025-09-01",
    "price" : 2473.80,
    "dma50" : 2897.33,
    "dma100" : 2875.48,
    "dma200" : 2834.49,
    "volume" : 5776.00
  }, {
    "date" : "2025-09-02",
    "price" : 2458.40,
    "dma50" : 2880.12,
    "dma100" : 2877.38,
    "dma200" : 2830.74,
    "volume" : 8768.00
  }, {
    "date" : "2025-09-03",
    "price" : 2508.50,
    "dma50" : 2865.54,
    "dma100" : 2879.79,
    "dma200" : 2827.54,
    "volume" : 47045.00
  }, {
    "date" : "2025-09-04",
    "price" : 2475.70,
    "dma50" : 2850.26,
    "dma100" : 2882.44,
    "dma200" : 2824.04,
    "volume" : 5226.00
  }, {
    "date" : "2025-09-05",
    "price" : 2466.30,
    "dma50" : 2835.20,
    "dma100" : 2884.06,
    "dma200" : 2820.48,
    "volume" : 3214.00
  }, {
    "date" : "2025-09-08",
    "price" : 2456.20,
    "dma50" : 2820.34,
    "dma100" : 2884.12,
    "dma200" : 2816.85,
    "volume" : 4694.00
  }, {
    "date" : "2025-09-09",
    "price" : 2451.90,
    "dma50" : 2805.89,
    "dma100" : 2884.20,
    "dma200" : 2813.22,
    "volume" : 11008.00
  }, {
    "date" : "2025-09-10",
    "price" : 2514.20,
    "dma50" : 2794.45,
    "dma100" : 2885.05,
    "dma200" : 2810.25,
    "volume" : 31478.00
  }, {
    "date" : "2025-09-11",
    "price" : 2527.00,
    "dma50" : 2783.96,
    "dma100" : 2885.56,
    "dma200" : 2807.43,
    "volume" : 16046.00
  }, {
    "date" : "2025-09-12",
    "price" : 2483.80,
    "dma50" : 2772.19,
    "dma100" : 2884.78,
    "dma200" : 2804.21,
    "volume" : 11770.00
  }, {
    "date" : "2025-09-15",
    "price" : 2459.00,
    "dma50" : 2759.91,
    "dma100" : 2883.51,
    "dma200" : 2800.77,
    "volume" : 11524.00
  }, {
    "date" : "2025-09-16",
    "price" : 2454.30,
    "dma50" : 2747.92,
    "dma100" : 2882.62,
    "dma200" : 2797.32,
    "volume" : 18050.00
  }, {
    "date" : "2025-09-17",
    "price" : 2483.20,
    "dma50" : 2737.54,
    "dma100" : 2883.54,
    "dma200" : 2794.20,
    "volume" : 18620.00
  }, {
    "date" : "2025-09-18",
    "price" : 2476.10,
    "dma50" : 2727.29,
    "dma100" : 2884.88,
    "dma200" : 2791.03,
    "volume" : 9791.00
  }, {
    "date" : "2025-09-19",
    "price" : 2521.70,
    "dma50" : 2719.23,
    "dma100" : 2886.37,
    "dma200" : 2788.35,
    "volume" : 9044.00
  }, {
    "date" : "2025-09-22",
    "price" : 2481.50,
    "dma50" : 2709.90,
    "dma100" : 2887.74,
    "dma200" : 2785.30,
    "volume" : 8837.00
  }, {
    "date" : "2025-09-23",
    "price" : 2466.20,
    "dma50" : 2700.35,
    "dma100" : 2887.98,
    "dma200" : 2782.13,
    "volume" : 3165.00
  }, {
    "date" : "2025-09-24",
    "price" : 2420.00,
    "dma50" : 2689.35,
    "dma100" : 2886.46,
    "dma200" : 2778.52,
    "volume" : 8867.00
  }, {
    "date" : "2025-09-25",
    "price" : 2384.70,
    "dma50" : 2677.41,
    "dma100" : 2884.02,
    "dma200" : 2774.60,
    "volume" : 8403.00
  }, {
    "date" : "2025-09-26",
    "price" : 2325.00,
    "dma50" : 2663.59,
    "dma100" : 2880.74,
    "dma200" : 2770.13,
    "volume" : 6624.00
  }, {
    "date" : "2025-09-29",
    "price" : 2181.70,
    "dma50" : 2644.69,
    "dma100" : 2876.11,
    "dma200" : 2764.27,
    "volume" : 53705.00
  }, {
    "date" : "2025-09-30",
    "price" : 2205.50,
    "dma50" : 2627.47,
    "dma100" : 2871.74,
    "dma200" : 2758.71,
    "volume" : 22421.00
  }, {
    "date" : "2025-10-01",
    "price" : 2261.40,
    "dma50" : 2613.11,
    "dma100" : 2866.90,
    "dma200" : 2753.77,
    "volume" : 13943.00
  }, {
    "date" : "2025-10-03",
    "price" : 2259.80,
    "dma50" : 2599.26,
    "dma100" : 2861.64,
    "dma200" : 2748.85,
    "volume" : 7586.00
  }, {
    "date" : "2025-10-06",
    "price" : 2228.10,
    "dma50" : 2584.70,
    "dma100" : 2855.62,
    "dma200" : 2743.67,
    "volume" : 11365.00
  }, {
    "date" : "2025-10-07",
    "price" : 2202.50,
    "dma50" : 2569.71,
    "dma100" : 2849.84,
    "dma200" : 2738.29,
    "volume" : 14549.00
  }, {
    "date" : "2025-10-08",
    "price" : 2222.20,
    "dma50" : 2556.08,
    "dma100" : 2843.90,
    "dma200" : 2733.15,
    "volume" : 7947.00
  }, {
    "date" : "2025-10-09",
    "price" : 2303.50,
    "dma50" : 2546.18,
    "dma100" : 2838.23,
    "dma200" : 2728.87,
    "volume" : 27532.00
  }, {
    "date" : "2025-10-10",
    "price" : 2389.80,
    "dma50" : 2540.05,
    "dma100" : 2833.12,
    "dma200" : 2725.50,
    "volume" : 27271.00
  }, {
    "date" : "2025-10-13",
    "price" : 2338.80,
    "dma50" : 2532.15,
    "dma100" : 2827.46,
    "dma200" : 2721.65,
    "volume" : 20778.00
  }, {
    "date" : "2025-10-14",
    "price" : 2313.50,
    "dma50" : 2523.58,
    "dma100" : 2821.77,
    "dma200" : 2717.59,
    "volume" : 7591.00
  }, {
    "date" : "2025-10-15",
    "price" : 2286.50,
    "dma50" : 2514.28,
    "dma100" : 2815.86,
    "dma200" : 2713.30,
    "volume" : 5724.00
  }, {
    "date" : "2025-10-16",
    "price" : 2358.10,
    "dma50" : 2508.16,
    "dma100" : 2810.78,
    "dma200" : 2709.77,
    "volume" : 11307.00
  }, {
    "date" : "2025-10-17",
    "price" : 2362.90,
    "dma50" : 2502.46,
    "dma100" : 2805.19,
    "dma200" : 2706.32,
    "volume" : 5959.00
  }, {
    "date" : "2025-10-20",
    "price" : 2373.20,
    "dma50" : 2497.39,
    "dma100" : 2800.11,
    "dma200" : 2703.00,
    "volume" : 4202.00
  }, {
    "date" : "2025-10-21",
    "price" : 2394.80,
    "dma50" : 2493.37,
    "dma100" : 2795.29,
    "dma200" : 2699.94,
    "volume" : 3472.00
  }, {
    "date" : "2025-10-23",
    "price" : 2531.00,
    "dma50" : 2494.84,
    "dma100" : 2789.41,
    "dma200" : 2698.25,
    "volume" : 27157.00
  }, {
    "date" : "2025-10-24",
    "price" : 2490.80,
    "dma50" : 2494.69,
    "dma100" : 2783.95,
    "dma200" : 2696.19,
    "volume" : 12896.00
  }, {
    "date" : "2025-10-27",
    "price" : 2484.60,
    "dma50" : 2494.29,
    "dma100" : 2778.20,
    "dma200" : 2694.08,
    "volume" : 6035.00
  }, {
    "date" : "2025-10-28",
    "price" : 2424.50,
    "dma50" : 2491.55,
    "dma100" : 2772.32,
    "dma200" : 2691.40,
    "volume" : 6479.00
  }, {
    "date" : "2025-10-29",
    "price" : 2498.30,
    "dma50" : 2491.82,
    "dma100" : 2766.17,
    "dma200" : 2689.48,
    "volume" : 8117.00
  }, {
    "date" : "2025-10-30",
    "price" : 2464.30,
    "dma50" : 2490.74,
    "dma100" : 2760.20,
    "dma200" : 2687.24,
    "volume" : 5567.00
  }, {
    "date" : "2025-10-31",
    "price" : 2431.70,
    "dma50" : 2488.42,
    "dma100" : 2753.30,
    "dma200" : 2684.70,
    "volume" : 6528.00
  }, {
    "date" : "2025-11-03",
    "price" : 2449.80,
    "dma50" : 2486.91,
    "dma100" : 2747.45,
    "dma200" : 2682.36,
    "volume" : 4442.00
  }, {
    "date" : "2025-11-04",
    "price" : 2422.50,
    "dma50" : 2484.38,
    "dma100" : 2741.65,
    "dma200" : 2679.77,
    "volume" : 2292.00
  }, {
    "date" : "2025-11-06",
    "price" : 2353.50,
    "dma50" : 2479.25,
    "dma100" : 2735.87,
    "dma200" : 2676.53,
    "volume" : 15024.00
  }, {
    "date" : "2025-11-07",
    "price" : 2352.40,
    "dma50" : 2474.28,
    "dma100" : 2730.76,
    "dma200" : 2673.30,
    "volume" : 2495.00
  }, {
    "date" : "2025-11-10",
    "price" : 2348.60,
    "dma50" : 2469.35,
    "dma100" : 2724.88,
    "dma200" : 2670.07,
    "volume" : 9663.00
  }, {
    "date" : "2025-11-11",
    "price" : 2391.00,
    "dma50" : 2466.28,
    "dma100" : 2719.64,
    "dma200" : 2667.30,
    "volume" : 8703.00
  }, {
    "date" : "2025-11-12",
    "price" : 2510.80,
    "dma50" : 2468.02,
    "dma100" : 2716.03,
    "dma200" : 2665.74,
    "volume" : 15116.00
  }, {
    "date" : "2025-11-13",
    "price" : 2520.30,
    "dma50" : 2470.07,
    "dma100" : 2713.07,
    "dma200" : 2664.29,
    "volume" : 23917.00
  }, {
    "date" : "2025-11-14",
    "price" : 2493.40,
    "dma50" : 2470.99,
    "dma100" : 2707.37,
    "dma200" : 2662.59,
    "volume" : 26831.00
  }, {
    "date" : "2025-11-17",
    "price" : 2452.30,
    "dma50" : 2470.25,
    "dma100" : 2701.36,
    "dma200" : 2660.50,
    "volume" : 7406.00
  }, {
    "date" : "2025-11-18",
    "price" : 2438.50,
    "dma50" : 2469.01,
    "dma100" : 2695.30,
    "dma200" : 2658.29,
    "volume" : 8062.00
  }, {
    "date" : "2025-11-19",
    "price" : 2412.30,
    "dma50" : 2466.78,
    "dma100" : 2688.52,
    "dma200" : 2655.84,
    "volume" : 5116.00
  }, {
    "date" : "2025-11-20",
    "price" : 2473.10,
    "dma50" : 2467.03,
    "dma100" : 2683.16,
    "dma200" : 2654.02,
    "volume" : 4614.00
  }, {
    "date" : "2025-11-21",
    "price" : 2413.80,
    "dma50" : 2464.94,
    "dma100" : 2677.11,
    "dma200" : 2651.63,
    "volume" : 2897.00
  }, {
    "date" : "2025-11-24",
    "price" : 2357.30,
    "dma50" : 2460.72,
    "dma100" : 2670.45,
    "dma200" : 2648.70,
    "volume" : 7708.00
  }, {
    "date" : "2025-11-25",
    "price" : 2401.30,
    "dma50" : 2458.39,
    "dma100" : 2662.47,
    "dma200" : 2646.24,
    "volume" : 5417.00
  }, {
    "date" : "2025-11-26",
    "price" : 2462.00,
    "dma50" : 2458.53,
    "dma100" : 2655.86,
    "dma200" : 2644.41,
    "volume" : 3262.00
  }, {
    "date" : "2025-11-27",
    "price" : 2398.30,
    "dma50" : 2456.17,
    "dma100" : 2648.50,
    "dma200" : 2641.96,
    "volume" : 5496.00
  }, {
    "date" : "2025-11-28",
    "price" : 2372.50,
    "dma50" : 2452.89,
    "dma100" : 2639.81,
    "dma200" : 2639.28,
    "volume" : 2444.00
  }, {
    "date" : "2025-12-01",
    "price" : 2339.50,
    "dma50" : 2448.44,
    "dma100" : 2630.52,
    "dma200" : 2636.30,
    "volume" : 4386.00
  }, {
    "date" : "2025-12-02",
    "price" : 2317.30,
    "dma50" : 2443.30,
    "dma100" : 2621.24,
    "dma200" : 2633.12,
    "volume" : 4219.00
  }, {
    "date" : "2025-12-03",
    "price" : 2313.90,
    "dma50" : 2438.23,
    "dma100" : 2611.72,
    "dma200" : 2629.95,
    "volume" : 6918.00
  }, {
    "date" : "2025-12-04",
    "price" : 2287.50,
    "dma50" : 2432.32,
    "dma100" : 2602.32,
    "dma200" : 2626.54,
    "volume" : 2634.00
  }, {
    "date" : "2025-12-05",
    "price" : 2276.00,
    "dma50" : 2426.19,
    "dma100" : 2593.15,
    "dma200" : 2623.05,
    "volume" : 3203.00
  }, {
    "date" : "2025-12-08",
    "price" : 2212.30,
    "dma50" : 2417.80,
    "dma100" : 2584.21,
    "dma200" : 2618.96,
    "volume" : 5470.00
  }, {
    "date" : "2025-12-09",
    "price" : 2163.30,
    "dma50" : 2407.82,
    "dma100" : 2575.26,
    "dma200" : 2614.43,
    "volume" : 16490.00
  }, {
    "date" : "2025-12-10",
    "price" : 2213.40,
    "dma50" : 2400.19,
    "dma100" : 2567.12,
    "dma200" : 2610.44,
    "volume" : 4675.00
  }, {
    "date" : "2025-12-11",
    "price" : 2203.00,
    "dma50" : 2392.46,
    "dma100" : 2558.07,
    "dma200" : 2606.39,
    "volume" : 7332.00
  }, {
    "date" : "2025-12-12",
    "price" : 2195.30,
    "dma50" : 2384.73,
    "dma100" : 2547.53,
    "dma200" : 2602.29,
    "volume" : 8529.00
  }, {
    "date" : "2025-12-15",
    "price" : 2184.40,
    "dma50" : 2376.87,
    "dma100" : 2536.47,
    "dma200" : 2598.14,
    "volume" : 9628.00
  }, {
    "date" : "2025-12-16",
    "price" : 2170.70,
    "dma50" : 2368.79,
    "dma100" : 2525.09,
    "dma200" : 2593.88,
    "volume" : 3982.00
  }, {
    "date" : "2025-12-17",
    "price" : 2175.00,
    "dma50" : 2361.19,
    "dma100" : 2513.97,
    "dma200" : 2589.72,
    "volume" : 4855.00
  }, {
    "date" : "2025-12-18",
    "price" : 2256.10,
    "dma50" : 2357.07,
    "dma100" : 2503.14,
    "dma200" : 2586.40,
    "volume" : 9267.00
  }, {
    "date" : "2025-12-19",
    "price" : 2253.70,
    "dma50" : 2353.01,
    "dma100" : 2492.47,
    "dma200" : 2583.09,
    "volume" : 14135.00
  }, {
    "date" : "2025-12-22",
    "price" : 2260.30,
    "dma50" : 2349.38,
    "dma100" : 2482.07,
    "dma200" : 2579.87,
    "volume" : 4625.00
  }, {
    "date" : "2025-12-23",
    "price" : 2253.70,
    "dma50" : 2345.63,
    "dma100" : 2472.04,
    "dma200" : 2576.63,
    "volume" : 6639.00
  }, {
    "date" : "2025-12-24",
    "price" : 2233.30,
    "dma50" : 2341.22,
    "dma100" : 2461.44,
    "dma200" : 2573.21,
    "volume" : 4802.00
  }, {
    "date" : "2025-12-26",
    "price" : 2228.10,
    "dma50" : 2336.78,
    "dma100" : 2452.52,
    "dma200" : 2569.78,
    "volume" : 4144.00
  }, {
    "date" : "2025-12-29",
    "price" : 2256.70,
    "dma50" : 2333.64,
    "dma100" : 2443.78,
    "dma200" : 2566.66,
    "volume" : 6717.00
  }, {
    "date" : "2025-12-30",
    "price" : 2233.20,
    "dma50" : 2329.70,
    "dma100" : 2434.72,
    "dma200" : 2563.34,
    "volume" : 3488.00
  }, {
    "date" : "2025-12-31",
    "price" : 2251.50,
    "dma50" : 2326.64,
    "dma100" : 2425.19,
    "dma200" : 2560.24,
    "volume" : 3309.00
  }, {
    "date" : "2026-01-01",
    "price" : 2254.20,
    "dma50" : 2323.80,
    "dma100" : 2415.83,
    "dma200" : 2557.20,
    "volume" : 3906.00
  }, {
    "date" : "2026-01-02",
    "price" : 2282.40,
    "dma50" : 2322.17,
    "dma100" : 2407.93,
    "dma200" : 2554.46,
    "volume" : 7096.00
  }, {
    "date" : "2026-01-05",
    "price" : 2270.80,
    "dma50" : 2320.16,
    "dma100" : 2400.79,
    "dma200" : 2551.64,
    "volume" : 4849.00
  }, {
    "date" : "2026-01-06",
    "price" : 2249.50,
    "dma50" : 2317.39,
    "dma100" : 2395.88,
    "dma200" : 2548.63,
    "volume" : 2102.00
  }, {
    "date" : "2026-01-07",
    "price" : 2247.60,
    "dma50" : 2314.65,
    "dma100" : 2392.05,
    "dma200" : 2545.64,
    "volume" : 4231.00
  }, {
    "date" : "2026-01-08",
    "price" : 2171.70,
    "dma50" : 2309.05,
    "dma100" : 2387.11,
    "dma200" : 2541.92,
    "volume" : 11569.00
  }, {
    "date" : "2026-01-09",
    "price" : 2162.70,
    "dma50" : 2303.31,
    "dma100" : 2382.02,
    "dma200" : 2538.14,
    "volume" : 10392.00
  }, {
    "date" : "2026-01-12",
    "price" : 2104.60,
    "dma50" : 2295.51,
    "dma100" : 2376.13,
    "dma200" : 2533.83,
    "volume" : 15839.00
  }, {
    "date" : "2026-01-13",
    "price" : 2081.40,
    "dma50" : 2287.12,
    "dma100" : 2369.44,
    "dma200" : 2529.33,
    "volume" : 7459.00
  }, {
    "date" : "2026-01-14",
    "price" : 2043.60,
    "dma50" : 2277.57,
    "dma100" : 2361.77,
    "dma200" : 2524.50,
    "volume" : 12216.00
  }, {
    "date" : "2026-01-16",
    "price" : 1990.70,
    "dma50" : 2266.32,
    "dma100" : 2353.64,
    "dma200" : 2519.18,
    "volume" : 18403.00
  }, {
    "date" : "2026-01-19",
    "price" : 1925.80,
    "dma50" : 2252.96,
    "dma100" : 2345.26,
    "dma200" : 2513.28,
    "volume" : 14472.00
  }, {
    "date" : "2026-01-20",
    "price" : 1907.00,
    "dma50" : 2239.40,
    "dma100" : 2338.07,
    "dma200" : 2507.25,
    "volume" : 13260.00
  }, {
    "date" : "2026-01-21",
    "price" : 1964.00,
    "dma50" : 2228.60,
    "dma100" : 2332.49,
    "dma200" : 2501.84,
    "volume" : 25976.00
  }, {
    "date" : "2026-01-22",
    "price" : 2014.50,
    "dma50" : 2220.20,
    "dma100" : 2327.34,
    "dma200" : 2496.99,
    "volume" : 17682.00
  }, {
    "date" : "2026-01-23",
    "price" : 1994.50,
    "dma50" : 2211.35,
    "dma100" : 2322.62,
    "dma200" : 2491.99,
    "volume" : 8881.00
  }, {
    "date" : "2026-01-27",
    "price" : 1987.00,
    "dma50" : 2202.55,
    "dma100" : 2317.75,
    "dma200" : 2486.97,
    "volume" : 21113.00
  }, {
    "date" : "2026-01-28",
    "price" : 2022.00,
    "dma50" : 2195.47,
    "dma100" : 2313.39,
    "dma200" : 2482.34,
    "volume" : 25461.00
  }, {
    "date" : "2026-01-29",
    "price" : 2052.50,
    "dma50" : 2189.86,
    "dma100" : 2308.83,
    "dma200" : 2478.06,
    "volume" : 3597.00
  }, {
    "date" : "2026-01-30",
    "price" : 2031.30,
    "dma50" : 2183.65,
    "dma100" : 2304.38,
    "dma200" : 2473.62,
    "volume" : 7627.00
  }, {
    "date" : "2026-02-01",
    "price" : 1957.80,
    "dma50" : 2174.79,
    "dma100" : 2299.30,
    "dma200" : 2468.49,
    "volume" : 6140.00
  }, {
    "date" : "2026-02-02",
    "price" : 1964.20,
    "dma50" : 2166.53,
    "dma100" : 2294.38,
    "dma200" : 2463.47,
    "volume" : 6057.00
  }, {
    "date" : "2026-02-03",
    "price" : 2256.00,
    "dma50" : 2170.04,
    "dma100" : 2292.42,
    "dma200" : 2461.40,
    "volume" : 148143.00
  }, {
    "date" : "2026-02-04",
    "price" : 2297.80,
    "dma50" : 2175.05,
    "dma100" : 2290.26,
    "dma200" : 2459.78,
    "volume" : 17586.00
  }, {
    "date" : "2026-02-05",
    "price" : 2317.70,
    "dma50" : 2180.64,
    "dma100" : 2288.16,
    "dma200" : 2458.36,
    "volume" : 7155.00
  }, {
    "date" : "2026-02-06",
    "price" : 2323.60,
    "dma50" : 2186.25,
    "dma100" : 2286.56,
    "dma200" : 2457.02,
    "volume" : 8068.00
  }, {
    "date" : "2026-02-09",
    "price" : 2292.00,
    "dma50" : 2190.40,
    "dma100" : 2284.89,
    "dma200" : 2455.38,
    "volume" : 16862.00
  }, {
    "date" : "2026-02-10",
    "price" : 2269.40,
    "dma50" : 2193.50,
    "dma100" : 2283.04,
    "dma200" : 2453.53,
    "volume" : 8561.00
  }, {
    "date" : "2026-02-11",
    "price" : 2380.60,
    "dma50" : 2200.83,
    "dma100" : 2282.02,
    "dma200" : 2452.80,
    "volume" : 28903.00
  }, {
    "date" : "2026-02-12",
    "price" : 2609.90,
    "dma50" : 2216.87,
    "dma100" : 2283.35,
    "dma200" : 2454.37,
    "volume" : 188732.00
  }, {
    "date" : "2026-02-13",
    "price" : 2546.00,
    "dma50" : 2229.78,
    "dma100" : 2283.60,
    "dma200" : 2455.28,
    "volume" : 33386.00
  }, {
    "date" : "2026-02-16",
    "price" : 2413.10,
    "dma50" : 2236.97,
    "dma100" : 2282.91,
    "dma200" : 2454.86,
    "volume" : 17164.00
  } ],
  "latestTechnicalAttributes" : {
    "date" : "2026-02-16",
    "price" : 2413.10,
    "dma50" : 2236.97,
    "dma100" : 2282.91,
    "dma200" : 2454.86,
    "volume" : 17164.00
  },
  "quarterlyResults" : [ {
    "date" : "2006-06-30",
    "sales" : 74.55,
    "salesGrowthYoY" : null,
    "grossProfitMargin" : 30.30,
    "grossProfit" : 22.59,
    "operatingProfitMargin" : 17.51,
    "operatingProfit" : 13.05,
    "netProfitMargin" : 14.49,
    "netProfit" : 10.80
  }, {
    "date" : "2007-03-31",
    "sales" : 71.85,
    "salesGrowthYoY" : null,
    "grossProfitMargin" : 52.36,
    "grossProfit" : 37.62,
    "operatingProfitMargin" : 15.21,
    "operatingProfit" : 10.93,
    "netProfitMargin" : 13.57,
    "netProfit" : 9.75
  }, {
    "date" : "2007-06-30",
    "sales" : 56.74,
    "salesGrowthYoY" : null,
    "grossProfitMargin" : 34.95,
    "grossProfit" : 19.83,
    "operatingProfitMargin" : 20.04,
    "operatingProfit" : 11.37,
    "netProfitMargin" : 12.30,
    "netProfit" : 6.98
  }, {
    "date" : "2007-09-30",
    "sales" : 75.76,
    "salesGrowthYoY" : null,
    "grossProfitMargin" : 20.21,
    "grossProfit" : 15.31,
    "operatingProfitMargin" : 2.18,
    "operatingProfit" : 1.65,
    "netProfitMargin" : 6.05,
    "netProfit" : 4.58
  }, {
    "date" : "2007-12-31",
    "sales" : 80.62,
    "salesGrowthYoY" : 8.14,
    "grossProfitMargin" : 22.38,
    "grossProfit" : 18.04,
    "operatingProfitMargin" : 12.06,
    "operatingProfit" : 9.72,
    "netProfitMargin" : 12.06,
    "netProfit" : 9.72
  }, {
    "date" : "2008-03-31",
    "sales" : 103.20,
    "salesGrowthYoY" : 43.63,
    "grossProfitMargin" : 40.47,
    "grossProfit" : 41.77,
    "operatingProfitMargin" : 23.10,
    "operatingProfit" : 23.84,
    "netProfitMargin" : 18.02,
    "netProfit" : 18.60
  }, {
    "date" : "2008-06-30",
    "sales" : 102.79,
    "salesGrowthYoY" : 81.16,
    "grossProfitMargin" : 36.87,
    "grossProfit" : 37.90,
    "operatingProfitMargin" : 23.83,
    "operatingProfit" : 24.49,
    "netProfitMargin" : 10.17,
    "netProfit" : 10.45
  }, {
    "date" : "2008-09-30",
    "sales" : 114.00,
    "salesGrowthYoY" : 50.48,
    "grossProfitMargin" : 33.03,
    "grossProfit" : 37.65,
    "operatingProfitMargin" : 18.26,
    "operatingProfit" : 20.82,
    "netProfitMargin" : 9.57,
    "netProfit" : 10.91
  }, {
    "date" : "2008-12-31",
    "sales" : 115.85,
    "salesGrowthYoY" : 43.70,
    "grossProfitMargin" : 19.68,
    "grossProfit" : 22.80,
    "operatingProfitMargin" : 3.68,
    "operatingProfit" : 4.26,
    "netProfitMargin" : -6.04,
    "netProfit" : -7.00
  }, {
    "date" : "2009-03-31",
    "sales" : 99.73,
    "salesGrowthYoY" : -3.36,
    "grossProfitMargin" : 20.41,
    "grossProfit" : 20.35,
    "operatingProfitMargin" : -0.11,
    "operatingProfit" : -0.11,
    "netProfitMargin" : -7.04,
    "netProfit" : -7.02
  }, {
    "date" : "2009-06-30",
    "sales" : 78.62,
    "salesGrowthYoY" : -23.51,
    "grossProfitMargin" : 32.24,
    "grossProfit" : 25.35,
    "operatingProfitMargin" : 18.91,
    "operatingProfit" : 14.87,
    "netProfitMargin" : 7.89,
    "netProfit" : 6.20
  }, {
    "date" : "2009-09-30",
    "sales" : 99.58,
    "salesGrowthYoY" : -12.65,
    "grossProfitMargin" : 29.79,
    "grossProfit" : 29.66,
    "operatingProfitMargin" : 15.80,
    "operatingProfit" : 15.73,
    "netProfitMargin" : 17.00,
    "netProfit" : 16.93
  }, {
    "date" : "2009-12-31",
    "sales" : 101.97,
    "salesGrowthYoY" : -11.98,
    "grossProfitMargin" : 26.27,
    "grossProfit" : 26.79,
    "operatingProfitMargin" : 11.48,
    "operatingProfit" : 11.71,
    "netProfitMargin" : 3.80,
    "netProfit" : 3.87
  }, {
    "date" : "2010-03-31",
    "sales" : 108.96,
    "salesGrowthYoY" : 9.25,
    "grossProfitMargin" : 27.64,
    "grossProfit" : 30.12,
    "operatingProfitMargin" : 13.46,
    "operatingProfit" : 14.67,
    "netProfitMargin" : 2.78,
    "netProfit" : 3.03
  }, {
    "date" : "2010-06-30",
    "sales" : 105.52,
    "salesGrowthYoY" : 34.22,
    "grossProfitMargin" : 29.31,
    "grossProfit" : 30.93,
    "operatingProfitMargin" : 15.16,
    "operatingProfit" : 16.00,
    "netProfitMargin" : 6.80,
    "netProfit" : 7.18
  }, {
    "date" : "2010-09-30",
    "sales" : 118.69,
    "salesGrowthYoY" : 19.19,
    "grossProfitMargin" : 28.20,
    "grossProfit" : 33.47,
    "operatingProfitMargin" : 13.77,
    "operatingProfit" : 16.34,
    "netProfitMargin" : 9.90,
    "netProfit" : 11.75
  }, {
    "date" : "2010-12-31",
    "sales" : 124.10,
    "salesGrowthYoY" : 21.70,
    "grossProfitMargin" : 30.11,
    "grossProfit" : 37.37,
    "operatingProfitMargin" : 15.46,
    "operatingProfit" : 19.19,
    "netProfitMargin" : 4.96,
    "netProfit" : 6.16
  }, {
    "date" : "2011-03-31",
    "sales" : 132.64,
    "salesGrowthYoY" : 21.73,
    "grossProfitMargin" : 48.58,
    "grossProfit" : 64.44,
    "operatingProfitMargin" : 13.99,
    "operatingProfit" : 18.56,
    "netProfitMargin" : 5.47,
    "netProfit" : 7.26
  }, {
    "date" : "2011-06-30",
    "sales" : 123.25,
    "salesGrowthYoY" : 16.80,
    "grossProfitMargin" : 26.30,
    "grossProfit" : 32.41,
    "operatingProfitMargin" : -5.10,
    "operatingProfit" : -6.29,
    "netProfitMargin" : -7.25,
    "netProfit" : -8.94
  }, {
    "date" : "2011-09-30",
    "sales" : 140.22,
    "salesGrowthYoY" : 18.14,
    "grossProfitMargin" : 36.64,
    "grossProfit" : 51.38,
    "operatingProfitMargin" : 7.81,
    "operatingProfit" : 10.95,
    "netProfitMargin" : 2.65,
    "netProfit" : 3.72
  }, {
    "date" : "2011-12-31",
    "sales" : 135.58,
    "salesGrowthYoY" : 9.25,
    "grossProfitMargin" : 45.08,
    "grossProfit" : 61.12,
    "operatingProfitMargin" : 14.11,
    "operatingProfit" : 19.13,
    "netProfitMargin" : 8.28,
    "netProfit" : 11.23
  }, {
    "date" : "2012-03-31",
    "sales" : 148.47,
    "salesGrowthYoY" : 11.93,
    "grossProfitMargin" : 43.24,
    "grossProfit" : 64.20,
    "operatingProfitMargin" : 13.59,
    "operatingProfit" : 20.18,
    "netProfitMargin" : 4.17,
    "netProfit" : 6.19
  }, {
    "date" : "2012-06-30",
    "sales" : 167.21,
    "salesGrowthYoY" : 35.67,
    "grossProfitMargin" : 47.77,
    "grossProfit" : 79.88,
    "operatingProfitMargin" : 21.55,
    "operatingProfit" : 36.03,
    "netProfitMargin" : 13.12,
    "netProfit" : 21.94
  }, {
    "date" : "2012-09-30",
    "sales" : 160.34,
    "salesGrowthYoY" : 14.35,
    "grossProfitMargin" : 43.23,
    "grossProfit" : 69.31,
    "operatingProfitMargin" : 18.39,
    "operatingProfit" : 29.49,
    "netProfitMargin" : 10.74,
    "netProfit" : 17.22
  }, {
    "date" : "2012-12-31",
    "sales" : 153.06,
    "salesGrowthYoY" : 12.89,
    "grossProfitMargin" : 43.21,
    "grossProfit" : 66.14,
    "operatingProfitMargin" : 13.94,
    "operatingProfit" : 21.34,
    "netProfitMargin" : 9.72,
    "netProfit" : 14.88
  }, {
    "date" : "2013-03-31",
    "sales" : 167.35,
    "salesGrowthYoY" : 12.72,
    "grossProfitMargin" : 40.14,
    "grossProfit" : 67.17,
    "operatingProfitMargin" : 13.12,
    "operatingProfit" : 21.96,
    "netProfitMargin" : 6.81,
    "netProfit" : 11.40
  }, {
    "date" : "2013-06-30",
    "sales" : 144.77,
    "salesGrowthYoY" : -13.42,
    "grossProfitMargin" : 52.41,
    "grossProfit" : 75.87,
    "operatingProfitMargin" : 23.79,
    "operatingProfit" : 34.44,
    "netProfitMargin" : 17.75,
    "netProfit" : 25.70
  }, {
    "date" : "2013-09-30",
    "sales" : 185.72,
    "salesGrowthYoY" : 15.83,
    "grossProfitMargin" : 46.96,
    "grossProfit" : 87.21,
    "operatingProfitMargin" : 20.10,
    "operatingProfit" : 37.33,
    "netProfitMargin" : 13.31,
    "netProfit" : 24.72
  }, {
    "date" : "2013-12-31",
    "sales" : 186.15,
    "salesGrowthYoY" : 21.62,
    "grossProfitMargin" : 41.83,
    "grossProfit" : 77.87,
    "operatingProfitMargin" : 13.10,
    "operatingProfit" : 24.39,
    "netProfitMargin" : 7.55,
    "netProfit" : 14.05
  }, {
    "date" : "2014-03-31",
    "sales" : 321.74,
    "salesGrowthYoY" : 92.26,
    "grossProfitMargin" : 27.94,
    "grossProfit" : 89.89,
    "operatingProfitMargin" : 13.26,
    "operatingProfit" : 42.66,
    "netProfitMargin" : 8.11,
    "netProfit" : 26.09
  }, {
    "date" : "2014-06-30",
    "sales" : 175.41,
    "salesGrowthYoY" : 21.16,
    "grossProfitMargin" : 45.76,
    "grossProfit" : 80.27,
    "operatingProfitMargin" : 18.96,
    "operatingProfit" : 33.26,
    "netProfitMargin" : 11.05,
    "netProfit" : 19.38
  }, {
    "date" : "2014-09-30",
    "sales" : 184.58,
    "salesGrowthYoY" : -0.61,
    "grossProfitMargin" : 44.63,
    "grossProfit" : 82.38,
    "operatingProfitMargin" : 15.29,
    "operatingProfit" : 28.22,
    "netProfitMargin" : 9.05,
    "netProfit" : 16.70
  }, {
    "date" : "2014-12-31",
    "sales" : 217.24,
    "salesGrowthYoY" : 16.70,
    "grossProfitMargin" : 42.78,
    "grossProfit" : 92.94,
    "operatingProfitMargin" : 18.68,
    "operatingProfit" : 40.58,
    "netProfitMargin" : 10.20,
    "netProfit" : 22.16
  }, {
    "date" : "2015-03-31",
    "sales" : 211.48,
    "salesGrowthYoY" : -34.27,
    "grossProfitMargin" : 43.56,
    "grossProfit" : 92.12,
    "operatingProfitMargin" : 12.33,
    "operatingProfit" : 26.08,
    "netProfitMargin" : 8.23,
    "netProfit" : 17.40
  }, {
    "date" : "2015-06-30",
    "sales" : 177.03,
    "salesGrowthYoY" : 0.92,
    "grossProfitMargin" : 50.04,
    "grossProfit" : 88.59,
    "operatingProfitMargin" : 18.67,
    "operatingProfit" : 33.05,
    "netProfitMargin" : 14.70,
    "netProfit" : 26.02
  }, {
    "date" : "2015-09-30",
    "sales" : 184.00,
    "salesGrowthYoY" : -0.31,
    "grossProfitMargin" : 50.83,
    "grossProfit" : 93.53,
    "operatingProfitMargin" : 19.96,
    "operatingProfit" : 36.73,
    "netProfitMargin" : 11.75,
    "netProfit" : 21.62
  }, {
    "date" : "2015-12-31",
    "sales" : 181.83,
    "salesGrowthYoY" : -16.30,
    "grossProfitMargin" : 50.04,
    "grossProfit" : 90.99,
    "operatingProfitMargin" : 20.05,
    "operatingProfit" : 36.46,
    "netProfitMargin" : 12.93,
    "netProfit" : 23.51
  }, {
    "date" : "2016-03-31",
    "sales" : 222.67,
    "salesGrowthYoY" : 5.29,
    "grossProfitMargin" : 41.86,
    "grossProfit" : 93.21,
    "operatingProfitMargin" : 12.94,
    "operatingProfit" : 28.81,
    "netProfitMargin" : 8.57,
    "netProfit" : 19.08
  }, {
    "date" : "2016-06-30",
    "sales" : 200.43,
    "salesGrowthYoY" : 13.22,
    "grossProfitMargin" : 53.63,
    "grossProfit" : 107.49,
    "operatingProfitMargin" : 19.67,
    "operatingProfit" : 39.42,
    "netProfitMargin" : 15.44,
    "netProfit" : 30.95
  }, {
    "date" : "2016-09-30",
    "sales" : 221.33,
    "salesGrowthYoY" : 20.29,
    "grossProfitMargin" : 49.07,
    "grossProfit" : 108.61,
    "operatingProfitMargin" : 18.77,
    "operatingProfit" : 41.54,
    "netProfitMargin" : 12.58,
    "netProfit" : 27.84
  }, {
    "date" : "2016-12-31",
    "sales" : 210.75,
    "salesGrowthYoY" : 15.90,
    "grossProfitMargin" : 45.57,
    "grossProfit" : 96.04,
    "operatingProfitMargin" : 12.39,
    "operatingProfit" : 26.11,
    "netProfitMargin" : 9.38,
    "netProfit" : 19.77
  }, {
    "date" : "2017-03-31",
    "sales" : 231.38,
    "salesGrowthYoY" : 3.91,
    "grossProfitMargin" : 45.35,
    "grossProfit" : 104.93,
    "operatingProfitMargin" : 12.20,
    "operatingProfit" : 28.23,
    "netProfitMargin" : 8.11,
    "netProfit" : 18.76
  }, {
    "date" : "2017-06-30",
    "sales" : 213.92,
    "salesGrowthYoY" : 6.73,
    "grossProfitMargin" : 46.50,
    "grossProfit" : 99.47,
    "operatingProfitMargin" : 12.77,
    "operatingProfit" : 27.32,
    "netProfitMargin" : 9.61,
    "netProfit" : 20.56
  }, {
    "date" : "2017-09-30",
    "sales" : 251.91,
    "salesGrowthYoY" : 13.82,
    "grossProfitMargin" : 45.04,
    "grossProfit" : 113.46,
    "operatingProfitMargin" : 16.68,
    "operatingProfit" : 42.02,
    "netProfitMargin" : 14.10,
    "netProfit" : 35.52
  }, {
    "date" : "2017-12-31",
    "sales" : 260.71,
    "salesGrowthYoY" : 23.71,
    "grossProfitMargin" : 46.76,
    "grossProfit" : 121.91,
    "operatingProfitMargin" : 12.94,
    "operatingProfit" : 33.74,
    "netProfitMargin" : 7.00,
    "netProfit" : 18.25
  }, {
    "date" : "2018-03-31",
    "sales" : 283.78,
    "salesGrowthYoY" : 22.65,
    "grossProfitMargin" : 45.79,
    "grossProfit" : 129.94,
    "operatingProfitMargin" : 16.42,
    "operatingProfit" : 46.60,
    "netProfitMargin" : 12.08,
    "netProfit" : 34.28
  }, {
    "date" : "2018-06-30",
    "sales" : 274.04,
    "salesGrowthYoY" : 28.10,
    "grossProfitMargin" : 45.26,
    "grossProfit" : 124.03,
    "operatingProfitMargin" : 15.41,
    "operatingProfit" : 42.23,
    "netProfitMargin" : 10.20,
    "netProfit" : 27.95
  }, {
    "date" : "2018-09-30",
    "sales" : 283.98,
    "salesGrowthYoY" : 12.73,
    "grossProfitMargin" : 45.50,
    "grossProfit" : 129.21,
    "operatingProfitMargin" : 16.07,
    "operatingProfit" : 45.64,
    "netProfitMargin" : 11.97,
    "netProfit" : 33.99
  }, {
    "date" : "2018-12-31",
    "sales" : 284.88,
    "salesGrowthYoY" : 9.27,
    "grossProfitMargin" : 46.52,
    "grossProfit" : 132.53,
    "operatingProfitMargin" : 15.31,
    "operatingProfit" : 43.62,
    "netProfitMargin" : 9.04,
    "netProfit" : 25.75
  }, {
    "date" : "2019-03-31",
    "sales" : 308.16,
    "salesGrowthYoY" : 8.59,
    "grossProfitMargin" : 42.46,
    "grossProfit" : 130.84,
    "operatingProfitMargin" : 11.76,
    "operatingProfit" : 36.24,
    "netProfitMargin" : 4.75,
    "netProfit" : 14.64
  }, {
    "date" : "2019-06-30",
    "sales" : 299.57,
    "salesGrowthYoY" : 9.32,
    "grossProfitMargin" : 49.63,
    "grossProfit" : 148.68,
    "operatingProfitMargin" : 14.17,
    "operatingProfit" : 42.45,
    "netProfitMargin" : 7.78,
    "netProfit" : 23.31
  }, {
    "date" : "2019-09-30",
    "sales" : 300.50,
    "salesGrowthYoY" : 5.82,
    "grossProfitMargin" : 49.66,
    "grossProfit" : 149.23,
    "operatingProfitMargin" : 13.62,
    "operatingProfit" : 40.93,
    "netProfitMargin" : 10.77,
    "netProfit" : 32.36
  }, {
    "date" : "2019-12-31",
    "sales" : 306.07,
    "salesGrowthYoY" : 7.44,
    "grossProfitMargin" : 45.72,
    "grossProfit" : 139.94,
    "operatingProfitMargin" : 12.45,
    "operatingProfit" : 38.11,
    "netProfitMargin" : 10.23,
    "netProfit" : 31.31
  }, {
    "date" : "2020-03-31",
    "sales" : 277.20,
    "salesGrowthYoY" : -10.05,
    "grossProfitMargin" : 53.22,
    "grossProfit" : 147.53,
    "operatingProfitMargin" : 15.74,
    "operatingProfit" : 43.63,
    "netProfitMargin" : 5.67,
    "netProfit" : 15.72
  }, {
    "date" : "2020-06-30",
    "sales" : 178.81,
    "salesGrowthYoY" : -40.31,
    "grossProfitMargin" : 56.77,
    "grossProfit" : 101.51,
    "operatingProfitMargin" : 17.72,
    "operatingProfit" : 31.69,
    "netProfitMargin" : 10.37,
    "netProfit" : 18.54
  }, {
    "date" : "2020-09-30",
    "sales" : 246.54,
    "salesGrowthYoY" : -17.96,
    "grossProfitMargin" : 53.26,
    "grossProfit" : 131.31,
    "operatingProfitMargin" : 14.85,
    "operatingProfit" : 36.61,
    "netProfitMargin" : 7.24,
    "netProfit" : 17.85
  }, {
    "date" : "2020-12-31",
    "sales" : 248.66,
    "salesGrowthYoY" : -18.76,
    "grossProfitMargin" : 54.18,
    "grossProfit" : 134.72,
    "operatingProfitMargin" : 15.48,
    "operatingProfit" : 38.49,
    "netProfitMargin" : 10.43,
    "netProfit" : 25.94
  }, {
    "date" : "2021-03-31",
    "sales" : 321.18,
    "salesGrowthYoY" : 15.87,
    "grossProfitMargin" : 55.71,
    "grossProfit" : 178.93,
    "operatingProfitMargin" : 17.04,
    "operatingProfit" : 54.73,
    "netProfitMargin" : 9.01,
    "netProfit" : 28.94
  }, {
    "date" : "2021-06-30",
    "sales" : 343.06,
    "salesGrowthYoY" : 91.86,
    "grossProfitMargin" : 56.44,
    "grossProfit" : 193.62,
    "operatingProfitMargin" : 22.45,
    "operatingProfit" : 77.02,
    "netProfitMargin" : 16.07,
    "netProfit" : 55.13
  }, {
    "date" : "2021-09-30",
    "sales" : 407.08,
    "salesGrowthYoY" : 65.12,
    "grossProfitMargin" : 53.30,
    "grossProfit" : 216.97,
    "operatingProfitMargin" : 18.50,
    "operatingProfit" : 75.31,
    "netProfitMargin" : 13.02,
    "netProfit" : 53.00
  }, {
    "date" : "2021-12-31",
    "sales" : 439.44,
    "salesGrowthYoY" : 76.72,
    "grossProfitMargin" : 48.58,
    "grossProfit" : 213.48,
    "operatingProfitMargin" : 17.50,
    "operatingProfit" : 76.90,
    "netProfitMargin" : 10.62,
    "netProfit" : 46.67
  }, {
    "date" : "2022-03-31",
    "sales" : 477.32,
    "salesGrowthYoY" : 48.61,
    "grossProfitMargin" : 48.66,
    "grossProfit" : 232.26,
    "operatingProfitMargin" : 16.59,
    "operatingProfit" : 79.19,
    "netProfitMargin" : 12.15,
    "netProfit" : 57.99
  }, {
    "date" : "2022-06-30",
    "sales" : 480.46,
    "salesGrowthYoY" : 40.05,
    "grossProfitMargin" : 48.12,
    "grossProfit" : 231.20,
    "operatingProfitMargin" : 13.94,
    "operatingProfit" : 66.98,
    "netProfitMargin" : 8.87,
    "netProfit" : 42.62
  }, {
    "date" : "2022-09-30",
    "sales" : 479.85,
    "salesGrowthYoY" : 17.88,
    "grossProfitMargin" : 47.80,
    "grossProfit" : 229.37,
    "operatingProfitMargin" : 15.53,
    "operatingProfit" : 74.52,
    "netProfitMargin" : 10.63,
    "netProfit" : 51.01
  }, {
    "date" : "2022-12-31",
    "sales" : 427.64,
    "salesGrowthYoY" : -2.69,
    "grossProfitMargin" : 46.06,
    "grossProfit" : 196.97,
    "operatingProfitMargin" : 13.64,
    "operatingProfit" : 58.33,
    "netProfitMargin" : 10.96,
    "netProfit" : 46.87
  }, {
    "date" : "2023-03-31",
    "sales" : 437.15,
    "salesGrowthYoY" : -8.42,
    "grossProfitMargin" : 48.15,
    "grossProfit" : 210.49,
    "operatingProfitMargin" : 16.61,
    "operatingProfit" : 72.61,
    "netProfitMargin" : 10.52,
    "netProfit" : 45.99
  }, {
    "date" : "2023-06-30",
    "sales" : 431.33,
    "salesGrowthYoY" : -10.23,
    "grossProfitMargin" : 48.63,
    "grossProfit" : 209.76,
    "operatingProfitMargin" : 17.60,
    "operatingProfit" : 75.91,
    "netProfitMargin" : 11.10,
    "netProfit" : 47.88
  }, {
    "date" : "2023-09-30",
    "sales" : 360.51,
    "salesGrowthYoY" : -24.87,
    "grossProfitMargin" : 52.52,
    "grossProfit" : 189.34,
    "operatingProfitMargin" : 16.97,
    "operatingProfit" : 61.18,
    "netProfitMargin" : 12.21,
    "netProfit" : 44.02
  }, {
    "date" : "2023-12-31",
    "sales" : 398.05,
    "salesGrowthYoY" : -6.92,
    "grossProfitMargin" : 46.29,
    "grossProfit" : 184.26,
    "operatingProfitMargin" : 13.48,
    "operatingProfit" : 53.66,
    "netProfitMargin" : 9.54,
    "netProfit" : 37.97
  }, {
    "date" : "2024-03-31",
    "sales" : 452.93,
    "salesGrowthYoY" : 3.61,
    "grossProfitMargin" : 45.38,
    "grossProfit" : 205.54,
    "operatingProfitMargin" : 11.57,
    "operatingProfit" : 52.40,
    "netProfitMargin" : 10.11,
    "netProfit" : 45.79
  }, {
    "date" : "2024-06-30",
    "sales" : 456.78,
    "salesGrowthYoY" : 5.90,
    "grossProfitMargin" : 49.11,
    "grossProfit" : 224.32,
    "operatingProfitMargin" : 18.23,
    "operatingProfit" : 83.27,
    "netProfitMargin" : 13.83,
    "netProfit" : 63.17
  }, {
    "date" : "2024-09-30",
    "sales" : 520.85,
    "salesGrowthYoY" : 44.48,
    "grossProfitMargin" : 45.86,
    "grossProfit" : 238.86,
    "operatingProfitMargin" : 14.98,
    "operatingProfit" : 78.02,
    "netProfitMargin" : 12.45,
    "netProfit" : 64.85
  }, {
    "date" : "2024-12-31",
    "sales" : 545.38,
    "salesGrowthYoY" : 37.01,
    "grossProfitMargin" : 41.66,
    "grossProfit" : 227.21,
    "operatingProfitMargin" : 14.09,
    "operatingProfit" : 76.84,
    "netProfitMargin" : 9.18,
    "netProfit" : 50.07
  }, {
    "date" : "2025-03-31",
    "sales" : 568.23,
    "salesGrowthYoY" : 25.46,
    "grossProfitMargin" : 45.77,
    "grossProfit" : 260.08,
    "operatingProfitMargin" : 16.80,
    "operatingProfit" : 95.46,
    "netProfitMargin" : 11.66,
    "netProfit" : 66.26
  }, {
    "date" : "2025-06-30",
    "sales" : 503.27,
    "salesGrowthYoY" : 10.18,
    "grossProfitMargin" : 43.02,
    "grossProfit" : 216.51,
    "operatingProfitMargin" : 13.76,
    "operatingProfit" : 69.25,
    "netProfitMargin" : 11.77,
    "netProfit" : 59.23
  }, {
    "date" : "2025-09-30",
    "sales" : 532.49,
    "salesGrowthYoY" : 2.23,
    "grossProfitMargin" : 41.97,
    "grossProfit" : 223.49,
    "operatingProfitMargin" : 13.09,
    "operatingProfit" : 69.70,
    "netProfitMargin" : 10.57,
    "netProfit" : 56.28
  }, {
    "date" : "2025-12-31",
    "sales" : 499.55,
    "salesGrowthYoY" : -8.40,
    "grossProfitMargin" : 41.98,
    "grossProfit" : 209.71,
    "operatingProfitMargin" : 13.42,
    "operatingProfit" : 67.04,
    "netProfitMargin" : 10.68,
    "netProfit" : 53.35
  } ],
  "latestQuarterlyResult" : {
    "date" : "2025-12-31",
    "sales" : 499.55,
    "salesGrowthYoY" : -8.40,
    "grossProfitMargin" : 41.98,
    "grossProfit" : 209.71,
    "operatingProfitMargin" : 13.42,
    "operatingProfit" : 67.04,
    "netProfitMargin" : 10.68,
    "netProfit" : 53.35
  },
  "companyScore" : {
    "priceHigherThanDma50" : 5.00,
    "priceHigherThanDma100" : 5.00,
    "priceHigherThanDma200" : 0.00,
    "dma50HigherThanDma100" : 0.00,
    "dma50HigherThanDma200" : 0.00,
    "dma100HigherThanDma200" : 0.00,
    "pricePercentageAboveDma50" : 4.61,
    "pricePercentageAboveDma100" : 4.71,
    "pricePercentageAboveDma200" : 5.09,
    "weeklyVolumeHigherThanYearlyVolume" : 5.00,
    "salesGrowthPercentile" : 4.81,
    "operatingProfitMarginPercentile" : 12.80,
    "netProfitMarginPercentile" : 7.10,
    "totalTechnicalScore" : 29.41,
    "totalFundamentalScore" : 24.71,
    "totalScore" : 54.12
  }
}