{
  "metadata" : {
    "screenerCompanyId" : "3427",
    "companyCode" : "TINNARUBR",
    "companyName" : "Tinna Rubber",
    "screenerCompanyLink" : "https://www.screener.in/company/TINNARUBR/consolidated/",
    "screenerTechnicalHistoryLink" : "https://www.screener.in/api/company/3427/chart/?q=Price-DMA50-DMA200-Volume&days=365",
    "screenerQuarterlyResultsLink" : "https://www.screener.in/api/company/3427/chart/?q=GPM-OPM-NPM-Quarter+Sales&days=10000",
    "attributes" : {
      "companyCode" : "TINNARUBR",
      "companyName" : "Tinna Rubber",
      "marketCap" : 1360.00,
      "peRatio" : 27.80,
      "description" : "Tina Rubber & Infrastructure Ltd is primarily engaged in conversion of End of life tyres (ELT) into crumb rubber and steel wires obtained in the process.[1]"
    },
    "companyScore" : {
      "priceHigherThanDma50" : 5.00,
      "priceHigherThanDma100" : 0.00,
      "priceHigherThanDma200" : 0.00,
      "dma50HigherThanDma100" : 0.00,
      "dma50HigherThanDma200" : 0.00,
      "dma100HigherThanDma200" : 0.00,
      "pricePercentageAboveDma50" : 4.89,
      "pricePercentageAboveDma100" : 5.41,
      "pricePercentageAboveDma200" : 5.66,
      "weeklyVolumeHigherThanYearlyVolume" : 5.00,
      "salesGrowthPercentile" : 10.00,
      "operatingProfitMarginPercentile" : 15.61,
      "netProfitMarginPercentile" : 8.66,
      "totalTechnicalScore" : 25.96,
      "totalFundamentalScore" : 34.27,
      "totalScore" : 60.23
    }
  },
  "attributes" : {
    "companyCode" : "TINNARUBR",
    "companyName" : "Tinna Rubber",
    "marketCap" : 1360.00,
    "peRatio" : 27.80,
    "description" : "Tina Rubber & Infrastructure Ltd is primarily engaged in conversion of End of life tyres (ELT) into crumb rubber and steel wires obtained in the process.[1]"
  },
  "technicalHistory" : [ {
    "date" : "2025-02-21",
    "price" : 1118.40,
    "dma50" : 1217.53,
    "dma100" : null,
    "dma200" : 1291.17,
    "volume" : 44026.00
  }, {
    "date" : "2025-02-24",
    "price" : 1063.70,
    "dma50" : 1211.50,
    "dma100" : null,
    "dma200" : 1288.91,
    "volume" : 15473.00
  }, {
    "date" : "2025-02-25",
    "price" : 1022.70,
    "dma50" : 1204.10,
    "dma100" : null,
    "dma200" : 1286.26,
    "volume" : 19415.00
  }, {
    "date" : "2025-02-27",
    "price" : 962.05,
    "dma50" : 1194.61,
    "dma100" : null,
    "dma200" : 1283.03,
    "volume" : 23323.00
  }, {
    "date" : "2025-02-28",
    "price" : 911.40,
    "dma50" : 1183.50,
    "dma100" : null,
    "dma200" : 1279.33,
    "volume" : 35682.00
  }, {
    "date" : "2025-03-03",
    "price" : 889.80,
    "dma50" : 1171.98,
    "dma100" : null,
    "dma200" : 1275.46,
    "volume" : 38253.00
  }, {
    "date" : "2025-03-04",
    "price" : 926.00,
    "dma50" : 1162.34,
    "dma100" : null,
    "dma200" : 1271.98,
    "volume" : 18674.00
  }, {
    "date" : "2025-03-05",
    "price" : 962.80,
    "dma50" : 1154.51,
    "dma100" : null,
    "dma200" : 1268.90,
    "volume" : 30357.00
  }, {
    "date" : "2025-03-06",
    "price" : 997.55,
    "dma50" : 1148.36,
    "dma100" : null,
    "dma200" : 1266.20,
    "volume" : 22924.00
  }, {
    "date" : "2025-03-07",
    "price" : 1023.25,
    "dma50" : 1143.45,
    "dma100" : null,
    "dma200" : 1263.79,
    "volume" : 20742.00
  }, {
    "date" : "2025-03-10",
    "price" : 978.85,
    "dma50" : 1136.99,
    "dma100" : null,
    "dma200" : 1260.95,
    "volume" : 19271.00
  }, {
    "date" : "2025-03-11",
    "price" : 937.80,
    "dma50" : 1129.18,
    "dma100" : null,
    "dma200" : 1257.74,
    "volume" : 41508.00
  }, {
    "date" : "2025-03-12",
    "price" : 937.80,
    "dma50" : 1121.68,
    "dma100" : null,
    "dma200" : 1254.55,
    "volume" : 21750.00
  }, {
    "date" : "2025-03-13",
    "price" : 949.95,
    "dma50" : 1114.94,
    "dma100" : null,
    "dma200" : 1251.52,
    "volume" : 15629.00
  }, {
    "date" : "2025-03-17",
    "price" : 920.90,
    "dma50" : 1107.33,
    "dma100" : null,
    "dma200" : 1248.23,
    "volume" : 23840.00
  }, {
    "date" : "2025-03-18",
    "price" : 943.60,
    "dma50" : 1100.91,
    "dma100" : null,
    "dma200" : 1245.20,
    "volume" : 18721.00
  }, {
    "date" : "2025-03-19",
    "price" : 977.70,
    "dma50" : 1096.08,
    "dma100" : null,
    "dma200" : 1242.54,
    "volume" : 25460.00
  }, {
    "date" : "2025-03-20",
    "price" : 984.05,
    "dma50" : 1091.69,
    "dma100" : null,
    "dma200" : 1239.97,
    "volume" : 25949.00
  }, {
    "date" : "2025-03-21",
    "price" : 985.80,
    "dma50" : 1087.54,
    "dma100" : null,
    "dma200" : 1237.44,
    "volume" : 21317.00
  }, {
    "date" : "2025-03-24",
    "price" : 1005.15,
    "dma50" : 1084.30,
    "dma100" : null,
    "dma200" : 1235.13,
    "volume" : 38193.00
  }, {
    "date" : "2025-03-25",
    "price" : 986.95,
    "dma50" : 1080.49,
    "dma100" : null,
    "dma200" : 1232.66,
    "volume" : 25161.00
  }, {
    "date" : "2025-03-26",
    "price" : 950.70,
    "dma50" : 1075.40,
    "dma100" : null,
    "dma200" : 1229.85,
    "volume" : 23921.00
  }, {
    "date" : "2025-03-27",
    "price" : 948.30,
    "dma50" : 1070.41,
    "dma100" : null,
    "dma200" : 1227.05,
    "volume" : 28480.00
  }, {
    "date" : "2025-03-28",
    "price" : 931.35,
    "dma50" : 1064.96,
    "dma100" : null,
    "dma200" : 1224.11,
    "volume" : 34192.00
  }, {
    "date" : "2025-04-01",
    "price" : 1008.25,
    "dma50" : 1062.74,
    "dma100" : null,
    "dma200" : 1221.96,
    "volume" : 58977.00
  }, {
    "date" : "2025-04-02",
    "price" : 1016.05,
    "dma50" : 1060.90,
    "dma100" : null,
    "dma200" : 1219.91,
    "volume" : 15154.00
  }, {
    "date" : "2025-04-03",
    "price" : 1027.15,
    "dma50" : 1059.58,
    "dma100" : null,
    "dma200" : 1217.99,
    "volume" : 12795.00
  }, {
    "date" : "2025-04-04",
    "price" : 1006.25,
    "dma50" : 1057.49,
    "dma100" : null,
    "dma200" : 1215.89,
    "volume" : 20764.00
  }, {
    "date" : "2025-04-07",
    "price" : 915.20,
    "dma50" : 1051.91,
    "dma100" : null,
    "dma200" : 1212.89,
    "volume" : 44430.00
  }, {
    "date" : "2025-04-08",
    "price" : 972.85,
    "dma50" : 1048.81,
    "dma100" : null,
    "dma200" : 1210.51,
    "volume" : 20109.00
  }, {
    "date" : "2025-04-09",
    "price" : 956.25,
    "dma50" : 1045.18,
    "dma100" : null,
    "dma200" : 1207.98,
    "volume" : 10143.00
  }, {
    "date" : "2025-04-11",
    "price" : 972.95,
    "dma50" : 1042.35,
    "dma100" : null,
    "dma200" : 1205.64,
    "volume" : 11958.00
  }, {
    "date" : "2025-04-15",
    "price" : 1000.65,
    "dma50" : 1040.71,
    "dma100" : null,
    "dma200" : 1203.60,
    "volume" : 14762.00
  }, {
    "date" : "2025-04-16",
    "price" : 1025.35,
    "dma50" : 1040.11,
    "dma100" : null,
    "dma200" : 1201.82,
    "volume" : 23787.00
  }, {
    "date" : "2025-04-17",
    "price" : 1021.30,
    "dma50" : 1039.37,
    "dma100" : null,
    "dma200" : 1200.03,
    "volume" : 20032.00
  }, {
    "date" : "2025-04-21",
    "price" : 1052.90,
    "dma50" : 1039.90,
    "dma100" : null,
    "dma200" : 1198.56,
    "volume" : 48020.00
  }, {
    "date" : "2025-04-22",
    "price" : 1057.30,
    "dma50" : 1040.58,
    "dma100" : null,
    "dma200" : 1197.16,
    "volume" : 23374.00
  }, {
    "date" : "2025-04-23",
    "price" : 1052.80,
    "dma50" : 1041.06,
    "dma100" : null,
    "dma200" : 1195.72,
    "volume" : 15933.00
  }, {
    "date" : "2025-04-24",
    "price" : 1035.55,
    "dma50" : 1040.85,
    "dma100" : null,
    "dma200" : 1194.13,
    "volume" : 11549.00
  }, {
    "date" : "2025-04-25",
    "price" : 991.30,
    "dma50" : 1038.90,
    "dma100" : null,
    "dma200" : 1192.11,
    "volume" : 35722.00
  }, {
    "date" : "2025-04-28",
    "price" : 973.55,
    "dma50" : 1036.34,
    "dma100" : null,
    "dma200" : 1189.93,
    "volume" : 21565.00
  }, {
    "date" : "2025-04-29",
    "price" : 977.85,
    "dma50" : 1034.05,
    "dma100" : null,
    "dma200" : 1187.82,
    "volume" : 18320.00
  }, {
    "date" : "2025-04-30",
    "price" : 948.20,
    "dma50" : 1030.68,
    "dma100" : null,
    "dma200" : 1185.44,
    "volume" : 24098.00
  }, {
    "date" : "2025-05-02",
    "price" : 946.55,
    "dma50" : 1027.38,
    "dma100" : null,
    "dma200" : 1183.06,
    "volume" : 20818.00
  }, {
    "date" : "2025-05-05",
    "price" : 951.50,
    "dma50" : 1024.41,
    "dma100" : null,
    "dma200" : 1180.76,
    "volume" : 17939.00
  }, {
    "date" : "2025-05-06",
    "price" : 911.40,
    "dma50" : 1019.97,
    "dma100" : null,
    "dma200" : 1178.08,
    "volume" : 25204.00
  }, {
    "date" : "2025-05-07",
    "price" : 937.15,
    "dma50" : 1016.73,
    "dma100" : null,
    "dma200" : 1175.68,
    "volume" : 26044.00
  }, {
    "date" : "2025-05-08",
    "price" : 930.90,
    "dma50" : 1013.36,
    "dma100" : null,
    "dma200" : 1173.25,
    "volume" : 20301.00
  }, {
    "date" : "2025-05-09",
    "price" : 908.15,
    "dma50" : 1009.23,
    "dma100" : null,
    "dma200" : 1170.61,
    "volume" : 30740.00
  }, {
    "date" : "2025-05-12",
    "price" : 961.55,
    "dma50" : 1007.36,
    "dma100" : null,
    "dma200" : 1168.53,
    "volume" : 23948.00
  }, {
    "date" : "2025-05-13",
    "price" : 974.00,
    "dma50" : 1006.06,
    "dma100" : null,
    "dma200" : 1166.59,
    "volume" : 17075.00
  }, {
    "date" : "2025-05-14",
    "price" : 982.30,
    "dma50" : 1005.12,
    "dma100" : null,
    "dma200" : 1164.76,
    "volume" : 22433.00
  }, {
    "date" : "2025-05-15",
    "price" : 985.40,
    "dma50" : 1004.35,
    "dma100" : null,
    "dma200" : 1162.97,
    "volume" : 17004.00
  }, {
    "date" : "2025-05-16",
    "price" : 1014.10,
    "dma50" : 1004.73,
    "dma100" : null,
    "dma200" : 1161.49,
    "volume" : 35350.00
  }, {
    "date" : "2025-05-19",
    "price" : 1042.50,
    "dma50" : 1006.21,
    "dma100" : null,
    "dma200" : 1160.31,
    "volume" : 30170.00
  }, {
    "date" : "2025-05-20",
    "price" : 1034.15,
    "dma50" : 1007.31,
    "dma100" : null,
    "dma200" : 1159.05,
    "volume" : 19882.00
  }, {
    "date" : "2025-05-21",
    "price" : 1019.35,
    "dma50" : 1007.78,
    "dma100" : null,
    "dma200" : 1157.66,
    "volume" : 17796.00
  }, {
    "date" : "2025-05-22",
    "price" : 1015.70,
    "dma50" : 1008.09,
    "dma100" : null,
    "dma200" : 1156.25,
    "volume" : 28828.00
  }, {
    "date" : "2025-05-23",
    "price" : 1023.70,
    "dma50" : 1008.70,
    "dma100" : null,
    "dma200" : 1154.93,
    "volume" : 24052.00
  }, {
    "date" : "2025-05-26",
    "price" : 983.05,
    "dma50" : 1007.70,
    "dma100" : null,
    "dma200" : 1153.22,
    "volume" : 63889.00
  }, {
    "date" : "2025-05-27",
    "price" : 999.60,
    "dma50" : 1007.38,
    "dma100" : null,
    "dma200" : 1151.69,
    "volume" : 29362.00
  }, {
    "date" : "2025-05-28",
    "price" : 983.85,
    "dma50" : 1006.46,
    "dma100" : null,
    "dma200" : 1150.02,
    "volume" : 13184.00
  }, {
    "date" : "2025-05-29",
    "price" : 977.40,
    "dma50" : 1005.32,
    "dma100" : null,
    "dma200" : 1148.30,
    "volume" : 17291.00
  }, {
    "date" : "2025-05-30",
    "price" : 967.50,
    "dma50" : 1003.84,
    "dma100" : null,
    "dma200" : 1146.51,
    "volume" : 26401.00
  }, {
    "date" : "2025-06-02",
    "price" : 949.95,
    "dma50" : 1001.72,
    "dma100" : null,
    "dma200" : 1144.55,
    "volume" : 36036.00
  }, {
    "date" : "2025-06-03",
    "price" : 948.45,
    "dma50" : 999.63,
    "dma100" : null,
    "dma200" : 1142.60,
    "volume" : 17739.00
  }, {
    "date" : "2025-06-04",
    "price" : 949.80,
    "dma50" : 997.68,
    "dma100" : null,
    "dma200" : 1140.68,
    "volume" : 18517.00
  }, {
    "date" : "2025-06-05",
    "price" : 958.95,
    "dma50" : 996.16,
    "dma100" : null,
    "dma200" : 1138.87,
    "volume" : 20562.00
  }, {
    "date" : "2025-06-06",
    "price" : 956.45,
    "dma50" : 994.60,
    "dma100" : null,
    "dma200" : 1137.06,
    "volume" : 21349.00
  }, {
    "date" : "2025-06-09",
    "price" : 971.20,
    "dma50" : 993.69,
    "dma100" : null,
    "dma200" : 1135.41,
    "volume" : 52991.00
  }, {
    "date" : "2025-06-10",
    "price" : 970.05,
    "dma50" : 992.76,
    "dma100" : null,
    "dma200" : 1133.76,
    "volume" : 23197.00
  }, {
    "date" : "2025-06-11",
    "price" : 960.85,
    "dma50" : 991.51,
    "dma100" : null,
    "dma200" : 1132.04,
    "volume" : 36542.00
  }, {
    "date" : "2025-06-12",
    "price" : 952.20,
    "dma50" : 989.97,
    "dma100" : null,
    "dma200" : 1130.25,
    "volume" : 24863.00
  }, {
    "date" : "2025-06-13",
    "price" : 931.05,
    "dma50" : 987.66,
    "dma100" : null,
    "dma200" : 1128.27,
    "volume" : 33882.00
  }, {
    "date" : "2025-06-16",
    "price" : 937.25,
    "dma50" : 985.68,
    "dma100" : null,
    "dma200" : 1126.37,
    "volume" : 20009.00
  }, {
    "date" : "2025-06-17",
    "price" : 923.40,
    "dma50" : 983.24,
    "dma100" : null,
    "dma200" : 1124.35,
    "volume" : 25804.00
  }, {
    "date" : "2025-06-18",
    "price" : 919.25,
    "dma50" : 980.73,
    "dma100" : null,
    "dma200" : 1122.31,
    "volume" : 16330.00
  }, {
    "date" : "2025-06-19",
    "price" : 918.00,
    "dma50" : 978.27,
    "dma100" : null,
    "dma200" : 1120.28,
    "volume" : 20312.00
  }, {
    "date" : "2025-06-20",
    "price" : 928.15,
    "dma50" : 976.30,
    "dma100" : null,
    "dma200" : 1118.36,
    "volume" : 19601.00
  }, {
    "date" : "2025-06-23",
    "price" : 913.05,
    "dma50" : 973.82,
    "dma100" : null,
    "dma200" : 1116.32,
    "volume" : 16077.00
  }, {
    "date" : "2025-06-24",
    "price" : 926.60,
    "dma50" : 971.97,
    "dma100" : null,
    "dma200" : 1114.43,
    "volume" : 17958.00
  }, {
    "date" : "2025-06-25",
    "price" : 929.60,
    "dma50" : 970.31,
    "dma100" : null,
    "dma200" : 1112.59,
    "volume" : 31146.00
  }, {
    "date" : "2025-06-26",
    "price" : 944.20,
    "dma50" : 969.28,
    "dma100" : null,
    "dma200" : 1110.92,
    "volume" : 16617.00
  }, {
    "date" : "2025-06-27",
    "price" : 946.90,
    "dma50" : 968.41,
    "dma100" : null,
    "dma200" : 1109.29,
    "volume" : 20348.00
  }, {
    "date" : "2025-06-30",
    "price" : 957.05,
    "dma50" : 967.96,
    "dma100" : null,
    "dma200" : 1107.77,
    "volume" : 17911.00
  }, {
    "date" : "2025-07-01",
    "price" : 937.15,
    "dma50" : 966.75,
    "dma100" : null,
    "dma200" : 1106.07,
    "volume" : 17822.00
  }, {
    "date" : "2025-07-02",
    "price" : 920.50,
    "dma50" : 964.94,
    "dma100" : null,
    "dma200" : 1104.23,
    "volume" : 30211.00
  }, {
    "date" : "2025-07-03",
    "price" : 921.40,
    "dma50" : 963.23,
    "dma100" : null,
    "dma200" : 1102.41,
    "volume" : 16448.00
  }, {
    "date" : "2025-07-04",
    "price" : 933.80,
    "dma50" : 962.08,
    "dma100" : null,
    "dma200" : 1100.73,
    "volume" : 14271.00
  }, {
    "date" : "2025-07-07",
    "price" : 939.50,
    "dma50" : 961.19,
    "dma100" : null,
    "dma200" : 1099.13,
    "volume" : 29418.00
  }, {
    "date" : "2025-07-08",
    "price" : 926.65,
    "dma50" : 959.84,
    "dma100" : null,
    "dma200" : 1097.41,
    "volume" : 12143.00
  }, {
    "date" : "2025-07-09",
    "price" : 922.95,
    "dma50" : 958.39,
    "dma100" : null,
    "dma200" : 1095.67,
    "volume" : 16018.00
  }, {
    "date" : "2025-07-10",
    "price" : 922.60,
    "dma50" : 956.99,
    "dma100" : null,
    "dma200" : 1093.95,
    "volume" : 12931.00
  }, {
    "date" : "2025-07-11",
    "price" : 912.65,
    "dma50" : 955.25,
    "dma100" : null,
    "dma200" : 1092.15,
    "volume" : 15262.00
  }, {
    "date" : "2025-07-14",
    "price" : 926.90,
    "dma50" : 954.14,
    "dma100" : null,
    "dma200" : 1090.50,
    "volume" : 19683.00
  }, {
    "date" : "2025-07-15",
    "price" : 935.80,
    "dma50" : 953.42,
    "dma100" : null,
    "dma200" : 1088.96,
    "volume" : 17282.00
  }, {
    "date" : "2025-07-16",
    "price" : 947.50,
    "dma50" : 953.19,
    "dma100" : null,
    "dma200" : 1087.56,
    "volume" : 96799.00
  }, {
    "date" : "2025-07-17",
    "price" : 1015.00,
    "dma50" : 955.61,
    "dma100" : null,
    "dma200" : 1086.83,
    "volume" : 260428.00
  }, {
    "date" : "2025-07-18",
    "price" : 988.15,
    "dma50" : 956.89,
    "dma100" : null,
    "dma200" : 1085.85,
    "volume" : 69748.00
  }, {
    "date" : "2025-07-21",
    "price" : 946.40,
    "dma50" : 956.47,
    "dma100" : null,
    "dma200" : 1084.47,
    "volume" : 84922.00
  }, {
    "date" : "2025-07-22",
    "price" : 937.25,
    "dma50" : 955.72,
    "dma100" : 965.86,
    "dma200" : 1083.00,
    "volume" : 37225.00
  }, {
    "date" : "2025-07-23",
    "price" : 929.70,
    "dma50" : 954.70,
    "dma100" : 964.52,
    "dma200" : 1081.47,
    "volume" : 29099.00
  }, {
    "date" : "2025-07-24",
    "price" : 940.70,
    "dma50" : 954.15,
    "dma100" : 963.70,
    "dma200" : 1080.07,
    "volume" : 34362.00
  }, {
    "date" : "2025-07-25",
    "price" : 925.40,
    "dma50" : 953.02,
    "dma100" : 963.34,
    "dma200" : 1078.54,
    "volume" : 35052.00
  }, {
    "date" : "2025-07-28",
    "price" : 910.60,
    "dma50" : 951.36,
    "dma100" : 963.33,
    "dma200" : 1076.86,
    "volume" : 30977.00
  }, {
    "date" : "2025-07-29",
    "price" : 914.15,
    "dma50" : 949.90,
    "dma100" : 963.57,
    "dma200" : 1075.25,
    "volume" : 26793.00
  }, {
    "date" : "2025-07-30",
    "price" : 915.55,
    "dma50" : 948.55,
    "dma100" : 963.47,
    "dma200" : 1073.66,
    "volume" : 25714.00
  }, {
    "date" : "2025-07-31",
    "price" : 908.10,
    "dma50" : 946.97,
    "dma100" : 962.92,
    "dma200" : 1072.01,
    "volume" : 17291.00
  }, {
    "date" : "2025-08-01",
    "price" : 899.35,
    "dma50" : 945.10,
    "dma100" : 961.94,
    "dma200" : 1070.29,
    "volume" : 22056.00
  }, {
    "date" : "2025-08-04",
    "price" : 941.75,
    "dma50" : 944.97,
    "dma100" : 961.12,
    "dma200" : 1069.01,
    "volume" : 38108.00
  }, {
    "date" : "2025-08-05",
    "price" : 919.80,
    "dma50" : 943.98,
    "dma100" : 960.53,
    "dma200" : 1067.53,
    "volume" : 17077.00
  }, {
    "date" : "2025-08-06",
    "price" : 913.50,
    "dma50" : 942.79,
    "dma100" : 960.29,
    "dma200" : 1065.99,
    "volume" : 23835.00
  }, {
    "date" : "2025-08-07",
    "price" : 872.95,
    "dma50" : 940.05,
    "dma100" : 959.64,
    "dma200" : 1064.07,
    "volume" : 63629.00
  }, {
    "date" : "2025-08-08",
    "price" : 869.50,
    "dma50" : 937.28,
    "dma100" : 958.84,
    "dma200" : 1062.14,
    "volume" : 28954.00
  }, {
    "date" : "2025-08-11",
    "price" : 846.00,
    "dma50" : 933.70,
    "dma100" : 958.09,
    "dma200" : 1059.99,
    "volume" : 28059.00
  }, {
    "date" : "2025-08-12",
    "price" : 846.30,
    "dma50" : 930.27,
    "dma100" : 957.11,
    "dma200" : 1057.86,
    "volume" : 15098.00
  }, {
    "date" : "2025-08-13",
    "price" : 837.10,
    "dma50" : 926.62,
    "dma100" : 955.71,
    "dma200" : 1055.66,
    "volume" : 29987.00
  }, {
    "date" : "2025-08-14",
    "price" : 813.80,
    "dma50" : 922.20,
    "dma100" : 954.01,
    "dma200" : 1053.26,
    "volume" : 30477.00
  }, {
    "date" : "2025-08-18",
    "price" : 823.90,
    "dma50" : 918.34,
    "dma100" : 952.39,
    "dma200" : 1050.98,
    "volume" : 21316.00
  }, {
    "date" : "2025-08-19",
    "price" : 818.45,
    "dma50" : 914.42,
    "dma100" : 950.52,
    "dma200" : 1048.66,
    "volume" : 19651.00
  }, {
    "date" : "2025-08-20",
    "price" : 818.80,
    "dma50" : 910.67,
    "dma100" : 948.84,
    "dma200" : 1046.37,
    "volume" : 29257.00
  }, {
    "date" : "2025-08-21",
    "price" : 836.15,
    "dma50" : 907.75,
    "dma100" : 947.69,
    "dma200" : 1044.28,
    "volume" : 37605.00
  }, {
    "date" : "2025-08-22",
    "price" : 843.85,
    "dma50" : 905.25,
    "dma100" : 946.65,
    "dma200" : 1042.29,
    "volume" : 14792.00
  }, {
    "date" : "2025-08-25",
    "price" : 829.15,
    "dma50" : 902.26,
    "dma100" : 945.63,
    "dma200" : 1040.17,
    "volume" : 20073.00
  }, {
    "date" : "2025-08-26",
    "price" : 816.65,
    "dma50" : 898.90,
    "dma100" : 943.71,
    "dma200" : 1037.94,
    "volume" : 17680.00
  }, {
    "date" : "2025-08-28",
    "price" : 806.55,
    "dma50" : 895.28,
    "dma100" : 941.62,
    "dma200" : 1035.64,
    "volume" : 18660.00
  }, {
    "date" : "2025-08-29",
    "price" : 803.40,
    "dma50" : 891.68,
    "dma100" : 939.38,
    "dma200" : 1033.33,
    "volume" : 20014.00
  }, {
    "date" : "2025-09-01",
    "price" : 811.05,
    "dma50" : 888.52,
    "dma100" : 937.43,
    "dma200" : 1031.12,
    "volume" : 18404.00
  }, {
    "date" : "2025-09-02",
    "price" : 825.70,
    "dma50" : 886.05,
    "dma100" : 936.53,
    "dma200" : 1029.07,
    "volume" : 25827.00
  }, {
    "date" : "2025-09-03",
    "price" : 817.45,
    "dma50" : 883.36,
    "dma100" : 934.98,
    "dma200" : 1026.97,
    "volume" : 28464.00
  }, {
    "date" : "2025-09-04",
    "price" : 822.80,
    "dma50" : 880.99,
    "dma100" : 933.64,
    "dma200" : 1024.94,
    "volume" : 16394.00
  }, {
    "date" : "2025-09-05",
    "price" : 816.00,
    "dma50" : 878.44,
    "dma100" : 932.07,
    "dma200" : 1022.86,
    "volume" : 12899.00
  }, {
    "date" : "2025-09-08",
    "price" : 825.45,
    "dma50" : 876.36,
    "dma100" : 930.32,
    "dma200" : 1020.89,
    "volume" : 23164.00
  }, {
    "date" : "2025-09-09",
    "price" : 834.65,
    "dma50" : 874.73,
    "dma100" : 928.41,
    "dma200" : 1019.04,
    "volume" : 15676.00
  }, {
    "date" : "2025-09-10",
    "price" : 828.30,
    "dma50" : 872.91,
    "dma100" : 926.48,
    "dma200" : 1017.14,
    "volume" : 10925.00
  }, {
    "date" : "2025-09-11",
    "price" : 826.15,
    "dma50" : 871.07,
    "dma100" : 924.22,
    "dma200" : 1015.24,
    "volume" : 9239.00
  }, {
    "date" : "2025-09-12",
    "price" : 818.70,
    "dma50" : 869.02,
    "dma100" : 921.83,
    "dma200" : 1013.29,
    "volume" : 15875.00
  }, {
    "date" : "2025-09-15",
    "price" : 825.70,
    "dma50" : 867.32,
    "dma100" : 919.56,
    "dma200" : 1011.42,
    "volume" : 16626.00
  }, {
    "date" : "2025-09-16",
    "price" : 826.20,
    "dma50" : 865.71,
    "dma100" : 917.47,
    "dma200" : 1009.58,
    "volume" : 17782.00
  }, {
    "date" : "2025-09-17",
    "price" : 820.75,
    "dma50" : 863.94,
    "dma100" : 915.76,
    "dma200" : 1007.70,
    "volume" : 14965.00
  }, {
    "date" : "2025-09-18",
    "price" : 820.80,
    "dma50" : 862.25,
    "dma100" : 914.23,
    "dma200" : 1005.84,
    "volume" : 8474.00
  }, {
    "date" : "2025-09-19",
    "price" : 829.60,
    "dma50" : 860.97,
    "dma100" : 912.75,
    "dma200" : 1004.09,
    "volume" : 33925.00
  }, {
    "date" : "2025-09-22",
    "price" : 921.70,
    "dma50" : 863.35,
    "dma100" : 912.49,
    "dma200" : 1003.27,
    "volume" : 602963.00
  }, {
    "date" : "2025-09-23",
    "price" : 985.90,
    "dma50" : 868.16,
    "dma100" : 912.88,
    "dma200" : 1003.09,
    "volume" : 480252.00
  }, {
    "date" : "2025-09-24",
    "price" : 977.75,
    "dma50" : 872.46,
    "dma100" : 913.14,
    "dma200" : 1002.84,
    "volume" : 205424.00
  }, {
    "date" : "2025-09-25",
    "price" : 936.15,
    "dma50" : 874.95,
    "dma100" : 913.39,
    "dma200" : 1002.18,
    "volume" : 126339.00
  }, {
    "date" : "2025-09-26",
    "price" : 928.25,
    "dma50" : 877.04,
    "dma100" : 913.30,
    "dma200" : 1001.44,
    "volume" : 43802.00
  }, {
    "date" : "2025-09-29",
    "price" : 959.20,
    "dma50" : 880.27,
    "dma100" : 913.58,
    "dma200" : 1001.02,
    "volume" : 85637.00
  }, {
    "date" : "2025-09-30",
    "price" : 940.85,
    "dma50" : 882.64,
    "dma100" : 913.91,
    "dma200" : 1000.42,
    "volume" : 38316.00
  }, {
    "date" : "2025-10-01",
    "price" : 965.00,
    "dma50" : 885.87,
    "dma100" : 913.94,
    "dma200" : 1000.07,
    "volume" : 27458.00
  }, {
    "date" : "2025-10-03",
    "price" : 979.40,
    "dma50" : 889.54,
    "dma100" : 914.00,
    "dma200" : 999.86,
    "volume" : 51396.00
  }, {
    "date" : "2025-10-06",
    "price" : 1019.55,
    "dma50" : 894.64,
    "dma100" : 914.37,
    "dma200" : 1000.06,
    "volume" : 110018.00
  }, {
    "date" : "2025-10-07",
    "price" : 1052.20,
    "dma50" : 900.82,
    "dma100" : 915.04,
    "dma200" : 1000.58,
    "volume" : 106055.00
  }, {
    "date" : "2025-10-08",
    "price" : 1043.55,
    "dma50" : 906.41,
    "dma100" : 915.33,
    "dma200" : 1001.01,
    "volume" : 55802.00
  }, {
    "date" : "2025-10-09",
    "price" : 1017.60,
    "dma50" : 910.77,
    "dma100" : 915.08,
    "dma200" : 1001.17,
    "volume" : 36918.00
  }, {
    "date" : "2025-10-10",
    "price" : 1025.00,
    "dma50" : 915.25,
    "dma100" : 914.99,
    "dma200" : 1001.41,
    "volume" : 15292.00
  }, {
    "date" : "2025-10-13",
    "price" : 996.90,
    "dma50" : 918.46,
    "dma100" : 914.77,
    "dma200" : 1001.36,
    "volume" : 49858.00
  }, {
    "date" : "2025-10-14",
    "price" : 986.20,
    "dma50" : 921.11,
    "dma100" : 914.47,
    "dma200" : 1001.21,
    "volume" : 33832.00
  }, {
    "date" : "2025-10-15",
    "price" : 998.95,
    "dma50" : 924.16,
    "dma100" : 914.23,
    "dma200" : 1001.19,
    "volume" : 27442.00
  }, {
    "date" : "2025-10-16",
    "price" : 982.60,
    "dma50" : 926.46,
    "dma100" : 914.22,
    "dma200" : 1001.01,
    "volume" : 26399.00
  }, {
    "date" : "2025-10-17",
    "price" : 971.70,
    "dma50" : 928.23,
    "dma100" : 913.94,
    "dma200" : 1000.71,
    "volume" : 18852.00
  }, {
    "date" : "2025-10-20",
    "price" : 984.30,
    "dma50" : 930.43,
    "dma100" : 913.95,
    "dma200" : 1000.55,
    "volume" : 16792.00
  }, {
    "date" : "2025-10-21",
    "price" : 999.80,
    "dma50" : 933.15,
    "dma100" : 914.17,
    "dma200" : 1000.54,
    "volume" : 13954.00
  }, {
    "date" : "2025-10-23",
    "price" : 978.80,
    "dma50" : 934.94,
    "dma100" : 914.28,
    "dma200" : 1000.33,
    "volume" : 24471.00
  }, {
    "date" : "2025-10-24",
    "price" : 973.00,
    "dma50" : 936.43,
    "dma100" : 914.51,
    "dma200" : 1000.05,
    "volume" : 17478.00
  }, {
    "date" : "2025-10-27",
    "price" : 978.30,
    "dma50" : 938.07,
    "dma100" : 914.81,
    "dma200" : 999.84,
    "volume" : 38368.00
  }, {
    "date" : "2025-10-28",
    "price" : 975.85,
    "dma50" : 939.56,
    "dma100" : 915.07,
    "dma200" : 999.60,
    "volume" : 13972.00
  }, {
    "date" : "2025-10-29",
    "price" : 978.55,
    "dma50" : 941.08,
    "dma100" : 915.27,
    "dma200" : 999.39,
    "volume" : 15115.00
  }, {
    "date" : "2025-10-30",
    "price" : 974.30,
    "dma50" : 942.39,
    "dma100" : 915.45,
    "dma200" : 999.14,
    "volume" : 20423.00
  }, {
    "date" : "2025-10-31",
    "price" : 959.25,
    "dma50" : 943.05,
    "dma100" : 915.33,
    "dma200" : 998.74,
    "volume" : 16217.00
  }, {
    "date" : "2025-11-03",
    "price" : 945.20,
    "dma50" : 943.13,
    "dma100" : 915.08,
    "dma200" : 998.21,
    "volume" : 30368.00
  }, {
    "date" : "2025-11-04",
    "price" : 948.85,
    "dma50" : 943.36,
    "dma100" : 914.96,
    "dma200" : 997.72,
    "volume" : 14460.00
  }, {
    "date" : "2025-11-06",
    "price" : 928.95,
    "dma50" : 942.79,
    "dma100" : 914.73,
    "dma200" : 997.04,
    "volume" : 18204.00
  }, {
    "date" : "2025-11-07",
    "price" : 919.90,
    "dma50" : 941.89,
    "dma100" : 914.62,
    "dma200" : 996.27,
    "volume" : 21318.00
  }, {
    "date" : "2025-11-10",
    "price" : 916.90,
    "dma50" : 940.91,
    "dma100" : 914.41,
    "dma200" : 995.48,
    "volume" : 16652.00
  }, {
    "date" : "2025-11-11",
    "price" : 889.60,
    "dma50" : 938.90,
    "dma100" : 914.07,
    "dma200" : 994.42,
    "volume" : 41114.00
  }, {
    "date" : "2025-11-12",
    "price" : 923.05,
    "dma50" : 938.28,
    "dma100" : 914.11,
    "dma200" : 993.71,
    "volume" : 23595.00
  }, {
    "date" : "2025-11-13",
    "price" : 908.30,
    "dma50" : 937.10,
    "dma100" : 914.02,
    "dma200" : 992.86,
    "volume" : 20880.00
  }, {
    "date" : "2025-11-14",
    "price" : 902.35,
    "dma50" : 935.74,
    "dma100" : 913.76,
    "dma200" : 991.96,
    "volume" : 34884.00
  }, {
    "date" : "2025-11-17",
    "price" : 866.70,
    "dma50" : 933.03,
    "dma100" : 913.29,
    "dma200" : 990.72,
    "volume" : 65066.00
  }, {
    "date" : "2025-11-18",
    "price" : 842.00,
    "dma50" : 929.46,
    "dma100" : 912.45,
    "dma200" : 989.24,
    "volume" : 33884.00
  }, {
    "date" : "2025-11-19",
    "price" : 841.30,
    "dma50" : 926.01,
    "dma100" : 911.56,
    "dma200" : 987.77,
    "volume" : 19322.00
  }, {
    "date" : "2025-11-20",
    "price" : 826.30,
    "dma50" : 922.10,
    "dma100" : 910.39,
    "dma200" : 986.16,
    "volume" : 38852.00
  }, {
    "date" : "2025-11-21",
    "price" : 835.00,
    "dma50" : 918.68,
    "dma100" : 909.27,
    "dma200" : 984.65,
    "volume" : 22137.00
  }, {
    "date" : "2025-11-24",
    "price" : 816.50,
    "dma50" : 914.67,
    "dma100" : 907.86,
    "dma200" : 982.98,
    "volume" : 17484.00
  }, {
    "date" : "2025-11-25",
    "price" : 820.25,
    "dma50" : 910.97,
    "dma100" : 906.69,
    "dma200" : 981.36,
    "volume" : 17405.00
  }, {
    "date" : "2025-11-26",
    "price" : 839.05,
    "dma50" : 908.15,
    "dma100" : 905.88,
    "dma200" : 979.95,
    "volume" : 14032.00
  }, {
    "date" : "2025-11-27",
    "price" : 844.85,
    "dma50" : 905.67,
    "dma100" : 905.11,
    "dma200" : 978.60,
    "volume" : 13744.00
  }, {
    "date" : "2025-11-28",
    "price" : 841.95,
    "dma50" : 903.17,
    "dma100" : 904.19,
    "dma200" : 977.24,
    "volume" : 17381.00
  }, {
    "date" : "2025-12-01",
    "price" : 846.00,
    "dma50" : 900.93,
    "dma100" : 903.26,
    "dma200" : 975.94,
    "volume" : 12817.00
  }, {
    "date" : "2025-12-02",
    "price" : 838.50,
    "dma50" : 898.48,
    "dma100" : 902.38,
    "dma200" : 974.57,
    "volume" : 16735.00
  }, {
    "date" : "2025-12-03",
    "price" : 828.25,
    "dma50" : 895.73,
    "dma100" : 901.43,
    "dma200" : 973.11,
    "volume" : 11157.00
  }, {
    "date" : "2025-12-04",
    "price" : 817.70,
    "dma50" : 892.67,
    "dma100" : 900.38,
    "dma200" : 971.57,
    "volume" : 10758.00
  }, {
    "date" : "2025-12-05",
    "price" : 807.45,
    "dma50" : 889.32,
    "dma100" : 899.33,
    "dma200" : 969.93,
    "volume" : 17405.00
  }, {
    "date" : "2025-12-08",
    "price" : 786.25,
    "dma50" : 885.28,
    "dma100" : 897.92,
    "dma200" : 968.11,
    "volume" : 32124.00
  }, {
    "date" : "2025-12-09",
    "price" : 814.35,
    "dma50" : 882.50,
    "dma100" : 896.71,
    "dma200" : 966.58,
    "volume" : 28960.00
  }, {
    "date" : "2025-12-10",
    "price" : 795.80,
    "dma50" : 879.10,
    "dma100" : 895.19,
    "dma200" : 964.88,
    "volume" : 10234.00
  }, {
    "date" : "2025-12-11",
    "price" : 786.20,
    "dma50" : 875.46,
    "dma100" : 892.90,
    "dma200" : 963.10,
    "volume" : 13295.00
  }, {
    "date" : "2025-12-12",
    "price" : 800.70,
    "dma50" : 872.53,
    "dma100" : 891.03,
    "dma200" : 961.48,
    "volume" : 15884.00
  }, {
    "date" : "2025-12-15",
    "price" : 793.65,
    "dma50" : 869.43,
    "dma100" : 889.50,
    "dma200" : 959.81,
    "volume" : 14326.00
  }, {
    "date" : "2025-12-16",
    "price" : 791.05,
    "dma50" : 866.36,
    "dma100" : 888.04,
    "dma200" : 958.13,
    "volume" : 9160.00
  }, {
    "date" : "2025-12-17",
    "price" : 780.90,
    "dma50" : 863.01,
    "dma100" : 886.55,
    "dma200" : 956.37,
    "volume" : 23836.00
  }, {
    "date" : "2025-12-18",
    "price" : 785.95,
    "dma50" : 859.99,
    "dma100" : 885.00,
    "dma200" : 954.67,
    "volume" : 11752.00
  }, {
    "date" : "2025-12-19",
    "price" : 790.60,
    "dma50" : 857.26,
    "dma100" : 883.66,
    "dma200" : 953.04,
    "volume" : 10367.00
  }, {
    "date" : "2025-12-22",
    "price" : 797.80,
    "dma50" : 854.93,
    "dma100" : 882.53,
    "dma200" : 951.50,
    "volume" : 10128.00
  }, {
    "date" : "2025-12-23",
    "price" : 811.20,
    "dma50" : 853.22,
    "dma100" : 881.50,
    "dma200" : 950.10,
    "volume" : 25655.00
  }, {
    "date" : "2025-12-24",
    "price" : 810.80,
    "dma50" : 851.55,
    "dma100" : 880.45,
    "dma200" : 948.72,
    "volume" : 19645.00
  }, {
    "date" : "2025-12-26",
    "price" : 797.10,
    "dma50" : 849.42,
    "dma100" : 879.34,
    "dma200" : 947.21,
    "volume" : 14380.00
  }, {
    "date" : "2025-12-29",
    "price" : 781.85,
    "dma50" : 846.77,
    "dma100" : 878.17,
    "dma200" : 945.56,
    "volume" : 21737.00
  }, {
    "date" : "2025-12-30",
    "price" : 783.35,
    "dma50" : 844.28,
    "dma100" : 876.58,
    "dma200" : 943.95,
    "volume" : 13814.00
  }, {
    "date" : "2025-12-31",
    "price" : 784.20,
    "dma50" : 841.93,
    "dma100" : 875.23,
    "dma200" : 942.36,
    "volume" : 11541.00
  }, {
    "date" : "2026-01-01",
    "price" : 779.30,
    "dma50" : 839.47,
    "dma100" : 873.88,
    "dma200" : 940.74,
    "volume" : 16091.00
  }, {
    "date" : "2026-01-02",
    "price" : 785.80,
    "dma50" : 837.36,
    "dma100" : 873.01,
    "dma200" : 939.19,
    "volume" : 12274.00
  }, {
    "date" : "2026-01-05",
    "price" : 768.25,
    "dma50" : 834.65,
    "dma100" : 872.00,
    "dma200" : 937.49,
    "volume" : 25699.00
  }, {
    "date" : "2026-01-06",
    "price" : 755.70,
    "dma50" : 831.56,
    "dma100" : 871.10,
    "dma200" : 935.68,
    "volume" : 24624.00
  }, {
    "date" : "2026-01-07",
    "price" : 756.20,
    "dma50" : 828.60,
    "dma100" : 870.20,
    "dma200" : 933.90,
    "volume" : 11758.00
  }, {
    "date" : "2026-01-08",
    "price" : 745.25,
    "dma50" : 825.33,
    "dma100" : 869.28,
    "dma200" : 932.02,
    "volume" : 20691.00
  }, {
    "date" : "2026-01-09",
    "price" : 714.05,
    "dma50" : 820.97,
    "dma100" : 868.28,
    "dma200" : 929.85,
    "volume" : 35408.00
  }, {
    "date" : "2026-01-12",
    "price" : 703.95,
    "dma50" : 816.38,
    "dma100" : 867.08,
    "dma200" : 927.60,
    "volume" : 26855.00
  }, {
    "date" : "2026-01-13",
    "price" : 701.95,
    "dma50" : 811.89,
    "dma100" : 865.92,
    "dma200" : 925.36,
    "volume" : 14840.00
  }, {
    "date" : "2026-01-14",
    "price" : 692.00,
    "dma50" : 807.19,
    "dma100" : 864.65,
    "dma200" : 923.04,
    "volume" : 22964.00
  }, {
    "date" : "2026-01-16",
    "price" : 685.75,
    "dma50" : 802.43,
    "dma100" : 863.14,
    "dma200" : 920.68,
    "volume" : 16413.00
  }, {
    "date" : "2026-01-19",
    "price" : 678.85,
    "dma50" : 797.58,
    "dma100" : 861.49,
    "dma200" : 918.27,
    "volume" : 16378.00
  }, {
    "date" : "2026-01-20",
    "price" : 675.90,
    "dma50" : 792.81,
    "dma100" : 859.96,
    "dma200" : 915.86,
    "volume" : 43060.00
  }, {
    "date" : "2026-01-21",
    "price" : 655.05,
    "dma50" : 787.41,
    "dma100" : 858.35,
    "dma200" : 913.26,
    "volume" : 37538.00
  }, {
    "date" : "2026-01-22",
    "price" : 658.60,
    "dma50" : 782.36,
    "dma100" : 856.87,
    "dma200" : 910.73,
    "volume" : 18879.00
  }, {
    "date" : "2026-01-23",
    "price" : 662.25,
    "dma50" : 777.65,
    "dma100" : 855.45,
    "dma200" : 908.26,
    "volume" : 17664.00
  }, {
    "date" : "2026-01-27",
    "price" : 649.65,
    "dma50" : 772.63,
    "dma100" : 853.84,
    "dma200" : 905.68,
    "volume" : 24336.00
  }, {
    "date" : "2026-01-28",
    "price" : 648.85,
    "dma50" : 767.77,
    "dma100" : 852.07,
    "dma200" : 903.13,
    "volume" : 15290.00
  }, {
    "date" : "2026-01-29",
    "price" : 625.85,
    "dma50" : 762.21,
    "dma100" : 850.16,
    "dma200" : 900.37,
    "volume" : 25706.00
  }, {
    "date" : "2026-01-30",
    "price" : 620.40,
    "dma50" : 756.65,
    "dma100" : 848.13,
    "dma200" : 897.58,
    "volume" : 20434.00
  }, {
    "date" : "2026-02-01",
    "price" : 615.35,
    "dma50" : 751.11,
    "dma100" : 846.13,
    "dma200" : 894.77,
    "volume" : 23937.00
  }, {
    "date" : "2026-02-02",
    "price" : 624.45,
    "dma50" : 746.14,
    "dma100" : 844.12,
    "dma200" : 892.08,
    "volume" : 16495.00
  }, {
    "date" : "2026-02-03",
    "price" : 633.55,
    "dma50" : 741.72,
    "dma100" : 842.10,
    "dma200" : 889.51,
    "volume" : 23024.00
  }, {
    "date" : "2026-02-04",
    "price" : 726.15,
    "dma50" : 741.11,
    "dma100" : 841.08,
    "dma200" : 887.89,
    "volume" : 191259.00
  }, {
    "date" : "2026-02-05",
    "price" : 697.25,
    "dma50" : 739.39,
    "dma100" : 839.79,
    "dma200" : 885.99,
    "volume" : 39281.00
  }, {
    "date" : "2026-02-06",
    "price" : 702.05,
    "dma50" : 737.93,
    "dma100" : 838.63,
    "dma200" : 884.16,
    "volume" : 60414.00
  }, {
    "date" : "2026-02-09",
    "price" : 743.55,
    "dma50" : 738.15,
    "dma100" : 837.81,
    "dma200" : 882.76,
    "volume" : 45152.00
  }, {
    "date" : "2026-02-10",
    "price" : 779.55,
    "dma50" : 739.77,
    "dma100" : 837.34,
    "dma200" : 881.73,
    "volume" : 196851.00
  }, {
    "date" : "2026-02-11",
    "price" : 788.95,
    "dma50" : 741.70,
    "dma100" : 837.02,
    "dma200" : 880.81,
    "volume" : 65645.00
  }, {
    "date" : "2026-02-12",
    "price" : 773.25,
    "dma50" : 742.94,
    "dma100" : 836.55,
    "dma200" : 879.74,
    "volume" : 20159.00
  }, {
    "date" : "2026-02-13",
    "price" : 752.10,
    "dma50" : 743.30,
    "dma100" : 835.77,
    "dma200" : 878.47,
    "volume" : 19516.00
  }, {
    "date" : "2026-02-16",
    "price" : 720.80,
    "dma50" : 742.42,
    "dma100" : 833.76,
    "dma200" : 876.90,
    "volume" : 23453.00
  }, {
    "date" : "2026-02-17",
    "price" : 729.80,
    "dma50" : 741.92,
    "dma100" : 831.20,
    "dma200" : 875.44,
    "volume" : 17090.00
  }, {
    "date" : "2026-02-18",
    "price" : 715.95,
    "dma50" : 740.90,
    "dma100" : 828.58,
    "dma200" : 873.85,
    "volume" : 22898.00
  }, {
    "date" : "2026-02-19",
    "price" : 711.15,
    "dma50" : 739.74,
    "dma100" : 826.33,
    "dma200" : 872.23,
    "volume" : 12384.00
  }, {
    "date" : "2026-02-20",
    "price" : 756.75,
    "dma50" : 740.40,
    "dma100" : 824.62,
    "dma200" : 871.08,
    "volume" : 200219.00
  } ],
  "latestTechnicalAttributes" : {
    "date" : "2026-02-20",
    "price" : 756.75,
    "dma50" : 740.40,
    "dma100" : 824.62,
    "dma200" : 871.08,
    "volume" : 200219.00
  },
  "quarterlyResults" : [ {
    "date" : "2005-03-31",
    "sales" : 12.01,
    "salesGrowthYoY" : null,
    "grossProfitMargin" : 34.22,
    "grossProfit" : 4.11,
    "operatingProfitMargin" : -7.24,
    "operatingProfit" : -0.87,
    "netProfitMargin" : -10.32,
    "netProfit" : -1.24
  }, {
    "date" : "2005-06-30",
    "sales" : 13.74,
    "salesGrowthYoY" : null,
    "grossProfitMargin" : 32.90,
    "grossProfit" : 4.52,
    "operatingProfitMargin" : 11.43,
    "operatingProfit" : 1.57,
    "netProfitMargin" : 5.82,
    "netProfit" : 0.80
  }, {
    "date" : "2005-09-30",
    "sales" : 7.09,
    "salesGrowthYoY" : null,
    "grossProfitMargin" : 37.24,
    "grossProfit" : 2.64,
    "operatingProfitMargin" : 9.87,
    "operatingProfit" : 0.70,
    "netProfitMargin" : 2.96,
    "netProfit" : 0.21
  }, {
    "date" : "2005-12-31",
    "sales" : 12.00,
    "salesGrowthYoY" : null,
    "grossProfitMargin" : 40.25,
    "grossProfit" : 4.83,
    "operatingProfitMargin" : 16.83,
    "operatingProfit" : 2.02,
    "netProfitMargin" : 15.33,
    "netProfit" : 1.84
  }, {
    "date" : "2006-03-31",
    "sales" : 10.30,
    "salesGrowthYoY" : -14.24,
    "grossProfitMargin" : 32.43,
    "grossProfit" : 3.34,
    "operatingProfitMargin" : -0.97,
    "operatingProfit" : -0.10,
    "netProfitMargin" : 1.75,
    "netProfit" : 0.18
  }, {
    "date" : "2006-06-30",
    "sales" : 12.74,
    "salesGrowthYoY" : -7.28,
    "grossProfitMargin" : 31.63,
    "grossProfit" : 4.03,
    "operatingProfitMargin" : 5.65,
    "operatingProfit" : 0.72,
    "netProfitMargin" : 1.96,
    "netProfit" : 0.25
  }, {
    "date" : "2006-09-30",
    "sales" : 7.02,
    "salesGrowthYoY" : -0.99,
    "grossProfitMargin" : 49.72,
    "grossProfit" : 3.49,
    "operatingProfitMargin" : 8.97,
    "operatingProfit" : 0.63,
    "netProfitMargin" : 3.13,
    "netProfit" : 0.22
  }, {
    "date" : "2006-12-31",
    "sales" : 14.34,
    "salesGrowthYoY" : 19.50,
    "grossProfitMargin" : 27.62,
    "grossProfit" : 3.96,
    "operatingProfitMargin" : 3.14,
    "operatingProfit" : 0.45,
    "netProfitMargin" : -1.74,
    "netProfit" : -0.25
  }, {
    "date" : "2007-03-31",
    "sales" : 14.06,
    "salesGrowthYoY" : 36.50,
    "grossProfitMargin" : 51.78,
    "grossProfit" : 7.28,
    "operatingProfitMargin" : 9.17,
    "operatingProfit" : 1.29,
    "netProfitMargin" : 7.25,
    "netProfit" : 1.02
  }, {
    "date" : "2007-06-30",
    "sales" : 15.26,
    "salesGrowthYoY" : 19.78,
    "grossProfitMargin" : 42.01,
    "grossProfit" : 6.41,
    "operatingProfitMargin" : 20.12,
    "operatingProfit" : 3.07,
    "netProfitMargin" : 15.07,
    "netProfit" : 2.30
  }, {
    "date" : "2007-09-30",
    "sales" : 10.38,
    "salesGrowthYoY" : 47.86,
    "grossProfitMargin" : 18.69,
    "grossProfit" : 1.94,
    "operatingProfitMargin" : 2.22,
    "operatingProfit" : 0.23,
    "netProfitMargin" : -3.56,
    "netProfit" : -0.37
  }, {
    "date" : "2008-06-30",
    "sales" : 15.28,
    "salesGrowthYoY" : 6.56,
    "grossProfitMargin" : 40.58,
    "grossProfit" : 6.20,
    "operatingProfitMargin" : 23.95,
    "operatingProfit" : 3.66,
    "netProfitMargin" : 17.67,
    "netProfit" : 2.70
  }, {
    "date" : "2008-09-30",
    "sales" : 9.76,
    "salesGrowthYoY" : -30.58,
    "grossProfitMargin" : 65.88,
    "grossProfit" : 6.43,
    "operatingProfitMargin" : 40.37,
    "operatingProfit" : 3.94,
    "netProfitMargin" : 35.86,
    "netProfit" : 3.50
  }, {
    "date" : "2008-12-31",
    "sales" : 12.47,
    "salesGrowthYoY" : -18.28,
    "grossProfitMargin" : 41.06,
    "grossProfit" : 5.12,
    "operatingProfitMargin" : 20.29,
    "operatingProfit" : 2.53,
    "netProfitMargin" : 13.87,
    "netProfit" : 1.73
  }, {
    "date" : "2009-03-31",
    "sales" : 17.05,
    "salesGrowthYoY" : 64.26,
    "grossProfitMargin" : 34.02,
    "grossProfit" : 5.80,
    "operatingProfitMargin" : 9.33,
    "operatingProfit" : 1.59,
    "netProfitMargin" : 4.63,
    "netProfit" : 0.79
  }, {
    "date" : "2009-06-30",
    "sales" : 26.01,
    "salesGrowthYoY" : 70.22,
    "grossProfitMargin" : 19.99,
    "grossProfit" : 5.20,
    "operatingProfitMargin" : 6.50,
    "operatingProfit" : 1.69,
    "netProfitMargin" : 4.61,
    "netProfit" : 1.20
  }, {
    "date" : "2009-09-30",
    "sales" : 53.09,
    "salesGrowthYoY" : 443.95,
    "grossProfitMargin" : 8.25,
    "grossProfit" : 4.38,
    "operatingProfitMargin" : 2.05,
    "operatingProfit" : 1.09,
    "netProfitMargin" : 0.79,
    "netProfit" : 0.42
  }, {
    "date" : "2009-12-31",
    "sales" : 45.23,
    "salesGrowthYoY" : 262.71,
    "grossProfitMargin" : 10.81,
    "grossProfit" : 4.89,
    "operatingProfitMargin" : 2.83,
    "operatingProfit" : 1.28,
    "netProfitMargin" : 1.13,
    "netProfit" : 0.51
  }, {
    "date" : "2010-03-31",
    "sales" : 32.89,
    "salesGrowthYoY" : 92.90,
    "grossProfitMargin" : 19.12,
    "grossProfit" : 6.29,
    "operatingProfitMargin" : 6.99,
    "operatingProfit" : 2.30,
    "netProfitMargin" : 3.62,
    "netProfit" : 1.19
  }, {
    "date" : "2010-06-30",
    "sales" : 31.11,
    "salesGrowthYoY" : 19.61,
    "grossProfitMargin" : 24.65,
    "grossProfit" : 7.67,
    "operatingProfitMargin" : 11.06,
    "operatingProfit" : 3.44,
    "netProfitMargin" : 6.17,
    "netProfit" : 1.92
  }, {
    "date" : "2010-09-30",
    "sales" : 30.97,
    "salesGrowthYoY" : -41.67,
    "grossProfitMargin" : 14.37,
    "grossProfit" : 4.45,
    "operatingProfitMargin" : 1.68,
    "operatingProfit" : 0.52,
    "netProfitMargin" : -1.10,
    "netProfit" : -0.34
  }, {
    "date" : "2010-12-31",
    "sales" : 33.58,
    "salesGrowthYoY" : -25.76,
    "grossProfitMargin" : 14.53,
    "grossProfit" : 4.88,
    "operatingProfitMargin" : 1.49,
    "operatingProfit" : 0.50,
    "netProfitMargin" : -0.51,
    "netProfit" : -0.17
  }, {
    "date" : "2011-03-31",
    "sales" : 21.58,
    "salesGrowthYoY" : -34.39,
    "grossProfitMargin" : 25.07,
    "grossProfit" : 5.41,
    "operatingProfitMargin" : 0.56,
    "operatingProfit" : 0.12,
    "netProfitMargin" : -2.13,
    "netProfit" : -0.46
  }, {
    "date" : "2011-06-30",
    "sales" : 33.38,
    "salesGrowthYoY" : 7.30,
    "grossProfitMargin" : 19.68,
    "grossProfit" : 6.57,
    "operatingProfitMargin" : 6.35,
    "operatingProfit" : 2.12,
    "netProfitMargin" : 3.21,
    "netProfit" : 1.07
  }, {
    "date" : "2011-09-30",
    "sales" : 14.95,
    "salesGrowthYoY" : -51.73,
    "grossProfitMargin" : 21.81,
    "grossProfit" : 3.26,
    "operatingProfitMargin" : -6.29,
    "operatingProfit" : -0.94,
    "netProfitMargin" : -11.17,
    "netProfit" : -1.67
  }, {
    "date" : "2011-12-31",
    "sales" : 30.63,
    "salesGrowthYoY" : -8.78,
    "grossProfitMargin" : 21.29,
    "grossProfit" : 6.52,
    "operatingProfitMargin" : 2.84,
    "operatingProfit" : 0.87,
    "netProfitMargin" : 1.99,
    "netProfit" : 0.61
  }, {
    "date" : "2012-03-31",
    "sales" : 26.26,
    "salesGrowthYoY" : 21.69,
    "grossProfitMargin" : 21.74,
    "grossProfit" : 5.71,
    "operatingProfitMargin" : 9.25,
    "operatingProfit" : 2.43,
    "netProfitMargin" : 5.03,
    "netProfit" : 1.32
  }, {
    "date" : "2012-06-30",
    "sales" : 29.04,
    "salesGrowthYoY" : -13.00,
    "grossProfitMargin" : 22.25,
    "grossProfit" : 6.46,
    "operatingProfitMargin" : 6.58,
    "operatingProfit" : 1.91,
    "netProfitMargin" : 1.65,
    "netProfit" : 0.48
  }, {
    "date" : "2012-09-30",
    "sales" : 13.87,
    "salesGrowthYoY" : -7.22,
    "grossProfitMargin" : 30.79,
    "grossProfit" : 4.27,
    "operatingProfitMargin" : -2.24,
    "operatingProfit" : -0.31,
    "netProfitMargin" : -5.62,
    "netProfit" : -0.78
  }, {
    "date" : "2012-12-31",
    "sales" : 25.55,
    "salesGrowthYoY" : -16.59,
    "grossProfitMargin" : 32.17,
    "grossProfit" : 8.22,
    "operatingProfitMargin" : 13.15,
    "operatingProfit" : 3.36,
    "netProfitMargin" : 3.13,
    "netProfit" : 0.80
  }, {
    "date" : "2013-03-31",
    "sales" : 20.40,
    "salesGrowthYoY" : -22.32,
    "grossProfitMargin" : 35.78,
    "grossProfit" : 7.30,
    "operatingProfitMargin" : 1.52,
    "operatingProfit" : 0.31,
    "netProfitMargin" : 5.29,
    "netProfit" : 1.08
  }, {
    "date" : "2013-06-30",
    "sales" : 31.11,
    "salesGrowthYoY" : 7.13,
    "grossProfitMargin" : 36.45,
    "grossProfit" : 11.34,
    "operatingProfitMargin" : 11.76,
    "operatingProfit" : 3.66,
    "netProfitMargin" : 4.50,
    "netProfit" : 1.40
  }, {
    "date" : "2013-09-30",
    "sales" : 16.53,
    "salesGrowthYoY" : 19.18,
    "grossProfitMargin" : 54.20,
    "grossProfit" : 8.96,
    "operatingProfitMargin" : 11.74,
    "operatingProfit" : 1.94,
    "netProfitMargin" : 0.60,
    "netProfit" : 0.10
  }, {
    "date" : "2013-12-31",
    "sales" : 23.70,
    "salesGrowthYoY" : -7.24,
    "grossProfitMargin" : 39.96,
    "grossProfit" : 9.47,
    "operatingProfitMargin" : 10.63,
    "operatingProfit" : 2.52,
    "netProfitMargin" : 1.94,
    "netProfit" : 0.46
  }, {
    "date" : "2014-03-31",
    "sales" : 21.52,
    "salesGrowthYoY" : 5.49,
    "grossProfitMargin" : 44.05,
    "grossProfit" : 9.48,
    "operatingProfitMargin" : 13.94,
    "operatingProfit" : 3.00,
    "netProfitMargin" : 2.97,
    "netProfit" : 0.64
  }, {
    "date" : "2014-06-30",
    "sales" : 35.61,
    "salesGrowthYoY" : 14.46,
    "grossProfitMargin" : 49.76,
    "grossProfit" : 17.72,
    "operatingProfitMargin" : 22.47,
    "operatingProfit" : 8.00,
    "netProfitMargin" : 10.64,
    "netProfit" : 3.79
  }, {
    "date" : "2014-09-30",
    "sales" : 16.74,
    "salesGrowthYoY" : 1.27,
    "grossProfitMargin" : 70.25,
    "grossProfit" : 11.76,
    "operatingProfitMargin" : 19.24,
    "operatingProfit" : 3.22,
    "netProfitMargin" : 9.92,
    "netProfit" : 1.66
  }, {
    "date" : "2014-12-31",
    "sales" : 23.86,
    "salesGrowthYoY" : 0.68,
    "grossProfitMargin" : 53.86,
    "grossProfit" : 12.85,
    "operatingProfitMargin" : 17.52,
    "operatingProfit" : 4.18,
    "netProfitMargin" : 4.69,
    "netProfit" : 1.12
  }, {
    "date" : "2015-03-31",
    "sales" : 18.12,
    "salesGrowthYoY" : -15.80,
    "grossProfitMargin" : 75.22,
    "grossProfit" : 13.63,
    "operatingProfitMargin" : 16.72,
    "operatingProfit" : 3.03,
    "netProfitMargin" : 2.48,
    "netProfit" : 0.45
  }, {
    "date" : "2015-06-30",
    "sales" : 29.47,
    "salesGrowthYoY" : -17.24,
    "grossProfitMargin" : 50.22,
    "grossProfit" : 14.80,
    "operatingProfitMargin" : 17.95,
    "operatingProfit" : 5.29,
    "netProfitMargin" : 4.00,
    "netProfit" : 1.18
  }, {
    "date" : "2015-09-30",
    "sales" : 23.30,
    "salesGrowthYoY" : 39.19,
    "grossProfitMargin" : 62.32,
    "grossProfit" : 14.52,
    "operatingProfitMargin" : 16.14,
    "operatingProfit" : 3.76,
    "netProfitMargin" : 0.09,
    "netProfit" : 0.02
  }, {
    "date" : "2015-12-31",
    "sales" : 26.65,
    "salesGrowthYoY" : 11.69,
    "grossProfitMargin" : 55.35,
    "grossProfit" : 14.75,
    "operatingProfitMargin" : 14.86,
    "operatingProfit" : 3.96,
    "netProfitMargin" : -0.45,
    "netProfit" : -0.12
  }, {
    "date" : "2016-03-31",
    "sales" : 20.13,
    "salesGrowthYoY" : 11.09,
    "grossProfitMargin" : 64.68,
    "grossProfit" : 13.02,
    "operatingProfitMargin" : 14.21,
    "operatingProfit" : 2.86,
    "netProfitMargin" : 2.88,
    "netProfit" : 0.58
  }, {
    "date" : "2016-06-30",
    "sales" : 22.95,
    "salesGrowthYoY" : -22.12,
    "grossProfitMargin" : 52.07,
    "grossProfit" : 11.95,
    "operatingProfitMargin" : 17.47,
    "operatingProfit" : 4.01,
    "netProfitMargin" : 0.57,
    "netProfit" : 0.13
  }, {
    "date" : "2016-09-30",
    "sales" : 12.40,
    "salesGrowthYoY" : -46.78,
    "grossProfitMargin" : 72.10,
    "grossProfit" : 8.94,
    "operatingProfitMargin" : -4.76,
    "operatingProfit" : -0.59,
    "netProfitMargin" : -21.77,
    "netProfit" : -2.70
  }, {
    "date" : "2016-12-31",
    "sales" : 17.36,
    "salesGrowthYoY" : -34.86,
    "grossProfitMargin" : 44.07,
    "grossProfit" : 7.65,
    "operatingProfitMargin" : -3.97,
    "operatingProfit" : -0.69,
    "netProfitMargin" : -21.26,
    "netProfit" : -3.69
  }, {
    "date" : "2017-03-31",
    "sales" : 16.13,
    "salesGrowthYoY" : -19.87,
    "grossProfitMargin" : 51.95,
    "grossProfit" : 8.38,
    "operatingProfitMargin" : -7.69,
    "operatingProfit" : -1.24,
    "netProfitMargin" : -20.64,
    "netProfit" : -3.33
  }, {
    "date" : "2017-06-30",
    "sales" : 24.59,
    "salesGrowthYoY" : 7.15,
    "grossProfitMargin" : 35.50,
    "grossProfit" : 8.73,
    "operatingProfitMargin" : -2.07,
    "operatingProfit" : -0.51,
    "netProfitMargin" : -12.77,
    "netProfit" : -3.14
  }, {
    "date" : "2017-09-30",
    "sales" : 20.14,
    "salesGrowthYoY" : 62.42,
    "grossProfitMargin" : 63.06,
    "grossProfit" : 12.70,
    "operatingProfitMargin" : 8.64,
    "operatingProfit" : 1.74,
    "netProfitMargin" : -8.39,
    "netProfit" : -1.69
  }, {
    "date" : "2017-12-31",
    "sales" : 25.80,
    "salesGrowthYoY" : 48.62,
    "grossProfitMargin" : 55.54,
    "grossProfit" : 14.33,
    "operatingProfitMargin" : 13.26,
    "operatingProfit" : 3.42,
    "netProfitMargin" : 0.81,
    "netProfit" : 0.21
  }, {
    "date" : "2018-03-31",
    "sales" : 29.72,
    "salesGrowthYoY" : 84.25,
    "grossProfitMargin" : 59.02,
    "grossProfit" : 17.54,
    "operatingProfitMargin" : 17.29,
    "operatingProfit" : 5.14,
    "netProfitMargin" : -1.35,
    "netProfit" : -0.40
  }, {
    "date" : "2018-06-30",
    "sales" : 31.61,
    "salesGrowthYoY" : 28.55,
    "grossProfitMargin" : 52.39,
    "grossProfit" : 16.56,
    "operatingProfitMargin" : 12.72,
    "operatingProfit" : 4.02,
    "netProfitMargin" : 0.09,
    "netProfit" : 0.03
  }, {
    "date" : "2018-09-30",
    "sales" : 28.43,
    "salesGrowthYoY" : 41.16,
    "grossProfitMargin" : 53.82,
    "grossProfit" : 15.30,
    "operatingProfitMargin" : 5.66,
    "operatingProfit" : 1.61,
    "netProfitMargin" : -8.44,
    "netProfit" : -2.40
  }, {
    "date" : "2018-12-31",
    "sales" : 38.48,
    "salesGrowthYoY" : 49.15,
    "grossProfitMargin" : 46.93,
    "grossProfit" : 18.06,
    "operatingProfitMargin" : 9.90,
    "operatingProfit" : 3.81,
    "netProfitMargin" : 0.55,
    "netProfit" : 0.21
  }, {
    "date" : "2019-03-31",
    "sales" : 31.19,
    "salesGrowthYoY" : 4.95,
    "grossProfitMargin" : 61.33,
    "grossProfit" : 19.13,
    "operatingProfitMargin" : 18.82,
    "operatingProfit" : 5.87,
    "netProfitMargin" : 6.41,
    "netProfit" : 2.00
  }, {
    "date" : "2019-06-30",
    "sales" : 32.34,
    "salesGrowthYoY" : 2.31,
    "grossProfitMargin" : 56.62,
    "grossProfit" : 18.31,
    "operatingProfitMargin" : 12.62,
    "operatingProfit" : 4.08,
    "netProfitMargin" : 0.12,
    "netProfit" : 0.04
  }, {
    "date" : "2019-09-30",
    "sales" : 30.17,
    "salesGrowthYoY" : 6.12,
    "grossProfitMargin" : 55.82,
    "grossProfit" : 16.84,
    "operatingProfitMargin" : 4.57,
    "operatingProfit" : 1.38,
    "netProfitMargin" : -5.50,
    "netProfit" : -1.66
  }, {
    "date" : "2019-12-31",
    "sales" : 33.40,
    "salesGrowthYoY" : -13.20,
    "grossProfitMargin" : 49.10,
    "grossProfit" : 16.40,
    "operatingProfitMargin" : 8.05,
    "operatingProfit" : 2.69,
    "netProfitMargin" : -2.46,
    "netProfit" : -0.82
  }, {
    "date" : "2020-03-31",
    "sales" : 26.82,
    "salesGrowthYoY" : -14.01,
    "grossProfitMargin" : 59.17,
    "grossProfit" : 15.87,
    "operatingProfitMargin" : 1.94,
    "operatingProfit" : 0.52,
    "netProfitMargin" : -5.41,
    "netProfit" : -1.45
  }, {
    "date" : "2020-06-30",
    "sales" : 16.69,
    "salesGrowthYoY" : -48.39,
    "grossProfitMargin" : 60.34,
    "grossProfit" : 10.07,
    "operatingProfitMargin" : 6.77,
    "operatingProfit" : 1.13,
    "netProfitMargin" : -12.64,
    "netProfit" : -2.11
  }, {
    "date" : "2020-09-30",
    "sales" : 30.96,
    "salesGrowthYoY" : 2.62,
    "grossProfitMargin" : 62.37,
    "grossProfit" : 19.31,
    "operatingProfitMargin" : 15.34,
    "operatingProfit" : 4.75,
    "netProfitMargin" : 1.97,
    "netProfit" : 0.61
  }, {
    "date" : "2020-12-31",
    "sales" : 37.75,
    "salesGrowthYoY" : 13.02,
    "grossProfitMargin" : 56.79,
    "grossProfit" : 21.44,
    "operatingProfitMargin" : 13.83,
    "operatingProfit" : 5.22,
    "netProfitMargin" : 4.08,
    "netProfit" : 1.54
  }, {
    "date" : "2021-03-31",
    "sales" : 44.66,
    "salesGrowthYoY" : 66.52,
    "grossProfitMargin" : 52.10,
    "grossProfit" : 23.27,
    "operatingProfitMargin" : 14.11,
    "operatingProfit" : 6.30,
    "netProfitMargin" : 2.40,
    "netProfit" : 1.07
  }, {
    "date" : "2021-06-30",
    "sales" : 48.43,
    "salesGrowthYoY" : 190.17,
    "grossProfitMargin" : 53.02,
    "grossProfit" : 25.68,
    "operatingProfitMargin" : 17.80,
    "operatingProfit" : 8.62,
    "netProfitMargin" : 7.62,
    "netProfit" : 3.69
  }, {
    "date" : "2021-09-30",
    "sales" : 53.07,
    "salesGrowthYoY" : 71.41,
    "grossProfitMargin" : 52.93,
    "grossProfit" : 28.09,
    "operatingProfitMargin" : 18.37,
    "operatingProfit" : 9.75,
    "netProfitMargin" : 8.33,
    "netProfit" : 4.42
  }, {
    "date" : "2021-12-31",
    "sales" : 66.37,
    "salesGrowthYoY" : 75.81,
    "grossProfitMargin" : 43.94,
    "grossProfit" : 29.16,
    "operatingProfitMargin" : 14.10,
    "operatingProfit" : 9.36,
    "netProfitMargin" : 6.04,
    "netProfit" : 4.01
  }, {
    "date" : "2022-03-31",
    "sales" : 61.36,
    "salesGrowthYoY" : 37.39,
    "grossProfitMargin" : 50.62,
    "grossProfit" : 31.06,
    "operatingProfitMargin" : 15.01,
    "operatingProfit" : 9.21,
    "netProfitMargin" : 7.66,
    "netProfit" : 4.70
  }, {
    "date" : "2022-06-30",
    "sales" : 82.81,
    "salesGrowthYoY" : 70.99,
    "grossProfitMargin" : 39.86,
    "grossProfit" : 33.01,
    "operatingProfitMargin" : 14.59,
    "operatingProfit" : 12.08,
    "netProfitMargin" : 7.28,
    "netProfit" : 6.03
  }, {
    "date" : "2022-09-30",
    "sales" : 65.38,
    "salesGrowthYoY" : 23.20,
    "grossProfitMargin" : 46.30,
    "grossProfit" : 30.27,
    "operatingProfitMargin" : 14.73,
    "operatingProfit" : 9.63,
    "netProfitMargin" : 6.96,
    "netProfit" : 4.55
  }, {
    "date" : "2022-12-31",
    "sales" : 75.20,
    "salesGrowthYoY" : 13.30,
    "grossProfitMargin" : 35.61,
    "grossProfit" : 26.78,
    "operatingProfitMargin" : 11.05,
    "operatingProfit" : 8.31,
    "netProfitMargin" : 6.13,
    "netProfit" : 4.61
  }, {
    "date" : "2023-03-31",
    "sales" : 72.72,
    "salesGrowthYoY" : 18.51,
    "grossProfitMargin" : 39.04,
    "grossProfit" : 28.39,
    "operatingProfitMargin" : 10.22,
    "operatingProfit" : 7.43,
    "netProfitMargin" : 8.35,
    "netProfit" : 6.07
  }, {
    "date" : "2023-06-30",
    "sales" : 80.62,
    "salesGrowthYoY" : -2.64,
    "grossProfitMargin" : 39.87,
    "grossProfit" : 32.14,
    "operatingProfitMargin" : 15.03,
    "operatingProfit" : 12.12,
    "netProfitMargin" : 8.71,
    "netProfit" : 7.02
  }, {
    "date" : "2023-09-30",
    "sales" : 80.43,
    "salesGrowthYoY" : 23.02,
    "grossProfitMargin" : 43.23,
    "grossProfit" : 34.77,
    "operatingProfitMargin" : 16.29,
    "operatingProfit" : 13.10,
    "netProfitMargin" : 9.40,
    "netProfit" : 7.56
  }, {
    "date" : "2023-12-31",
    "sales" : 93.18,
    "salesGrowthYoY" : 23.91,
    "grossProfitMargin" : 41.70,
    "grossProfit" : 38.86,
    "operatingProfitMargin" : 16.16,
    "operatingProfit" : 15.06,
    "netProfitMargin" : 9.93,
    "netProfit" : 9.25
  }, {
    "date" : "2024-03-31",
    "sales" : 109.90,
    "salesGrowthYoY" : 51.13,
    "grossProfitMargin" : 42.87,
    "grossProfit" : 47.11,
    "operatingProfitMargin" : 19.22,
    "operatingProfit" : 21.12,
    "netProfitMargin" : 12.79,
    "netProfit" : 14.06
  }, {
    "date" : "2024-06-30",
    "sales" : 135.95,
    "salesGrowthYoY" : 68.63,
    "grossProfitMargin" : 42.65,
    "grossProfit" : 57.98,
    "operatingProfitMargin" : 16.82,
    "operatingProfit" : 22.87,
    "netProfitMargin" : 10.50,
    "netProfit" : 14.27
  }, {
    "date" : "2024-09-30",
    "sales" : 117.08,
    "salesGrowthYoY" : 45.57,
    "grossProfitMargin" : 42.55,
    "grossProfit" : 49.82,
    "operatingProfitMargin" : 15.72,
    "operatingProfit" : 18.40,
    "netProfitMargin" : 9.05,
    "netProfit" : 10.60
  }, {
    "date" : "2024-12-31",
    "sales" : 123.14,
    "salesGrowthYoY" : 32.15,
    "grossProfitMargin" : 39.20,
    "grossProfit" : 48.27,
    "operatingProfitMargin" : 11.56,
    "operatingProfit" : 14.23,
    "netProfitMargin" : 5.68,
    "netProfit" : 6.99
  }, {
    "date" : "2025-03-31",
    "sales" : 128.82,
    "salesGrowthYoY" : 17.22,
    "grossProfitMargin" : 40.66,
    "grossProfit" : 52.38,
    "operatingProfitMargin" : 13.17,
    "operatingProfit" : 16.97,
    "netProfitMargin" : 8.80,
    "netProfit" : 11.34
  }, {
    "date" : "2025-06-30",
    "sales" : 127.30,
    "salesGrowthYoY" : -6.36,
    "grossProfitMargin" : 44.78,
    "grossProfit" : 57.00,
    "operatingProfitMargin" : 15.59,
    "operatingProfit" : 19.85,
    "netProfitMargin" : 8.63,
    "netProfit" : 10.99
  }, {
    "date" : "2025-09-30",
    "sales" : 116.86,
    "salesGrowthYoY" : -0.19,
    "grossProfitMargin" : 52.02,
    "grossProfit" : 60.79,
    "operatingProfitMargin" : 18.50,
    "operatingProfit" : 21.62,
    "netProfitMargin" : 10.56,
    "netProfit" : 12.34
  }, {
    "date" : "2025-12-31",
    "sales" : 134.52,
    "salesGrowthYoY" : 9.24,
    "grossProfitMargin" : 46.76,
    "grossProfit" : 62.90,
    "operatingProfitMargin" : 16.34,
    "operatingProfit" : 21.98,
    "netProfitMargin" : 9.63,
    "netProfit" : 12.95
  } ],
  "latestQuarterlyResult" : {
    "date" : "2025-12-31",
    "sales" : 134.52,
    "salesGrowthYoY" : 9.24,
    "grossProfitMargin" : 46.76,
    "grossProfit" : 62.90,
    "operatingProfitMargin" : 16.34,
    "operatingProfit" : 21.98,
    "netProfitMargin" : 9.63,
    "netProfit" : 12.95
  },
  "companyScore" : {
    "priceHigherThanDma50" : 5.00,
    "priceHigherThanDma100" : 0.00,
    "priceHigherThanDma200" : 0.00,
    "dma50HigherThanDma100" : 0.00,
    "dma50HigherThanDma200" : 0.00,
    "dma100HigherThanDma200" : 0.00,
    "pricePercentageAboveDma50" : 4.89,
    "pricePercentageAboveDma100" : 5.41,
    "pricePercentageAboveDma200" : 5.66,
    "weeklyVolumeHigherThanYearlyVolume" : 5.00,
    "salesGrowthPercentile" : 10.00,
    "operatingProfitMarginPercentile" : 15.61,
    "netProfitMarginPercentile" : 8.66,
    "totalTechnicalScore" : 25.96,
    "totalFundamentalScore" : 34.27,
    "totalScore" : 60.23
  }
}