{
  "metadata" : {
    "screenerCompanyId" : "3349",
    "companyCode" : "TNPL",
    "companyName" : "T N Newsprint",
    "screenerCompanyLink" : "https://www.screener.in/company/TNPL",
    "screenerTechnicalHistoryLink" : "https://www.screener.in/api/company/3349/chart/?q=Price-DMA50-DMA200-Volume&days=365",
    "screenerQuarterlyResultsLink" : "https://www.screener.in/api/company/3349/chart/?q=GPM-OPM-NPM-Quarter+Sales&days=10000",
    "attributes" : {
      "companyCode" : "TNPL",
      "companyName" : "T N Newsprint",
      "marketCap" : 990.00,
      "peRatio" : null,
      "description" : "Incorporated in 1979, Tamil Nadu Newsprint & Papers Ltd manufactures and markets Paper, Paper Board, Cement, and does Generation of Power[1]"
    },
    "companyScore" : {
      "priceHigherThanDma50" : 0.00,
      "priceHigherThanDma100" : 0.00,
      "priceHigherThanDma200" : 0.00,
      "dma50HigherThanDma100" : 0.00,
      "dma50HigherThanDma200" : 0.00,
      "dma100HigherThanDma200" : 0.00,
      "pricePercentageAboveDma50" : 5.31,
      "pricePercentageAboveDma100" : 5.48,
      "pricePercentageAboveDma200" : 5.58,
      "weeklyVolumeHigherThanYearlyVolume" : 0.00,
      "salesGrowthPercentile" : 14.68,
      "operatingProfitMarginPercentile" : 5.29,
      "netProfitMarginPercentile" : 4.85,
      "totalTechnicalScore" : 16.37,
      "totalFundamentalScore" : 24.82,
      "totalScore" : 41.19
    }
  },
  "attributes" : {
    "companyCode" : "TNPL",
    "companyName" : "T N Newsprint",
    "marketCap" : 990.00,
    "peRatio" : null,
    "description" : "Incorporated in 1979, Tamil Nadu Newsprint & Papers Ltd manufactures and markets Paper, Paper Board, Cement, and does Generation of Power[1]"
  },
  "technicalHistory" : [ {
    "date" : "2024-11-25",
    "price" : 164.62,
    "dma50" : 190.63,
    "dma100" : null,
    "dma200" : 230.99,
    "volume" : 211948.00
  }, {
    "date" : "2024-11-26",
    "price" : 166.66,
    "dma50" : 189.69,
    "dma100" : null,
    "dma200" : 230.35,
    "volume" : 215577.00
  }, {
    "date" : "2024-11-27",
    "price" : 167.01,
    "dma50" : 188.80,
    "dma100" : null,
    "dma200" : 229.72,
    "volume" : 146414.00
  }, {
    "date" : "2024-11-28",
    "price" : 169.92,
    "dma50" : 188.06,
    "dma100" : null,
    "dma200" : 229.13,
    "volume" : 166608.00
  }, {
    "date" : "2024-11-29",
    "price" : 171.18,
    "dma50" : 187.40,
    "dma100" : null,
    "dma200" : 228.55,
    "volume" : 110619.00
  }, {
    "date" : "2024-12-02",
    "price" : 182.70,
    "dma50" : 187.21,
    "dma100" : null,
    "dma200" : 228.10,
    "volume" : 916867.00
  }, {
    "date" : "2024-12-03",
    "price" : 177.66,
    "dma50" : 186.84,
    "dma100" : null,
    "dma200" : 227.59,
    "volume" : 536307.00
  }, {
    "date" : "2024-12-04",
    "price" : 174.93,
    "dma50" : 186.37,
    "dma100" : null,
    "dma200" : 227.07,
    "volume" : 310196.00
  }, {
    "date" : "2024-12-05",
    "price" : 184.09,
    "dma50" : 186.28,
    "dma100" : null,
    "dma200" : 226.64,
    "volume" : 524732.00
  }, {
    "date" : "2024-12-06",
    "price" : 188.26,
    "dma50" : 186.36,
    "dma100" : null,
    "dma200" : 226.26,
    "volume" : 694596.00
  }, {
    "date" : "2024-12-09",
    "price" : 190.81,
    "dma50" : 186.53,
    "dma100" : null,
    "dma200" : 225.91,
    "volume" : 590609.00
  }, {
    "date" : "2024-12-10",
    "price" : 181.05,
    "dma50" : 186.32,
    "dma100" : null,
    "dma200" : 225.46,
    "volume" : 635542.00
  }, {
    "date" : "2024-12-11",
    "price" : 182.17,
    "dma50" : 186.16,
    "dma100" : null,
    "dma200" : 225.03,
    "volume" : 228380.00
  }, {
    "date" : "2024-12-12",
    "price" : 178.15,
    "dma50" : 185.84,
    "dma100" : null,
    "dma200" : 224.56,
    "volume" : 170845.00
  }, {
    "date" : "2024-12-13",
    "price" : 177.34,
    "dma50" : 185.51,
    "dma100" : null,
    "dma200" : 224.09,
    "volume" : 266434.00
  }, {
    "date" : "2024-12-16",
    "price" : 199.48,
    "dma50" : 186.06,
    "dma100" : null,
    "dma200" : 223.85,
    "volume" : 4019972.00
  }, {
    "date" : "2024-12-17",
    "price" : 193.27,
    "dma50" : 186.34,
    "dma100" : null,
    "dma200" : 223.54,
    "volume" : 721041.00
  }, {
    "date" : "2024-12-18",
    "price" : 186.91,
    "dma50" : 186.36,
    "dma100" : null,
    "dma200" : 223.18,
    "volume" : 526781.00
  }, {
    "date" : "2024-12-19",
    "price" : 202.08,
    "dma50" : 186.98,
    "dma100" : null,
    "dma200" : 222.97,
    "volume" : 6289588.00
  }, {
    "date" : "2024-12-20",
    "price" : 207.29,
    "dma50" : 187.77,
    "dma100" : null,
    "dma200" : 222.81,
    "volume" : 3498145.00
  }, {
    "date" : "2024-12-23",
    "price" : 202.86,
    "dma50" : 188.37,
    "dma100" : null,
    "dma200" : 222.62,
    "volume" : 1095766.00
  }, {
    "date" : "2024-12-24",
    "price" : 198.81,
    "dma50" : 188.78,
    "dma100" : null,
    "dma200" : 222.38,
    "volume" : 429553.00
  }, {
    "date" : "2024-12-26",
    "price" : 194.04,
    "dma50" : 188.98,
    "dma100" : null,
    "dma200" : 222.10,
    "volume" : 347478.00
  }, {
    "date" : "2024-12-27",
    "price" : 192.13,
    "dma50" : 189.11,
    "dma100" : null,
    "dma200" : 221.80,
    "volume" : 360978.00
  }, {
    "date" : "2024-12-30",
    "price" : 189.06,
    "dma50" : 189.10,
    "dma100" : null,
    "dma200" : 221.47,
    "volume" : 309221.00
  }, {
    "date" : "2024-12-31",
    "price" : 187.84,
    "dma50" : 189.05,
    "dma100" : null,
    "dma200" : 221.14,
    "volume" : 329527.00
  }, {
    "date" : "2025-01-01",
    "price" : 197.82,
    "dma50" : 189.40,
    "dma100" : null,
    "dma200" : 220.91,
    "volume" : 561855.00
  }, {
    "date" : "2025-01-02",
    "price" : 200.68,
    "dma50" : 189.84,
    "dma100" : null,
    "dma200" : 220.70,
    "volume" : 490108.00
  }, {
    "date" : "2025-01-03",
    "price" : 200.19,
    "dma50" : 190.25,
    "dma100" : null,
    "dma200" : 220.50,
    "volume" : 318958.00
  }, {
    "date" : "2025-01-06",
    "price" : 189.02,
    "dma50" : 190.20,
    "dma100" : null,
    "dma200" : 220.19,
    "volume" : 385630.00
  }, {
    "date" : "2025-01-07",
    "price" : 193.79,
    "dma50" : 190.34,
    "dma100" : null,
    "dma200" : 219.92,
    "volume" : 393089.00
  }, {
    "date" : "2025-01-08",
    "price" : 190.82,
    "dma50" : 190.36,
    "dma100" : null,
    "dma200" : 219.64,
    "volume" : 287084.00
  }, {
    "date" : "2025-01-09",
    "price" : 186.77,
    "dma50" : 190.22,
    "dma100" : null,
    "dma200" : 219.31,
    "volume" : 191868.00
  }, {
    "date" : "2025-01-10",
    "price" : 179.32,
    "dma50" : 189.79,
    "dma100" : null,
    "dma200" : 218.91,
    "volume" : 489586.00
  }, {
    "date" : "2025-01-13",
    "price" : 169.67,
    "dma50" : 189.00,
    "dma100" : null,
    "dma200" : 218.42,
    "volume" : 298721.00
  }, {
    "date" : "2025-01-14",
    "price" : 173.72,
    "dma50" : 188.40,
    "dma100" : null,
    "dma200" : 217.98,
    "volume" : 274614.00
  }, {
    "date" : "2025-01-15",
    "price" : 172.75,
    "dma50" : 187.79,
    "dma100" : null,
    "dma200" : 217.53,
    "volume" : 280545.00
  }, {
    "date" : "2025-01-16",
    "price" : 177.62,
    "dma50" : 187.39,
    "dma100" : null,
    "dma200" : 217.13,
    "volume" : 241208.00
  }, {
    "date" : "2025-01-17",
    "price" : 180.12,
    "dma50" : 187.10,
    "dma100" : null,
    "dma200" : 216.76,
    "volume" : 298312.00
  }, {
    "date" : "2025-01-20",
    "price" : 177.49,
    "dma50" : 186.73,
    "dma100" : null,
    "dma200" : 216.37,
    "volume" : 311997.00
  }, {
    "date" : "2025-01-21",
    "price" : 172.45,
    "dma50" : 186.17,
    "dma100" : null,
    "dma200" : 215.93,
    "volume" : 211569.00
  }, {
    "date" : "2025-01-22",
    "price" : 168.39,
    "dma50" : 185.47,
    "dma100" : null,
    "dma200" : 215.46,
    "volume" : 276358.00
  }, {
    "date" : "2025-01-23",
    "price" : 170.38,
    "dma50" : 184.88,
    "dma100" : null,
    "dma200" : 215.01,
    "volume" : 161513.00
  }, {
    "date" : "2025-01-24",
    "price" : 165.30,
    "dma50" : 184.11,
    "dma100" : null,
    "dma200" : 214.52,
    "volume" : 247009.00
  }, {
    "date" : "2025-01-27",
    "price" : 163.14,
    "dma50" : 183.29,
    "dma100" : null,
    "dma200" : 214.00,
    "volume" : 151041.00
  }, {
    "date" : "2025-01-28",
    "price" : 166.58,
    "dma50" : 182.63,
    "dma100" : null,
    "dma200" : 213.53,
    "volume" : 210791.00
  }, {
    "date" : "2025-01-29",
    "price" : 167.17,
    "dma50" : 182.03,
    "dma100" : null,
    "dma200" : 213.07,
    "volume" : 219085.00
  }, {
    "date" : "2025-01-30",
    "price" : 168.38,
    "dma50" : 181.49,
    "dma100" : null,
    "dma200" : 212.63,
    "volume" : 215167.00
  }, {
    "date" : "2025-01-31",
    "price" : 167.93,
    "dma50" : 180.96,
    "dma100" : null,
    "dma200" : 212.18,
    "volume" : 201888.00
  }, {
    "date" : "2025-02-01",
    "price" : 169.90,
    "dma50" : 180.53,
    "dma100" : null,
    "dma200" : 211.76,
    "volume" : 74253.00
  }, {
    "date" : "2025-02-03",
    "price" : 165.62,
    "dma50" : 179.94,
    "dma100" : null,
    "dma200" : 211.30,
    "volume" : 109268.00
  }, {
    "date" : "2025-02-04",
    "price" : 166.81,
    "dma50" : 179.43,
    "dma100" : null,
    "dma200" : 210.86,
    "volume" : 69353.00
  }, {
    "date" : "2025-02-05",
    "price" : 167.08,
    "dma50" : 178.94,
    "dma100" : null,
    "dma200" : 210.42,
    "volume" : 101348.00
  }, {
    "date" : "2025-02-06",
    "price" : 165.37,
    "dma50" : 178.41,
    "dma100" : null,
    "dma200" : 209.98,
    "volume" : 93447.00
  }, {
    "date" : "2025-02-07",
    "price" : 163.11,
    "dma50" : 177.81,
    "dma100" : null,
    "dma200" : 209.51,
    "volume" : 139953.00
  }, {
    "date" : "2025-02-10",
    "price" : 161.82,
    "dma50" : 177.18,
    "dma100" : null,
    "dma200" : 209.04,
    "volume" : 72252.00
  }, {
    "date" : "2025-02-11",
    "price" : 159.41,
    "dma50" : 176.49,
    "dma100" : null,
    "dma200" : 208.54,
    "volume" : 160232.00
  }, {
    "date" : "2025-02-12",
    "price" : 157.00,
    "dma50" : 175.72,
    "dma100" : null,
    "dma200" : 208.03,
    "volume" : 181551.00
  }, {
    "date" : "2025-02-13",
    "price" : 155.40,
    "dma50" : 174.92,
    "dma100" : null,
    "dma200" : 207.50,
    "volume" : 99743.00
  }, {
    "date" : "2025-02-14",
    "price" : 145.37,
    "dma50" : 173.77,
    "dma100" : null,
    "dma200" : 206.89,
    "volume" : 238066.00
  }, {
    "date" : "2025-02-17",
    "price" : 142.57,
    "dma50" : 172.54,
    "dma100" : null,
    "dma200" : 206.25,
    "volume" : 410157.00
  }, {
    "date" : "2025-02-18",
    "price" : 140.03,
    "dma50" : 171.27,
    "dma100" : null,
    "dma200" : 205.59,
    "volume" : 158362.00
  }, {
    "date" : "2025-02-19",
    "price" : 136.68,
    "dma50" : 169.91,
    "dma100" : null,
    "dma200" : 204.90,
    "volume" : 415072.00
  }, {
    "date" : "2025-02-20",
    "price" : 137.20,
    "dma50" : 168.63,
    "dma100" : null,
    "dma200" : 204.23,
    "volume" : 277389.00
  }, {
    "date" : "2025-02-21",
    "price" : 135.54,
    "dma50" : 167.33,
    "dma100" : null,
    "dma200" : 203.54,
    "volume" : 176116.00
  }, {
    "date" : "2025-02-24",
    "price" : 133.09,
    "dma50" : 165.99,
    "dma100" : null,
    "dma200" : 202.84,
    "volume" : 206246.00
  }, {
    "date" : "2025-02-25",
    "price" : 132.46,
    "dma50" : 164.67,
    "dma100" : null,
    "dma200" : 202.14,
    "volume" : 138586.00
  }, {
    "date" : "2025-02-27",
    "price" : 127.70,
    "dma50" : 163.22,
    "dma100" : null,
    "dma200" : 201.40,
    "volume" : 226457.00
  }, {
    "date" : "2025-02-28",
    "price" : 126.84,
    "dma50" : 161.80,
    "dma100" : null,
    "dma200" : 200.66,
    "volume" : 334101.00
  }, {
    "date" : "2025-03-03",
    "price" : 130.01,
    "dma50" : 160.55,
    "dma100" : null,
    "dma200" : 199.96,
    "volume" : 473878.00
  }, {
    "date" : "2025-03-04",
    "price" : 128.26,
    "dma50" : 159.28,
    "dma100" : null,
    "dma200" : 199.24,
    "volume" : 273433.00
  }, {
    "date" : "2025-03-05",
    "price" : 130.90,
    "dma50" : 158.17,
    "dma100" : null,
    "dma200" : 198.56,
    "volume" : 307279.00
  }, {
    "date" : "2025-03-06",
    "price" : 138.31,
    "dma50" : 157.39,
    "dma100" : null,
    "dma200" : 197.96,
    "volume" : 606006.00
  }, {
    "date" : "2025-03-07",
    "price" : 135.03,
    "dma50" : 156.51,
    "dma100" : null,
    "dma200" : 197.34,
    "volume" : 265888.00
  }, {
    "date" : "2025-03-10",
    "price" : 134.35,
    "dma50" : 155.65,
    "dma100" : null,
    "dma200" : 196.71,
    "volume" : 234272.00
  }, {
    "date" : "2025-03-11",
    "price" : 131.81,
    "dma50" : 154.71,
    "dma100" : null,
    "dma200" : 196.07,
    "volume" : 179412.00
  }, {
    "date" : "2025-03-12",
    "price" : 126.57,
    "dma50" : 153.61,
    "dma100" : null,
    "dma200" : 195.37,
    "volume" : 384365.00
  }, {
    "date" : "2025-03-13",
    "price" : 125.75,
    "dma50" : 152.51,
    "dma100" : null,
    "dma200" : 194.68,
    "volume" : 261859.00
  }, {
    "date" : "2025-03-17",
    "price" : 123.27,
    "dma50" : 151.37,
    "dma100" : null,
    "dma200" : 193.97,
    "volume" : 292390.00
  }, {
    "date" : "2025-03-18",
    "price" : 123.67,
    "dma50" : 150.28,
    "dma100" : null,
    "dma200" : 193.27,
    "volume" : 238709.00
  }, {
    "date" : "2025-03-19",
    "price" : 128.33,
    "dma50" : 149.42,
    "dma100" : null,
    "dma200" : 192.63,
    "volume" : 354282.00
  }, {
    "date" : "2025-03-20",
    "price" : 129.49,
    "dma50" : 148.64,
    "dma100" : null,
    "dma200" : 192.00,
    "volume" : 291647.00
  }, {
    "date" : "2025-03-21",
    "price" : 129.60,
    "dma50" : 147.89,
    "dma100" : null,
    "dma200" : 191.38,
    "volume" : 367576.00
  }, {
    "date" : "2025-03-24",
    "price" : 130.03,
    "dma50" : 147.19,
    "dma100" : null,
    "dma200" : 190.77,
    "volume" : 427742.00
  }, {
    "date" : "2025-03-25",
    "price" : 128.43,
    "dma50" : 146.46,
    "dma100" : null,
    "dma200" : 190.15,
    "volume" : 232949.00
  }, {
    "date" : "2025-03-26",
    "price" : 126.33,
    "dma50" : 145.67,
    "dma100" : null,
    "dma200" : 189.51,
    "volume" : 347896.00
  }, {
    "date" : "2025-03-27",
    "price" : 127.21,
    "dma50" : 144.94,
    "dma100" : null,
    "dma200" : 188.89,
    "volume" : 918197.00
  }, {
    "date" : "2025-03-28",
    "price" : 126.29,
    "dma50" : 144.21,
    "dma100" : null,
    "dma200" : 188.27,
    "volume" : 1255900.00
  }, {
    "date" : "2025-04-01",
    "price" : 131.40,
    "dma50" : 143.71,
    "dma100" : null,
    "dma200" : 187.70,
    "volume" : 324319.00
  }, {
    "date" : "2025-04-02",
    "price" : 128.10,
    "dma50" : 143.10,
    "dma100" : null,
    "dma200" : 187.11,
    "volume" : 439889.00
  }, {
    "date" : "2025-04-03",
    "price" : 130.32,
    "dma50" : 142.60,
    "dma100" : null,
    "dma200" : 186.54,
    "volume" : 377272.00
  }, {
    "date" : "2025-04-04",
    "price" : 123.92,
    "dma50" : 141.86,
    "dma100" : null,
    "dma200" : 185.92,
    "volume" : 357599.00
  }, {
    "date" : "2025-04-07",
    "price" : 120.69,
    "dma50" : 141.03,
    "dma100" : null,
    "dma200" : 185.27,
    "volume" : 358144.00
  }, {
    "date" : "2025-04-08",
    "price" : 124.36,
    "dma50" : 140.38,
    "dma100" : null,
    "dma200" : 184.67,
    "volume" : 207516.00
  }, {
    "date" : "2025-04-09",
    "price" : 121.91,
    "dma50" : 139.66,
    "dma100" : null,
    "dma200" : 184.04,
    "volume" : 59921.00
  }, {
    "date" : "2025-04-11",
    "price" : 126.84,
    "dma50" : 139.15,
    "dma100" : null,
    "dma200" : 183.47,
    "volume" : 154275.00
  }, {
    "date" : "2025-04-15",
    "price" : 128.92,
    "dma50" : 138.75,
    "dma100" : null,
    "dma200" : 182.93,
    "volume" : 152471.00
  }, {
    "date" : "2025-04-16",
    "price" : 130.67,
    "dma50" : 138.43,
    "dma100" : null,
    "dma200" : 182.41,
    "volume" : 142766.00
  }, {
    "date" : "2025-04-17",
    "price" : 130.64,
    "dma50" : 138.13,
    "dma100" : null,
    "dma200" : 181.89,
    "volume" : 99893.00
  }, {
    "date" : "2025-04-21",
    "price" : 134.18,
    "dma50" : 137.97,
    "dma100" : null,
    "dma200" : 181.42,
    "volume" : 192261.00
  }, {
    "date" : "2025-04-22",
    "price" : 135.73,
    "dma50" : 137.89,
    "dma100" : 158.56,
    "dma200" : 180.96,
    "volume" : 178542.00
  }, {
    "date" : "2025-04-23",
    "price" : 136.02,
    "dma50" : 137.81,
    "dma100" : 158.25,
    "dma200" : 180.52,
    "volume" : 126985.00
  }, {
    "date" : "2025-04-24",
    "price" : 136.53,
    "dma50" : 137.76,
    "dma100" : 157.94,
    "dma200" : 180.08,
    "volume" : 88128.00
  }, {
    "date" : "2025-04-25",
    "price" : 133.63,
    "dma50" : 137.60,
    "dma100" : 157.58,
    "dma200" : 179.62,
    "volume" : 126239.00
  }, {
    "date" : "2025-04-28",
    "price" : 133.74,
    "dma50" : 137.45,
    "dma100" : 157.21,
    "dma200" : 179.16,
    "volume" : 92807.00
  }, {
    "date" : "2025-04-29",
    "price" : 134.24,
    "dma50" : 137.32,
    "dma100" : 156.72,
    "dma200" : 178.71,
    "volume" : 103950.00
  }, {
    "date" : "2025-04-30",
    "price" : 131.64,
    "dma50" : 137.10,
    "dma100" : 156.26,
    "dma200" : 178.25,
    "volume" : 83093.00
  }, {
    "date" : "2025-05-02",
    "price" : 131.52,
    "dma50" : 136.88,
    "dma100" : 155.83,
    "dma200" : 177.78,
    "volume" : 64892.00
  }, {
    "date" : "2025-05-05",
    "price" : 132.96,
    "dma50" : 136.73,
    "dma100" : 155.32,
    "dma200" : 177.33,
    "volume" : 59301.00
  }, {
    "date" : "2025-05-06",
    "price" : 130.31,
    "dma50" : 136.48,
    "dma100" : 154.74,
    "dma200" : 176.87,
    "volume" : 49928.00
  }, {
    "date" : "2025-05-07",
    "price" : 132.55,
    "dma50" : 136.32,
    "dma100" : 154.15,
    "dma200" : 176.43,
    "volume" : 91208.00
  }, {
    "date" : "2025-05-08",
    "price" : 129.25,
    "dma50" : 136.04,
    "dma100" : 153.64,
    "dma200" : 175.96,
    "volume" : 71489.00
  }, {
    "date" : "2025-05-09",
    "price" : 126.74,
    "dma50" : 135.68,
    "dma100" : 153.08,
    "dma200" : 175.47,
    "volume" : 82114.00
  }, {
    "date" : "2025-05-12",
    "price" : 132.50,
    "dma50" : 135.56,
    "dma100" : 152.63,
    "dma200" : 175.04,
    "volume" : 107193.00
  }, {
    "date" : "2025-05-13",
    "price" : 138.87,
    "dma50" : 135.69,
    "dma100" : 152.24,
    "dma200" : 174.68,
    "volume" : 307712.00
  }, {
    "date" : "2025-05-14",
    "price" : 145.36,
    "dma50" : 136.06,
    "dma100" : 151.70,
    "dma200" : 174.39,
    "volume" : 447072.00
  }, {
    "date" : "2025-05-15",
    "price" : 150.12,
    "dma50" : 136.62,
    "dma100" : 151.27,
    "dma200" : 174.15,
    "volume" : 377817.00
  }, {
    "date" : "2025-05-16",
    "price" : 161.19,
    "dma50" : 137.58,
    "dma100" : 151.01,
    "dma200" : 174.02,
    "volume" : 580778.00
  }, {
    "date" : "2025-05-19",
    "price" : 168.94,
    "dma50" : 138.81,
    "dma100" : 150.68,
    "dma200" : 173.97,
    "volume" : 493172.00
  }, {
    "date" : "2025-05-20",
    "price" : 160.13,
    "dma50" : 139.65,
    "dma100" : 150.21,
    "dma200" : 173.83,
    "volume" : 219911.00
  }, {
    "date" : "2025-05-21",
    "price" : 165.44,
    "dma50" : 140.66,
    "dma100" : 149.83,
    "dma200" : 173.75,
    "volume" : 238009.00
  }, {
    "date" : "2025-05-22",
    "price" : 166.42,
    "dma50" : 141.67,
    "dma100" : 149.51,
    "dma200" : 173.67,
    "volume" : 220477.00
  }, {
    "date" : "2025-05-23",
    "price" : 166.56,
    "dma50" : 142.64,
    "dma100" : 149.24,
    "dma200" : 173.60,
    "volume" : 85046.00
  }, {
    "date" : "2025-05-26",
    "price" : 169.42,
    "dma50" : 143.69,
    "dma100" : 149.01,
    "dma200" : 173.56,
    "volume" : 201381.00
  }, {
    "date" : "2025-05-27",
    "price" : 169.19,
    "dma50" : 144.69,
    "dma100" : 148.81,
    "dma200" : 173.52,
    "volume" : 106258.00
  }, {
    "date" : "2025-05-28",
    "price" : 167.81,
    "dma50" : 145.60,
    "dma100" : 148.61,
    "dma200" : 173.46,
    "volume" : 57005.00
  }, {
    "date" : "2025-05-29",
    "price" : 165.43,
    "dma50" : 146.38,
    "dma100" : 148.29,
    "dma200" : 173.38,
    "volume" : 67200.00
  }, {
    "date" : "2025-05-30",
    "price" : 162.98,
    "dma50" : 147.03,
    "dma100" : 147.91,
    "dma200" : 173.28,
    "volume" : 52159.00
  }, {
    "date" : "2025-06-02",
    "price" : 167.20,
    "dma50" : 147.82,
    "dma100" : 147.58,
    "dma200" : 173.22,
    "volume" : 112570.00
  }, {
    "date" : "2025-06-03",
    "price" : 168.87,
    "dma50" : 148.65,
    "dma100" : 147.38,
    "dma200" : 173.17,
    "volume" : 126430.00
  }, {
    "date" : "2025-06-04",
    "price" : 164.83,
    "dma50" : 149.28,
    "dma100" : 147.09,
    "dma200" : 173.09,
    "volume" : 132908.00
  }, {
    "date" : "2025-06-05",
    "price" : 161.69,
    "dma50" : 149.77,
    "dma100" : 146.80,
    "dma200" : 172.98,
    "volume" : 74101.00
  }, {
    "date" : "2025-06-06",
    "price" : 163.26,
    "dma50" : 150.30,
    "dma100" : 146.56,
    "dma200" : 172.88,
    "volume" : 93676.00
  }, {
    "date" : "2025-06-09",
    "price" : 170.36,
    "dma50" : 151.08,
    "dma100" : 146.47,
    "dma200" : 172.85,
    "volume" : 387310.00
  }, {
    "date" : "2025-06-10",
    "price" : 169.35,
    "dma50" : 151.80,
    "dma100" : 146.47,
    "dma200" : 172.82,
    "volume" : 86716.00
  }, {
    "date" : "2025-06-11",
    "price" : 169.66,
    "dma50" : 152.50,
    "dma100" : 146.43,
    "dma200" : 172.79,
    "volume" : 211172.00
  }, {
    "date" : "2025-06-12",
    "price" : 167.99,
    "dma50" : 153.11,
    "dma100" : 146.38,
    "dma200" : 172.74,
    "volume" : 96656.00
  }, {
    "date" : "2025-06-13",
    "price" : 161.05,
    "dma50" : 153.42,
    "dma100" : 146.21,
    "dma200" : 172.62,
    "volume" : 265794.00
  }, {
    "date" : "2025-06-16",
    "price" : 160.60,
    "dma50" : 153.70,
    "dma100" : 146.02,
    "dma200" : 172.50,
    "volume" : 82505.00
  }, {
    "date" : "2025-06-17",
    "price" : 157.35,
    "dma50" : 153.84,
    "dma100" : 145.82,
    "dma200" : 172.35,
    "volume" : 73806.00
  }, {
    "date" : "2025-06-18",
    "price" : 157.60,
    "dma50" : 153.99,
    "dma100" : 145.67,
    "dma200" : 172.21,
    "volume" : 116448.00
  }, {
    "date" : "2025-06-19",
    "price" : 152.72,
    "dma50" : 153.94,
    "dma100" : 145.51,
    "dma200" : 172.01,
    "volume" : 88566.00
  }, {
    "date" : "2025-06-20",
    "price" : 155.45,
    "dma50" : 154.00,
    "dma100" : 145.36,
    "dma200" : 171.85,
    "volume" : 60609.00
  }, {
    "date" : "2025-06-23",
    "price" : 153.08,
    "dma50" : 153.96,
    "dma100" : 145.24,
    "dma200" : 171.66,
    "volume" : 144690.00
  }, {
    "date" : "2025-06-24",
    "price" : 162.65,
    "dma50" : 154.30,
    "dma100" : 145.24,
    "dma200" : 171.57,
    "volume" : 425083.00
  }, {
    "date" : "2025-06-25",
    "price" : 164.58,
    "dma50" : 154.71,
    "dma100" : 145.22,
    "dma200" : 171.50,
    "volume" : 138315.00
  }, {
    "date" : "2025-06-26",
    "price" : 164.75,
    "dma50" : 155.10,
    "dma100" : 145.19,
    "dma200" : 171.44,
    "volume" : 83761.00
  }, {
    "date" : "2025-06-27",
    "price" : 166.09,
    "dma50" : 155.53,
    "dma100" : 145.17,
    "dma200" : 171.38,
    "volume" : 76256.00
  }, {
    "date" : "2025-06-30",
    "price" : 167.68,
    "dma50" : 156.01,
    "dma100" : 145.17,
    "dma200" : 171.35,
    "volume" : 88743.00
  }, {
    "date" : "2025-07-01",
    "price" : 169.08,
    "dma50" : 156.52,
    "dma100" : 145.16,
    "dma200" : 171.32,
    "volume" : 138715.00
  }, {
    "date" : "2025-07-02",
    "price" : 169.87,
    "dma50" : 157.04,
    "dma100" : 145.20,
    "dma200" : 171.31,
    "volume" : 120508.00
  }, {
    "date" : "2025-07-03",
    "price" : 169.39,
    "dma50" : 157.53,
    "dma100" : 145.23,
    "dma200" : 171.29,
    "volume" : 121698.00
  }, {
    "date" : "2025-07-04",
    "price" : 183.52,
    "dma50" : 158.55,
    "dma100" : 145.39,
    "dma200" : 171.41,
    "volume" : 1235734.00
  }, {
    "date" : "2025-07-07",
    "price" : 185.79,
    "dma50" : 159.62,
    "dma100" : 145.59,
    "dma200" : 171.55,
    "volume" : 880086.00
  }, {
    "date" : "2025-07-08",
    "price" : 178.13,
    "dma50" : 160.34,
    "dma100" : 145.75,
    "dma200" : 171.62,
    "volume" : 434929.00
  }, {
    "date" : "2025-07-09",
    "price" : 176.94,
    "dma50" : 160.99,
    "dma100" : 145.90,
    "dma200" : 171.67,
    "volume" : 241295.00
  }, {
    "date" : "2025-07-10",
    "price" : 173.80,
    "dma50" : 161.50,
    "dma100" : 146.04,
    "dma200" : 171.69,
    "volume" : 137564.00
  }, {
    "date" : "2025-07-11",
    "price" : 169.47,
    "dma50" : 161.81,
    "dma100" : 146.16,
    "dma200" : 171.67,
    "volume" : 177300.00
  }, {
    "date" : "2025-07-14",
    "price" : 167.80,
    "dma50" : 162.04,
    "dma100" : 146.29,
    "dma200" : 171.63,
    "volume" : 143665.00
  }, {
    "date" : "2025-07-15",
    "price" : 170.42,
    "dma50" : 162.37,
    "dma100" : 146.54,
    "dma200" : 171.62,
    "volume" : 172151.00
  }, {
    "date" : "2025-07-16",
    "price" : 170.98,
    "dma50" : 162.71,
    "dma100" : 146.82,
    "dma200" : 171.61,
    "volume" : 69137.00
  }, {
    "date" : "2025-07-17",
    "price" : 170.55,
    "dma50" : 163.02,
    "dma100" : 147.13,
    "dma200" : 171.60,
    "volume" : 67887.00
  }, {
    "date" : "2025-07-18",
    "price" : 169.68,
    "dma50" : 163.28,
    "dma100" : 147.46,
    "dma200" : 171.58,
    "volume" : 101870.00
  }, {
    "date" : "2025-07-21",
    "price" : 172.96,
    "dma50" : 163.66,
    "dma100" : 147.82,
    "dma200" : 171.60,
    "volume" : 123964.00
  }, {
    "date" : "2025-07-22",
    "price" : 169.02,
    "dma50" : 163.87,
    "dma100" : 148.15,
    "dma200" : 171.57,
    "volume" : 49780.00
  }, {
    "date" : "2025-07-23",
    "price" : 168.53,
    "dma50" : 164.05,
    "dma100" : 148.51,
    "dma200" : 171.54,
    "volume" : 50573.00
  }, {
    "date" : "2025-07-24",
    "price" : 167.82,
    "dma50" : 164.20,
    "dma100" : 148.86,
    "dma200" : 171.51,
    "volume" : 68675.00
  }, {
    "date" : "2025-07-25",
    "price" : 164.92,
    "dma50" : 164.23,
    "dma100" : 149.23,
    "dma200" : 171.44,
    "volume" : 102792.00
  }, {
    "date" : "2025-07-28",
    "price" : 157.26,
    "dma50" : 163.95,
    "dma100" : 149.54,
    "dma200" : 171.30,
    "volume" : 234261.00
  }, {
    "date" : "2025-07-29",
    "price" : 158.59,
    "dma50" : 163.74,
    "dma100" : 149.82,
    "dma200" : 171.17,
    "volume" : 122526.00
  }, {
    "date" : "2025-07-30",
    "price" : 159.92,
    "dma50" : 163.59,
    "dma100" : 150.14,
    "dma200" : 171.06,
    "volume" : 78293.00
  }, {
    "date" : "2025-07-31",
    "price" : 160.53,
    "dma50" : 163.47,
    "dma100" : 150.43,
    "dma200" : 170.96,
    "volume" : 82221.00
  }, {
    "date" : "2025-08-01",
    "price" : 156.05,
    "dma50" : 163.18,
    "dma100" : 150.61,
    "dma200" : 170.81,
    "volume" : 82520.00
  }, {
    "date" : "2025-08-04",
    "price" : 156.77,
    "dma50" : 162.93,
    "dma100" : 150.83,
    "dma200" : 170.67,
    "volume" : 40629.00
  }, {
    "date" : "2025-08-05",
    "price" : 154.27,
    "dma50" : 162.59,
    "dma100" : 151.03,
    "dma200" : 170.50,
    "volume" : 54459.00
  }, {
    "date" : "2025-08-06",
    "price" : 159.72,
    "dma50" : 162.48,
    "dma100" : 151.31,
    "dma200" : 170.40,
    "volume" : 201287.00
  }, {
    "date" : "2025-08-07",
    "price" : 159.21,
    "dma50" : 162.35,
    "dma100" : 151.63,
    "dma200" : 170.29,
    "volume" : 76088.00
  }, {
    "date" : "2025-08-08",
    "price" : 154.88,
    "dma50" : 162.06,
    "dma100" : 151.93,
    "dma200" : 170.13,
    "volume" : 37487.00
  }, {
    "date" : "2025-08-11",
    "price" : 155.05,
    "dma50" : 161.78,
    "dma100" : 152.24,
    "dma200" : 169.98,
    "volume" : 48625.00
  }, {
    "date" : "2025-08-12",
    "price" : 152.13,
    "dma50" : 161.40,
    "dma100" : 152.53,
    "dma200" : 169.80,
    "volume" : 52685.00
  }, {
    "date" : "2025-08-13",
    "price" : 155.82,
    "dma50" : 161.19,
    "dma100" : 152.80,
    "dma200" : 169.67,
    "volume" : 125466.00
  }, {
    "date" : "2025-08-14",
    "price" : 155.66,
    "dma50" : 160.97,
    "dma100" : 153.06,
    "dma200" : 169.53,
    "volume" : 87208.00
  }, {
    "date" : "2025-08-18",
    "price" : 157.00,
    "dma50" : 160.81,
    "dma100" : 153.34,
    "dma200" : 169.40,
    "volume" : 36267.00
  }, {
    "date" : "2025-08-19",
    "price" : 156.62,
    "dma50" : 160.65,
    "dma100" : 153.60,
    "dma200" : 169.27,
    "volume" : 34166.00
  }, {
    "date" : "2025-08-20",
    "price" : 157.02,
    "dma50" : 160.51,
    "dma100" : 153.89,
    "dma200" : 169.15,
    "volume" : 28617.00
  }, {
    "date" : "2025-08-21",
    "price" : 154.92,
    "dma50" : 160.29,
    "dma100" : 154.18,
    "dma200" : 169.01,
    "volume" : 59681.00
  }, {
    "date" : "2025-08-22",
    "price" : 153.54,
    "dma50" : 160.02,
    "dma100" : 154.44,
    "dma200" : 168.86,
    "volume" : 36058.00
  }, {
    "date" : "2025-08-25",
    "price" : 169.77,
    "dma50" : 160.40,
    "dma100" : 154.87,
    "dma200" : 168.87,
    "volume" : 9527517.00
  }, {
    "date" : "2025-08-26",
    "price" : 161.67,
    "dma50" : 160.45,
    "dma100" : 155.18,
    "dma200" : 168.79,
    "volume" : 1059172.00
  }, {
    "date" : "2025-08-28",
    "price" : 161.03,
    "dma50" : 160.48,
    "dma100" : 155.51,
    "dma200" : 168.72,
    "volume" : 320051.00
  }, {
    "date" : "2025-08-29",
    "price" : 162.42,
    "dma50" : 160.55,
    "dma100" : 155.83,
    "dma200" : 168.65,
    "volume" : 220722.00
  }, {
    "date" : "2025-09-01",
    "price" : 163.01,
    "dma50" : 160.65,
    "dma100" : 156.22,
    "dma200" : 168.60,
    "volume" : 218496.00
  }, {
    "date" : "2025-09-02",
    "price" : 162.50,
    "dma50" : 160.72,
    "dma100" : 156.64,
    "dma200" : 168.54,
    "volume" : 195282.00
  }, {
    "date" : "2025-09-03",
    "price" : 163.16,
    "dma50" : 160.82,
    "dma100" : 157.02,
    "dma200" : 168.48,
    "volume" : 285425.00
  }, {
    "date" : "2025-09-04",
    "price" : 164.42,
    "dma50" : 160.96,
    "dma100" : 157.45,
    "dma200" : 168.44,
    "volume" : 272043.00
  }, {
    "date" : "2025-09-05",
    "price" : 163.94,
    "dma50" : 161.08,
    "dma100" : 157.82,
    "dma200" : 168.40,
    "volume" : 90207.00
  }, {
    "date" : "2025-09-08",
    "price" : 163.17,
    "dma50" : 161.16,
    "dma100" : 158.16,
    "dma200" : 168.35,
    "volume" : 154462.00
  }, {
    "date" : "2025-09-09",
    "price" : 164.10,
    "dma50" : 161.27,
    "dma100" : 158.50,
    "dma200" : 168.30,
    "volume" : 69138.00
  }, {
    "date" : "2025-09-10",
    "price" : 165.19,
    "dma50" : 161.43,
    "dma100" : 158.84,
    "dma200" : 168.27,
    "volume" : 127108.00
  }, {
    "date" : "2025-09-11",
    "price" : 161.45,
    "dma50" : 161.43,
    "dma100" : 159.11,
    "dma200" : 168.21,
    "volume" : 122535.00
  }, {
    "date" : "2025-09-12",
    "price" : 160.92,
    "dma50" : 161.41,
    "dma100" : 159.37,
    "dma200" : 168.13,
    "volume" : 83978.00
  }, {
    "date" : "2025-09-15",
    "price" : 160.01,
    "dma50" : 161.35,
    "dma100" : 159.61,
    "dma200" : 168.05,
    "volume" : 148949.00
  }, {
    "date" : "2025-09-16",
    "price" : 160.32,
    "dma50" : 161.31,
    "dma100" : 159.84,
    "dma200" : 167.98,
    "volume" : 77181.00
  }, {
    "date" : "2025-09-17",
    "price" : 159.60,
    "dma50" : 161.25,
    "dma100" : 160.10,
    "dma200" : 167.89,
    "volume" : 110945.00
  }, {
    "date" : "2025-09-18",
    "price" : 158.19,
    "dma50" : 161.13,
    "dma100" : 160.35,
    "dma200" : 167.80,
    "volume" : 119481.00
  }, {
    "date" : "2025-09-19",
    "price" : 157.10,
    "dma50" : 160.97,
    "dma100" : 160.58,
    "dma200" : 167.69,
    "volume" : 60020.00
  }, {
    "date" : "2025-09-22",
    "price" : 156.20,
    "dma50" : 160.78,
    "dma100" : 160.82,
    "dma200" : 167.57,
    "volume" : 100239.00
  }, {
    "date" : "2025-09-23",
    "price" : 154.62,
    "dma50" : 160.54,
    "dma100" : 161.05,
    "dma200" : 167.45,
    "volume" : 122737.00
  }, {
    "date" : "2025-09-24",
    "price" : 154.75,
    "dma50" : 160.31,
    "dma100" : 161.27,
    "dma200" : 167.32,
    "volume" : 47211.00
  }, {
    "date" : "2025-09-25",
    "price" : 152.04,
    "dma50" : 159.99,
    "dma100" : 161.49,
    "dma200" : 167.17,
    "volume" : 102477.00
  }, {
    "date" : "2025-09-26",
    "price" : 149.51,
    "dma50" : 159.58,
    "dma100" : 161.66,
    "dma200" : 166.99,
    "volume" : 132724.00
  }, {
    "date" : "2025-09-29",
    "price" : 148.06,
    "dma50" : 159.13,
    "dma100" : 161.85,
    "dma200" : 166.80,
    "volume" : 62049.00
  }, {
    "date" : "2025-09-30",
    "price" : 158.27,
    "dma50" : 159.09,
    "dma100" : 162.16,
    "dma200" : 166.72,
    "volume" : 10725526.00
  }, {
    "date" : "2025-10-01",
    "price" : 158.84,
    "dma50" : 159.08,
    "dma100" : 162.43,
    "dma200" : 166.64,
    "volume" : 1154029.00
  }, {
    "date" : "2025-10-03",
    "price" : 161.78,
    "dma50" : 159.19,
    "dma100" : 162.65,
    "dma200" : 166.59,
    "volume" : 684716.00
  }, {
    "date" : "2025-10-06",
    "price" : 159.56,
    "dma50" : 159.20,
    "dma100" : 162.80,
    "dma200" : 166.52,
    "volume" : 169402.00
  }, {
    "date" : "2025-10-07",
    "price" : 157.03,
    "dma50" : 159.12,
    "dma100" : 162.87,
    "dma200" : 166.43,
    "volume" : 169756.00
  }, {
    "date" : "2025-10-08",
    "price" : 159.03,
    "dma50" : 159.11,
    "dma100" : 162.84,
    "dma200" : 166.35,
    "volume" : 137476.00
  }, {
    "date" : "2025-10-09",
    "price" : 157.24,
    "dma50" : 159.04,
    "dma100" : 162.73,
    "dma200" : 166.26,
    "volume" : 115961.00
  }, {
    "date" : "2025-10-10",
    "price" : 158.13,
    "dma50" : 159.00,
    "dma100" : 162.71,
    "dma200" : 166.18,
    "volume" : 65089.00
  }, {
    "date" : "2025-10-13",
    "price" : 156.18,
    "dma50" : 158.89,
    "dma100" : 162.61,
    "dma200" : 166.08,
    "volume" : 55778.00
  }, {
    "date" : "2025-10-14",
    "price" : 152.83,
    "dma50" : 158.66,
    "dma100" : 162.48,
    "dma200" : 165.95,
    "volume" : 79615.00
  }, {
    "date" : "2025-10-15",
    "price" : 154.61,
    "dma50" : 158.50,
    "dma100" : 162.36,
    "dma200" : 165.84,
    "volume" : 52692.00
  }, {
    "date" : "2025-10-16",
    "price" : 154.14,
    "dma50" : 158.33,
    "dma100" : 162.21,
    "dma200" : 165.72,
    "volume" : 42991.00
  }, {
    "date" : "2025-10-17",
    "price" : 152.84,
    "dma50" : 158.11,
    "dma100" : 162.04,
    "dma200" : 165.59,
    "volume" : 55341.00
  }, {
    "date" : "2025-10-20",
    "price" : 152.99,
    "dma50" : 157.91,
    "dma100" : 161.89,
    "dma200" : 165.47,
    "volume" : 49776.00
  }, {
    "date" : "2025-10-21",
    "price" : 155.42,
    "dma50" : 157.81,
    "dma100" : 161.79,
    "dma200" : 165.37,
    "volume" : 94941.00
  }, {
    "date" : "2025-10-23",
    "price" : 154.66,
    "dma50" : 157.69,
    "dma100" : 161.71,
    "dma200" : 165.26,
    "volume" : 130506.00
  }, {
    "date" : "2025-10-24",
    "price" : 153.14,
    "dma50" : 157.51,
    "dma100" : 161.57,
    "dma200" : 165.14,
    "volume" : 78033.00
  }, {
    "date" : "2025-10-27",
    "price" : 154.24,
    "dma50" : 157.38,
    "dma100" : 161.42,
    "dma200" : 165.03,
    "volume" : 78030.00
  }, {
    "date" : "2025-10-28",
    "price" : 158.70,
    "dma50" : 157.43,
    "dma100" : 161.36,
    "dma200" : 164.97,
    "volume" : 1629893.00
  }, {
    "date" : "2025-10-29",
    "price" : 159.00,
    "dma50" : 157.50,
    "dma100" : 161.34,
    "dma200" : 164.91,
    "volume" : 170842.00
  }, {
    "date" : "2025-10-30",
    "price" : 155.44,
    "dma50" : 157.41,
    "dma100" : 161.26,
    "dma200" : 164.82,
    "volume" : 123781.00
  }, {
    "date" : "2025-10-31",
    "price" : 155.80,
    "dma50" : 157.35,
    "dma100" : 161.11,
    "dma200" : 164.73,
    "volume" : 115103.00
  }, {
    "date" : "2025-11-03",
    "price" : 154.46,
    "dma50" : 157.24,
    "dma100" : 160.96,
    "dma200" : 164.62,
    "volume" : 41834.00
  }, {
    "date" : "2025-11-04",
    "price" : 152.95,
    "dma50" : 157.07,
    "dma100" : 160.80,
    "dma200" : 164.51,
    "volume" : 48961.00
  }, {
    "date" : "2025-11-06",
    "price" : 151.32,
    "dma50" : 156.84,
    "dma100" : 160.63,
    "dma200" : 164.38,
    "volume" : 45949.00
  }, {
    "date" : "2025-11-07",
    "price" : 149.44,
    "dma50" : 156.55,
    "dma100" : 160.51,
    "dma200" : 164.23,
    "volume" : 72830.00
  }, {
    "date" : "2025-11-10",
    "price" : 148.39,
    "dma50" : 156.23,
    "dma100" : 160.39,
    "dma200" : 164.07,
    "volume" : 81335.00
  }, {
    "date" : "2025-11-11",
    "price" : 147.26,
    "dma50" : 155.88,
    "dma100" : 160.29,
    "dma200" : 163.90,
    "volume" : 57432.00
  }, {
    "date" : "2025-11-12",
    "price" : 147.38,
    "dma50" : 155.55,
    "dma100" : 160.19,
    "dma200" : 163.74,
    "volume" : 69260.00
  }, {
    "date" : "2025-11-13",
    "price" : 147.04,
    "dma50" : 155.21,
    "dma100" : 160.13,
    "dma200" : 163.57,
    "volume" : 42843.00
  }, {
    "date" : "2025-11-14",
    "price" : 147.38,
    "dma50" : 154.91,
    "dma100" : 160.05,
    "dma200" : 163.41,
    "volume" : 55216.00
  }, {
    "date" : "2025-11-17",
    "price" : 149.40,
    "dma50" : 154.69,
    "dma100" : 160.01,
    "dma200" : 163.27,
    "volume" : 53822.00
  }, {
    "date" : "2025-11-18",
    "price" : 147.75,
    "dma50" : 154.42,
    "dma100" : 159.87,
    "dma200" : 163.12,
    "volume" : 40769.00
  }, {
    "date" : "2025-11-19",
    "price" : 146.30,
    "dma50" : 154.10,
    "dma100" : 159.68,
    "dma200" : 162.95,
    "volume" : 89942.00
  }, {
    "date" : "2025-11-20",
    "price" : 146.51,
    "dma50" : 153.80,
    "dma100" : 159.50,
    "dma200" : 162.79,
    "volume" : 32709.00
  }, {
    "date" : "2025-11-21",
    "price" : 146.10,
    "dma50" : 153.50,
    "dma100" : 159.30,
    "dma200" : 162.62,
    "volume" : 31849.00
  }, {
    "date" : "2025-11-24",
    "price" : 143.68,
    "dma50" : 153.12,
    "dma100" : 159.06,
    "dma200" : 162.43,
    "volume" : 32415.00
  } ],
  "latestTechnicalAttributes" : {
    "date" : "2025-11-24",
    "price" : 143.68,
    "dma50" : 153.12,
    "dma100" : 159.06,
    "dma200" : 162.43,
    "volume" : 32415.00
  },
  "quarterlyResults" : [ {
    "date" : "2005-03-31",
    "sales" : 172.81,
    "salesGrowthYoY" : null,
    "grossProfitMargin" : 48.58,
    "grossProfit" : 83.95,
    "operatingProfitMargin" : 13.58,
    "operatingProfit" : 23.47,
    "netProfitMargin" : 13.79,
    "netProfit" : 23.83
  }, {
    "date" : "2005-06-30",
    "sales" : 172.79,
    "salesGrowthYoY" : null,
    "grossProfitMargin" : 48.62,
    "grossProfit" : 84.01,
    "operatingProfitMargin" : 20.11,
    "operatingProfit" : 34.75,
    "netProfitMargin" : 7.60,
    "netProfit" : 13.13
  }, {
    "date" : "2005-09-30",
    "sales" : 196.86,
    "salesGrowthYoY" : null,
    "grossProfitMargin" : 45.45,
    "grossProfit" : 89.47,
    "operatingProfitMargin" : 20.86,
    "operatingProfit" : 41.06,
    "netProfitMargin" : 9.22,
    "netProfit" : 18.15
  }, {
    "date" : "2005-12-31",
    "sales" : 198.74,
    "salesGrowthYoY" : null,
    "grossProfitMargin" : 44.29,
    "grossProfit" : 88.02,
    "operatingProfitMargin" : 18.58,
    "operatingProfit" : 36.93,
    "netProfitMargin" : 7.37,
    "netProfit" : 14.65
  }, {
    "date" : "2006-03-31",
    "sales" : 209.16,
    "salesGrowthYoY" : 21.03,
    "grossProfitMargin" : 53.32,
    "grossProfit" : 111.52,
    "operatingProfitMargin" : 24.31,
    "operatingProfit" : 50.85,
    "netProfitMargin" : 18.27,
    "netProfit" : 38.21
  }, {
    "date" : "2006-06-30",
    "sales" : 179.32,
    "salesGrowthYoY" : 3.78,
    "grossProfitMargin" : 56.11,
    "grossProfit" : 100.62,
    "operatingProfitMargin" : 24.32,
    "operatingProfit" : 43.61,
    "netProfitMargin" : 10.49,
    "netProfit" : 18.81
  }, {
    "date" : "2006-09-30",
    "sales" : 235.45,
    "salesGrowthYoY" : 19.60,
    "grossProfitMargin" : 46.25,
    "grossProfit" : 108.90,
    "operatingProfitMargin" : 20.96,
    "operatingProfit" : 49.35,
    "netProfitMargin" : 9.87,
    "netProfit" : 23.24
  }, {
    "date" : "2006-12-31",
    "sales" : 214.45,
    "salesGrowthYoY" : 7.90,
    "grossProfitMargin" : 46.71,
    "grossProfit" : 100.17,
    "operatingProfitMargin" : 20.42,
    "operatingProfit" : 43.79,
    "netProfitMargin" : 10.40,
    "netProfit" : 22.30
  }, {
    "date" : "2007-03-31",
    "sales" : 225.62,
    "salesGrowthYoY" : 7.87,
    "grossProfitMargin" : 48.18,
    "grossProfit" : 108.70,
    "operatingProfitMargin" : 23.15,
    "operatingProfit" : 52.23,
    "netProfitMargin" : 10.28,
    "netProfit" : 23.19
  }, {
    "date" : "2007-06-30",
    "sales" : 214.01,
    "salesGrowthYoY" : 19.35,
    "grossProfitMargin" : 52.14,
    "grossProfit" : 111.58,
    "operatingProfitMargin" : 24.52,
    "operatingProfit" : 52.48,
    "netProfitMargin" : 11.09,
    "netProfit" : 23.73
  }, {
    "date" : "2007-09-30",
    "sales" : 239.16,
    "salesGrowthYoY" : 1.58,
    "grossProfitMargin" : 52.23,
    "grossProfit" : 124.91,
    "operatingProfitMargin" : 27.55,
    "operatingProfit" : 65.89,
    "netProfitMargin" : 13.90,
    "netProfit" : 33.24
  }, {
    "date" : "2007-12-31",
    "sales" : 235.14,
    "salesGrowthYoY" : 9.65,
    "grossProfitMargin" : 46.94,
    "grossProfit" : 110.37,
    "operatingProfitMargin" : 24.97,
    "operatingProfit" : 58.71,
    "netProfitMargin" : 10.81,
    "netProfit" : 25.42
  }, {
    "date" : "2008-03-31",
    "sales" : 261.46,
    "salesGrowthYoY" : 15.89,
    "grossProfitMargin" : 48.79,
    "grossProfit" : 127.57,
    "operatingProfitMargin" : 24.78,
    "operatingProfit" : 64.79,
    "netProfitMargin" : 10.51,
    "netProfit" : 27.48
  }, {
    "date" : "2008-06-30",
    "sales" : 254.64,
    "salesGrowthYoY" : 18.99,
    "grossProfitMargin" : 49.47,
    "grossProfit" : 125.97,
    "operatingProfitMargin" : 25.64,
    "operatingProfit" : 65.29,
    "netProfitMargin" : 9.68,
    "netProfit" : 24.65
  }, {
    "date" : "2008-09-30",
    "sales" : 295.74,
    "salesGrowthYoY" : 23.66,
    "grossProfitMargin" : 50.90,
    "grossProfit" : 150.53,
    "operatingProfitMargin" : 29.14,
    "operatingProfit" : 86.18,
    "netProfitMargin" : 13.79,
    "netProfit" : 40.78
  }, {
    "date" : "2008-12-31",
    "sales" : 247.88,
    "salesGrowthYoY" : 5.42,
    "grossProfitMargin" : 56.36,
    "grossProfit" : 139.71,
    "operatingProfitMargin" : 30.14,
    "operatingProfit" : 74.71,
    "netProfitMargin" : 8.62,
    "netProfit" : 21.37
  }, {
    "date" : "2009-03-31",
    "sales" : 298.55,
    "salesGrowthYoY" : 14.19,
    "grossProfitMargin" : 48.29,
    "grossProfit" : 144.17,
    "operatingProfitMargin" : 24.51,
    "operatingProfit" : 73.17,
    "netProfitMargin" : 3.62,
    "netProfit" : 10.81
  }, {
    "date" : "2009-06-30",
    "sales" : 183.35,
    "salesGrowthYoY" : -28.00,
    "grossProfitMargin" : 65.97,
    "grossProfit" : 120.96,
    "operatingProfitMargin" : 27.66,
    "operatingProfit" : 50.71,
    "netProfitMargin" : 3.89,
    "netProfit" : 7.13
  }, {
    "date" : "2009-09-30",
    "sales" : 270.94,
    "salesGrowthYoY" : -8.39,
    "grossProfitMargin" : 55.88,
    "grossProfit" : 151.40,
    "operatingProfitMargin" : 30.62,
    "operatingProfit" : 82.96,
    "netProfitMargin" : 10.41,
    "netProfit" : 28.20
  }, {
    "date" : "2009-12-31",
    "sales" : 258.73,
    "salesGrowthYoY" : 4.38,
    "grossProfitMargin" : 61.08,
    "grossProfit" : 158.03,
    "operatingProfitMargin" : 31.65,
    "operatingProfit" : 81.89,
    "netProfitMargin" : 10.83,
    "netProfit" : 28.02
  }, {
    "date" : "2010-03-31",
    "sales" : 355.63,
    "salesGrowthYoY" : 19.12,
    "grossProfitMargin" : 47.42,
    "grossProfit" : 168.64,
    "operatingProfitMargin" : 25.61,
    "operatingProfit" : 91.08,
    "netProfitMargin" : 16.09,
    "netProfit" : 57.22
  }, {
    "date" : "2010-06-30",
    "sales" : 297.22,
    "salesGrowthYoY" : 62.11,
    "grossProfitMargin" : 55.85,
    "grossProfit" : 166.00,
    "operatingProfitMargin" : 30.24,
    "operatingProfit" : 89.88,
    "netProfitMargin" : 13.41,
    "netProfit" : 39.86
  }, {
    "date" : "2010-09-30",
    "sales" : 297.20,
    "salesGrowthYoY" : 9.69,
    "grossProfitMargin" : 56.71,
    "grossProfit" : 168.54,
    "operatingProfitMargin" : 31.62,
    "operatingProfit" : 93.97,
    "netProfitMargin" : 13.72,
    "netProfit" : 40.78
  }, {
    "date" : "2010-12-31",
    "sales" : 274.94,
    "salesGrowthYoY" : 6.27,
    "grossProfitMargin" : 52.94,
    "grossProfit" : 145.55,
    "operatingProfitMargin" : 26.17,
    "operatingProfit" : 71.95,
    "netProfitMargin" : 10.41,
    "netProfit" : 28.62
  }, {
    "date" : "2011-03-31",
    "sales" : 344.73,
    "salesGrowthYoY" : -3.06,
    "grossProfitMargin" : 41.14,
    "grossProfit" : 141.82,
    "operatingProfitMargin" : 19.10,
    "operatingProfit" : 65.84,
    "netProfitMargin" : 5.69,
    "netProfit" : 19.62
  }, {
    "date" : "2011-06-30",
    "sales" : 342.23,
    "salesGrowthYoY" : 15.14,
    "grossProfitMargin" : 47.56,
    "grossProfit" : 162.76,
    "operatingProfitMargin" : 25.67,
    "operatingProfit" : 87.85,
    "netProfitMargin" : 3.75,
    "netProfit" : 12.83
  }, {
    "date" : "2011-09-30",
    "sales" : 311.08,
    "salesGrowthYoY" : 4.67,
    "grossProfitMargin" : 52.73,
    "grossProfit" : 164.03,
    "operatingProfitMargin" : 27.57,
    "operatingProfit" : 85.76,
    "netProfitMargin" : 3.92,
    "netProfit" : 12.19
  }, {
    "date" : "2011-12-31",
    "sales" : 306.42,
    "salesGrowthYoY" : 11.45,
    "grossProfitMargin" : 46.89,
    "grossProfit" : 143.68,
    "operatingProfitMargin" : 18.21,
    "operatingProfit" : 55.80,
    "netProfitMargin" : -8.24,
    "netProfit" : -25.25
  }, {
    "date" : "2012-03-31",
    "sales" : 563.18,
    "salesGrowthYoY" : 63.37,
    "grossProfitMargin" : 32.09,
    "grossProfit" : 180.72,
    "operatingProfitMargin" : 15.99,
    "operatingProfit" : 90.05,
    "netProfitMargin" : 3.63,
    "netProfit" : 20.44
  }, {
    "date" : "2012-06-30",
    "sales" : 345.64,
    "salesGrowthYoY" : 1.00,
    "grossProfitMargin" : 53.61,
    "grossProfit" : 185.30,
    "operatingProfitMargin" : 25.83,
    "operatingProfit" : 89.28,
    "netProfitMargin" : 3.23,
    "netProfit" : 11.16
  }, {
    "date" : "2012-09-30",
    "sales" : 464.56,
    "salesGrowthYoY" : 49.34,
    "grossProfitMargin" : 41.59,
    "grossProfit" : 193.21,
    "operatingProfitMargin" : 21.50,
    "operatingProfit" : 99.88,
    "netProfitMargin" : 4.58,
    "netProfit" : 21.28
  }, {
    "date" : "2012-12-31",
    "sales" : 472.32,
    "salesGrowthYoY" : 54.14,
    "grossProfitMargin" : 39.53,
    "grossProfit" : 186.71,
    "operatingProfitMargin" : 19.87,
    "operatingProfit" : 93.85,
    "netProfitMargin" : 3.79,
    "netProfit" : 17.90
  }, {
    "date" : "2013-03-31",
    "sales" : 578.73,
    "salesGrowthYoY" : 2.76,
    "grossProfitMargin" : 37.45,
    "grossProfit" : 216.73,
    "operatingProfitMargin" : 20.51,
    "operatingProfit" : 118.70,
    "netProfitMargin" : 7.11,
    "netProfit" : 41.15
  }, {
    "date" : "2013-06-30",
    "sales" : 511.80,
    "salesGrowthYoY" : 48.07,
    "grossProfitMargin" : 42.36,
    "grossProfit" : 216.80,
    "operatingProfitMargin" : 22.07,
    "operatingProfit" : 112.95,
    "netProfitMargin" : 6.29,
    "netProfit" : 32.19
  }, {
    "date" : "2013-09-30",
    "sales" : 540.42,
    "salesGrowthYoY" : 16.33,
    "grossProfitMargin" : 48.14,
    "grossProfit" : 260.16,
    "operatingProfitMargin" : 24.68,
    "operatingProfit" : 133.38,
    "netProfitMargin" : 8.14,
    "netProfit" : 43.99
  }, {
    "date" : "2013-12-31",
    "sales" : 594.01,
    "salesGrowthYoY" : 25.76,
    "grossProfitMargin" : 43.20,
    "grossProfit" : 256.61,
    "operatingProfitMargin" : 21.83,
    "operatingProfit" : 129.67,
    "netProfitMargin" : 6.21,
    "netProfit" : 36.89
  }, {
    "date" : "2014-03-31",
    "sales" : 639.01,
    "salesGrowthYoY" : 10.42,
    "grossProfitMargin" : 39.48,
    "grossProfit" : 252.28,
    "operatingProfitMargin" : 20.40,
    "operatingProfit" : 130.36,
    "netProfitMargin" : 7.53,
    "netProfit" : 48.12
  }, {
    "date" : "2014-06-30",
    "sales" : 485.60,
    "salesGrowthYoY" : -5.12,
    "grossProfitMargin" : 46.73,
    "grossProfit" : 226.92,
    "operatingProfitMargin" : 21.64,
    "operatingProfit" : 105.08,
    "netProfitMargin" : 5.40,
    "netProfit" : 26.22
  }, {
    "date" : "2014-09-30",
    "sales" : 472.48,
    "salesGrowthYoY" : -12.57,
    "grossProfitMargin" : 50.57,
    "grossProfit" : 238.93,
    "operatingProfitMargin" : 23.99,
    "operatingProfit" : 113.35,
    "netProfitMargin" : 7.09,
    "netProfit" : 33.50
  }, {
    "date" : "2014-12-31",
    "sales" : 474.59,
    "salesGrowthYoY" : -20.10,
    "grossProfitMargin" : 49.97,
    "grossProfit" : 237.15,
    "operatingProfitMargin" : 24.27,
    "operatingProfit" : 115.18,
    "netProfitMargin" : 7.94,
    "netProfit" : 37.68
  }, {
    "date" : "2015-03-31",
    "sales" : 703.07,
    "salesGrowthYoY" : 10.02,
    "grossProfitMargin" : 40.64,
    "grossProfit" : 285.73,
    "operatingProfitMargin" : 24.49,
    "operatingProfit" : 172.18,
    "netProfitMargin" : 9.86,
    "netProfit" : 69.32
  }, {
    "date" : "2015-06-30",
    "sales" : 647.63,
    "salesGrowthYoY" : 33.37,
    "grossProfitMargin" : 40.02,
    "grossProfit" : 259.18,
    "operatingProfitMargin" : 20.93,
    "operatingProfit" : 135.55,
    "netProfitMargin" : 8.07,
    "netProfit" : 52.26
  }, {
    "date" : "2015-09-30",
    "sales" : 555.15,
    "salesGrowthYoY" : 17.50,
    "grossProfitMargin" : 48.48,
    "grossProfit" : 269.14,
    "operatingProfitMargin" : 24.86,
    "operatingProfit" : 138.01,
    "netProfitMargin" : 10.72,
    "netProfit" : 59.51
  }, {
    "date" : "2015-12-31",
    "sales" : 481.12,
    "salesGrowthYoY" : 1.38,
    "grossProfitMargin" : 51.22,
    "grossProfit" : 246.43,
    "operatingProfitMargin" : 23.59,
    "operatingProfit" : 113.50,
    "netProfitMargin" : 9.12,
    "netProfit" : 43.88
  }, {
    "date" : "2016-03-31",
    "sales" : 733.65,
    "salesGrowthYoY" : 4.35,
    "grossProfitMargin" : 41.96,
    "grossProfit" : 307.84,
    "operatingProfitMargin" : 24.53,
    "operatingProfit" : 179.96,
    "netProfitMargin" : 14.22,
    "netProfit" : 104.33
  }, {
    "date" : "2016-06-30",
    "sales" : 756.43,
    "salesGrowthYoY" : 16.80,
    "grossProfitMargin" : 43.32,
    "grossProfit" : 327.69,
    "operatingProfitMargin" : 23.79,
    "operatingProfit" : 179.95,
    "netProfitMargin" : 9.19,
    "netProfit" : 69.52
  }, {
    "date" : "2016-09-30",
    "sales" : 678.98,
    "salesGrowthYoY" : 22.31,
    "grossProfitMargin" : 50.49,
    "grossProfit" : 342.82,
    "operatingProfitMargin" : 25.97,
    "operatingProfit" : 176.33,
    "netProfitMargin" : 10.40,
    "netProfit" : 70.61
  }, {
    "date" : "2016-12-31",
    "sales" : 712.28,
    "salesGrowthYoY" : 48.05,
    "grossProfitMargin" : 48.64,
    "grossProfit" : 346.45,
    "operatingProfitMargin" : 26.58,
    "operatingProfit" : 189.32,
    "netProfitMargin" : 8.57,
    "netProfit" : 61.04
  }, {
    "date" : "2017-03-31",
    "sales" : 807.59,
    "salesGrowthYoY" : 10.08,
    "grossProfitMargin" : 43.85,
    "grossProfit" : 354.13,
    "operatingProfitMargin" : 22.69,
    "operatingProfit" : 183.24,
    "netProfitMargin" : 7.85,
    "netProfit" : 63.40
  }, {
    "date" : "2017-06-30",
    "sales" : 565.67,
    "salesGrowthYoY" : -25.22,
    "grossProfitMargin" : 30.85,
    "grossProfit" : 174.51,
    "operatingProfitMargin" : 5.47,
    "operatingProfit" : 30.94,
    "netProfitMargin" : -15.76,
    "netProfit" : -89.15
  }, {
    "date" : "2017-09-30",
    "sales" : 537.94,
    "salesGrowthYoY" : -20.77,
    "grossProfitMargin" : 37.23,
    "grossProfit" : 200.28,
    "operatingProfitMargin" : 12.59,
    "operatingProfit" : 67.73,
    "netProfitMargin" : -2.45,
    "netProfit" : -13.18
  }, {
    "date" : "2017-12-31",
    "sales" : 944.19,
    "salesGrowthYoY" : 32.56,
    "grossProfitMargin" : 32.24,
    "grossProfit" : 304.41,
    "operatingProfitMargin" : 15.39,
    "operatingProfit" : 145.31,
    "netProfitMargin" : 2.87,
    "netProfit" : 27.10
  }, {
    "date" : "2018-03-31",
    "sales" : 1050.53,
    "salesGrowthYoY" : 30.08,
    "grossProfitMargin" : 33.33,
    "grossProfit" : 350.14,
    "operatingProfitMargin" : 15.32,
    "operatingProfit" : 160.94,
    "netProfitMargin" : 3.15,
    "netProfit" : 33.09
  }, {
    "date" : "2018-06-30",
    "sales" : 925.31,
    "salesGrowthYoY" : 63.58,
    "grossProfitMargin" : 33.33,
    "grossProfit" : 308.41,
    "operatingProfitMargin" : 15.56,
    "operatingProfit" : 143.98,
    "netProfitMargin" : 2.67,
    "netProfit" : 24.71
  }, {
    "date" : "2018-09-30",
    "sales" : 1005.70,
    "salesGrowthYoY" : 86.95,
    "grossProfitMargin" : 28.47,
    "grossProfit" : 286.32,
    "operatingProfitMargin" : 11.89,
    "operatingProfit" : 119.58,
    "netProfitMargin" : 0.65,
    "netProfit" : 6.54
  }, {
    "date" : "2018-12-31",
    "sales" : 1103.43,
    "salesGrowthYoY" : 16.87,
    "grossProfitMargin" : 32.43,
    "grossProfit" : 357.84,
    "operatingProfitMargin" : 16.66,
    "operatingProfit" : 183.83,
    "netProfitMargin" : 4.50,
    "netProfit" : 49.65
  }, {
    "date" : "2019-03-31",
    "sales" : 1048.28,
    "salesGrowthYoY" : -0.21,
    "grossProfitMargin" : 38.69,
    "grossProfit" : 405.58,
    "operatingProfitMargin" : 19.25,
    "operatingProfit" : 201.79,
    "netProfitMargin" : 2.08,
    "netProfit" : 21.80
  }, {
    "date" : "2019-06-30",
    "sales" : 951.10,
    "salesGrowthYoY" : 2.79,
    "grossProfitMargin" : 40.38,
    "grossProfit" : 384.05,
    "operatingProfitMargin" : 22.73,
    "operatingProfit" : 216.19,
    "netProfitMargin" : 8.11,
    "netProfit" : 77.13
  }, {
    "date" : "2019-09-30",
    "sales" : 776.85,
    "salesGrowthYoY" : -22.76,
    "grossProfitMargin" : 40.43,
    "grossProfit" : 314.08,
    "operatingProfitMargin" : 17.64,
    "operatingProfit" : 137.04,
    "netProfitMargin" : 2.78,
    "netProfit" : 21.60
  }, {
    "date" : "2019-12-31",
    "sales" : 841.99,
    "salesGrowthYoY" : -23.69,
    "grossProfitMargin" : 38.47,
    "grossProfit" : 323.91,
    "operatingProfitMargin" : 17.26,
    "operatingProfit" : 145.33,
    "netProfitMargin" : 3.50,
    "netProfit" : 29.47
  }, {
    "date" : "2020-03-31",
    "sales" : 901.17,
    "salesGrowthYoY" : -14.03,
    "grossProfitMargin" : 33.47,
    "grossProfit" : 301.62,
    "operatingProfitMargin" : 12.15,
    "operatingProfit" : 109.49,
    "netProfitMargin" : 0.32,
    "netProfit" : 2.88
  }, {
    "date" : "2020-06-30",
    "sales" : 496.47,
    "salesGrowthYoY" : -47.80,
    "grossProfitMargin" : 48.17,
    "grossProfit" : 239.15,
    "operatingProfitMargin" : 14.69,
    "operatingProfit" : 72.93,
    "netProfitMargin" : -4.03,
    "netProfit" : -20.01
  }, {
    "date" : "2020-09-30",
    "sales" : 596.93,
    "salesGrowthYoY" : -23.16,
    "grossProfitMargin" : 41.32,
    "grossProfit" : 246.65,
    "operatingProfitMargin" : 14.06,
    "operatingProfit" : 83.93,
    "netProfitMargin" : -1.60,
    "netProfit" : -9.55
  }, {
    "date" : "2020-12-31",
    "sales" : 550.46,
    "salesGrowthYoY" : -34.62,
    "grossProfitMargin" : 35.86,
    "grossProfit" : 197.39,
    "operatingProfitMargin" : 3.70,
    "operatingProfit" : 20.37,
    "netProfitMargin" : -9.13,
    "netProfit" : -50.26
  }, {
    "date" : "2021-03-31",
    "sales" : 1124.32,
    "salesGrowthYoY" : 24.76,
    "grossProfitMargin" : 26.71,
    "grossProfit" : 300.31,
    "operatingProfitMargin" : 7.40,
    "operatingProfit" : 83.20,
    "netProfitMargin" : -0.35,
    "netProfit" : -3.94
  }, {
    "date" : "2021-06-30",
    "sales" : 631.95,
    "salesGrowthYoY" : 27.29,
    "grossProfitMargin" : 37.19,
    "grossProfit" : 235.02,
    "operatingProfitMargin" : 9.95,
    "operatingProfit" : 62.88,
    "netProfitMargin" : -2.18,
    "netProfit" : -13.78
  }, {
    "date" : "2021-09-30",
    "sales" : 929.80,
    "salesGrowthYoY" : 55.76,
    "grossProfitMargin" : 31.61,
    "grossProfit" : 293.91,
    "operatingProfitMargin" : 10.02,
    "operatingProfit" : 93.17,
    "netProfitMargin" : 0.51,
    "netProfit" : 4.74
  }, {
    "date" : "2021-12-31",
    "sales" : 1084.86,
    "salesGrowthYoY" : 97.08,
    "grossProfitMargin" : 27.18,
    "grossProfit" : 294.86,
    "operatingProfitMargin" : 8.35,
    "operatingProfit" : 90.59,
    "netProfitMargin" : 0.08,
    "netProfit" : 0.87
  }, {
    "date" : "2022-03-31",
    "sales" : 1373.69,
    "salesGrowthYoY" : 22.18,
    "grossProfitMargin" : 23.96,
    "grossProfit" : 329.14,
    "operatingProfitMargin" : 8.14,
    "operatingProfit" : 111.82,
    "netProfitMargin" : 1.63,
    "netProfit" : 22.39
  }, {
    "date" : "2022-06-30",
    "sales" : 1127.55,
    "salesGrowthYoY" : 78.42,
    "grossProfitMargin" : 33.18,
    "grossProfit" : 374.12,
    "operatingProfitMargin" : 14.89,
    "operatingProfit" : 167.89,
    "netProfitMargin" : 5.36,
    "netProfit" : 60.44
  }, {
    "date" : "2022-09-30",
    "sales" : 1376.48,
    "salesGrowthYoY" : 48.04,
    "grossProfitMargin" : 37.34,
    "grossProfit" : 513.98,
    "operatingProfitMargin" : 19.87,
    "operatingProfit" : 273.51,
    "netProfitMargin" : 8.12,
    "netProfit" : 111.77
  }, {
    "date" : "2022-12-31",
    "sales" : 1248.57,
    "salesGrowthYoY" : 15.09,
    "grossProfitMargin" : 42.07,
    "grossProfit" : 525.27,
    "operatingProfitMargin" : 22.92,
    "operatingProfit" : 286.17,
    "netProfitMargin" : 9.04,
    "netProfit" : 112.87
  }, {
    "date" : "2023-03-31",
    "sales" : 1427.29,
    "salesGrowthYoY" : 3.90,
    "grossProfitMargin" : 37.84,
    "grossProfit" : 540.09,
    "operatingProfitMargin" : 19.27,
    "operatingProfit" : 275.04,
    "netProfitMargin" : 7.20,
    "netProfit" : 102.76
  }, {
    "date" : "2023-06-30",
    "sales" : 1262.65,
    "salesGrowthYoY" : 11.98,
    "grossProfitMargin" : 42.24,
    "grossProfit" : 533.34,
    "operatingProfitMargin" : 24.86,
    "operatingProfit" : 313.89,
    "netProfitMargin" : 10.19,
    "netProfit" : 128.66
  }, {
    "date" : "2023-09-30",
    "sales" : 958.17,
    "salesGrowthYoY" : -30.39,
    "grossProfitMargin" : 39.32,
    "grossProfit" : 376.75,
    "operatingProfitMargin" : 16.36,
    "operatingProfit" : 156.76,
    "netProfitMargin" : 3.16,
    "netProfit" : 30.28
  }, {
    "date" : "2023-12-31",
    "sales" : 1240.86,
    "salesGrowthYoY" : -0.62,
    "grossProfitMargin" : 34.31,
    "grossProfit" : 425.74,
    "operatingProfitMargin" : 11.05,
    "operatingProfit" : 137.12,
    "netProfitMargin" : 1.31,
    "netProfit" : 16.26
  }, {
    "date" : "2024-03-31",
    "sales" : 1229.47,
    "salesGrowthYoY" : -13.86,
    "grossProfitMargin" : 35.33,
    "grossProfit" : 434.37,
    "operatingProfitMargin" : 13.03,
    "operatingProfit" : 160.20,
    "netProfitMargin" : 2.68,
    "netProfit" : 32.95
  }, {
    "date" : "2024-06-30",
    "sales" : 1116.56,
    "salesGrowthYoY" : -11.57,
    "grossProfitMargin" : 34.92,
    "grossProfit" : 389.90,
    "operatingProfitMargin" : 13.24,
    "operatingProfit" : 147.83,
    "netProfitMargin" : 1.96,
    "netProfit" : 21.88
  }, {
    "date" : "2024-09-30",
    "sales" : 913.71,
    "salesGrowthYoY" : -4.64,
    "grossProfitMargin" : 39.71,
    "grossProfit" : 362.83,
    "operatingProfitMargin" : 13.57,
    "operatingProfit" : 123.99,
    "netProfitMargin" : 0.28,
    "netProfit" : 2.56
  }, {
    "date" : "2024-12-31",
    "sales" : 1123.86,
    "salesGrowthYoY" : -9.43,
    "grossProfitMargin" : 26.85,
    "grossProfit" : 301.76,
    "operatingProfitMargin" : 4.70,
    "operatingProfit" : 52.82,
    "netProfitMargin" : -3.82,
    "netProfit" : -42.93
  }, {
    "date" : "2025-03-31",
    "sales" : 1336.77,
    "salesGrowthYoY" : 8.73,
    "grossProfitMargin" : 26.90,
    "grossProfit" : 359.59,
    "operatingProfitMargin" : 7.71,
    "operatingProfit" : 103.06,
    "netProfitMargin" : 1.65,
    "netProfit" : 22.06
  }, {
    "date" : "2025-06-30",
    "sales" : 1142.10,
    "salesGrowthYoY" : 2.29,
    "grossProfitMargin" : 29.87,
    "grossProfit" : 341.15,
    "operatingProfitMargin" : 8.88,
    "operatingProfit" : 101.42,
    "netProfitMargin" : -0.65,
    "netProfit" : -7.42
  }, {
    "date" : "2025-09-30",
    "sales" : 1110.15,
    "salesGrowthYoY" : 21.50,
    "grossProfitMargin" : 33.40,
    "grossProfit" : 370.79,
    "operatingProfitMargin" : 11.09,
    "operatingProfit" : 123.12,
    "netProfitMargin" : 0.73,
    "netProfit" : 8.10
  } ],
  "latestQuarterlyResult" : {
    "date" : "2025-09-30",
    "sales" : 1110.15,
    "salesGrowthYoY" : 21.50,
    "grossProfitMargin" : 33.40,
    "grossProfit" : 370.79,
    "operatingProfitMargin" : 11.09,
    "operatingProfit" : 123.12,
    "netProfitMargin" : 0.73,
    "netProfit" : 8.10
  },
  "companyScore" : {
    "priceHigherThanDma50" : 0.00,
    "priceHigherThanDma100" : 0.00,
    "priceHigherThanDma200" : 0.00,
    "dma50HigherThanDma100" : 0.00,
    "dma50HigherThanDma200" : 0.00,
    "dma100HigherThanDma200" : 0.00,
    "pricePercentageAboveDma50" : 5.31,
    "pricePercentageAboveDma100" : 5.48,
    "pricePercentageAboveDma200" : 5.58,
    "weeklyVolumeHigherThanYearlyVolume" : 0.00,
    "salesGrowthPercentile" : 14.68,
    "operatingProfitMarginPercentile" : 5.29,
    "netProfitMarginPercentile" : 4.85,
    "totalTechnicalScore" : 16.37,
    "totalFundamentalScore" : 24.82,
    "totalScore" : 41.19
  }
}