{
  "metadata" : {
    "screenerCompanyId" : "3446",
    "companyCode" : "TORNTPOWER",
    "companyName" : "Torrent Power",
    "screenerCompanyLink" : "https://www.screener.in/company/TORNTPOWER/consolidated/",
    "screenerTechnicalHistoryLink" : "https://www.screener.in/api/company/3446/chart/?q=Price-DMA50-DMA200-Volume&days=365",
    "screenerQuarterlyResultsLink" : "https://www.screener.in/api/company/3446/chart/?q=GPM-OPM-NPM-Quarter+Sales&days=10000",
    "attributes" : {
      "companyCode" : "TORNTPOWER",
      "companyName" : "Torrent Power",
      "marketCap" : 69922.00,
      "peRatio" : 23.40,
      "description" : "Torrent Power Ltd is a leading integrated power utility company in India with presence across generation, transmission and distribution of power. Its operations are spread across the states of Gujarat, Maharashtra, Uttar Pradesh and Karnataka.[1] It is a part of Torrent Group which has presence across pharmaceutical, power and city gas distribution business.[2]"
    },
    "companyScore" : {
      "priceHigherThanDma50" : 5.00,
      "priceHigherThanDma100" : 5.00,
      "priceHigherThanDma200" : 5.00,
      "dma50HigherThanDma100" : 5.00,
      "dma50HigherThanDma200" : 0.00,
      "dma100HigherThanDma200" : 0.00,
      "pricePercentageAboveDma50" : 4.75,
      "pricePercentageAboveDma100" : 4.65,
      "pricePercentageAboveDma200" : 4.84,
      "weeklyVolumeHigherThanYearlyVolume" : 0.00,
      "salesGrowthPercentile" : 10.96,
      "operatingProfitMarginPercentile" : 7.99,
      "netProfitMarginPercentile" : 7.27,
      "totalTechnicalScore" : 34.24,
      "totalFundamentalScore" : 26.23,
      "totalScore" : 60.46
    }
  },
  "attributes" : {
    "companyCode" : "TORNTPOWER",
    "companyName" : "Torrent Power",
    "marketCap" : 69922.00,
    "peRatio" : 23.40,
    "description" : "Torrent Power Ltd is a leading integrated power utility company in India with presence across generation, transmission and distribution of power. Its operations are spread across the states of Gujarat, Maharashtra, Uttar Pradesh and Karnataka.[1] It is a part of Torrent Group which has presence across pharmaceutical, power and city gas distribution business.[2]"
  },
  "technicalHistory" : [ {
    "date" : "2025-02-01",
    "price" : 1397.40,
    "dma50" : 1516.90,
    "dma100" : null,
    "dma200" : 1523.40,
    "volume" : 315645.00
  }, {
    "date" : "2025-02-03",
    "price" : 1344.30,
    "dma50" : 1510.13,
    "dma100" : null,
    "dma200" : 1521.62,
    "volume" : 1100657.00
  }, {
    "date" : "2025-02-04",
    "price" : 1352.80,
    "dma50" : 1503.96,
    "dma100" : null,
    "dma200" : 1519.94,
    "volume" : 512440.00
  }, {
    "date" : "2025-02-05",
    "price" : 1333.65,
    "dma50" : 1497.28,
    "dma100" : null,
    "dma200" : 1518.09,
    "volume" : 2716181.00
  }, {
    "date" : "2025-02-06",
    "price" : 1374.75,
    "dma50" : 1492.48,
    "dma100" : null,
    "dma200" : 1516.66,
    "volume" : 1193319.00
  }, {
    "date" : "2025-02-07",
    "price" : 1407.30,
    "dma50" : 1489.14,
    "dma100" : null,
    "dma200" : 1515.57,
    "volume" : 738711.00
  }, {
    "date" : "2025-02-10",
    "price" : 1350.15,
    "dma50" : 1483.69,
    "dma100" : null,
    "dma200" : 1513.93,
    "volume" : 426578.00
  }, {
    "date" : "2025-02-11",
    "price" : 1282.35,
    "dma50" : 1475.79,
    "dma100" : null,
    "dma200" : 1511.62,
    "volume" : 550101.00
  }, {
    "date" : "2025-02-12",
    "price" : 1268.80,
    "dma50" : 1467.67,
    "dma100" : null,
    "dma200" : 1509.20,
    "volume" : 551075.00
  }, {
    "date" : "2025-02-13",
    "price" : 1255.70,
    "dma50" : 1459.36,
    "dma100" : null,
    "dma200" : 1506.68,
    "volume" : 380477.00
  }, {
    "date" : "2025-02-14",
    "price" : 1237.70,
    "dma50" : 1450.67,
    "dma100" : null,
    "dma200" : 1504.01,
    "volume" : 433766.00
  }, {
    "date" : "2025-02-17",
    "price" : 1239.35,
    "dma50" : 1442.38,
    "dma100" : null,
    "dma200" : 1501.37,
    "volume" : 394125.00
  }, {
    "date" : "2025-02-18",
    "price" : 1235.15,
    "dma50" : 1434.26,
    "dma100" : null,
    "dma200" : 1498.72,
    "volume" : 1425042.00
  }, {
    "date" : "2025-02-19",
    "price" : 1258.70,
    "dma50" : 1427.37,
    "dma100" : null,
    "dma200" : 1496.34,
    "volume" : 575045.00
  }, {
    "date" : "2025-02-20",
    "price" : 1259.95,
    "dma50" : 1420.81,
    "dma100" : null,
    "dma200" : 1493.98,
    "volume" : 762958.00
  }, {
    "date" : "2025-02-21",
    "price" : 1289.30,
    "dma50" : 1415.65,
    "dma100" : null,
    "dma200" : 1491.95,
    "volume" : 495243.00
  }, {
    "date" : "2025-02-24",
    "price" : 1303.30,
    "dma50" : 1411.24,
    "dma100" : null,
    "dma200" : 1490.07,
    "volume" : 458731.00
  }, {
    "date" : "2025-02-25",
    "price" : 1322.50,
    "dma50" : 1407.76,
    "dma100" : null,
    "dma200" : 1488.40,
    "volume" : 989512.00
  }, {
    "date" : "2025-02-27",
    "price" : 1312.70,
    "dma50" : 1404.03,
    "dma100" : null,
    "dma200" : 1486.65,
    "volume" : 391224.00
  }, {
    "date" : "2025-02-28",
    "price" : 1262.95,
    "dma50" : 1398.50,
    "dma100" : null,
    "dma200" : 1484.43,
    "volume" : 2382340.00
  }, {
    "date" : "2025-03-03",
    "price" : 1267.25,
    "dma50" : 1393.35,
    "dma100" : null,
    "dma200" : 1482.27,
    "volume" : 466311.00
  }, {
    "date" : "2025-03-04",
    "price" : 1276.70,
    "dma50" : 1388.78,
    "dma100" : null,
    "dma200" : 1480.22,
    "volume" : 403723.00
  }, {
    "date" : "2025-03-05",
    "price" : 1311.25,
    "dma50" : 1385.74,
    "dma100" : null,
    "dma200" : 1478.54,
    "volume" : 390183.00
  }, {
    "date" : "2025-03-06",
    "price" : 1326.85,
    "dma50" : 1383.43,
    "dma100" : null,
    "dma200" : 1477.03,
    "volume" : 359319.00
  }, {
    "date" : "2025-03-07",
    "price" : 1332.00,
    "dma50" : 1381.41,
    "dma100" : null,
    "dma200" : 1475.59,
    "volume" : 635724.00
  }, {
    "date" : "2025-03-10",
    "price" : 1349.85,
    "dma50" : 1380.18,
    "dma100" : null,
    "dma200" : 1474.34,
    "volume" : 862653.00
  }, {
    "date" : "2025-03-11",
    "price" : 1334.35,
    "dma50" : 1378.38,
    "dma100" : null,
    "dma200" : 1472.94,
    "volume" : 450409.00
  }, {
    "date" : "2025-03-12",
    "price" : 1315.90,
    "dma50" : 1375.93,
    "dma100" : null,
    "dma200" : 1471.38,
    "volume" : 243176.00
  }, {
    "date" : "2025-03-13",
    "price" : 1291.20,
    "dma50" : 1372.61,
    "dma100" : null,
    "dma200" : 1469.59,
    "volume" : 235015.00
  }, {
    "date" : "2025-03-17",
    "price" : 1310.80,
    "dma50" : 1370.18,
    "dma100" : null,
    "dma200" : 1468.01,
    "volume" : 501647.00
  }, {
    "date" : "2025-03-18",
    "price" : 1375.95,
    "dma50" : 1370.41,
    "dma100" : null,
    "dma200" : 1467.09,
    "volume" : 852246.00
  }, {
    "date" : "2025-03-19",
    "price" : 1440.50,
    "dma50" : 1373.16,
    "dma100" : null,
    "dma200" : 1466.83,
    "volume" : 745858.00
  }, {
    "date" : "2025-03-20",
    "price" : 1468.60,
    "dma50" : 1376.90,
    "dma100" : null,
    "dma200" : 1466.85,
    "volume" : 699337.00
  }, {
    "date" : "2025-03-21",
    "price" : 1498.55,
    "dma50" : 1381.67,
    "dma100" : null,
    "dma200" : 1467.16,
    "volume" : 1031547.00
  }, {
    "date" : "2025-03-24",
    "price" : 1530.10,
    "dma50" : 1387.49,
    "dma100" : null,
    "dma200" : 1467.79,
    "volume" : 664466.00
  }, {
    "date" : "2025-03-25",
    "price" : 1492.10,
    "dma50" : 1391.59,
    "dma100" : null,
    "dma200" : 1468.03,
    "volume" : 727504.00
  }, {
    "date" : "2025-03-26",
    "price" : 1499.90,
    "dma50" : 1395.84,
    "dma100" : null,
    "dma200" : 1468.35,
    "volume" : 483511.00
  }, {
    "date" : "2025-03-27",
    "price" : 1501.95,
    "dma50" : 1400.00,
    "dma100" : null,
    "dma200" : 1468.68,
    "volume" : 524091.00
  }, {
    "date" : "2025-03-28",
    "price" : 1486.85,
    "dma50" : 1403.41,
    "dma100" : null,
    "dma200" : 1468.86,
    "volume" : 476644.00
  }, {
    "date" : "2025-04-01",
    "price" : 1500.30,
    "dma50" : 1407.21,
    "dma100" : null,
    "dma200" : 1469.17,
    "volume" : 267226.00
  }, {
    "date" : "2025-04-02",
    "price" : 1509.70,
    "dma50" : 1411.23,
    "dma100" : null,
    "dma200" : 1469.58,
    "volume" : 409831.00
  }, {
    "date" : "2025-04-03",
    "price" : 1552.00,
    "dma50" : 1416.75,
    "dma100" : null,
    "dma200" : 1470.40,
    "volume" : 583155.00
  }, {
    "date" : "2025-04-04",
    "price" : 1537.05,
    "dma50" : 1421.46,
    "dma100" : null,
    "dma200" : 1471.06,
    "volume" : 574251.00
  }, {
    "date" : "2025-04-07",
    "price" : 1496.70,
    "dma50" : 1424.42,
    "dma100" : null,
    "dma200" : 1471.32,
    "volume" : 325568.00
  }, {
    "date" : "2025-04-08",
    "price" : 1509.75,
    "dma50" : 1427.76,
    "dma100" : null,
    "dma200" : 1471.70,
    "volume" : 261211.00
  }, {
    "date" : "2025-04-09",
    "price" : 1530.90,
    "dma50" : 1431.81,
    "dma100" : null,
    "dma200" : 1472.29,
    "volume" : 395415.00
  }, {
    "date" : "2025-04-11",
    "price" : 1562.15,
    "dma50" : 1436.92,
    "dma100" : null,
    "dma200" : 1473.18,
    "volume" : 728169.00
  }, {
    "date" : "2025-04-15",
    "price" : 1623.60,
    "dma50" : 1444.24,
    "dma100" : null,
    "dma200" : 1474.68,
    "volume" : 493235.00
  }, {
    "date" : "2025-04-16",
    "price" : 1605.20,
    "dma50" : 1450.55,
    "dma100" : null,
    "dma200" : 1475.98,
    "volume" : 369768.00
  }, {
    "date" : "2025-04-17",
    "price" : 1591.00,
    "dma50" : 1456.06,
    "dma100" : null,
    "dma200" : 1477.12,
    "volume" : 248397.00
  }, {
    "date" : "2025-04-21",
    "price" : 1592.50,
    "dma50" : 1461.41,
    "dma100" : null,
    "dma200" : 1478.27,
    "volume" : 332807.00
  }, {
    "date" : "2025-04-22",
    "price" : 1589.50,
    "dma50" : 1466.43,
    "dma100" : null,
    "dma200" : 1479.38,
    "volume" : 353885.00
  }, {
    "date" : "2025-04-23",
    "price" : 1609.60,
    "dma50" : 1472.05,
    "dma100" : null,
    "dma200" : 1480.67,
    "volume" : 296906.00
  }, {
    "date" : "2025-04-24",
    "price" : 1600.70,
    "dma50" : 1477.09,
    "dma100" : null,
    "dma200" : 1481.87,
    "volume" : 276262.00
  }, {
    "date" : "2025-04-25",
    "price" : 1538.60,
    "dma50" : 1479.50,
    "dma100" : null,
    "dma200" : 1482.43,
    "volume" : 310167.00
  }, {
    "date" : "2025-04-28",
    "price" : 1557.00,
    "dma50" : 1482.54,
    "dma100" : null,
    "dma200" : 1483.17,
    "volume" : 236036.00
  }, {
    "date" : "2025-04-29",
    "price" : 1554.60,
    "dma50" : 1485.37,
    "dma100" : null,
    "dma200" : 1483.88,
    "volume" : 309517.00
  }, {
    "date" : "2025-04-30",
    "price" : 1539.10,
    "dma50" : 1487.48,
    "dma100" : null,
    "dma200" : 1484.43,
    "volume" : 578453.00
  }, {
    "date" : "2025-05-02",
    "price" : 1490.40,
    "dma50" : 1487.59,
    "dma100" : null,
    "dma200" : 1484.49,
    "volume" : 333784.00
  }, {
    "date" : "2025-05-05",
    "price" : 1477.90,
    "dma50" : 1487.21,
    "dma100" : null,
    "dma200" : 1484.43,
    "volume" : 703304.00
  }, {
    "date" : "2025-05-06",
    "price" : 1462.30,
    "dma50" : 1486.23,
    "dma100" : null,
    "dma200" : 1484.21,
    "volume" : 296689.00
  }, {
    "date" : "2025-05-07",
    "price" : 1501.90,
    "dma50" : 1486.85,
    "dma100" : null,
    "dma200" : 1484.38,
    "volume" : 523684.00
  }, {
    "date" : "2025-05-08",
    "price" : 1420.00,
    "dma50" : 1484.23,
    "dma100" : null,
    "dma200" : 1483.74,
    "volume" : 544772.00
  }, {
    "date" : "2025-05-09",
    "price" : 1371.70,
    "dma50" : 1479.81,
    "dma100" : null,
    "dma200" : 1482.63,
    "volume" : 731821.00
  }, {
    "date" : "2025-05-12",
    "price" : 1465.20,
    "dma50" : 1479.24,
    "dma100" : null,
    "dma200" : 1482.45,
    "volume" : 702660.00
  }, {
    "date" : "2025-05-13",
    "price" : 1426.80,
    "dma50" : 1477.18,
    "dma100" : null,
    "dma200" : 1481.90,
    "volume" : 718561.00
  }, {
    "date" : "2025-05-14",
    "price" : 1449.90,
    "dma50" : 1476.11,
    "dma100" : null,
    "dma200" : 1481.58,
    "volume" : 731060.00
  }, {
    "date" : "2025-05-15",
    "price" : 1432.70,
    "dma50" : 1474.41,
    "dma100" : null,
    "dma200" : 1481.10,
    "volume" : 1304691.00
  }, {
    "date" : "2025-05-16",
    "price" : 1442.80,
    "dma50" : 1473.17,
    "dma100" : null,
    "dma200" : 1480.71,
    "volume" : 571189.00
  }, {
    "date" : "2025-05-19",
    "price" : 1424.30,
    "dma50" : 1471.26,
    "dma100" : null,
    "dma200" : 1480.15,
    "volume" : 593680.00
  }, {
    "date" : "2025-05-20",
    "price" : 1390.40,
    "dma50" : 1468.08,
    "dma100" : null,
    "dma200" : 1479.26,
    "volume" : 1064400.00
  }, {
    "date" : "2025-05-21",
    "price" : 1398.70,
    "dma50" : 1465.36,
    "dma100" : null,
    "dma200" : 1478.46,
    "volume" : 988471.00
  }, {
    "date" : "2025-05-22",
    "price" : 1394.60,
    "dma50" : 1462.59,
    "dma100" : null,
    "dma200" : 1477.62,
    "volume" : 514112.00
  }, {
    "date" : "2025-05-23",
    "price" : 1401.90,
    "dma50" : 1460.21,
    "dma100" : null,
    "dma200" : 1476.87,
    "volume" : 844372.00
  }, {
    "date" : "2025-05-26",
    "price" : 1426.10,
    "dma50" : 1458.87,
    "dma100" : null,
    "dma200" : 1476.36,
    "volume" : 542011.00
  }, {
    "date" : "2025-05-27",
    "price" : 1425.40,
    "dma50" : 1457.56,
    "dma100" : null,
    "dma200" : 1475.86,
    "volume" : 303527.00
  }, {
    "date" : "2025-05-28",
    "price" : 1396.20,
    "dma50" : 1455.15,
    "dma100" : null,
    "dma200" : 1475.07,
    "volume" : 335680.00
  }, {
    "date" : "2025-05-29",
    "price" : 1400.40,
    "dma50" : 1453.01,
    "dma100" : null,
    "dma200" : 1474.32,
    "volume" : 395496.00
  }, {
    "date" : "2025-05-30",
    "price" : 1374.00,
    "dma50" : 1449.91,
    "dma100" : null,
    "dma200" : 1473.32,
    "volume" : 1387232.00
  }, {
    "date" : "2025-06-02",
    "price" : 1396.50,
    "dma50" : 1447.81,
    "dma100" : null,
    "dma200" : 1472.56,
    "volume" : 401201.00
  }, {
    "date" : "2025-06-03",
    "price" : 1403.30,
    "dma50" : 1446.07,
    "dma100" : null,
    "dma200" : 1471.87,
    "volume" : 749781.00
  }, {
    "date" : "2025-06-04",
    "price" : 1419.10,
    "dma50" : 1445.01,
    "dma100" : null,
    "dma200" : 1471.35,
    "volume" : 1204159.00
  }, {
    "date" : "2025-06-05",
    "price" : 1410.50,
    "dma50" : 1443.66,
    "dma100" : null,
    "dma200" : 1470.74,
    "volume" : 300335.00
  }, {
    "date" : "2025-06-06",
    "price" : 1408.00,
    "dma50" : 1442.26,
    "dma100" : null,
    "dma200" : 1470.12,
    "volume" : 272409.00
  }, {
    "date" : "2025-06-09",
    "price" : 1407.20,
    "dma50" : 1440.88,
    "dma100" : null,
    "dma200" : 1469.49,
    "volume" : 910162.00
  }, {
    "date" : "2025-06-10",
    "price" : 1451.60,
    "dma50" : 1441.30,
    "dma100" : null,
    "dma200" : 1469.31,
    "volume" : 901365.00
  }, {
    "date" : "2025-06-11",
    "price" : 1432.40,
    "dma50" : 1440.95,
    "dma100" : null,
    "dma200" : 1468.94,
    "volume" : 1091054.00
  }, {
    "date" : "2025-06-12",
    "price" : 1398.90,
    "dma50" : 1439.31,
    "dma100" : null,
    "dma200" : 1468.25,
    "volume" : 452118.00
  }, {
    "date" : "2025-06-13",
    "price" : 1414.00,
    "dma50" : 1438.31,
    "dma100" : null,
    "dma200" : 1467.71,
    "volume" : 839481.00
  }, {
    "date" : "2025-06-16",
    "price" : 1421.00,
    "dma50" : 1437.63,
    "dma100" : null,
    "dma200" : 1467.24,
    "volume" : 335587.00
  }, {
    "date" : "2025-06-17",
    "price" : 1406.80,
    "dma50" : 1436.42,
    "dma100" : null,
    "dma200" : 1466.64,
    "volume" : 453869.00
  }, {
    "date" : "2025-06-18",
    "price" : 1387.40,
    "dma50" : 1434.50,
    "dma100" : null,
    "dma200" : 1465.85,
    "volume" : 299821.00
  }, {
    "date" : "2025-06-19",
    "price" : 1366.80,
    "dma50" : 1431.85,
    "dma100" : null,
    "dma200" : 1464.87,
    "volume" : 230757.00
  }, {
    "date" : "2025-06-20",
    "price" : 1390.10,
    "dma50" : 1430.21,
    "dma100" : null,
    "dma200" : 1464.12,
    "volume" : 591792.00
  }, {
    "date" : "2025-06-23",
    "price" : 1416.70,
    "dma50" : 1429.68,
    "dma100" : null,
    "dma200" : 1463.65,
    "volume" : 266478.00
  }, {
    "date" : "2025-06-24",
    "price" : 1451.10,
    "dma50" : 1430.52,
    "dma100" : null,
    "dma200" : 1463.53,
    "volume" : 647350.00
  }, {
    "date" : "2025-06-25",
    "price" : 1461.90,
    "dma50" : 1431.75,
    "dma100" : null,
    "dma200" : 1463.51,
    "volume" : 699313.00
  }, {
    "date" : "2025-06-26",
    "price" : 1460.70,
    "dma50" : 1432.89,
    "dma100" : null,
    "dma200" : 1463.48,
    "volume" : 412196.00
  }, {
    "date" : "2025-06-27",
    "price" : 1473.20,
    "dma50" : 1434.47,
    "dma100" : null,
    "dma200" : 1463.58,
    "volume" : 1072388.00
  }, {
    "date" : "2025-06-30",
    "price" : 1467.60,
    "dma50" : 1435.77,
    "dma100" : null,
    "dma200" : 1463.62,
    "volume" : 817520.00
  }, {
    "date" : "2025-07-01",
    "price" : 1456.70,
    "dma50" : 1436.59,
    "dma100" : 1419.77,
    "dma200" : 1463.55,
    "volume" : 429907.00
  }, {
    "date" : "2025-07-02",
    "price" : 1469.40,
    "dma50" : 1437.87,
    "dma100" : 1421.02,
    "dma200" : 1463.61,
    "volume" : 204258.00
  }, {
    "date" : "2025-07-03",
    "price" : 1442.40,
    "dma50" : 1438.05,
    "dma100" : 1421.92,
    "dma200" : 1463.40,
    "volume" : 231038.00
  }, {
    "date" : "2025-07-04",
    "price" : 1439.80,
    "dma50" : 1438.12,
    "dma100" : 1422.98,
    "dma200" : 1463.16,
    "volume" : 188472.00
  }, {
    "date" : "2025-07-07",
    "price" : 1440.80,
    "dma50" : 1438.23,
    "dma100" : 1423.64,
    "dma200" : 1462.94,
    "volume" : 171443.00
  }, {
    "date" : "2025-07-08",
    "price" : 1424.10,
    "dma50" : 1437.67,
    "dma100" : 1423.81,
    "dma200" : 1462.55,
    "volume" : 314437.00
  }, {
    "date" : "2025-07-09",
    "price" : 1427.00,
    "dma50" : 1437.25,
    "dma100" : 1424.58,
    "dma200" : 1462.20,
    "volume" : 528214.00
  }, {
    "date" : "2025-07-10",
    "price" : 1426.70,
    "dma50" : 1436.84,
    "dma100" : 1426.02,
    "dma200" : 1461.85,
    "volume" : 330145.00
  }, {
    "date" : "2025-07-11",
    "price" : 1408.10,
    "dma50" : 1435.71,
    "dma100" : 1427.41,
    "dma200" : 1461.31,
    "volume" : 298236.00
  }, {
    "date" : "2025-07-14",
    "price" : 1403.50,
    "dma50" : 1434.45,
    "dma100" : 1428.89,
    "dma200" : 1460.74,
    "volume" : 401309.00
  }, {
    "date" : "2025-07-15",
    "price" : 1391.60,
    "dma50" : 1432.77,
    "dma100" : 1430.43,
    "dma200" : 1460.05,
    "volume" : 263325.00
  }, {
    "date" : "2025-07-16",
    "price" : 1394.10,
    "dma50" : 1431.25,
    "dma100" : 1431.98,
    "dma200" : 1459.39,
    "volume" : 312548.00
  }, {
    "date" : "2025-07-17",
    "price" : 1385.80,
    "dma50" : 1429.47,
    "dma100" : 1433.48,
    "dma200" : 1458.66,
    "volume" : 294480.00
  }, {
    "date" : "2025-07-18",
    "price" : 1368.60,
    "dma50" : 1427.08,
    "dma100" : 1434.58,
    "dma200" : 1457.76,
    "volume" : 342785.00
  }, {
    "date" : "2025-07-21",
    "price" : 1367.60,
    "dma50" : 1424.75,
    "dma100" : 1435.66,
    "dma200" : 1456.87,
    "volume" : 276531.00
  }, {
    "date" : "2025-07-22",
    "price" : 1342.80,
    "dma50" : 1421.54,
    "dma100" : 1436.19,
    "dma200" : 1455.73,
    "volume" : 360174.00
  }, {
    "date" : "2025-07-23",
    "price" : 1357.00,
    "dma50" : 1419.01,
    "dma100" : 1436.73,
    "dma200" : 1454.75,
    "volume" : 667744.00
  }, {
    "date" : "2025-07-24",
    "price" : 1356.40,
    "dma50" : 1416.55,
    "dma100" : 1437.07,
    "dma200" : 1453.77,
    "volume" : 265628.00
  }, {
    "date" : "2025-07-25",
    "price" : 1325.50,
    "dma50" : 1412.98,
    "dma100" : 1437.20,
    "dma200" : 1452.49,
    "volume" : 206641.00
  }, {
    "date" : "2025-07-28",
    "price" : 1338.40,
    "dma50" : 1410.05,
    "dma100" : 1437.95,
    "dma200" : 1451.36,
    "volume" : 225598.00
  }, {
    "date" : "2025-07-29",
    "price" : 1324.90,
    "dma50" : 1406.72,
    "dma100" : 1438.53,
    "dma200" : 1450.10,
    "volume" : 272509.00
  }, {
    "date" : "2025-07-30",
    "price" : 1336.50,
    "dma50" : 1403.96,
    "dma100" : 1439.13,
    "dma200" : 1448.97,
    "volume" : 460236.00
  }, {
    "date" : "2025-07-31",
    "price" : 1310.00,
    "dma50" : 1400.28,
    "dma100" : 1439.12,
    "dma200" : 1447.59,
    "volume" : 363972.00
  }, {
    "date" : "2025-08-01",
    "price" : 1288.20,
    "dma50" : 1395.88,
    "dma100" : 1438.73,
    "dma200" : 1446.00,
    "volume" : 236198.00
  }, {
    "date" : "2025-08-04",
    "price" : 1312.10,
    "dma50" : 1392.60,
    "dma100" : 1438.53,
    "dma200" : 1444.67,
    "volume" : 261277.00
  }, {
    "date" : "2025-08-05",
    "price" : 1313.60,
    "dma50" : 1389.50,
    "dma100" : 1438.17,
    "dma200" : 1443.37,
    "volume" : 708391.00
  }, {
    "date" : "2025-08-06",
    "price" : 1319.90,
    "dma50" : 1386.77,
    "dma100" : 1438.02,
    "dma200" : 1442.14,
    "volume" : 982257.00
  }, {
    "date" : "2025-08-07",
    "price" : 1357.50,
    "dma50" : 1385.62,
    "dma100" : 1438.44,
    "dma200" : 1441.29,
    "volume" : 618331.00
  }, {
    "date" : "2025-08-08",
    "price" : 1335.80,
    "dma50" : 1383.67,
    "dma100" : 1438.88,
    "dma200" : 1440.25,
    "volume" : 452796.00
  }, {
    "date" : "2025-08-11",
    "price" : 1345.00,
    "dma50" : 1382.15,
    "dma100" : 1439.23,
    "dma200" : 1439.30,
    "volume" : 336208.00
  }, {
    "date" : "2025-08-12",
    "price" : 1358.10,
    "dma50" : 1381.21,
    "dma100" : 1439.05,
    "dma200" : 1438.49,
    "volume" : 220985.00
  }, {
    "date" : "2025-08-13",
    "price" : 1362.10,
    "dma50" : 1380.46,
    "dma100" : 1438.26,
    "dma200" : 1437.73,
    "volume" : 242644.00
  }, {
    "date" : "2025-08-14",
    "price" : 1329.60,
    "dma50" : 1378.46,
    "dma100" : 1436.87,
    "dma200" : 1436.65,
    "volume" : 782788.00
  }, {
    "date" : "2025-08-18",
    "price" : 1301.60,
    "dma50" : 1375.45,
    "dma100" : 1434.90,
    "dma200" : 1435.31,
    "volume" : 388959.00
  }, {
    "date" : "2025-08-19",
    "price" : 1297.40,
    "dma50" : 1372.39,
    "dma100" : 1432.58,
    "dma200" : 1433.94,
    "volume" : 927080.00
  }, {
    "date" : "2025-08-20",
    "price" : 1285.30,
    "dma50" : 1368.97,
    "dma100" : 1430.51,
    "dma200" : 1432.46,
    "volume" : 817273.00
  }, {
    "date" : "2025-08-21",
    "price" : 1291.80,
    "dma50" : 1365.95,
    "dma100" : 1428.43,
    "dma200" : 1431.06,
    "volume" : 1339903.00
  }, {
    "date" : "2025-08-22",
    "price" : 1282.00,
    "dma50" : 1362.66,
    "dma100" : 1426.23,
    "dma200" : 1429.58,
    "volume" : 362617.00
  }, {
    "date" : "2025-08-25",
    "price" : 1282.50,
    "dma50" : 1359.51,
    "dma100" : 1424.19,
    "dma200" : 1428.11,
    "volume" : 370972.00
  }, {
    "date" : "2025-08-26",
    "price" : 1270.20,
    "dma50" : 1356.01,
    "dma100" : 1421.88,
    "dma200" : 1426.54,
    "volume" : 726151.00
  }, {
    "date" : "2025-08-28",
    "price" : 1248.30,
    "dma50" : 1351.79,
    "dma100" : 1419.27,
    "dma200" : 1424.77,
    "volume" : 627256.00
  }, {
    "date" : "2025-08-29",
    "price" : 1227.30,
    "dma50" : 1346.90,
    "dma100" : 1416.02,
    "dma200" : 1422.80,
    "volume" : 440526.00
  }, {
    "date" : "2025-09-01",
    "price" : 1262.00,
    "dma50" : 1343.57,
    "dma100" : 1413.27,
    "dma200" : 1421.20,
    "volume" : 3880273.00
  }, {
    "date" : "2025-09-02",
    "price" : 1304.60,
    "dma50" : 1342.05,
    "dma100" : 1411.35,
    "dma200" : 1420.04,
    "volume" : 756713.00
  }, {
    "date" : "2025-09-03",
    "price" : 1314.20,
    "dma50" : 1340.95,
    "dma100" : 1409.40,
    "dma200" : 1418.99,
    "volume" : 373018.00
  }, {
    "date" : "2025-09-04",
    "price" : 1294.90,
    "dma50" : 1339.15,
    "dma100" : 1407.04,
    "dma200" : 1417.75,
    "volume" : 211860.00
  }, {
    "date" : "2025-09-05",
    "price" : 1262.90,
    "dma50" : 1336.16,
    "dma100" : 1404.04,
    "dma200" : 1416.21,
    "volume" : 388569.00
  }, {
    "date" : "2025-09-08",
    "price" : 1259.80,
    "dma50" : 1333.16,
    "dma100" : 1400.41,
    "dma200" : 1414.66,
    "volume" : 267539.00
  }, {
    "date" : "2025-09-09",
    "price" : 1243.90,
    "dma50" : 1329.66,
    "dma100" : 1396.79,
    "dma200" : 1412.96,
    "volume" : 574374.00
  }, {
    "date" : "2025-09-10",
    "price" : 1262.90,
    "dma50" : 1327.04,
    "dma100" : 1393.51,
    "dma200" : 1411.47,
    "volume" : 767794.00
  }, {
    "date" : "2025-09-11",
    "price" : 1268.30,
    "dma50" : 1324.74,
    "dma100" : 1390.27,
    "dma200" : 1410.04,
    "volume" : 790165.00
  }, {
    "date" : "2025-09-12",
    "price" : 1267.80,
    "dma50" : 1322.51,
    "dma100" : 1387.05,
    "dma200" : 1408.63,
    "volume" : 518495.00
  }, {
    "date" : "2025-09-15",
    "price" : 1267.30,
    "dma50" : 1320.34,
    "dma100" : 1383.63,
    "dma200" : 1407.22,
    "volume" : 292746.00
  }, {
    "date" : "2025-09-16",
    "price" : 1261.90,
    "dma50" : 1318.05,
    "dma100" : 1380.24,
    "dma200" : 1405.77,
    "volume" : 698070.00
  }, {
    "date" : "2025-09-17",
    "price" : 1265.60,
    "dma50" : 1315.99,
    "dma100" : 1377.51,
    "dma200" : 1404.38,
    "volume" : 331398.00
  }, {
    "date" : "2025-09-18",
    "price" : 1284.50,
    "dma50" : 1314.76,
    "dma100" : 1374.79,
    "dma200" : 1403.19,
    "volume" : 862387.00
  }, {
    "date" : "2025-09-19",
    "price" : 1264.50,
    "dma50" : 1312.79,
    "dma100" : 1371.89,
    "dma200" : 1401.81,
    "volume" : 923182.00
  }, {
    "date" : "2025-09-22",
    "price" : 1268.60,
    "dma50" : 1311.06,
    "dma100" : 1369.18,
    "dma200" : 1400.48,
    "volume" : 402448.00
  }, {
    "date" : "2025-09-23",
    "price" : 1279.30,
    "dma50" : 1309.81,
    "dma100" : 1367.07,
    "dma200" : 1399.27,
    "volume" : 518483.00
  }, {
    "date" : "2025-09-24",
    "price" : 1264.30,
    "dma50" : 1308.03,
    "dma100" : 1364.93,
    "dma200" : 1397.93,
    "volume" : 499206.00
  }, {
    "date" : "2025-09-25",
    "price" : 1254.50,
    "dma50" : 1305.93,
    "dma100" : 1362.86,
    "dma200" : 1396.50,
    "volume" : 368402.00
  }, {
    "date" : "2025-09-26",
    "price" : 1233.30,
    "dma50" : 1303.08,
    "dma100" : 1360.17,
    "dma200" : 1394.88,
    "volume" : 332689.00
  }, {
    "date" : "2025-09-29",
    "price" : 1224.20,
    "dma50" : 1299.98,
    "dma100" : 1358.21,
    "dma200" : 1393.18,
    "volume" : 387429.00
  }, {
    "date" : "2025-09-30",
    "price" : 1218.90,
    "dma50" : 1296.81,
    "dma100" : 1356.68,
    "dma200" : 1391.45,
    "volume" : 341858.00
  }, {
    "date" : "2025-10-01",
    "price" : 1216.00,
    "dma50" : 1293.64,
    "dma100" : 1354.19,
    "dma200" : 1389.70,
    "volume" : 352532.00
  }, {
    "date" : "2025-10-03",
    "price" : 1221.10,
    "dma50" : 1290.79,
    "dma100" : 1352.13,
    "dma200" : 1388.02,
    "volume" : 502800.00
  }, {
    "date" : "2025-10-06",
    "price" : 1200.00,
    "dma50" : 1287.23,
    "dma100" : 1349.64,
    "dma200" : 1386.15,
    "volume" : 2770048.00
  }, {
    "date" : "2025-10-07",
    "price" : 1240.00,
    "dma50" : 1285.38,
    "dma100" : 1347.71,
    "dma200" : 1384.70,
    "volume" : 825142.00
  }, {
    "date" : "2025-10-08",
    "price" : 1225.00,
    "dma50" : 1283.01,
    "dma100" : 1345.53,
    "dma200" : 1383.11,
    "volume" : 419335.00
  }, {
    "date" : "2025-10-09",
    "price" : 1240.50,
    "dma50" : 1281.34,
    "dma100" : 1343.69,
    "dma200" : 1381.69,
    "volume" : 244957.00
  }, {
    "date" : "2025-10-10",
    "price" : 1239.30,
    "dma50" : 1279.70,
    "dma100" : 1342.18,
    "dma200" : 1380.27,
    "volume" : 171438.00
  }, {
    "date" : "2025-10-13",
    "price" : 1283.60,
    "dma50" : 1279.85,
    "dma100" : 1341.03,
    "dma200" : 1379.31,
    "volume" : 1137207.00
  }, {
    "date" : "2025-10-14",
    "price" : 1294.80,
    "dma50" : 1280.43,
    "dma100" : 1340.03,
    "dma200" : 1378.47,
    "volume" : 943361.00
  }, {
    "date" : "2025-10-15",
    "price" : 1309.70,
    "dma50" : 1281.58,
    "dma100" : 1339.11,
    "dma200" : 1377.79,
    "volume" : 842530.00
  }, {
    "date" : "2025-10-16",
    "price" : 1337.60,
    "dma50" : 1283.78,
    "dma100" : 1338.23,
    "dma200" : 1377.39,
    "volume" : 1006637.00
  }, {
    "date" : "2025-10-17",
    "price" : 1311.80,
    "dma50" : 1284.88,
    "dma100" : 1337.09,
    "dma200" : 1376.73,
    "volume" : 328034.00
  }, {
    "date" : "2025-10-20",
    "price" : 1304.20,
    "dma50" : 1285.64,
    "dma100" : 1336.17,
    "dma200" : 1376.01,
    "volume" : 148773.00
  }, {
    "date" : "2025-10-21",
    "price" : 1319.20,
    "dma50" : 1286.95,
    "dma100" : 1335.36,
    "dma200" : 1375.45,
    "volume" : 97185.00
  }, {
    "date" : "2025-10-23",
    "price" : 1328.40,
    "dma50" : 1288.58,
    "dma100" : 1334.90,
    "dma200" : 1374.98,
    "volume" : 881956.00
  }, {
    "date" : "2025-10-24",
    "price" : 1325.80,
    "dma50" : 1290.04,
    "dma100" : 1334.19,
    "dma200" : 1374.49,
    "volume" : 371008.00
  }, {
    "date" : "2025-10-27",
    "price" : 1321.70,
    "dma50" : 1291.28,
    "dma100" : 1333.38,
    "dma200" : 1373.96,
    "volume" : 175902.00
  }, {
    "date" : "2025-10-28",
    "price" : 1277.20,
    "dma50" : 1290.73,
    "dma100" : 1331.96,
    "dma200" : 1373.00,
    "volume" : 980226.00
  }, {
    "date" : "2025-10-29",
    "price" : 1313.60,
    "dma50" : 1291.62,
    "dma100" : 1330.99,
    "dma200" : 1372.41,
    "volume" : 535619.00
  }, {
    "date" : "2025-10-30",
    "price" : 1316.00,
    "dma50" : 1292.58,
    "dma100" : 1330.07,
    "dma200" : 1371.85,
    "volume" : 180811.00
  }, {
    "date" : "2025-10-31",
    "price" : 1316.50,
    "dma50" : 1293.52,
    "dma100" : 1329.16,
    "dma200" : 1371.30,
    "volume" : 282747.00
  }, {
    "date" : "2025-11-03",
    "price" : 1344.80,
    "dma50" : 1295.53,
    "dma100" : 1328.10,
    "dma200" : 1371.04,
    "volume" : 879942.00
  }, {
    "date" : "2025-11-04",
    "price" : 1304.30,
    "dma50" : 1295.87,
    "dma100" : 1326.81,
    "dma200" : 1370.37,
    "volume" : 403365.00
  }, {
    "date" : "2025-11-06",
    "price" : 1273.20,
    "dma50" : 1294.98,
    "dma100" : 1325.56,
    "dma200" : 1369.40,
    "volume" : 689056.00
  }, {
    "date" : "2025-11-07",
    "price" : 1281.20,
    "dma50" : 1294.44,
    "dma100" : 1324.23,
    "dma200" : 1368.53,
    "volume" : 220636.00
  }, {
    "date" : "2025-11-10",
    "price" : 1312.20,
    "dma50" : 1295.14,
    "dma100" : 1323.14,
    "dma200" : 1367.97,
    "volume" : 556741.00
  }, {
    "date" : "2025-11-11",
    "price" : 1336.80,
    "dma50" : 1296.77,
    "dma100" : 1322.44,
    "dma200" : 1367.66,
    "volume" : 546343.00
  }, {
    "date" : "2025-11-12",
    "price" : 1292.80,
    "dma50" : 1296.62,
    "dma100" : 1321.50,
    "dma200" : 1366.91,
    "volume" : 2565990.00
  }, {
    "date" : "2025-11-13",
    "price" : 1293.60,
    "dma50" : 1296.50,
    "dma100" : 1320.76,
    "dma200" : 1366.18,
    "volume" : 485979.00
  }, {
    "date" : "2025-11-14",
    "price" : 1301.00,
    "dma50" : 1296.68,
    "dma100" : 1319.87,
    "dma200" : 1365.53,
    "volume" : 439543.00
  }, {
    "date" : "2025-11-17",
    "price" : 1310.00,
    "dma50" : 1297.20,
    "dma100" : 1318.81,
    "dma200" : 1364.98,
    "volume" : 438504.00
  }, {
    "date" : "2025-11-18",
    "price" : 1313.10,
    "dma50" : 1297.82,
    "dma100" : 1317.43,
    "dma200" : 1364.46,
    "volume" : 303449.00
  }, {
    "date" : "2025-11-19",
    "price" : 1300.80,
    "dma50" : 1297.94,
    "dma100" : 1315.81,
    "dma200" : 1363.83,
    "volume" : 322075.00
  }, {
    "date" : "2025-11-20",
    "price" : 1313.90,
    "dma50" : 1298.56,
    "dma100" : 1314.35,
    "dma200" : 1363.33,
    "volume" : 284026.00
  }, {
    "date" : "2025-11-21",
    "price" : 1291.40,
    "dma50" : 1298.28,
    "dma100" : 1312.53,
    "dma200" : 1362.62,
    "volume" : 323441.00
  }, {
    "date" : "2025-11-24",
    "price" : 1302.30,
    "dma50" : 1298.44,
    "dma100" : 1310.88,
    "dma200" : 1362.02,
    "volume" : 1068684.00
  }, {
    "date" : "2025-11-25",
    "price" : 1293.00,
    "dma50" : 1298.23,
    "dma100" : 1309.24,
    "dma200" : 1361.33,
    "volume" : 231728.00
  }, {
    "date" : "2025-11-26",
    "price" : 1316.10,
    "dma50" : 1298.93,
    "dma100" : 1307.71,
    "dma200" : 1360.88,
    "volume" : 296872.00
  }, {
    "date" : "2025-11-27",
    "price" : 1312.90,
    "dma50" : 1299.48,
    "dma100" : 1306.41,
    "dma200" : 1360.40,
    "volume" : 143974.00
  }, {
    "date" : "2025-11-28",
    "price" : 1314.50,
    "dma50" : 1300.07,
    "dma100" : 1305.16,
    "dma200" : 1359.95,
    "volume" : 210304.00
  }, {
    "date" : "2025-12-01",
    "price" : 1307.40,
    "dma50" : 1300.35,
    "dma100" : 1303.82,
    "dma200" : 1359.42,
    "volume" : 189028.00
  }, {
    "date" : "2025-12-02",
    "price" : 1313.30,
    "dma50" : 1300.86,
    "dma100" : 1302.72,
    "dma200" : 1358.97,
    "volume" : 231489.00
  }, {
    "date" : "2025-12-03",
    "price" : 1302.20,
    "dma50" : 1300.91,
    "dma100" : 1301.47,
    "dma200" : 1358.40,
    "volume" : 243151.00
  }, {
    "date" : "2025-12-04",
    "price" : 1299.70,
    "dma50" : 1300.87,
    "dma100" : 1300.20,
    "dma200" : 1357.82,
    "volume" : 348032.00
  }, {
    "date" : "2025-12-05",
    "price" : 1289.90,
    "dma50" : 1300.44,
    "dma100" : 1299.02,
    "dma200" : 1357.14,
    "volume" : 528749.00
  }, {
    "date" : "2025-12-08",
    "price" : 1255.10,
    "dma50" : 1298.66,
    "dma100" : 1297.53,
    "dma200" : 1356.13,
    "volume" : 324498.00
  }, {
    "date" : "2025-12-09",
    "price" : 1259.00,
    "dma50" : 1297.10,
    "dma100" : 1296.21,
    "dma200" : 1355.16,
    "volume" : 254962.00
  }, {
    "date" : "2025-12-10",
    "price" : 1267.00,
    "dma50" : 1295.92,
    "dma100" : 1294.93,
    "dma200" : 1354.28,
    "volume" : 137773.00
  }, {
    "date" : "2025-12-11",
    "price" : 1282.70,
    "dma50" : 1295.40,
    "dma100" : 1293.90,
    "dma200" : 1353.57,
    "volume" : 321316.00
  }, {
    "date" : "2025-12-12",
    "price" : 1290.80,
    "dma50" : 1295.22,
    "dma100" : 1293.13,
    "dma200" : 1352.94,
    "volume" : 152920.00
  }, {
    "date" : "2025-12-15",
    "price" : 1292.70,
    "dma50" : 1295.12,
    "dma100" : 1292.38,
    "dma200" : 1352.35,
    "volume" : 110981.00
  }, {
    "date" : "2025-12-16",
    "price" : 1281.20,
    "dma50" : 1294.58,
    "dma100" : 1291.76,
    "dma200" : 1351.64,
    "volume" : 479101.00
  }, {
    "date" : "2025-12-17",
    "price" : 1274.50,
    "dma50" : 1293.79,
    "dma100" : 1290.94,
    "dma200" : 1350.87,
    "volume" : 404351.00
  }, {
    "date" : "2025-12-18",
    "price" : 1252.70,
    "dma50" : 1292.18,
    "dma100" : 1289.90,
    "dma200" : 1349.89,
    "volume" : 450275.00
  }, {
    "date" : "2025-12-19",
    "price" : 1279.10,
    "dma50" : 1291.67,
    "dma100" : 1289.43,
    "dma200" : 1349.19,
    "volume" : 507123.00
  }, {
    "date" : "2025-12-22",
    "price" : 1287.30,
    "dma50" : 1291.50,
    "dma100" : 1288.92,
    "dma200" : 1348.57,
    "volume" : 296672.00
  }, {
    "date" : "2025-12-23",
    "price" : 1288.70,
    "dma50" : 1291.39,
    "dma100" : 1288.56,
    "dma200" : 1347.98,
    "volume" : 189525.00
  }, {
    "date" : "2025-12-24",
    "price" : 1280.80,
    "dma50" : 1290.97,
    "dma100" : 1288.00,
    "dma200" : 1347.31,
    "volume" : 144893.00
  }, {
    "date" : "2025-12-26",
    "price" : 1299.20,
    "dma50" : 1291.29,
    "dma100" : 1287.90,
    "dma200" : 1346.83,
    "volume" : 264969.00
  }, {
    "date" : "2025-12-29",
    "price" : 1284.30,
    "dma50" : 1291.02,
    "dma100" : 1287.86,
    "dma200" : 1346.21,
    "volume" : 301659.00
  }, {
    "date" : "2025-12-30",
    "price" : 1266.60,
    "dma50" : 1290.06,
    "dma100" : 1287.40,
    "dma200" : 1345.42,
    "volume" : 172336.00
  }, {
    "date" : "2025-12-31",
    "price" : 1306.70,
    "dma50" : 1290.71,
    "dma100" : 1287.33,
    "dma200" : 1345.03,
    "volume" : 252166.00
  }, {
    "date" : "2026-01-01",
    "price" : 1327.00,
    "dma50" : 1292.14,
    "dma100" : 1287.40,
    "dma200" : 1344.85,
    "volume" : 223968.00
  }, {
    "date" : "2026-01-02",
    "price" : 1399.40,
    "dma50" : 1296.34,
    "dma100" : 1287.82,
    "dma200" : 1345.39,
    "volume" : 1905516.00
  }, {
    "date" : "2026-01-05",
    "price" : 1403.80,
    "dma50" : 1300.56,
    "dma100" : 1288.50,
    "dma200" : 1345.98,
    "volume" : 493699.00
  }, {
    "date" : "2026-01-06",
    "price" : 1409.00,
    "dma50" : 1304.81,
    "dma100" : 1289.14,
    "dma200" : 1346.60,
    "volume" : 289638.00
  }, {
    "date" : "2026-01-07",
    "price" : 1396.80,
    "dma50" : 1308.42,
    "dma100" : 1289.53,
    "dma200" : 1347.10,
    "volume" : 210327.00
  }, {
    "date" : "2026-01-08",
    "price" : 1359.70,
    "dma50" : 1310.43,
    "dma100" : 1289.51,
    "dma200" : 1347.23,
    "volume" : 790306.00
  }, {
    "date" : "2026-01-09",
    "price" : 1321.30,
    "dma50" : 1310.85,
    "dma100" : 1289.42,
    "dma200" : 1346.97,
    "volume" : 339803.00
  }, {
    "date" : "2026-01-12",
    "price" : 1351.10,
    "dma50" : 1312.43,
    "dma100" : 1289.92,
    "dma200" : 1347.01,
    "volume" : 298728.00
  }, {
    "date" : "2026-01-13",
    "price" : 1346.50,
    "dma50" : 1313.77,
    "dma100" : 1290.41,
    "dma200" : 1347.01,
    "volume" : 170676.00
  }, {
    "date" : "2026-01-14",
    "price" : 1345.10,
    "dma50" : 1315.00,
    "dma100" : 1291.01,
    "dma200" : 1346.99,
    "volume" : 179800.00
  }, {
    "date" : "2026-01-16",
    "price" : 1357.70,
    "dma50" : 1316.67,
    "dma100" : 1291.67,
    "dma200" : 1347.09,
    "volume" : 344991.00
  }, {
    "date" : "2026-01-19",
    "price" : 1337.40,
    "dma50" : 1317.49,
    "dma100" : 1292.22,
    "dma200" : 1347.00,
    "volume" : 348292.00
  }, {
    "date" : "2026-01-20",
    "price" : 1321.50,
    "dma50" : 1317.64,
    "dma100" : 1292.61,
    "dma200" : 1346.74,
    "volume" : 316850.00
  }, {
    "date" : "2026-01-21",
    "price" : 1300.20,
    "dma50" : 1316.96,
    "dma100" : 1292.91,
    "dma200" : 1346.28,
    "volume" : 352827.00
  }, {
    "date" : "2026-01-22",
    "price" : 1321.40,
    "dma50" : 1317.13,
    "dma100" : 1293.64,
    "dma200" : 1346.03,
    "volume" : 164589.00
  }, {
    "date" : "2026-01-23",
    "price" : 1270.70,
    "dma50" : 1315.31,
    "dma100" : 1294.08,
    "dma200" : 1345.28,
    "volume" : 177440.00
  }, {
    "date" : "2026-01-27",
    "price" : 1309.70,
    "dma50" : 1315.09,
    "dma100" : 1294.55,
    "dma200" : 1344.93,
    "volume" : 393415.00
  }, {
    "date" : "2026-01-28",
    "price" : 1332.90,
    "dma50" : 1315.79,
    "dma100" : 1294.84,
    "dma200" : 1344.81,
    "volume" : 512345.00
  }, {
    "date" : "2026-01-29",
    "price" : 1371.20,
    "dma50" : 1317.96,
    "dma100" : 1295.41,
    "dma200" : 1345.07,
    "volume" : 385127.00
  }, {
    "date" : "2026-01-30",
    "price" : 1387.60,
    "dma50" : 1320.69,
    "dma100" : 1296.33,
    "dma200" : 1345.49,
    "volume" : 566039.00
  } ],
  "latestTechnicalAttributes" : {
    "date" : "2026-01-30",
    "price" : 1387.60,
    "dma50" : 1320.69,
    "dma100" : 1296.33,
    "dma200" : 1345.49,
    "volume" : 566039.00
  },
  "quarterlyResults" : [ {
    "date" : "2006-09-30",
    "sales" : 665.38,
    "salesGrowthYoY" : null,
    "grossProfitMargin" : 30.07,
    "grossProfit" : 200.08,
    "operatingProfitMargin" : 9.89,
    "operatingProfit" : 65.81,
    "netProfitMargin" : 4.71,
    "netProfit" : 31.34
  }, {
    "date" : "2006-12-31",
    "sales" : 633.33,
    "salesGrowthYoY" : null,
    "grossProfitMargin" : 28.33,
    "grossProfit" : 179.42,
    "operatingProfitMargin" : 13.21,
    "operatingProfit" : 83.66,
    "netProfitMargin" : 4.33,
    "netProfit" : 27.42
  }, {
    "date" : "2007-03-31",
    "sales" : 749.63,
    "salesGrowthYoY" : null,
    "grossProfitMargin" : 23.29,
    "grossProfit" : 174.59,
    "operatingProfitMargin" : 9.87,
    "operatingProfit" : 73.99,
    "netProfitMargin" : 5.91,
    "netProfit" : 44.30
  }, {
    "date" : "2007-06-30",
    "sales" : 907.04,
    "salesGrowthYoY" : null,
    "grossProfitMargin" : 22.25,
    "grossProfit" : 201.82,
    "operatingProfitMargin" : 10.38,
    "operatingProfit" : 94.15,
    "netProfitMargin" : 3.97,
    "netProfit" : 36.01
  }, {
    "date" : "2007-09-30",
    "sales" : 920.02,
    "salesGrowthYoY" : 38.27,
    "grossProfitMargin" : 26.74,
    "grossProfit" : 246.01,
    "operatingProfitMargin" : 14.68,
    "operatingProfit" : 135.06,
    "netProfitMargin" : 7.12,
    "netProfit" : 65.51
  }, {
    "date" : "2007-12-31",
    "sales" : 870.52,
    "salesGrowthYoY" : 37.45,
    "grossProfitMargin" : 29.60,
    "grossProfit" : 257.67,
    "operatingProfitMargin" : 13.98,
    "operatingProfit" : 121.70,
    "netProfitMargin" : 6.81,
    "netProfit" : 59.28
  }, {
    "date" : "2008-03-31",
    "sales" : 946.60,
    "salesGrowthYoY" : 26.28,
    "grossProfitMargin" : 27.97,
    "grossProfit" : 264.76,
    "operatingProfitMargin" : 16.44,
    "operatingProfit" : 155.62,
    "netProfitMargin" : 5.33,
    "netProfit" : 50.45
  }, {
    "date" : "2008-06-30",
    "sales" : 1139.57,
    "salesGrowthYoY" : 25.64,
    "grossProfitMargin" : 23.74,
    "grossProfit" : 270.53,
    "operatingProfitMargin" : 14.57,
    "operatingProfit" : 166.04,
    "netProfitMargin" : 4.72,
    "netProfit" : 53.79
  }, {
    "date" : "2008-09-30",
    "sales" : 1152.13,
    "salesGrowthYoY" : 25.23,
    "grossProfitMargin" : 30.45,
    "grossProfit" : 350.82,
    "operatingProfitMargin" : 19.81,
    "operatingProfit" : 228.24,
    "netProfitMargin" : 9.33,
    "netProfit" : 107.49
  }, {
    "date" : "2008-12-31",
    "sales" : 1081.46,
    "salesGrowthYoY" : 24.23,
    "grossProfitMargin" : 29.42,
    "grossProfit" : 318.17,
    "operatingProfitMargin" : 18.06,
    "operatingProfit" : 195.31,
    "netProfitMargin" : 9.42,
    "netProfit" : 101.87
  }, {
    "date" : "2009-03-31",
    "sales" : 1051.80,
    "salesGrowthYoY" : 11.11,
    "grossProfitMargin" : 28.53,
    "grossProfit" : 300.08,
    "operatingProfitMargin" : 18.38,
    "operatingProfit" : 193.32,
    "netProfitMargin" : 13.75,
    "netProfit" : 144.62
  }, {
    "date" : "2009-06-30",
    "sales" : 1252.47,
    "salesGrowthYoY" : 9.91,
    "grossProfitMargin" : 27.18,
    "grossProfit" : 340.42,
    "operatingProfitMargin" : 16.92,
    "operatingProfit" : 211.92,
    "netProfitMargin" : 7.46,
    "netProfit" : 93.43
  }, {
    "date" : "2009-09-30",
    "sales" : 1450.65,
    "salesGrowthYoY" : 25.91,
    "grossProfitMargin" : 43.34,
    "grossProfit" : 628.71,
    "operatingProfitMargin" : 31.84,
    "operatingProfit" : 461.89,
    "netProfitMargin" : 14.45,
    "netProfit" : 209.62
  }, {
    "date" : "2009-12-31",
    "sales" : 1488.86,
    "salesGrowthYoY" : 37.67,
    "grossProfitMargin" : 47.74,
    "grossProfit" : 710.78,
    "operatingProfitMargin" : 34.74,
    "operatingProfit" : 517.23,
    "netProfitMargin" : 16.49,
    "netProfit" : 245.51
  }, {
    "date" : "2010-03-31",
    "sales" : 1717.41,
    "salesGrowthYoY" : 63.28,
    "grossProfitMargin" : 54.83,
    "grossProfit" : 941.66,
    "operatingProfitMargin" : 34.80,
    "operatingProfit" : 597.66,
    "netProfitMargin" : 16.77,
    "netProfit" : 288.01
  }, {
    "date" : "2010-06-30",
    "sales" : 1824.59,
    "salesGrowthYoY" : 45.68,
    "grossProfitMargin" : 45.44,
    "grossProfit" : 829.09,
    "operatingProfitMargin" : 32.55,
    "operatingProfit" : 593.90,
    "netProfitMargin" : 16.68,
    "netProfit" : 304.34
  }, {
    "date" : "2010-09-30",
    "sales" : 1728.18,
    "salesGrowthYoY" : 19.13,
    "grossProfitMargin" : 42.74,
    "grossProfit" : 738.62,
    "operatingProfitMargin" : 28.81,
    "operatingProfit" : 497.89,
    "netProfitMargin" : 12.88,
    "netProfit" : 222.59
  }, {
    "date" : "2010-12-31",
    "sales" : 1559.42,
    "salesGrowthYoY" : 4.74,
    "grossProfitMargin" : 44.57,
    "grossProfit" : 695.03,
    "operatingProfitMargin" : 27.37,
    "operatingProfit" : 426.81,
    "netProfitMargin" : 12.77,
    "netProfit" : 199.14
  }, {
    "date" : "2011-03-31",
    "sales" : 1713.42,
    "salesGrowthYoY" : -0.23,
    "grossProfitMargin" : 43.99,
    "grossProfit" : 753.73,
    "operatingProfitMargin" : 30.78,
    "operatingProfit" : 527.39,
    "netProfitMargin" : 19.82,
    "netProfit" : 339.60
  }, {
    "date" : "2011-06-30",
    "sales" : 2069.52,
    "salesGrowthYoY" : 13.42,
    "grossProfitMargin" : 43.31,
    "grossProfit" : 896.31,
    "operatingProfitMargin" : 31.27,
    "operatingProfit" : 647.14,
    "netProfitMargin" : 16.85,
    "netProfit" : 348.71
  }, {
    "date" : "2011-09-30",
    "sales" : 1994.47,
    "salesGrowthYoY" : 15.41,
    "grossProfitMargin" : 41.07,
    "grossProfit" : 819.13,
    "operatingProfitMargin" : 28.07,
    "operatingProfit" : 559.85,
    "netProfitMargin" : 14.64,
    "netProfit" : 291.99
  }, {
    "date" : "2011-12-31",
    "sales" : 1877.25,
    "salesGrowthYoY" : 20.38,
    "grossProfitMargin" : 37.11,
    "grossProfit" : 696.65,
    "operatingProfitMargin" : 23.93,
    "operatingProfit" : 449.23,
    "netProfitMargin" : 11.25,
    "netProfit" : 211.19
  }, {
    "date" : "2012-03-31",
    "sales" : 1979.57,
    "salesGrowthYoY" : 15.53,
    "grossProfitMargin" : 40.35,
    "grossProfit" : 798.76,
    "operatingProfitMargin" : 30.42,
    "operatingProfit" : 602.19,
    "netProfitMargin" : 19.47,
    "netProfit" : 385.42
  }, {
    "date" : "2012-06-30",
    "sales" : 2108.43,
    "salesGrowthYoY" : 1.88,
    "grossProfitMargin" : 69.40,
    "grossProfit" : 1463.25,
    "operatingProfitMargin" : 15.62,
    "operatingProfit" : 329.34,
    "netProfitMargin" : 4.95,
    "netProfit" : 104.37
  }, {
    "date" : "2012-09-30",
    "sales" : 2199.60,
    "salesGrowthYoY" : 10.28,
    "grossProfitMargin" : 69.66,
    "grossProfit" : 1532.24,
    "operatingProfitMargin" : 18.70,
    "operatingProfit" : 411.33,
    "netProfitMargin" : 7.33,
    "netProfit" : 161.23
  }, {
    "date" : "2012-12-31",
    "sales" : 1881.69,
    "salesGrowthYoY" : 0.24,
    "grossProfitMargin" : 29.81,
    "grossProfit" : 560.93,
    "operatingProfitMargin" : 17.11,
    "operatingProfit" : 321.96,
    "netProfitMargin" : 5.04,
    "netProfit" : 94.84
  }, {
    "date" : "2013-03-31",
    "sales" : 1940.15,
    "salesGrowthYoY" : -1.99,
    "grossProfitMargin" : 28.66,
    "grossProfit" : 556.05,
    "operatingProfitMargin" : 12.19,
    "operatingProfit" : 236.50,
    "netProfitMargin" : 1.27,
    "netProfit" : 24.64
  }, {
    "date" : "2013-06-30",
    "sales" : 2174.98,
    "salesGrowthYoY" : 3.16,
    "grossProfitMargin" : 21.36,
    "grossProfit" : 464.58,
    "operatingProfitMargin" : 9.73,
    "operatingProfit" : 211.63,
    "netProfitMargin" : -0.46,
    "netProfit" : -10.00
  }, {
    "date" : "2013-09-30",
    "sales" : 2241.77,
    "salesGrowthYoY" : 1.92,
    "grossProfitMargin" : 26.74,
    "grossProfit" : 599.45,
    "operatingProfitMargin" : 13.98,
    "operatingProfit" : 313.40,
    "netProfitMargin" : -1.16,
    "netProfit" : -26.00
  }, {
    "date" : "2013-12-31",
    "sales" : 1977.88,
    "salesGrowthYoY" : 5.11,
    "grossProfitMargin" : 27.66,
    "grossProfit" : 547.08,
    "operatingProfitMargin" : 13.09,
    "operatingProfit" : 258.90,
    "netProfitMargin" : -2.12,
    "netProfit" : -41.93
  }, {
    "date" : "2014-03-31",
    "sales" : 2180.99,
    "salesGrowthYoY" : 12.41,
    "grossProfitMargin" : 31.63,
    "grossProfit" : 689.85,
    "operatingProfitMargin" : 19.83,
    "operatingProfit" : 432.49,
    "netProfitMargin" : 7.93,
    "netProfit" : 172.95
  }, {
    "date" : "2014-06-30",
    "sales" : 2531.68,
    "salesGrowthYoY" : 16.40,
    "grossProfitMargin" : 25.57,
    "grossProfit" : 647.35,
    "operatingProfitMargin" : 15.80,
    "operatingProfit" : 400.01,
    "netProfitMargin" : 3.17,
    "netProfit" : 80.25
  }, {
    "date" : "2014-09-30",
    "sales" : 2669.18,
    "salesGrowthYoY" : 19.07,
    "grossProfitMargin" : 25.49,
    "grossProfit" : 680.37,
    "operatingProfitMargin" : 14.72,
    "operatingProfit" : 392.90,
    "netProfitMargin" : 2.72,
    "netProfit" : 72.60
  }, {
    "date" : "2014-12-31",
    "sales" : 2501.81,
    "salesGrowthYoY" : 26.49,
    "grossProfitMargin" : 32.65,
    "grossProfit" : 816.84,
    "operatingProfitMargin" : 22.49,
    "operatingProfit" : 562.66,
    "netProfitMargin" : 9.41,
    "netProfit" : 235.42
  }, {
    "date" : "2015-03-31",
    "sales" : 2544.75,
    "salesGrowthYoY" : 16.68,
    "grossProfitMargin" : 37.90,
    "grossProfit" : 964.46,
    "operatingProfitMargin" : 26.76,
    "operatingProfit" : 680.98,
    "netProfitMargin" : 14.32,
    "netProfit" : 364.41
  }, {
    "date" : "2015-06-30",
    "sales" : 3058.38,
    "salesGrowthYoY" : 20.80,
    "grossProfitMargin" : 33.47,
    "grossProfit" : 1023.64,
    "operatingProfitMargin" : 24.35,
    "operatingProfit" : 744.72,
    "netProfitMargin" : 6.78,
    "netProfit" : 207.36
  }, {
    "date" : "2015-09-30",
    "sales" : 3099.11,
    "salesGrowthYoY" : 16.11,
    "grossProfitMargin" : 34.94,
    "grossProfit" : 1082.83,
    "operatingProfitMargin" : 24.56,
    "operatingProfit" : 761.14,
    "netProfitMargin" : 7.71,
    "netProfit" : 238.94
  }, {
    "date" : "2015-12-31",
    "sales" : 3018.11,
    "salesGrowthYoY" : 20.64,
    "grossProfitMargin" : 40.28,
    "grossProfit" : 1215.69,
    "operatingProfitMargin" : 31.19,
    "operatingProfit" : 941.35,
    "netProfitMargin" : 12.07,
    "netProfit" : 364.29
  }, {
    "date" : "2016-03-31",
    "sales" : 2477.26,
    "salesGrowthYoY" : -2.65,
    "grossProfitMargin" : 35.75,
    "grossProfit" : 885.62,
    "operatingProfitMargin" : 21.33,
    "operatingProfit" : 528.40,
    "netProfitMargin" : 2.89,
    "netProfit" : 71.59
  }, {
    "date" : "2016-06-30",
    "sales" : 2583.67,
    "salesGrowthYoY" : -15.52,
    "grossProfitMargin" : 31.70,
    "grossProfit" : 819.02,
    "operatingProfitMargin" : 19.67,
    "operatingProfit" : 508.21,
    "netProfitMargin" : 1.69,
    "netProfit" : 43.66
  }, {
    "date" : "2016-09-30",
    "sales" : 2675.69,
    "salesGrowthYoY" : -13.66,
    "grossProfitMargin" : 36.47,
    "grossProfit" : 975.82,
    "operatingProfitMargin" : 24.56,
    "operatingProfit" : 657.15,
    "netProfitMargin" : 5.53,
    "netProfit" : 147.97
  }, {
    "date" : "2016-12-31",
    "sales" : 2314.42,
    "salesGrowthYoY" : -23.32,
    "grossProfitMargin" : 37.67,
    "grossProfit" : 871.84,
    "operatingProfitMargin" : 24.88,
    "operatingProfit" : 575.83,
    "netProfitMargin" : 4.59,
    "netProfit" : 106.23
  }, {
    "date" : "2017-03-31",
    "sales" : 2421.07,
    "salesGrowthYoY" : -2.27,
    "grossProfitMargin" : 40.29,
    "grossProfit" : 975.45,
    "operatingProfitMargin" : 28.35,
    "operatingProfit" : 686.37,
    "netProfitMargin" : 5.56,
    "netProfit" : 134.61
  }, {
    "date" : "2017-06-30",
    "sales" : 3032.19,
    "salesGrowthYoY" : 17.36,
    "grossProfitMargin" : 37.08,
    "grossProfit" : 1124.34,
    "operatingProfitMargin" : 25.84,
    "operatingProfit" : 783.52,
    "netProfitMargin" : 6.53,
    "netProfit" : 198.00
  }, {
    "date" : "2017-09-30",
    "sales" : 2882.27,
    "salesGrowthYoY" : 7.72,
    "grossProfitMargin" : 39.38,
    "grossProfit" : 1135.04,
    "operatingProfitMargin" : 28.18,
    "operatingProfit" : 812.22,
    "netProfitMargin" : 10.67,
    "netProfit" : 307.54
  }, {
    "date" : "2017-12-31",
    "sales" : 2736.30,
    "salesGrowthYoY" : 18.23,
    "grossProfitMargin" : 39.68,
    "grossProfit" : 1085.76,
    "operatingProfitMargin" : 28.63,
    "operatingProfit" : 783.40,
    "netProfitMargin" : 7.35,
    "netProfit" : 201.12
  }, {
    "date" : "2018-03-31",
    "sales" : 2798.10,
    "salesGrowthYoY" : 15.57,
    "grossProfitMargin" : 37.41,
    "grossProfit" : 1046.77,
    "operatingProfitMargin" : 24.28,
    "operatingProfit" : 679.38,
    "netProfitMargin" : 7.69,
    "netProfit" : 215.17
  }, {
    "date" : "2018-06-30",
    "sales" : 3485.13,
    "salesGrowthYoY" : 14.94,
    "grossProfitMargin" : 30.18,
    "grossProfit" : 1051.81,
    "operatingProfitMargin" : 20.91,
    "operatingProfit" : 728.74,
    "netProfitMargin" : 6.34,
    "netProfit" : 220.96
  }, {
    "date" : "2018-09-30",
    "sales" : 3381.34,
    "salesGrowthYoY" : 17.32,
    "grossProfitMargin" : 37.01,
    "grossProfit" : 1251.43,
    "operatingProfitMargin" : 27.46,
    "operatingProfit" : 928.52,
    "netProfitMargin" : 11.89,
    "netProfit" : 402.04
  }, {
    "date" : "2018-12-31",
    "sales" : 3217.84,
    "salesGrowthYoY" : 17.60,
    "grossProfitMargin" : 31.48,
    "grossProfit" : 1012.98,
    "operatingProfitMargin" : 21.85,
    "operatingProfit" : 703.10,
    "netProfitMargin" : 7.44,
    "netProfit" : 239.41
  }, {
    "date" : "2019-03-31",
    "sales" : 2893.21,
    "salesGrowthYoY" : 3.40,
    "grossProfitMargin" : 36.48,
    "grossProfit" : 1055.44,
    "operatingProfitMargin" : 23.55,
    "operatingProfit" : 681.35,
    "netProfitMargin" : 0.92,
    "netProfit" : 26.62
  }, {
    "date" : "2019-06-30",
    "sales" : 3686.48,
    "salesGrowthYoY" : 5.78,
    "grossProfitMargin" : 31.33,
    "grossProfit" : 1154.97,
    "operatingProfitMargin" : 21.34,
    "operatingProfit" : 786.69,
    "netProfitMargin" : 7.49,
    "netProfit" : 276.12
  }, {
    "date" : "2019-09-30",
    "sales" : 3776.53,
    "salesGrowthYoY" : 11.69,
    "grossProfitMargin" : 40.45,
    "grossProfit" : 1527.61,
    "operatingProfitMargin" : 26.26,
    "operatingProfit" : 991.72,
    "netProfitMargin" : 19.69,
    "netProfit" : 743.60
  }, {
    "date" : "2019-12-31",
    "sales" : 3048.34,
    "salesGrowthYoY" : -5.27,
    "grossProfitMargin" : 39.40,
    "grossProfit" : 1201.05,
    "operatingProfitMargin" : 26.67,
    "operatingProfit" : 812.99,
    "netProfitMargin" : 14.45,
    "netProfit" : 440.49
  }, {
    "date" : "2020-03-31",
    "sales" : 2930.69,
    "salesGrowthYoY" : 1.30,
    "grossProfitMargin" : 44.12,
    "grossProfit" : 1293.02,
    "operatingProfitMargin" : 28.37,
    "operatingProfit" : 831.44,
    "netProfitMargin" : 24.05,
    "netProfit" : 704.83
  }, {
    "date" : "2020-06-30",
    "sales" : 2903.40,
    "salesGrowthYoY" : -21.24,
    "grossProfitMargin" : 44.73,
    "grossProfit" : 1298.69,
    "operatingProfitMargin" : 31.26,
    "operatingProfit" : 907.60,
    "netProfitMargin" : 12.68,
    "netProfit" : 368.15
  }, {
    "date" : "2020-09-30",
    "sales" : 3011.82,
    "salesGrowthYoY" : -20.25,
    "grossProfitMargin" : 38.02,
    "grossProfit" : 1145.09,
    "operatingProfitMargin" : 21.27,
    "operatingProfit" : 640.61,
    "netProfitMargin" : 6.51,
    "netProfit" : 196.07
  }, {
    "date" : "2020-12-31",
    "sales" : 2866.88,
    "salesGrowthYoY" : -5.95,
    "grossProfitMargin" : 39.08,
    "grossProfit" : 1120.38,
    "operatingProfitMargin" : 28.87,
    "operatingProfit" : 827.67,
    "netProfitMargin" : 12.06,
    "netProfit" : 345.75
  }, {
    "date" : "2021-03-31",
    "sales" : 2994.42,
    "salesGrowthYoY" : 2.17,
    "grossProfitMargin" : 39.91,
    "grossProfit" : 1195.07,
    "operatingProfitMargin" : 28.58,
    "operatingProfit" : 855.81,
    "netProfitMargin" : 13.85,
    "netProfit" : 414.73
  }, {
    "date" : "2021-06-30",
    "sales" : 2998.93,
    "salesGrowthYoY" : 3.29,
    "grossProfitMargin" : 36.07,
    "grossProfit" : 1081.71,
    "operatingProfitMargin" : 21.95,
    "operatingProfit" : 658.27,
    "netProfitMargin" : 6.64,
    "netProfit" : 199.13
  }, {
    "date" : "2021-09-30",
    "sales" : 3447.90,
    "salesGrowthYoY" : 14.48,
    "grossProfitMargin" : 36.38,
    "grossProfit" : 1254.35,
    "operatingProfitMargin" : 24.94,
    "operatingProfit" : 859.91,
    "netProfitMargin" : 10.33,
    "netProfit" : 356.17
  }, {
    "date" : "2021-12-31",
    "sales" : 3635.46,
    "salesGrowthYoY" : 26.81,
    "grossProfitMargin" : 35.18,
    "grossProfit" : 1278.95,
    "operatingProfitMargin" : 24.52,
    "operatingProfit" : 891.41,
    "netProfitMargin" : 10.46,
    "netProfit" : 380.27
  }, {
    "date" : "2022-03-31",
    "sales" : 3633.45,
    "salesGrowthYoY" : 21.34,
    "grossProfitMargin" : 35.09,
    "grossProfit" : 1274.98,
    "operatingProfitMargin" : 25.43,
    "operatingProfit" : 923.99,
    "netProfitMargin" : 17.57,
    "netProfit" : 638.40
  }, {
    "date" : "2022-06-30",
    "sales" : 4651.15,
    "salesGrowthYoY" : 55.09,
    "grossProfitMargin" : 28.22,
    "grossProfit" : 1312.55,
    "operatingProfitMargin" : 20.36,
    "operatingProfit" : 946.97,
    "netProfitMargin" : 10.34,
    "netProfit" : 480.93
  }, {
    "date" : "2022-09-30",
    "sales" : 5016.71,
    "salesGrowthYoY" : 45.50,
    "grossProfitMargin" : 28.38,
    "grossProfit" : 1423.74,
    "operatingProfitMargin" : 20.67,
    "operatingProfit" : 1036.95,
    "netProfitMargin" : 9.83,
    "netProfit" : 493.14
  }, {
    "date" : "2022-12-31",
    "sales" : 4867.24,
    "salesGrowthYoY" : 33.88,
    "grossProfitMargin" : 35.50,
    "grossProfit" : 1727.87,
    "operatingProfitMargin" : 27.40,
    "operatingProfit" : 1333.62,
    "netProfitMargin" : 14.28,
    "netProfit" : 695.04
  }, {
    "date" : "2023-03-31",
    "sales" : 4301.12,
    "salesGrowthYoY" : 18.38,
    "grossProfitMargin" : 30.77,
    "grossProfit" : 1323.45,
    "operatingProfitMargin" : 21.07,
    "operatingProfit" : 906.25,
    "netProfitMargin" : 10.12,
    "netProfit" : 435.27
  }, {
    "date" : "2023-06-30",
    "sales" : 5383.17,
    "salesGrowthYoY" : 15.74,
    "grossProfitMargin" : 26.85,
    "grossProfit" : 1445.38,
    "operatingProfitMargin" : 18.68,
    "operatingProfit" : 1005.58,
    "netProfitMargin" : 8.90,
    "netProfit" : 479.10
  }, {
    "date" : "2023-09-30",
    "sales" : 5106.43,
    "salesGrowthYoY" : 1.79,
    "grossProfitMargin" : 28.53,
    "grossProfit" : 1456.86,
    "operatingProfitMargin" : 19.51,
    "operatingProfit" : 996.26,
    "netProfitMargin" : 9.63,
    "netProfit" : 491.75
  }, {
    "date" : "2023-12-31",
    "sales" : 4680.77,
    "salesGrowthYoY" : -3.83,
    "grossProfitMargin" : 29.17,
    "grossProfit" : 1365.38,
    "operatingProfitMargin" : 19.30,
    "operatingProfit" : 903.39,
    "netProfitMargin" : 8.20,
    "netProfit" : 383.82
  }, {
    "date" : "2024-03-31",
    "sales" : 4786.59,
    "salesGrowthYoY" : 11.29,
    "grossProfitMargin" : 29.84,
    "grossProfit" : 1428.32,
    "operatingProfitMargin" : 19.98,
    "operatingProfit" : 956.36,
    "netProfitMargin" : 9.27,
    "netProfit" : 443.72
  }, {
    "date" : "2024-06-30",
    "sales" : 7186.39,
    "salesGrowthYoY" : 33.50,
    "grossProfitMargin" : 29.37,
    "grossProfit" : 2110.64,
    "operatingProfitMargin" : 21.87,
    "operatingProfit" : 1571.66,
    "netProfitMargin" : 12.92,
    "netProfit" : 928.48
  }, {
    "date" : "2024-09-30",
    "sales" : 5287.56,
    "salesGrowthYoY" : 3.55,
    "grossProfitMargin" : 27.51,
    "grossProfit" : 1454.61,
    "operatingProfitMargin" : 17.67,
    "operatingProfit" : 934.31,
    "netProfitMargin" : 8.78,
    "netProfit" : 464.25
  }, {
    "date" : "2024-12-31",
    "sales" : 4746.26,
    "salesGrowthYoY" : 1.40,
    "grossProfitMargin" : 29.29,
    "grossProfit" : 1390.18,
    "operatingProfitMargin" : 19.45,
    "operatingProfit" : 923.15,
    "netProfitMargin" : 7.77,
    "netProfit" : 368.78
  }, {
    "date" : "2025-03-31",
    "sales" : 4692.34,
    "salesGrowthYoY" : -1.97,
    "grossProfitMargin" : 29.36,
    "grossProfit" : 1377.67,
    "operatingProfitMargin" : 19.77,
    "operatingProfit" : 927.68,
    "netProfitMargin" : 23.23,
    "netProfit" : 1090.03
  }, {
    "date" : "2025-06-30",
    "sales" : 6167.04,
    "salesGrowthYoY" : -14.18,
    "grossProfitMargin" : 27.74,
    "grossProfit" : 1710.74,
    "operatingProfitMargin" : 18.98,
    "operatingProfit" : 1170.50,
    "netProfitMargin" : 11.11,
    "netProfit" : 685.16
  }, {
    "date" : "2025-09-30",
    "sales" : 6106.26,
    "salesGrowthYoY" : 15.48,
    "grossProfitMargin" : 28.68,
    "grossProfit" : 1751.28,
    "operatingProfitMargin" : 19.75,
    "operatingProfit" : 1205.99,
    "netProfitMargin" : 12.22,
    "netProfit" : 746.18
  } ],
  "latestQuarterlyResult" : {
    "date" : "2025-09-30",
    "sales" : 6106.26,
    "salesGrowthYoY" : 15.48,
    "grossProfitMargin" : 28.68,
    "grossProfit" : 1751.28,
    "operatingProfitMargin" : 19.75,
    "operatingProfit" : 1205.99,
    "netProfitMargin" : 12.22,
    "netProfit" : 746.18
  },
  "companyScore" : {
    "priceHigherThanDma50" : 5.00,
    "priceHigherThanDma100" : 5.00,
    "priceHigherThanDma200" : 5.00,
    "dma50HigherThanDma100" : 5.00,
    "dma50HigherThanDma200" : 0.00,
    "dma100HigherThanDma200" : 0.00,
    "pricePercentageAboveDma50" : 4.75,
    "pricePercentageAboveDma100" : 4.65,
    "pricePercentageAboveDma200" : 4.84,
    "weeklyVolumeHigherThanYearlyVolume" : 0.00,
    "salesGrowthPercentile" : 10.96,
    "operatingProfitMarginPercentile" : 7.99,
    "netProfitMarginPercentile" : 7.27,
    "totalTechnicalScore" : 34.24,
    "totalFundamentalScore" : 26.23,
    "totalScore" : 60.46
  }
}