{
  "metadata" : {
    "screenerCompanyId" : "3503",
    "companyCode" : "TVSSRICHAK",
    "companyName" : "TVS Srichakra",
    "screenerCompanyLink" : "https://www.screener.in/company/TVSSRICHAK/consolidated/",
    "screenerTechnicalHistoryLink" : "https://www.screener.in/api/company/3503/chart/?q=Price-DMA50-DMA200-Volume&days=365",
    "screenerQuarterlyResultsLink" : "https://www.screener.in/api/company/3503/chart/?q=GPM-OPM-NPM-Quarter+Sales&days=10000",
    "attributes" : {
      "companyCode" : "TVSSRICHAK",
      "companyName" : "TVS Srichakra",
      "marketCap" : 3327.00,
      "peRatio" : 71.00,
      "description" : "TVSSC belongs to the TVS group of companies. The company is a leading manufacturer of 2W tyres in India and caters to both OEMs and aftermarket segments, and also manufactures OHT for the domestic and export markets. The company has two manufacturing plants, one each in Madurai in Tamil Nadu and Rudrapur in Uttarakhand.[1]"
    },
    "companyScore" : {
      "priceHigherThanDma50" : 5.00,
      "priceHigherThanDma100" : 5.00,
      "priceHigherThanDma200" : 5.00,
      "dma50HigherThanDma100" : 5.00,
      "dma50HigherThanDma200" : 5.00,
      "dma100HigherThanDma200" : 5.00,
      "pricePercentageAboveDma50" : 4.77,
      "pricePercentageAboveDma100" : 4.74,
      "pricePercentageAboveDma200" : 4.26,
      "weeklyVolumeHigherThanYearlyVolume" : 5.00,
      "salesGrowthPercentile" : 11.50,
      "operatingProfitMarginPercentile" : 13.13,
      "netProfitMarginPercentile" : 7.21,
      "totalTechnicalScore" : 48.77,
      "totalFundamentalScore" : 31.83,
      "totalScore" : 80.60
    }
  },
  "attributes" : {
    "companyCode" : "TVSSRICHAK",
    "companyName" : "TVS Srichakra",
    "marketCap" : 3327.00,
    "peRatio" : 71.00,
    "description" : "TVSSC belongs to the TVS group of companies. The company is a leading manufacturer of 2W tyres in India and caters to both OEMs and aftermarket segments, and also manufactures OHT for the domestic and export markets. The company has two manufacturing plants, one each in Madurai in Tamil Nadu and Rudrapur in Uttarakhand.[1]"
  },
  "technicalHistory" : [ {
    "date" : "2025-02-17",
    "price" : 2834.20,
    "dma50" : 3268.98,
    "dma100" : null,
    "dma200" : 3750.94,
    "volume" : 4360.00
  }, {
    "date" : "2025-02-18",
    "price" : 2787.25,
    "dma50" : 3250.09,
    "dma100" : null,
    "dma200" : 3741.35,
    "volume" : 4965.00
  }, {
    "date" : "2025-02-19",
    "price" : 2769.90,
    "dma50" : 3231.26,
    "dma100" : null,
    "dma200" : 3731.69,
    "volume" : 7623.00
  }, {
    "date" : "2025-02-20",
    "price" : 2773.40,
    "dma50" : 3213.30,
    "dma100" : null,
    "dma200" : 3722.15,
    "volume" : 4848.00
  }, {
    "date" : "2025-02-21",
    "price" : 2836.60,
    "dma50" : 3198.53,
    "dma100" : null,
    "dma200" : 3713.34,
    "volume" : 7587.00
  }, {
    "date" : "2025-02-24",
    "price" : 2800.55,
    "dma50" : 3182.92,
    "dma100" : null,
    "dma200" : 3704.26,
    "volume" : 3615.00
  }, {
    "date" : "2025-02-25",
    "price" : 2785.20,
    "dma50" : 3167.32,
    "dma100" : null,
    "dma200" : 3695.11,
    "volume" : 1699.00
  }, {
    "date" : "2025-02-27",
    "price" : 2725.30,
    "dma50" : 3149.99,
    "dma100" : null,
    "dma200" : 3685.46,
    "volume" : 2308.00
  }, {
    "date" : "2025-02-28",
    "price" : 2692.25,
    "dma50" : 3132.04,
    "dma100" : null,
    "dma200" : 3675.58,
    "volume" : 3251.00
  }, {
    "date" : "2025-03-03",
    "price" : 2617.45,
    "dma50" : 3111.86,
    "dma100" : null,
    "dma200" : 3665.05,
    "volume" : 8196.00
  }, {
    "date" : "2025-03-04",
    "price" : 2606.65,
    "dma50" : 3092.05,
    "dma100" : null,
    "dma200" : 3654.52,
    "volume" : 3908.00
  }, {
    "date" : "2025-03-05",
    "price" : 2644.15,
    "dma50" : 3074.48,
    "dma100" : null,
    "dma200" : 3644.47,
    "volume" : 5422.00
  }, {
    "date" : "2025-03-06",
    "price" : 2672.40,
    "dma50" : 3058.71,
    "dma100" : null,
    "dma200" : 3634.79,
    "volume" : 3741.00
  }, {
    "date" : "2025-03-07",
    "price" : 2740.40,
    "dma50" : 3046.23,
    "dma100" : null,
    "dma200" : 3625.89,
    "volume" : 4463.00
  }, {
    "date" : "2025-03-10",
    "price" : 2677.35,
    "dma50" : 3031.77,
    "dma100" : null,
    "dma200" : 3616.46,
    "volume" : 3408.00
  }, {
    "date" : "2025-03-11",
    "price" : 2648.50,
    "dma50" : 3016.74,
    "dma100" : null,
    "dma200" : 3606.82,
    "volume" : 11435.00
  }, {
    "date" : "2025-03-12",
    "price" : 2648.50,
    "dma50" : 3002.29,
    "dma100" : null,
    "dma200" : 3597.29,
    "volume" : 8265.00
  }, {
    "date" : "2025-03-13",
    "price" : 2596.80,
    "dma50" : 2986.39,
    "dma100" : null,
    "dma200" : 3587.33,
    "volume" : 9480.00
  }, {
    "date" : "2025-03-17",
    "price" : 2505.95,
    "dma50" : 2967.55,
    "dma100" : null,
    "dma200" : 3576.57,
    "volume" : 8173.00
  }, {
    "date" : "2025-03-18",
    "price" : 2551.20,
    "dma50" : 2951.22,
    "dma100" : null,
    "dma200" : 3566.37,
    "volume" : 5201.00
  }, {
    "date" : "2025-03-19",
    "price" : 2595.25,
    "dma50" : 2937.26,
    "dma100" : null,
    "dma200" : 3556.71,
    "volume" : 13976.00
  }, {
    "date" : "2025-03-20",
    "price" : 2644.10,
    "dma50" : 2925.77,
    "dma100" : null,
    "dma200" : 3547.63,
    "volume" : 13985.00
  }, {
    "date" : "2025-03-21",
    "price" : 2674.65,
    "dma50" : 2915.92,
    "dma100" : null,
    "dma200" : 3538.94,
    "volume" : 9638.00
  }, {
    "date" : "2025-03-24",
    "price" : 2707.00,
    "dma50" : 2907.73,
    "dma100" : null,
    "dma200" : 3530.66,
    "volume" : 12967.00
  }, {
    "date" : "2025-03-25",
    "price" : 2603.20,
    "dma50" : 2895.79,
    "dma100" : null,
    "dma200" : 3521.43,
    "volume" : 19352.00
  }, {
    "date" : "2025-03-26",
    "price" : 2554.40,
    "dma50" : 2882.40,
    "dma100" : null,
    "dma200" : 3511.81,
    "volume" : 22441.00
  }, {
    "date" : "2025-03-27",
    "price" : 2532.85,
    "dma50" : 2868.69,
    "dma100" : null,
    "dma200" : 3502.07,
    "volume" : 49078.00
  }, {
    "date" : "2025-03-28",
    "price" : 2520.05,
    "dma50" : 2855.02,
    "dma100" : null,
    "dma200" : 3492.30,
    "volume" : 13049.00
  }, {
    "date" : "2025-04-01",
    "price" : 2594.85,
    "dma50" : 2844.82,
    "dma100" : null,
    "dma200" : 3483.37,
    "volume" : 4039.00
  }, {
    "date" : "2025-04-02",
    "price" : 2655.70,
    "dma50" : 2837.40,
    "dma100" : null,
    "dma200" : 3475.13,
    "volume" : 5344.00
  }, {
    "date" : "2025-04-03",
    "price" : 2710.20,
    "dma50" : 2832.41,
    "dma100" : null,
    "dma200" : 3467.52,
    "volume" : 4193.00
  }, {
    "date" : "2025-04-04",
    "price" : 2672.35,
    "dma50" : 2826.13,
    "dma100" : null,
    "dma200" : 3459.61,
    "volume" : 2554.00
  }, {
    "date" : "2025-04-07",
    "price" : 2453.30,
    "dma50" : 2811.51,
    "dma100" : null,
    "dma200" : 3449.60,
    "volume" : 16053.00
  }, {
    "date" : "2025-04-08",
    "price" : 2495.85,
    "dma50" : 2799.13,
    "dma100" : null,
    "dma200" : 3440.11,
    "volume" : 4569.00
  }, {
    "date" : "2025-04-09",
    "price" : 2448.90,
    "dma50" : 2785.40,
    "dma100" : null,
    "dma200" : 3430.25,
    "volume" : 4495.00
  }, {
    "date" : "2025-04-11",
    "price" : 2615.40,
    "dma50" : 2778.73,
    "dma100" : null,
    "dma200" : 3422.14,
    "volume" : 20365.00
  }, {
    "date" : "2025-04-15",
    "price" : 2702.30,
    "dma50" : 2775.74,
    "dma100" : null,
    "dma200" : 3414.98,
    "volume" : 14220.00
  }, {
    "date" : "2025-04-16",
    "price" : 2865.90,
    "dma50" : 2779.27,
    "dma100" : null,
    "dma200" : 3409.51,
    "volume" : 28421.00
  }, {
    "date" : "2025-04-17",
    "price" : 3033.10,
    "dma50" : 2789.23,
    "dma100" : null,
    "dma200" : 3405.77,
    "volume" : 19444.00
  }, {
    "date" : "2025-04-21",
    "price" : 3056.60,
    "dma50" : 2799.71,
    "dma100" : null,
    "dma200" : 3402.29,
    "volume" : 9185.00
  }, {
    "date" : "2025-04-22",
    "price" : 3025.50,
    "dma50" : 2808.56,
    "dma100" : null,
    "dma200" : 3398.54,
    "volume" : 8489.00
  }, {
    "date" : "2025-04-23",
    "price" : 2971.80,
    "dma50" : 2814.97,
    "dma100" : null,
    "dma200" : 3394.30,
    "volume" : 5993.00
  }, {
    "date" : "2025-04-24",
    "price" : 2955.60,
    "dma50" : 2820.48,
    "dma100" : null,
    "dma200" : 3389.93,
    "volume" : 3738.00
  }, {
    "date" : "2025-04-25",
    "price" : 2870.10,
    "dma50" : 2822.43,
    "dma100" : null,
    "dma200" : 3384.76,
    "volume" : 3714.00
  }, {
    "date" : "2025-04-28",
    "price" : 2888.10,
    "dma50" : 2825.00,
    "dma100" : null,
    "dma200" : 3379.82,
    "volume" : 3256.00
  }, {
    "date" : "2025-04-29",
    "price" : 2884.20,
    "dma50" : 2827.32,
    "dma100" : null,
    "dma200" : 3374.89,
    "volume" : 5469.00
  }, {
    "date" : "2025-04-30",
    "price" : 2865.20,
    "dma50" : 2828.81,
    "dma100" : null,
    "dma200" : 3369.81,
    "volume" : 5143.00
  }, {
    "date" : "2025-05-02",
    "price" : 2847.00,
    "dma50" : 2829.52,
    "dma100" : null,
    "dma200" : 3364.61,
    "volume" : 4329.00
  }, {
    "date" : "2025-05-05",
    "price" : 2858.20,
    "dma50" : 2830.65,
    "dma100" : null,
    "dma200" : 3359.57,
    "volume" : 3922.00
  }, {
    "date" : "2025-05-06",
    "price" : 2833.30,
    "dma50" : 2830.75,
    "dma100" : null,
    "dma200" : 3354.34,
    "volume" : 5588.00
  }, {
    "date" : "2025-05-07",
    "price" : 2914.60,
    "dma50" : 2834.04,
    "dma100" : null,
    "dma200" : 3349.96,
    "volume" : 11929.00
  }, {
    "date" : "2025-05-08",
    "price" : 2876.60,
    "dma50" : 2835.71,
    "dma100" : null,
    "dma200" : 3345.25,
    "volume" : 8504.00
  }, {
    "date" : "2025-05-09",
    "price" : 2801.40,
    "dma50" : 2834.36,
    "dma100" : null,
    "dma200" : 3339.84,
    "volume" : 4955.00
  }, {
    "date" : "2025-05-12",
    "price" : 2997.20,
    "dma50" : 2840.75,
    "dma100" : null,
    "dma200" : 3336.43,
    "volume" : 6043.00
  }, {
    "date" : "2025-05-13",
    "price" : 2972.40,
    "dma50" : 2845.91,
    "dma100" : null,
    "dma200" : 3332.81,
    "volume" : 3603.00
  }, {
    "date" : "2025-05-14",
    "price" : 2996.10,
    "dma50" : 2851.80,
    "dma100" : null,
    "dma200" : 3329.46,
    "volume" : 4015.00
  }, {
    "date" : "2025-05-15",
    "price" : 3001.80,
    "dma50" : 2857.68,
    "dma100" : null,
    "dma200" : 3326.20,
    "volume" : 6219.00
  }, {
    "date" : "2025-05-16",
    "price" : 3034.00,
    "dma50" : 2864.60,
    "dma100" : null,
    "dma200" : 3323.29,
    "volume" : 4006.00
  }, {
    "date" : "2025-05-19",
    "price" : 3036.50,
    "dma50" : 2871.34,
    "dma100" : null,
    "dma200" : 3320.44,
    "volume" : 5275.00
  }, {
    "date" : "2025-05-20",
    "price" : 2986.60,
    "dma50" : 2875.86,
    "dma100" : null,
    "dma200" : 3317.11,
    "volume" : 2194.00
  }, {
    "date" : "2025-05-21",
    "price" : 3013.50,
    "dma50" : 2881.26,
    "dma100" : null,
    "dma200" : 3314.09,
    "volume" : 4147.00
  }, {
    "date" : "2025-05-22",
    "price" : 2970.80,
    "dma50" : 2884.77,
    "dma100" : null,
    "dma200" : 3310.68,
    "volume" : 2542.00
  }, {
    "date" : "2025-05-23",
    "price" : 3028.80,
    "dma50" : 2890.42,
    "dma100" : null,
    "dma200" : 3307.87,
    "volume" : 4647.00
  }, {
    "date" : "2025-05-26",
    "price" : 3126.20,
    "dma50" : 2899.66,
    "dma100" : null,
    "dma200" : 3306.07,
    "volume" : 6502.00
  }, {
    "date" : "2025-05-27",
    "price" : 2941.50,
    "dma50" : 2901.30,
    "dma100" : null,
    "dma200" : 3302.44,
    "volume" : 27755.00
  }, {
    "date" : "2025-05-28",
    "price" : 2919.10,
    "dma50" : 2902.00,
    "dma100" : null,
    "dma200" : 3298.62,
    "volume" : 10503.00
  }, {
    "date" : "2025-05-29",
    "price" : 2936.50,
    "dma50" : 2903.35,
    "dma100" : null,
    "dma200" : 3295.02,
    "volume" : 5155.00
  }, {
    "date" : "2025-05-30",
    "price" : 2926.20,
    "dma50" : 2904.25,
    "dma100" : null,
    "dma200" : 3291.35,
    "volume" : 4481.00
  }, {
    "date" : "2025-06-02",
    "price" : 2923.60,
    "dma50" : 2905.01,
    "dma100" : null,
    "dma200" : 3287.69,
    "volume" : 3577.00
  }, {
    "date" : "2025-06-03",
    "price" : 2963.40,
    "dma50" : 2907.30,
    "dma100" : null,
    "dma200" : 3284.46,
    "volume" : 5517.00
  }, {
    "date" : "2025-06-04",
    "price" : 2960.30,
    "dma50" : 2909.38,
    "dma100" : null,
    "dma200" : 3281.24,
    "volume" : 3174.00
  }, {
    "date" : "2025-06-05",
    "price" : 2954.40,
    "dma50" : 2911.14,
    "dma100" : null,
    "dma200" : 3277.99,
    "volume" : 1911.00
  }, {
    "date" : "2025-06-06",
    "price" : 2956.80,
    "dma50" : 2912.93,
    "dma100" : null,
    "dma200" : 3274.79,
    "volume" : 3309.00
  }, {
    "date" : "2025-06-09",
    "price" : 2971.90,
    "dma50" : 2915.25,
    "dma100" : null,
    "dma200" : 3271.78,
    "volume" : 5320.00
  }, {
    "date" : "2025-06-10",
    "price" : 2973.50,
    "dma50" : 2917.53,
    "dma100" : null,
    "dma200" : 3268.81,
    "volume" : 2256.00
  }, {
    "date" : "2025-06-11",
    "price" : 2964.20,
    "dma50" : 2919.36,
    "dma100" : null,
    "dma200" : 3265.78,
    "volume" : 4282.00
  }, {
    "date" : "2025-06-12",
    "price" : 2898.30,
    "dma50" : 2918.53,
    "dma100" : null,
    "dma200" : 3262.12,
    "volume" : 4591.00
  }, {
    "date" : "2025-06-13",
    "price" : 3138.90,
    "dma50" : 2927.18,
    "dma100" : null,
    "dma200" : 3260.90,
    "volume" : 110077.00
  }, {
    "date" : "2025-06-16",
    "price" : 3175.70,
    "dma50" : 2936.92,
    "dma100" : null,
    "dma200" : 3260.05,
    "volume" : 26401.00
  }, {
    "date" : "2025-06-17",
    "price" : 3118.40,
    "dma50" : 2944.04,
    "dma100" : null,
    "dma200" : 3258.64,
    "volume" : 6238.00
  }, {
    "date" : "2025-06-18",
    "price" : 3101.10,
    "dma50" : 2950.20,
    "dma100" : null,
    "dma200" : 3257.07,
    "volume" : 3216.00
  }, {
    "date" : "2025-06-19",
    "price" : 3002.40,
    "dma50" : 2952.25,
    "dma100" : null,
    "dma200" : 3254.54,
    "volume" : 3759.00
  }, {
    "date" : "2025-06-20",
    "price" : 2973.40,
    "dma50" : 2953.08,
    "dma100" : null,
    "dma200" : 3251.74,
    "volume" : 5035.00
  }, {
    "date" : "2025-06-23",
    "price" : 2929.80,
    "dma50" : 2952.16,
    "dma100" : null,
    "dma200" : 3248.54,
    "volume" : 4289.00
  }, {
    "date" : "2025-06-24",
    "price" : 2946.00,
    "dma50" : 2951.92,
    "dma100" : null,
    "dma200" : 3245.53,
    "volume" : 6988.00
  }, {
    "date" : "2025-06-25",
    "price" : 3001.10,
    "dma50" : 2953.85,
    "dma100" : null,
    "dma200" : 3243.09,
    "volume" : 2958.00
  }, {
    "date" : "2025-06-26",
    "price" : 3028.60,
    "dma50" : 2956.78,
    "dma100" : null,
    "dma200" : 3240.96,
    "volume" : 3060.00
  }, {
    "date" : "2025-06-27",
    "price" : 3032.30,
    "dma50" : 2959.74,
    "dma100" : null,
    "dma200" : 3238.88,
    "volume" : 2707.00
  }, {
    "date" : "2025-06-30",
    "price" : 3019.10,
    "dma50" : 2962.07,
    "dma100" : null,
    "dma200" : 3236.70,
    "volume" : 2218.00
  }, {
    "date" : "2025-07-01",
    "price" : 3059.40,
    "dma50" : 2965.89,
    "dma100" : null,
    "dma200" : 3234.93,
    "volume" : 3212.00
  }, {
    "date" : "2025-07-02",
    "price" : 3316.80,
    "dma50" : 2979.65,
    "dma100" : null,
    "dma200" : 3235.75,
    "volume" : 200773.00
  }, {
    "date" : "2025-07-03",
    "price" : 3263.40,
    "dma50" : 2990.78,
    "dma100" : null,
    "dma200" : 3236.02,
    "volume" : 27725.00
  }, {
    "date" : "2025-07-04",
    "price" : 3233.30,
    "dma50" : 3000.29,
    "dma100" : null,
    "dma200" : 3235.99,
    "volume" : 15632.00
  }, {
    "date" : "2025-07-07",
    "price" : 3178.30,
    "dma50" : 3007.27,
    "dma100" : null,
    "dma200" : 3235.42,
    "volume" : 3865.00
  }, {
    "date" : "2025-07-08",
    "price" : 3179.50,
    "dma50" : 3014.02,
    "dma100" : null,
    "dma200" : 3234.86,
    "volume" : 7201.00
  }, {
    "date" : "2025-07-09",
    "price" : 3185.30,
    "dma50" : 3020.74,
    "dma100" : null,
    "dma200" : 3234.37,
    "volume" : 11515.00
  }, {
    "date" : "2025-07-10",
    "price" : 3164.00,
    "dma50" : 3026.36,
    "dma100" : null,
    "dma200" : 3233.67,
    "volume" : 2152.00
  }, {
    "date" : "2025-07-11",
    "price" : 3141.60,
    "dma50" : 3030.88,
    "dma100" : null,
    "dma200" : 3232.75,
    "volume" : 2094.00
  }, {
    "date" : "2025-07-14",
    "price" : 3194.80,
    "dma50" : 3037.30,
    "dma100" : null,
    "dma200" : 3232.38,
    "volume" : 4672.00
  }, {
    "date" : "2025-07-15",
    "price" : 3199.20,
    "dma50" : 3043.65,
    "dma100" : null,
    "dma200" : 3232.05,
    "volume" : 3562.00
  }, {
    "date" : "2025-07-16",
    "price" : 3268.30,
    "dma50" : 3052.46,
    "dma100" : 2881.12,
    "dma200" : 3232.41,
    "volume" : 6421.00
  }, {
    "date" : "2025-07-17",
    "price" : 3236.80,
    "dma50" : 3059.69,
    "dma100" : 2885.61,
    "dma200" : 3232.45,
    "volume" : 5549.00
  }, {
    "date" : "2025-07-18",
    "price" : 3187.10,
    "dma50" : 3064.69,
    "dma100" : 2889.78,
    "dma200" : 3232.00,
    "volume" : 3998.00
  }, {
    "date" : "2025-07-21",
    "price" : 3174.80,
    "dma50" : 3069.01,
    "dma100" : 2893.80,
    "dma200" : 3231.43,
    "volume" : 1684.00
  }, {
    "date" : "2025-07-22",
    "price" : 3089.70,
    "dma50" : 3069.82,
    "dma100" : 2896.33,
    "dma200" : 3230.02,
    "volume" : 5944.00
  }, {
    "date" : "2025-07-23",
    "price" : 3059.70,
    "dma50" : 3069.42,
    "dma100" : 2898.92,
    "dma200" : 3228.33,
    "volume" : 3058.00
  }, {
    "date" : "2025-07-24",
    "price" : 3072.60,
    "dma50" : 3069.55,
    "dma100" : 2901.79,
    "dma200" : 3226.78,
    "volume" : 4537.00
  }, {
    "date" : "2025-07-25",
    "price" : 2997.00,
    "dma50" : 3066.70,
    "dma100" : 2904.51,
    "dma200" : 3224.49,
    "volume" : 7393.00
  }, {
    "date" : "2025-07-28",
    "price" : 3065.50,
    "dma50" : 3066.65,
    "dma100" : 2908.24,
    "dma200" : 3222.91,
    "volume" : 27463.00
  }, {
    "date" : "2025-07-29",
    "price" : 3089.10,
    "dma50" : 3067.53,
    "dma100" : 2912.96,
    "dma200" : 3221.58,
    "volume" : 5932.00
  }, {
    "date" : "2025-07-30",
    "price" : 3045.20,
    "dma50" : 3066.66,
    "dma100" : 2917.35,
    "dma200" : 3219.82,
    "volume" : 4817.00
  }, {
    "date" : "2025-07-31",
    "price" : 3023.20,
    "dma50" : 3064.95,
    "dma100" : 2921.14,
    "dma200" : 3217.87,
    "volume" : 1924.00
  }, {
    "date" : "2025-08-01",
    "price" : 2943.20,
    "dma50" : 3060.18,
    "dma100" : 2923.84,
    "dma200" : 3215.13,
    "volume" : 3035.00
  }, {
    "date" : "2025-08-04",
    "price" : 2914.20,
    "dma50" : 3054.45,
    "dma100" : 2925.58,
    "dma200" : 3212.14,
    "volume" : 3496.00
  }, {
    "date" : "2025-08-05",
    "price" : 2916.30,
    "dma50" : 3049.04,
    "dma100" : 2927.97,
    "dma200" : 3209.19,
    "volume" : 5133.00
  }, {
    "date" : "2025-08-06",
    "price" : 2878.80,
    "dma50" : 3042.36,
    "dma100" : 2930.27,
    "dma200" : 3205.91,
    "volume" : 2869.00
  }, {
    "date" : "2025-08-07",
    "price" : 2818.60,
    "dma50" : 3033.59,
    "dma100" : 2931.98,
    "dma200" : 3202.05,
    "volume" : 5771.00
  }, {
    "date" : "2025-08-08",
    "price" : 2809.40,
    "dma50" : 3024.79,
    "dma100" : 2934.10,
    "dma200" : 3198.15,
    "volume" : 1562.00
  }, {
    "date" : "2025-08-11",
    "price" : 2833.60,
    "dma50" : 3017.30,
    "dma100" : 2937.38,
    "dma200" : 3194.52,
    "volume" : 1731.00
  }, {
    "date" : "2025-08-12",
    "price" : 2821.40,
    "dma50" : 3009.61,
    "dma100" : 2940.08,
    "dma200" : 3190.81,
    "volume" : 92749.00
  }, {
    "date" : "2025-08-13",
    "price" : 2837.70,
    "dma50" : 3002.87,
    "dma100" : 2942.50,
    "dma200" : 3187.29,
    "volume" : 7396.00
  }, {
    "date" : "2025-08-14",
    "price" : 2837.40,
    "dma50" : 2996.38,
    "dma100" : 2944.44,
    "dma200" : 3183.81,
    "volume" : 5938.00
  }, {
    "date" : "2025-08-18",
    "price" : 2868.60,
    "dma50" : 2991.37,
    "dma100" : 2946.38,
    "dma200" : 3180.67,
    "volume" : 7968.00
  }, {
    "date" : "2025-08-19",
    "price" : 2907.80,
    "dma50" : 2988.09,
    "dma100" : 2948.39,
    "dma200" : 3177.96,
    "volume" : 4096.00
  }, {
    "date" : "2025-08-20",
    "price" : 2956.10,
    "dma50" : 2986.84,
    "dma100" : 2951.91,
    "dma200" : 3175.75,
    "volume" : 5067.00
  }, {
    "date" : "2025-08-21",
    "price" : 2923.50,
    "dma50" : 2984.36,
    "dma100" : 2955.61,
    "dma200" : 3173.24,
    "volume" : 3389.00
  }, {
    "date" : "2025-08-22",
    "price" : 2890.40,
    "dma50" : 2980.67,
    "dma100" : 2959.18,
    "dma200" : 3170.43,
    "volume" : 2732.00
  }, {
    "date" : "2025-08-25",
    "price" : 2873.90,
    "dma50" : 2976.48,
    "dma100" : 2962.72,
    "dma200" : 3167.48,
    "volume" : 1981.00
  }, {
    "date" : "2025-08-26",
    "price" : 2858.70,
    "dma50" : 2971.87,
    "dma100" : 2965.36,
    "dma200" : 3164.40,
    "volume" : 3046.00
  }, {
    "date" : "2025-08-28",
    "price" : 2874.80,
    "dma50" : 2968.06,
    "dma100" : 2967.55,
    "dma200" : 3161.52,
    "volume" : 3005.00
  }, {
    "date" : "2025-08-29",
    "price" : 2838.60,
    "dma50" : 2962.98,
    "dma100" : 2968.83,
    "dma200" : 3158.31,
    "volume" : 1353.00
  }, {
    "date" : "2025-09-01",
    "price" : 2868.50,
    "dma50" : 2959.28,
    "dma100" : 2970.79,
    "dma200" : 3155.43,
    "volume" : 6532.00
  }, {
    "date" : "2025-09-02",
    "price" : 2895.70,
    "dma50" : 2956.78,
    "dma100" : 2975.22,
    "dma200" : 3152.84,
    "volume" : 10973.00
  }, {
    "date" : "2025-09-03",
    "price" : 2939.30,
    "dma50" : 2956.10,
    "dma100" : 2979.65,
    "dma200" : 3150.72,
    "volume" : 2659.00
  }, {
    "date" : "2025-09-04",
    "price" : 2899.50,
    "dma50" : 2953.88,
    "dma100" : 2984.16,
    "dma200" : 3148.22,
    "volume" : 3357.00
  }, {
    "date" : "2025-09-05",
    "price" : 2900.50,
    "dma50" : 2951.79,
    "dma100" : 2987.01,
    "dma200" : 3145.75,
    "volume" : 1812.00
  }, {
    "date" : "2025-09-08",
    "price" : 2978.40,
    "dma50" : 2952.83,
    "dma100" : 2989.77,
    "dma200" : 3144.09,
    "volume" : 5951.00
  }, {
    "date" : "2025-09-09",
    "price" : 2964.60,
    "dma50" : 2953.29,
    "dma100" : 2990.76,
    "dma200" : 3142.30,
    "volume" : 2557.00
  }, {
    "date" : "2025-09-10",
    "price" : 2941.80,
    "dma50" : 2952.84,
    "dma100" : 2989.84,
    "dma200" : 3140.31,
    "volume" : 2209.00
  }, {
    "date" : "2025-09-11",
    "price" : 2890.50,
    "dma50" : 2950.40,
    "dma100" : 2988.18,
    "dma200" : 3137.82,
    "volume" : 7778.00
  }, {
    "date" : "2025-09-12",
    "price" : 2896.60,
    "dma50" : 2948.29,
    "dma100" : 2986.89,
    "dma200" : 3135.42,
    "volume" : 2420.00
  }, {
    "date" : "2025-09-15",
    "price" : 2908.20,
    "dma50" : 2946.71,
    "dma100" : 2986.26,
    "dma200" : 3133.16,
    "volume" : 2349.00
  }, {
    "date" : "2025-09-16",
    "price" : 2975.60,
    "dma50" : 2947.85,
    "dma100" : 2986.46,
    "dma200" : 3131.59,
    "volume" : 5480.00
  }, {
    "date" : "2025-09-17",
    "price" : 3064.90,
    "dma50" : 2952.44,
    "dma100" : 2988.41,
    "dma200" : 3130.93,
    "volume" : 12810.00
  }, {
    "date" : "2025-09-18",
    "price" : 3152.30,
    "dma50" : 2960.27,
    "dma100" : 2991.05,
    "dma200" : 3131.14,
    "volume" : 6640.00
  }, {
    "date" : "2025-09-19",
    "price" : 3211.40,
    "dma50" : 2970.12,
    "dma100" : 2994.32,
    "dma200" : 3131.94,
    "volume" : 9535.00
  }, {
    "date" : "2025-09-22",
    "price" : 3268.10,
    "dma50" : 2981.81,
    "dma100" : 2998.35,
    "dma200" : 3133.29,
    "volume" : 12681.00
  }, {
    "date" : "2025-09-23",
    "price" : 3327.70,
    "dma50" : 2995.37,
    "dma100" : 3003.16,
    "dma200" : 3135.23,
    "volume" : 19003.00
  }, {
    "date" : "2025-09-24",
    "price" : 3303.90,
    "dma50" : 3007.47,
    "dma100" : 3007.61,
    "dma200" : 3136.91,
    "volume" : 12948.00
  }, {
    "date" : "2025-09-25",
    "price" : 3379.20,
    "dma50" : 3022.05,
    "dma100" : 3013.07,
    "dma200" : 3139.32,
    "volume" : 11474.00
  }, {
    "date" : "2025-09-26",
    "price" : 3300.40,
    "dma50" : 3032.96,
    "dma100" : 3016.93,
    "dma200" : 3140.92,
    "volume" : 5719.00
  }, {
    "date" : "2025-09-29",
    "price" : 3209.10,
    "dma50" : 3039.87,
    "dma100" : 3020.26,
    "dma200" : 3141.60,
    "volume" : 5849.00
  }, {
    "date" : "2025-09-30",
    "price" : 3176.40,
    "dma50" : 3045.23,
    "dma100" : 3024.01,
    "dma200" : 3141.95,
    "volume" : 2777.00
  }, {
    "date" : "2025-10-01",
    "price" : 3701.10,
    "dma50" : 3070.95,
    "dma100" : 3031.04,
    "dma200" : 3147.51,
    "volume" : 145462.00
  }, {
    "date" : "2025-10-03",
    "price" : 3709.40,
    "dma50" : 3095.98,
    "dma100" : 3038.41,
    "dma200" : 3153.10,
    "volume" : 30867.00
  }, {
    "date" : "2025-10-06",
    "price" : 3765.80,
    "dma50" : 3122.25,
    "dma100" : 3046.11,
    "dma200" : 3159.20,
    "volume" : 49067.00
  }, {
    "date" : "2025-10-07",
    "price" : 3825.90,
    "dma50" : 3149.85,
    "dma100" : 3054.35,
    "dma200" : 3165.83,
    "volume" : 30634.00
  }, {
    "date" : "2025-10-08",
    "price" : 3895.10,
    "dma50" : 3179.07,
    "dma100" : 3062.96,
    "dma200" : 3173.09,
    "volume" : 26755.00
  }, {
    "date" : "2025-10-09",
    "price" : 3852.60,
    "dma50" : 3205.48,
    "dma100" : 3071.12,
    "dma200" : 3179.85,
    "volume" : 9344.00
  }, {
    "date" : "2025-10-10",
    "price" : 3813.20,
    "dma50" : 3229.32,
    "dma100" : 3079.39,
    "dma200" : 3186.15,
    "volume" : 6175.00
  }, {
    "date" : "2025-10-13",
    "price" : 3833.00,
    "dma50" : 3252.99,
    "dma100" : 3087.59,
    "dma200" : 3192.59,
    "volume" : 14578.00
  }, {
    "date" : "2025-10-14",
    "price" : 3802.20,
    "dma50" : 3274.53,
    "dma100" : 3095.90,
    "dma200" : 3198.65,
    "volume" : 7748.00
  }, {
    "date" : "2025-10-15",
    "price" : 3796.90,
    "dma50" : 3295.01,
    "dma100" : 3103.58,
    "dma200" : 3204.61,
    "volume" : 4076.00
  }, {
    "date" : "2025-10-16",
    "price" : 3907.90,
    "dma50" : 3319.05,
    "dma100" : 3111.40,
    "dma200" : 3211.60,
    "volume" : 20689.00
  }, {
    "date" : "2025-10-17",
    "price" : 3983.20,
    "dma50" : 3345.09,
    "dma100" : 3121.82,
    "dma200" : 3219.28,
    "volume" : 17511.00
  }, {
    "date" : "2025-10-20",
    "price" : 4119.70,
    "dma50" : 3375.47,
    "dma100" : 3133.82,
    "dma200" : 3228.24,
    "volume" : 30120.00
  }, {
    "date" : "2025-10-21",
    "price" : 4183.90,
    "dma50" : 3407.17,
    "dma100" : 3146.30,
    "dma200" : 3237.75,
    "volume" : 4774.00
  }, {
    "date" : "2025-10-23",
    "price" : 4091.90,
    "dma50" : 3434.02,
    "dma100" : 3157.95,
    "dma200" : 3246.25,
    "volume" : 9713.00
  }, {
    "date" : "2025-10-24",
    "price" : 4071.70,
    "dma50" : 3459.03,
    "dma100" : 3169.43,
    "dma200" : 3254.46,
    "volume" : 4450.00
  }, {
    "date" : "2025-10-27",
    "price" : 4166.60,
    "dma50" : 3486.78,
    "dma100" : 3181.47,
    "dma200" : 3263.54,
    "volume" : 18139.00
  }, {
    "date" : "2025-10-28",
    "price" : 4083.00,
    "dma50" : 3510.16,
    "dma100" : 3192.69,
    "dma200" : 3271.69,
    "volume" : 13474.00
  }, {
    "date" : "2025-10-29",
    "price" : 4094.10,
    "dma50" : 3533.06,
    "dma100" : 3204.09,
    "dma200" : 3279.87,
    "volume" : 3801.00
  }, {
    "date" : "2025-10-30",
    "price" : 4127.40,
    "dma50" : 3556.37,
    "dma100" : 3215.80,
    "dma200" : 3288.31,
    "volume" : 5540.00
  }, {
    "date" : "2025-10-31",
    "price" : 4163.70,
    "dma50" : 3580.18,
    "dma100" : 3227.71,
    "dma200" : 3297.02,
    "volume" : 8825.00
  }, {
    "date" : "2025-11-03",
    "price" : 4107.10,
    "dma50" : 3600.85,
    "dma100" : 3239.05,
    "dma200" : 3305.08,
    "volume" : 10134.00
  }, {
    "date" : "2025-11-04",
    "price" : 4183.80,
    "dma50" : 3623.71,
    "dma100" : 3251.24,
    "dma200" : 3313.82,
    "volume" : 13234.00
  }, {
    "date" : "2025-11-06",
    "price" : 4097.10,
    "dma50" : 3642.27,
    "dma100" : 3263.23,
    "dma200" : 3321.62,
    "volume" : 14584.00
  }, {
    "date" : "2025-11-07",
    "price" : 4163.20,
    "dma50" : 3662.70,
    "dma100" : 3273.48,
    "dma200" : 3329.99,
    "volume" : 10249.00
  }, {
    "date" : "2025-11-10",
    "price" : 4170.20,
    "dma50" : 3682.60,
    "dma100" : 3283.42,
    "dma200" : 3338.35,
    "volume" : 11498.00
  }, {
    "date" : "2025-11-11",
    "price" : 4114.60,
    "dma50" : 3699.54,
    "dma100" : 3293.38,
    "dma200" : 3346.07,
    "volume" : 33975.00
  }, {
    "date" : "2025-11-12",
    "price" : 4166.80,
    "dma50" : 3717.87,
    "dma100" : 3304.04,
    "dma200" : 3354.24,
    "volume" : 15373.00
  }, {
    "date" : "2025-11-13",
    "price" : 4203.80,
    "dma50" : 3736.92,
    "dma100" : 3316.05,
    "dma200" : 3362.69,
    "volume" : 8207.00
  }, {
    "date" : "2025-11-14",
    "price" : 4336.10,
    "dma50" : 3760.42,
    "dma100" : 3329.68,
    "dma200" : 3372.38,
    "volume" : 17061.00
  }, {
    "date" : "2025-11-17",
    "price" : 4521.50,
    "dma50" : 3790.27,
    "dma100" : 3345.60,
    "dma200" : 3383.81,
    "volume" : 29784.00
  }, {
    "date" : "2025-11-18",
    "price" : 4704.20,
    "dma50" : 3826.11,
    "dma100" : 3363.18,
    "dma200" : 3396.95,
    "volume" : 38822.00
  }, {
    "date" : "2025-11-19",
    "price" : 4555.60,
    "dma50" : 3854.72,
    "dma100" : 3378.72,
    "dma200" : 3408.48,
    "volume" : 20302.00
  }, {
    "date" : "2025-11-20",
    "price" : 4701.80,
    "dma50" : 3887.93,
    "dma100" : 3395.46,
    "dma200" : 3421.35,
    "volume" : 26122.00
  }, {
    "date" : "2025-11-21",
    "price" : 4702.10,
    "dma50" : 3919.86,
    "dma100" : 3412.15,
    "dma200" : 3434.09,
    "volume" : 16868.00
  }, {
    "date" : "2025-11-24",
    "price" : 4502.70,
    "dma50" : 3942.72,
    "dma100" : 3426.99,
    "dma200" : 3444.73,
    "volume" : 7794.00
  }, {
    "date" : "2025-11-25",
    "price" : 4714.80,
    "dma50" : 3973.00,
    "dma100" : 3443.54,
    "dma200" : 3457.36,
    "volume" : 21955.00
  }, {
    "date" : "2025-11-26",
    "price" : 4676.00,
    "dma50" : 4000.57,
    "dma100" : 3457.14,
    "dma200" : 3469.49,
    "volume" : 6132.00
  }, {
    "date" : "2025-11-27",
    "price" : 4579.90,
    "dma50" : 4023.28,
    "dma100" : 3470.30,
    "dma200" : 3480.54,
    "volume" : 5233.00
  }, {
    "date" : "2025-11-28",
    "price" : 4698.40,
    "dma50" : 4049.76,
    "dma100" : 3484.95,
    "dma200" : 3492.66,
    "volume" : 10438.00
  }, {
    "date" : "2025-12-01",
    "price" : 4737.60,
    "dma50" : 4076.73,
    "dma100" : 3500.55,
    "dma200" : 3505.04,
    "volume" : 7819.00
  }, {
    "date" : "2025-12-02",
    "price" : 4705.80,
    "dma50" : 4101.40,
    "dma100" : 3515.81,
    "dma200" : 3516.99,
    "volume" : 4930.00
  }, {
    "date" : "2025-12-03",
    "price" : 4615.10,
    "dma50" : 4121.55,
    "dma100" : 3530.11,
    "dma200" : 3527.92,
    "volume" : 7938.00
  }, {
    "date" : "2025-12-04",
    "price" : 4725.70,
    "dma50" : 4145.24,
    "dma100" : 3545.72,
    "dma200" : 3539.84,
    "volume" : 19301.00
  }, {
    "date" : "2025-12-05",
    "price" : 4591.60,
    "dma50" : 4162.74,
    "dma100" : 3560.22,
    "dma200" : 3550.30,
    "volume" : 5534.00
  }, {
    "date" : "2025-12-08",
    "price" : 4486.50,
    "dma50" : 4175.44,
    "dma100" : 3573.14,
    "dma200" : 3559.62,
    "volume" : 11681.00
  }, {
    "date" : "2025-12-09",
    "price" : 4372.60,
    "dma50" : 4183.17,
    "dma100" : 3584.87,
    "dma200" : 3567.71,
    "volume" : 9112.00
  }, {
    "date" : "2025-12-10",
    "price" : 4252.30,
    "dma50" : 4185.88,
    "dma100" : 3594.71,
    "dma200" : 3574.52,
    "volume" : 7381.00
  }, {
    "date" : "2025-12-11",
    "price" : 4331.30,
    "dma50" : 4191.59,
    "dma100" : 3605.66,
    "dma200" : 3582.05,
    "volume" : 5603.00
  }, {
    "date" : "2025-12-12",
    "price" : 4277.50,
    "dma50" : 4194.96,
    "dma100" : 3616.56,
    "dma200" : 3588.97,
    "volume" : 3814.00
  }, {
    "date" : "2025-12-15",
    "price" : 4243.10,
    "dma50" : 4196.84,
    "dma100" : 3627.25,
    "dma200" : 3595.48,
    "volume" : 3715.00
  }, {
    "date" : "2025-12-16",
    "price" : 4215.20,
    "dma50" : 4197.56,
    "dma100" : 3638.50,
    "dma200" : 3601.64,
    "volume" : 3831.00
  }, {
    "date" : "2025-12-17",
    "price" : 4131.60,
    "dma50" : 4194.98,
    "dma100" : 3649.22,
    "dma200" : 3606.92,
    "volume" : 4570.00
  }, {
    "date" : "2025-12-18",
    "price" : 4125.20,
    "dma50" : 4192.24,
    "dma100" : 3659.75,
    "dma200" : 3612.07,
    "volume" : 3407.00
  }, {
    "date" : "2025-12-19",
    "price" : 4220.10,
    "dma50" : 4193.33,
    "dma100" : 3671.98,
    "dma200" : 3618.12,
    "volume" : 3592.00
  }, {
    "date" : "2025-12-22",
    "price" : 4154.60,
    "dma50" : 4191.81,
    "dma100" : 3682.87,
    "dma200" : 3623.46,
    "volume" : 3815.00
  }, {
    "date" : "2025-12-23",
    "price" : 4128.70,
    "dma50" : 4189.34,
    "dma100" : 3693.26,
    "dma200" : 3628.49,
    "volume" : 2979.00
  }, {
    "date" : "2025-12-24",
    "price" : 4033.60,
    "dma50" : 4183.23,
    "dma100" : 3703.15,
    "dma200" : 3632.52,
    "volume" : 4904.00
  }, {
    "date" : "2025-12-26",
    "price" : 4104.60,
    "dma50" : 4180.15,
    "dma100" : 3713.96,
    "dma200" : 3637.22,
    "volume" : 6642.00
  }, {
    "date" : "2025-12-29",
    "price" : 4181.10,
    "dma50" : 4180.19,
    "dma100" : 3726.34,
    "dma200" : 3642.63,
    "volume" : 8198.00
  }, {
    "date" : "2025-12-30",
    "price" : 4130.70,
    "dma50" : 4178.24,
    "dma100" : 3738.51,
    "dma200" : 3647.49,
    "volume" : 4711.00
  }, {
    "date" : "2025-12-31",
    "price" : 4207.30,
    "dma50" : 4179.38,
    "dma100" : 3751.42,
    "dma200" : 3653.06,
    "volume" : 3392.00
  }, {
    "date" : "2026-01-01",
    "price" : 4336.60,
    "dma50" : 4185.55,
    "dma100" : 3765.99,
    "dma200" : 3659.86,
    "volume" : 8721.00
  }, {
    "date" : "2026-01-02",
    "price" : 4343.90,
    "dma50" : 4191.76,
    "dma100" : 3781.25,
    "dma200" : 3666.66,
    "volume" : 4556.00
  }, {
    "date" : "2026-01-05",
    "price" : 4400.20,
    "dma50" : 4199.93,
    "dma100" : 3797.16,
    "dma200" : 3673.96,
    "volume" : 5845.00
  }, {
    "date" : "2026-01-06",
    "price" : 4275.50,
    "dma50" : 4202.90,
    "dma100" : 3811.57,
    "dma200" : 3679.95,
    "volume" : 4095.00
  }, {
    "date" : "2026-01-07",
    "price" : 4254.60,
    "dma50" : 4204.92,
    "dma100" : 3825.91,
    "dma200" : 3685.67,
    "volume" : 2014.00
  }, {
    "date" : "2026-01-08",
    "price" : 4200.70,
    "dma50" : 4204.76,
    "dma100" : 3839.54,
    "dma200" : 3690.79,
    "volume" : 3178.00
  }, {
    "date" : "2026-01-09",
    "price" : 4146.90,
    "dma50" : 4202.49,
    "dma100" : 3852.63,
    "dma200" : 3695.33,
    "volume" : 3755.00
  }, {
    "date" : "2026-01-12",
    "price" : 4110.00,
    "dma50" : 4198.86,
    "dma100" : 3865.05,
    "dma200" : 3699.46,
    "volume" : 2966.00
  }, {
    "date" : "2026-01-13",
    "price" : 4106.10,
    "dma50" : 4195.22,
    "dma100" : 3877.03,
    "dma200" : 3703.50,
    "volume" : 2297.00
  }, {
    "date" : "2026-01-14",
    "price" : 4041.30,
    "dma50" : 4189.19,
    "dma100" : 3887.88,
    "dma200" : 3706.86,
    "volume" : 1670.00
  }, {
    "date" : "2026-01-16",
    "price" : 4020.10,
    "dma50" : 4182.56,
    "dma100" : 3898.85,
    "dma200" : 3709.98,
    "volume" : 3220.00
  }, {
    "date" : "2026-01-19",
    "price" : 3962.60,
    "dma50" : 4173.93,
    "dma100" : 3909.57,
    "dma200" : 3712.49,
    "volume" : 5806.00
  }, {
    "date" : "2026-01-20",
    "price" : 3797.00,
    "dma50" : 4159.15,
    "dma100" : 3918.80,
    "dma200" : 3713.33,
    "volume" : 6443.00
  }, {
    "date" : "2026-01-21",
    "price" : 3864.10,
    "dma50" : 4147.58,
    "dma100" : 3928.85,
    "dma200" : 3714.83,
    "volume" : 10846.00
  }, {
    "date" : "2026-01-22",
    "price" : 3838.40,
    "dma50" : 4135.45,
    "dma100" : 3938.49,
    "dma200" : 3716.06,
    "volume" : 3018.00
  }, {
    "date" : "2026-01-23",
    "price" : 3853.70,
    "dma50" : 4124.41,
    "dma100" : 3948.64,
    "dma200" : 3717.43,
    "volume" : 2771.00
  }, {
    "date" : "2026-01-27",
    "price" : 3901.80,
    "dma50" : 4115.68,
    "dma100" : 3958.97,
    "dma200" : 3719.27,
    "volume" : 6210.00
  }, {
    "date" : "2026-01-28",
    "price" : 4110.80,
    "dma50" : 4115.48,
    "dma100" : 3971.12,
    "dma200" : 3723.16,
    "volume" : 4535.00
  }, {
    "date" : "2026-01-29",
    "price" : 4058.50,
    "dma50" : 4113.25,
    "dma100" : 3982.32,
    "dma200" : 3726.50,
    "volume" : 2217.00
  }, {
    "date" : "2026-01-30",
    "price" : 4071.50,
    "dma50" : 4111.61,
    "dma100" : 3994.04,
    "dma200" : 3729.93,
    "volume" : 1543.00
  }, {
    "date" : "2026-02-01",
    "price" : 3903.60,
    "dma50" : 4103.46,
    "dma100" : 4004.07,
    "dma200" : 3731.66,
    "volume" : 3162.00
  }, {
    "date" : "2026-02-02",
    "price" : 3956.30,
    "dma50" : 4097.68,
    "dma100" : 4013.85,
    "dma200" : 3733.90,
    "volume" : 1983.00
  }, {
    "date" : "2026-02-03",
    "price" : 4046.20,
    "dma50" : 4095.67,
    "dma100" : 4024.66,
    "dma200" : 3737.00,
    "volume" : 2445.00
  }, {
    "date" : "2026-02-04",
    "price" : 4110.40,
    "dma50" : 4096.24,
    "dma100" : 4036.35,
    "dma200" : 3740.72,
    "volume" : 1632.00
  }, {
    "date" : "2026-02-05",
    "price" : 4158.80,
    "dma50" : 4098.70,
    "dma100" : 4049.03,
    "dma200" : 3744.88,
    "volume" : 3582.00
  }, {
    "date" : "2026-02-06",
    "price" : 4173.00,
    "dma50" : 4101.61,
    "dma100" : 4061.80,
    "dma200" : 3749.14,
    "volume" : 3982.00
  }, {
    "date" : "2026-02-09",
    "price" : 4226.00,
    "dma50" : 4106.49,
    "dma100" : 4074.97,
    "dma200" : 3753.88,
    "volume" : 6583.00
  }, {
    "date" : "2026-02-10",
    "price" : 4315.70,
    "dma50" : 4114.69,
    "dma100" : 4088.37,
    "dma200" : 3759.47,
    "volume" : 9102.00
  }, {
    "date" : "2026-02-11",
    "price" : 4523.20,
    "dma50" : 4130.71,
    "dma100" : 4102.96,
    "dma200" : 3767.07,
    "volume" : 24510.00
  }, {
    "date" : "2026-02-12",
    "price" : 4484.80,
    "dma50" : 4144.60,
    "dma100" : 4116.28,
    "dma200" : 3774.21,
    "volume" : 134920.00
  }, {
    "date" : "2026-02-13",
    "price" : 4342.80,
    "dma50" : 4152.37,
    "dma100" : 4127.60,
    "dma200" : 3779.87,
    "volume" : 21035.00
  } ],
  "latestTechnicalAttributes" : {
    "date" : "2026-02-13",
    "price" : 4342.80,
    "dma50" : 4152.37,
    "dma100" : 4127.60,
    "dma200" : 3779.87,
    "volume" : 21035.00
  },
  "quarterlyResults" : [ {
    "date" : "2005-03-31",
    "sales" : 52.89,
    "salesGrowthYoY" : null,
    "grossProfitMargin" : 35.94,
    "grossProfit" : 19.01,
    "operatingProfitMargin" : 3.31,
    "operatingProfit" : 1.75,
    "netProfitMargin" : 0.00,
    "netProfit" : 0.00
  }, {
    "date" : "2005-06-30",
    "sales" : 60.90,
    "salesGrowthYoY" : null,
    "grossProfitMargin" : 30.10,
    "grossProfit" : 18.33,
    "operatingProfitMargin" : 1.07,
    "operatingProfit" : 0.65,
    "netProfitMargin" : -2.10,
    "netProfit" : -1.28
  }, {
    "date" : "2005-09-30",
    "sales" : 70.78,
    "salesGrowthYoY" : null,
    "grossProfitMargin" : 35.63,
    "grossProfit" : 25.22,
    "operatingProfitMargin" : 5.99,
    "operatingProfit" : 4.24,
    "netProfitMargin" : 2.76,
    "netProfit" : 1.95
  }, {
    "date" : "2005-12-31",
    "sales" : 76.72,
    "salesGrowthYoY" : null,
    "grossProfitMargin" : 33.07,
    "grossProfit" : 25.37,
    "operatingProfitMargin" : 5.87,
    "operatingProfit" : 4.50,
    "netProfitMargin" : 2.11,
    "netProfit" : 1.62
  }, {
    "date" : "2006-03-31",
    "sales" : 84.76,
    "salesGrowthYoY" : 60.26,
    "grossProfitMargin" : 30.62,
    "grossProfit" : 25.95,
    "operatingProfitMargin" : 4.62,
    "operatingProfit" : 3.92,
    "netProfitMargin" : 1.45,
    "netProfit" : 1.23
  }, {
    "date" : "2006-06-30",
    "sales" : 95.22,
    "salesGrowthYoY" : 56.35,
    "grossProfitMargin" : 29.74,
    "grossProfit" : 28.32,
    "operatingProfitMargin" : 4.42,
    "operatingProfit" : 4.21,
    "netProfitMargin" : 0.78,
    "netProfit" : 0.74
  }, {
    "date" : "2006-09-30",
    "sales" : 110.72,
    "salesGrowthYoY" : 56.43,
    "grossProfitMargin" : 26.48,
    "grossProfit" : 29.32,
    "operatingProfitMargin" : 5.16,
    "operatingProfit" : 5.71,
    "netProfitMargin" : 1.26,
    "netProfit" : 1.40
  }, {
    "date" : "2006-12-31",
    "sales" : 107.82,
    "salesGrowthYoY" : 40.54,
    "grossProfitMargin" : 29.82,
    "grossProfit" : 32.15,
    "operatingProfitMargin" : 5.83,
    "operatingProfit" : 6.29,
    "netProfitMargin" : 1.44,
    "netProfit" : 1.55
  }, {
    "date" : "2007-03-31",
    "sales" : 102.58,
    "salesGrowthYoY" : 21.02,
    "grossProfitMargin" : 36.57,
    "grossProfit" : 37.51,
    "operatingProfitMargin" : 8.09,
    "operatingProfit" : 8.30,
    "netProfitMargin" : 2.53,
    "netProfit" : 2.60
  }, {
    "date" : "2007-06-30",
    "sales" : 103.24,
    "salesGrowthYoY" : 8.42,
    "grossProfitMargin" : 33.74,
    "grossProfit" : 34.83,
    "operatingProfitMargin" : 8.76,
    "operatingProfit" : 9.04,
    "netProfitMargin" : 1.81,
    "netProfit" : 1.87
  }, {
    "date" : "2007-09-30",
    "sales" : 114.21,
    "salesGrowthYoY" : 3.15,
    "grossProfitMargin" : 32.76,
    "grossProfit" : 37.42,
    "operatingProfitMargin" : 8.07,
    "operatingProfit" : 9.22,
    "netProfitMargin" : 2.64,
    "netProfit" : 3.02
  }, {
    "date" : "2007-12-31",
    "sales" : 122.38,
    "salesGrowthYoY" : 13.50,
    "grossProfitMargin" : 30.96,
    "grossProfit" : 37.89,
    "operatingProfitMargin" : 4.62,
    "operatingProfit" : 5.65,
    "netProfitMargin" : 1.39,
    "netProfit" : 1.70
  }, {
    "date" : "2008-03-31",
    "sales" : 118.36,
    "salesGrowthYoY" : 15.38,
    "grossProfitMargin" : 36.87,
    "grossProfit" : 43.64,
    "operatingProfitMargin" : 4.74,
    "operatingProfit" : 5.61,
    "netProfitMargin" : 2.27,
    "netProfit" : 2.69
  }, {
    "date" : "2008-06-30",
    "sales" : 136.24,
    "salesGrowthYoY" : 31.96,
    "grossProfitMargin" : 31.36,
    "grossProfit" : 42.72,
    "operatingProfitMargin" : 6.09,
    "operatingProfit" : 8.30,
    "netProfitMargin" : 1.69,
    "netProfit" : 2.30
  }, {
    "date" : "2008-09-30",
    "sales" : 154.70,
    "salesGrowthYoY" : 35.45,
    "grossProfitMargin" : 28.35,
    "grossProfit" : 43.86,
    "operatingProfitMargin" : 6.59,
    "operatingProfit" : 10.19,
    "netProfitMargin" : 1.04,
    "netProfit" : 1.61
  }, {
    "date" : "2008-12-31",
    "sales" : 143.92,
    "salesGrowthYoY" : 17.60,
    "grossProfitMargin" : 31.86,
    "grossProfit" : 45.85,
    "operatingProfitMargin" : 6.67,
    "operatingProfit" : 9.60,
    "netProfitMargin" : 0.99,
    "netProfit" : 1.42
  }, {
    "date" : "2009-03-31",
    "sales" : 141.36,
    "salesGrowthYoY" : 19.43,
    "grossProfitMargin" : 37.78,
    "grossProfit" : 53.41,
    "operatingProfitMargin" : 8.45,
    "operatingProfit" : 11.94,
    "netProfitMargin" : 2.60,
    "netProfit" : 3.68
  }, {
    "date" : "2009-06-30",
    "sales" : 158.48,
    "salesGrowthYoY" : 16.32,
    "grossProfitMargin" : 39.53,
    "grossProfit" : 62.65,
    "operatingProfitMargin" : 10.08,
    "operatingProfit" : 15.97,
    "netProfitMargin" : 4.32,
    "netProfit" : 6.85
  }, {
    "date" : "2009-09-30",
    "sales" : 167.28,
    "salesGrowthYoY" : 8.13,
    "grossProfitMargin" : 38.36,
    "grossProfit" : 64.17,
    "operatingProfitMargin" : 10.84,
    "operatingProfit" : 18.13,
    "netProfitMargin" : 4.78,
    "netProfit" : 8.00
  }, {
    "date" : "2009-12-31",
    "sales" : 176.39,
    "salesGrowthYoY" : 22.56,
    "grossProfitMargin" : 38.98,
    "grossProfit" : 68.76,
    "operatingProfitMargin" : 8.68,
    "operatingProfit" : 15.31,
    "netProfitMargin" : 4.02,
    "netProfit" : 7.09
  }, {
    "date" : "2010-03-31",
    "sales" : 202.78,
    "salesGrowthYoY" : 43.45,
    "grossProfitMargin" : 38.36,
    "grossProfit" : 77.79,
    "operatingProfitMargin" : 9.81,
    "operatingProfit" : 19.89,
    "netProfitMargin" : 3.89,
    "netProfit" : 7.89
  }, {
    "date" : "2010-06-30",
    "sales" : 227.20,
    "salesGrowthYoY" : 43.36,
    "grossProfitMargin" : 39.06,
    "grossProfit" : 88.74,
    "operatingProfitMargin" : 9.19,
    "operatingProfit" : 20.88,
    "netProfitMargin" : 3.26,
    "netProfit" : 7.41
  }, {
    "date" : "2010-09-30",
    "sales" : 271.43,
    "salesGrowthYoY" : 62.26,
    "grossProfitMargin" : 38.07,
    "grossProfit" : 103.33,
    "operatingProfitMargin" : 8.89,
    "operatingProfit" : 24.13,
    "netProfitMargin" : 3.70,
    "netProfit" : 10.04
  }, {
    "date" : "2010-12-31",
    "sales" : 289.02,
    "salesGrowthYoY" : 63.85,
    "grossProfitMargin" : 35.19,
    "grossProfit" : 101.71,
    "operatingProfitMargin" : 8.65,
    "operatingProfit" : 25.00,
    "netProfitMargin" : 3.43,
    "netProfit" : 9.91
  }, {
    "date" : "2011-03-31",
    "sales" : 309.61,
    "salesGrowthYoY" : 52.68,
    "grossProfitMargin" : 36.49,
    "grossProfit" : 112.98,
    "operatingProfitMargin" : 10.54,
    "operatingProfit" : 32.63,
    "netProfitMargin" : 3.81,
    "netProfit" : 11.80
  }, {
    "date" : "2011-06-30",
    "sales" : 348.68,
    "salesGrowthYoY" : 53.47,
    "grossProfitMargin" : 32.78,
    "grossProfit" : 114.30,
    "operatingProfitMargin" : 9.27,
    "operatingProfit" : 32.32,
    "netProfitMargin" : 3.47,
    "netProfit" : 12.10
  }, {
    "date" : "2011-09-30",
    "sales" : 355.95,
    "salesGrowthYoY" : 31.14,
    "grossProfitMargin" : 31.80,
    "grossProfit" : 113.19,
    "operatingProfitMargin" : 9.83,
    "operatingProfit" : 34.99,
    "netProfitMargin" : 3.14,
    "netProfit" : 11.18
  }, {
    "date" : "2011-12-31",
    "sales" : 349.32,
    "salesGrowthYoY" : 20.86,
    "grossProfitMargin" : 33.67,
    "grossProfit" : 117.62,
    "operatingProfitMargin" : 7.54,
    "operatingProfit" : 26.34,
    "netProfitMargin" : 1.90,
    "netProfit" : 6.64
  }, {
    "date" : "2012-03-31",
    "sales" : 353.24,
    "salesGrowthYoY" : 14.09,
    "grossProfitMargin" : 33.55,
    "grossProfit" : 118.51,
    "operatingProfitMargin" : 8.82,
    "operatingProfit" : 31.16,
    "netProfitMargin" : 2.79,
    "netProfit" : 9.86
  }, {
    "date" : "2012-06-30",
    "sales" : 362.11,
    "salesGrowthYoY" : 3.85,
    "grossProfitMargin" : 30.13,
    "grossProfit" : 109.10,
    "operatingProfitMargin" : 5.62,
    "operatingProfit" : 20.35,
    "netProfitMargin" : 0.73,
    "netProfit" : 2.64
  }, {
    "date" : "2012-09-30",
    "sales" : 372.46,
    "salesGrowthYoY" : 4.64,
    "grossProfitMargin" : 31.42,
    "grossProfit" : 117.03,
    "operatingProfitMargin" : 6.57,
    "operatingProfit" : 24.47,
    "netProfitMargin" : 0.86,
    "netProfit" : 3.20
  }, {
    "date" : "2012-12-31",
    "sales" : 364.04,
    "salesGrowthYoY" : 4.21,
    "grossProfitMargin" : 31.32,
    "grossProfit" : 114.02,
    "operatingProfitMargin" : 4.24,
    "operatingProfit" : 15.44,
    "netProfitMargin" : -0.80,
    "netProfit" : -2.91
  }, {
    "date" : "2013-03-31",
    "sales" : 377.50,
    "salesGrowthYoY" : 6.87,
    "grossProfitMargin" : 33.10,
    "grossProfit" : 124.95,
    "operatingProfitMargin" : 6.52,
    "operatingProfit" : 24.61,
    "netProfitMargin" : 8.88,
    "netProfit" : 33.52
  }, {
    "date" : "2013-06-30",
    "sales" : 382.43,
    "salesGrowthYoY" : 5.61,
    "grossProfitMargin" : 33.42,
    "grossProfit" : 127.81,
    "operatingProfitMargin" : 6.31,
    "operatingProfit" : 24.13,
    "netProfitMargin" : 1.83,
    "netProfit" : 7.00
  }, {
    "date" : "2013-09-30",
    "sales" : 414.17,
    "salesGrowthYoY" : 11.20,
    "grossProfitMargin" : 33.08,
    "grossProfit" : 137.01,
    "operatingProfitMargin" : 6.80,
    "operatingProfit" : 28.16,
    "netProfitMargin" : 2.00,
    "netProfit" : 8.28
  }, {
    "date" : "2013-12-31",
    "sales" : 417.60,
    "salesGrowthYoY" : 14.71,
    "grossProfitMargin" : 33.75,
    "grossProfit" : 140.94,
    "operatingProfitMargin" : 7.36,
    "operatingProfit" : 30.74,
    "netProfitMargin" : 2.51,
    "netProfit" : 10.48
  }, {
    "date" : "2014-03-31",
    "sales" : 456.79,
    "salesGrowthYoY" : 21.00,
    "grossProfitMargin" : 35.25,
    "grossProfit" : 161.02,
    "operatingProfitMargin" : 8.63,
    "operatingProfit" : 39.42,
    "netProfitMargin" : 4.75,
    "netProfit" : 21.70
  }, {
    "date" : "2014-06-30",
    "sales" : 451.00,
    "salesGrowthYoY" : 17.93,
    "grossProfitMargin" : 38.65,
    "grossProfit" : 174.31,
    "operatingProfitMargin" : 8.88,
    "operatingProfit" : 40.05,
    "netProfitMargin" : 3.83,
    "netProfit" : 17.27
  }, {
    "date" : "2014-09-30",
    "sales" : 490.64,
    "salesGrowthYoY" : 18.46,
    "grossProfitMargin" : 38.06,
    "grossProfit" : 186.74,
    "operatingProfitMargin" : 10.33,
    "operatingProfit" : 50.68,
    "netProfitMargin" : 5.31,
    "netProfit" : 26.05
  }, {
    "date" : "2014-12-31",
    "sales" : 489.37,
    "salesGrowthYoY" : 17.19,
    "grossProfitMargin" : 42.40,
    "grossProfit" : 207.49,
    "operatingProfitMargin" : 10.36,
    "operatingProfit" : 50.70,
    "netProfitMargin" : 5.41,
    "netProfit" : 26.47
  }, {
    "date" : "2015-03-31",
    "sales" : 464.98,
    "salesGrowthYoY" : 1.79,
    "grossProfitMargin" : 43.88,
    "grossProfit" : 204.03,
    "operatingProfitMargin" : 13.81,
    "operatingProfit" : 64.21,
    "netProfitMargin" : 7.32,
    "netProfit" : 34.04
  }, {
    "date" : "2015-06-30",
    "sales" : 473.32,
    "salesGrowthYoY" : 4.95,
    "grossProfitMargin" : 45.50,
    "grossProfit" : 215.36,
    "operatingProfitMargin" : 17.56,
    "operatingProfit" : 83.11,
    "netProfitMargin" : 10.45,
    "netProfit" : 49.46
  }, {
    "date" : "2015-09-30",
    "sales" : 487.71,
    "salesGrowthYoY" : -0.60,
    "grossProfitMargin" : 44.33,
    "grossProfit" : 216.20,
    "operatingProfitMargin" : 16.84,
    "operatingProfit" : 82.13,
    "netProfitMargin" : 10.04,
    "netProfit" : 48.97
  }, {
    "date" : "2015-12-31",
    "sales" : 475.67,
    "salesGrowthYoY" : -2.80,
    "grossProfitMargin" : 45.76,
    "grossProfit" : 217.67,
    "operatingProfitMargin" : 17.07,
    "operatingProfit" : 81.20,
    "netProfitMargin" : 10.17,
    "netProfit" : 48.38
  }, {
    "date" : "2016-03-31",
    "sales" : 488.53,
    "salesGrowthYoY" : 5.06,
    "grossProfitMargin" : 48.32,
    "grossProfit" : 236.06,
    "operatingProfitMargin" : 15.58,
    "operatingProfit" : 76.11,
    "netProfitMargin" : 10.26,
    "netProfit" : 50.12
  }, {
    "date" : "2016-06-30",
    "sales" : 511.81,
    "salesGrowthYoY" : 8.13,
    "grossProfitMargin" : 46.13,
    "grossProfit" : 236.10,
    "operatingProfitMargin" : 15.96,
    "operatingProfit" : 81.68,
    "netProfitMargin" : 9.09,
    "netProfit" : 46.52
  }, {
    "date" : "2016-09-30",
    "sales" : 518.51,
    "salesGrowthYoY" : 6.32,
    "grossProfitMargin" : 44.98,
    "grossProfit" : 233.23,
    "operatingProfitMargin" : 15.31,
    "operatingProfit" : 79.38,
    "netProfitMargin" : 9.29,
    "netProfit" : 48.17
  }, {
    "date" : "2016-12-31",
    "sales" : 454.13,
    "salesGrowthYoY" : -4.53,
    "grossProfitMargin" : 44.01,
    "grossProfit" : 199.86,
    "operatingProfitMargin" : 12.21,
    "operatingProfit" : 55.45,
    "netProfitMargin" : 6.28,
    "netProfit" : 28.52
  }, {
    "date" : "2017-03-31",
    "sales" : 475.97,
    "salesGrowthYoY" : -2.57,
    "grossProfitMargin" : 42.54,
    "grossProfit" : 202.48,
    "operatingProfitMargin" : 13.90,
    "operatingProfit" : 66.16,
    "netProfitMargin" : 6.75,
    "netProfit" : 32.13
  }, {
    "date" : "2017-06-30",
    "sales" : 539.25,
    "salesGrowthYoY" : 5.36,
    "grossProfitMargin" : 37.94,
    "grossProfit" : 204.59,
    "operatingProfitMargin" : 8.51,
    "operatingProfit" : 45.89,
    "netProfitMargin" : 3.31,
    "netProfit" : 17.85
  }, {
    "date" : "2017-09-30",
    "sales" : 567.46,
    "salesGrowthYoY" : 9.44,
    "grossProfitMargin" : 40.92,
    "grossProfit" : 232.20,
    "operatingProfitMargin" : 14.04,
    "operatingProfit" : 79.67,
    "netProfitMargin" : 7.07,
    "netProfit" : 40.12
  }, {
    "date" : "2017-12-31",
    "sales" : 492.69,
    "salesGrowthYoY" : 8.49,
    "grossProfitMargin" : 43.10,
    "grossProfit" : 212.35,
    "operatingProfitMargin" : 13.45,
    "operatingProfit" : 66.27,
    "netProfitMargin" : 6.29,
    "netProfit" : 30.99
  }, {
    "date" : "2018-03-31",
    "sales" : 552.85,
    "salesGrowthYoY" : 16.15,
    "grossProfitMargin" : 42.12,
    "grossProfit" : 232.86,
    "operatingProfitMargin" : 10.84,
    "operatingProfit" : 59.93,
    "netProfitMargin" : 5.19,
    "netProfit" : 28.69
  }, {
    "date" : "2018-06-30",
    "sales" : 587.82,
    "salesGrowthYoY" : 9.01,
    "grossProfitMargin" : 38.57,
    "grossProfit" : 226.72,
    "operatingProfitMargin" : 12.70,
    "operatingProfit" : 74.65,
    "netProfitMargin" : 5.78,
    "netProfit" : 33.98
  }, {
    "date" : "2018-09-30",
    "sales" : 631.76,
    "salesGrowthYoY" : 11.33,
    "grossProfitMargin" : 37.36,
    "grossProfit" : 236.03,
    "operatingProfitMargin" : 10.36,
    "operatingProfit" : 65.45,
    "netProfitMargin" : 4.68,
    "netProfit" : 29.57
  }, {
    "date" : "2018-12-31",
    "sales" : 582.30,
    "salesGrowthYoY" : 18.19,
    "grossProfitMargin" : 40.42,
    "grossProfit" : 235.37,
    "operatingProfitMargin" : 10.57,
    "operatingProfit" : 61.55,
    "netProfitMargin" : 4.05,
    "netProfit" : 23.58
  }, {
    "date" : "2019-03-31",
    "sales" : 579.89,
    "salesGrowthYoY" : 4.89,
    "grossProfitMargin" : 40.68,
    "grossProfit" : 235.90,
    "operatingProfitMargin" : 9.73,
    "operatingProfit" : 56.42,
    "netProfitMargin" : 2.77,
    "netProfit" : 16.06
  }, {
    "date" : "2019-06-30",
    "sales" : 592.45,
    "salesGrowthYoY" : 0.79,
    "grossProfitMargin" : 39.40,
    "grossProfit" : 233.43,
    "operatingProfitMargin" : 12.24,
    "operatingProfit" : 72.52,
    "netProfitMargin" : 4.43,
    "netProfit" : 26.25
  }, {
    "date" : "2019-09-30",
    "sales" : 545.11,
    "salesGrowthYoY" : -13.72,
    "grossProfitMargin" : 42.57,
    "grossProfit" : 232.05,
    "operatingProfitMargin" : 11.09,
    "operatingProfit" : 60.45,
    "netProfitMargin" : 3.72,
    "netProfit" : 20.28
  }, {
    "date" : "2019-12-31",
    "sales" : 497.54,
    "salesGrowthYoY" : -14.56,
    "grossProfitMargin" : 46.08,
    "grossProfit" : 229.27,
    "operatingProfitMargin" : 9.67,
    "operatingProfit" : 48.11,
    "netProfitMargin" : 2.69,
    "netProfit" : 13.38
  }, {
    "date" : "2020-03-31",
    "sales" : 417.14,
    "salesGrowthYoY" : -28.07,
    "grossProfitMargin" : 46.76,
    "grossProfit" : 195.05,
    "operatingProfitMargin" : 7.86,
    "operatingProfit" : 32.79,
    "netProfitMargin" : 5.88,
    "netProfit" : 24.53
  }, {
    "date" : "2020-06-30",
    "sales" : 206.47,
    "salesGrowthYoY" : -65.15,
    "grossProfitMargin" : 39.57,
    "grossProfit" : 81.70,
    "operatingProfitMargin" : -7.81,
    "operatingProfit" : -16.13,
    "netProfitMargin" : -17.15,
    "netProfit" : -35.41
  }, {
    "date" : "2020-09-30",
    "sales" : 535.01,
    "salesGrowthYoY" : -1.85,
    "grossProfitMargin" : 45.84,
    "grossProfit" : 245.25,
    "operatingProfitMargin" : 15.86,
    "operatingProfit" : 84.85,
    "netProfitMargin" : 7.36,
    "netProfit" : 39.38
  }, {
    "date" : "2020-12-31",
    "sales" : 553.31,
    "salesGrowthYoY" : 11.21,
    "grossProfitMargin" : 47.99,
    "grossProfit" : 265.53,
    "operatingProfitMargin" : 13.99,
    "operatingProfit" : 77.41,
    "netProfitMargin" : 6.29,
    "netProfit" : 34.80
  }, {
    "date" : "2021-03-31",
    "sales" : 581.04,
    "salesGrowthYoY" : 39.29,
    "grossProfitMargin" : 47.55,
    "grossProfit" : 276.28,
    "operatingProfitMargin" : 13.31,
    "operatingProfit" : 77.34,
    "netProfitMargin" : 5.87,
    "netProfit" : 34.11
  }, {
    "date" : "2021-06-30",
    "sales" : 479.07,
    "salesGrowthYoY" : 132.03,
    "grossProfitMargin" : 44.57,
    "grossProfit" : 213.52,
    "operatingProfitMargin" : 5.03,
    "operatingProfit" : 24.10,
    "netProfitMargin" : 0.05,
    "netProfit" : 0.24
  }, {
    "date" : "2021-09-30",
    "sales" : 671.85,
    "salesGrowthYoY" : 25.58,
    "grossProfitMargin" : 43.22,
    "grossProfit" : 290.37,
    "operatingProfitMargin" : 9.19,
    "operatingProfit" : 61.74,
    "netProfitMargin" : 3.70,
    "netProfit" : 24.86
  }, {
    "date" : "2021-12-31",
    "sales" : 659.01,
    "salesGrowthYoY" : 19.10,
    "grossProfitMargin" : 38.79,
    "grossProfit" : 255.63,
    "operatingProfitMargin" : 5.83,
    "operatingProfit" : 38.42,
    "netProfitMargin" : 1.42,
    "netProfit" : 9.36
  }, {
    "date" : "2022-03-31",
    "sales" : 645.90,
    "salesGrowthYoY" : 11.16,
    "grossProfitMargin" : 37.76,
    "grossProfit" : 243.89,
    "operatingProfitMargin" : 5.42,
    "operatingProfit" : 35.01,
    "netProfitMargin" : 1.38,
    "netProfit" : 8.91
  }, {
    "date" : "2022-06-30",
    "sales" : 713.54,
    "salesGrowthYoY" : 48.94,
    "grossProfitMargin" : 38.44,
    "grossProfit" : 274.28,
    "operatingProfitMargin" : 3.98,
    "operatingProfit" : 28.40,
    "netProfitMargin" : 0.21,
    "netProfit" : 1.50
  }, {
    "date" : "2022-09-30",
    "sales" : 805.17,
    "salesGrowthYoY" : 19.84,
    "grossProfitMargin" : 39.35,
    "grossProfit" : 316.83,
    "operatingProfitMargin" : 9.86,
    "operatingProfit" : 79.39,
    "netProfitMargin" : 4.49,
    "netProfit" : 36.15
  }, {
    "date" : "2022-12-31",
    "sales" : 699.43,
    "salesGrowthYoY" : 6.13,
    "grossProfitMargin" : 41.42,
    "grossProfit" : 289.70,
    "operatingProfitMargin" : 7.70,
    "operatingProfit" : 53.86,
    "netProfitMargin" : 2.28,
    "netProfit" : 15.95
  }, {
    "date" : "2023-03-31",
    "sales" : 647.25,
    "salesGrowthYoY" : 0.21,
    "grossProfitMargin" : 43.83,
    "grossProfit" : 283.69,
    "operatingProfitMargin" : 8.36,
    "operatingProfit" : 54.11,
    "netProfitMargin" : 3.39,
    "netProfit" : 21.94
  }, {
    "date" : "2023-06-30",
    "sales" : 668.76,
    "salesGrowthYoY" : -6.28,
    "grossProfitMargin" : 44.35,
    "grossProfit" : 296.60,
    "operatingProfitMargin" : 8.40,
    "operatingProfit" : 56.18,
    "netProfitMargin" : 2.79,
    "netProfit" : 18.66
  }, {
    "date" : "2023-09-30",
    "sales" : 704.47,
    "salesGrowthYoY" : -12.51,
    "grossProfitMargin" : 45.94,
    "grossProfit" : 323.63,
    "operatingProfitMargin" : 12.25,
    "operatingProfit" : 86.30,
    "netProfitMargin" : 5.39,
    "netProfit" : 37.97
  }, {
    "date" : "2023-12-31",
    "sales" : 677.38,
    "salesGrowthYoY" : -3.15,
    "grossProfitMargin" : 44.57,
    "grossProfit" : 301.91,
    "operatingProfitMargin" : 9.41,
    "operatingProfit" : 63.74,
    "netProfitMargin" : 3.30,
    "netProfit" : 22.35
  }, {
    "date" : "2024-03-31",
    "sales" : 703.42,
    "salesGrowthYoY" : 8.68,
    "grossProfitMargin" : 45.29,
    "grossProfit" : 318.58,
    "operatingProfitMargin" : 10.74,
    "operatingProfit" : 75.55,
    "netProfitMargin" : 4.26,
    "netProfit" : 29.97
  }, {
    "date" : "2024-06-30",
    "sales" : 738.92,
    "salesGrowthYoY" : 10.49,
    "grossProfitMargin" : 44.29,
    "grossProfit" : 327.27,
    "operatingProfitMargin" : 7.38,
    "operatingProfit" : 54.53,
    "netProfitMargin" : 1.59,
    "netProfit" : 11.75
  }, {
    "date" : "2024-09-30",
    "sales" : 784.93,
    "salesGrowthYoY" : 11.42,
    "grossProfitMargin" : 42.32,
    "grossProfit" : 332.18,
    "operatingProfitMargin" : 7.92,
    "operatingProfit" : 62.17,
    "netProfitMargin" : 2.32,
    "netProfit" : 18.21
  }, {
    "date" : "2024-12-31",
    "sales" : 747.00,
    "salesGrowthYoY" : 10.28,
    "grossProfitMargin" : 39.95,
    "grossProfit" : 298.43,
    "operatingProfitMargin" : 5.72,
    "operatingProfit" : 42.73,
    "netProfitMargin" : -0.03,
    "netProfit" : -0.22
  }, {
    "date" : "2025-03-31",
    "sales" : 752.05,
    "salesGrowthYoY" : 6.91,
    "grossProfitMargin" : 40.41,
    "grossProfit" : 303.90,
    "operatingProfitMargin" : 8.11,
    "operatingProfit" : 60.99,
    "netProfitMargin" : 1.96,
    "netProfit" : 14.74
  }, {
    "date" : "2025-06-30",
    "sales" : 761.74,
    "salesGrowthYoY" : 3.09,
    "grossProfitMargin" : 40.10,
    "grossProfit" : 305.46,
    "operatingProfitMargin" : 6.40,
    "operatingProfit" : 48.75,
    "netProfitMargin" : 0.66,
    "netProfit" : 5.03
  }, {
    "date" : "2025-09-30",
    "sales" : 865.04,
    "salesGrowthYoY" : 10.21,
    "grossProfitMargin" : 40.42,
    "grossProfit" : 349.65,
    "operatingProfitMargin" : 7.50,
    "operatingProfit" : 64.88,
    "netProfitMargin" : 2.05,
    "netProfit" : 17.73
  }, {
    "date" : "2025-12-31",
    "sales" : 850.36,
    "salesGrowthYoY" : 13.84,
    "grossProfitMargin" : 43.06,
    "grossProfit" : 366.17,
    "operatingProfitMargin" : 8.84,
    "operatingProfit" : 75.17,
    "netProfitMargin" : 2.74,
    "netProfit" : 23.30
  } ],
  "latestQuarterlyResult" : {
    "date" : "2025-12-31",
    "sales" : 850.36,
    "salesGrowthYoY" : 13.84,
    "grossProfitMargin" : 43.06,
    "grossProfit" : 366.17,
    "operatingProfitMargin" : 8.84,
    "operatingProfit" : 75.17,
    "netProfitMargin" : 2.74,
    "netProfit" : 23.30
  },
  "companyScore" : {
    "priceHigherThanDma50" : 5.00,
    "priceHigherThanDma100" : 5.00,
    "priceHigherThanDma200" : 5.00,
    "dma50HigherThanDma100" : 5.00,
    "dma50HigherThanDma200" : 5.00,
    "dma100HigherThanDma200" : 5.00,
    "pricePercentageAboveDma50" : 4.77,
    "pricePercentageAboveDma100" : 4.74,
    "pricePercentageAboveDma200" : 4.26,
    "weeklyVolumeHigherThanYearlyVolume" : 5.00,
    "salesGrowthPercentile" : 11.50,
    "operatingProfitMarginPercentile" : 13.13,
    "netProfitMarginPercentile" : 7.21,
    "totalTechnicalScore" : 48.77,
    "totalFundamentalScore" : 31.83,
    "totalScore" : 80.60
  }
}