{
  "metadata" : {
    "screenerCompanyId" : "3548",
    "companyCode" : "UBL",
    "companyName" : "United Breweries",
    "screenerCompanyLink" : "https://www.screener.in/company/UBL/consolidated/",
    "screenerTechnicalHistoryLink" : "https://www.screener.in/api/company/3548/chart/?q=Price-DMA50-DMA200-Volume&days=365",
    "screenerQuarterlyResultsLink" : "https://www.screener.in/api/company/3548/chart/?q=GPM-OPM-NPM-Quarter+Sales&days=10000",
    "attributes" : {
      "companyCode" : "UBL",
      "companyName" : "United Breweries",
      "marketCap" : 42328.00,
      "peRatio" : 101.00,
      "description" : "United Breweries Limited (UBL) is engaged in the business of manufacture and sale of beer and non-alcoholic beverages. [1]"
    },
    "companyScore" : {
      "priceHigherThanDma50" : 5.00,
      "priceHigherThanDma100" : 0.00,
      "priceHigherThanDma200" : 0.00,
      "dma50HigherThanDma100" : 0.00,
      "dma50HigherThanDma200" : 0.00,
      "dma100HigherThanDma200" : 0.00,
      "pricePercentageAboveDma50" : 4.93,
      "pricePercentageAboveDma100" : 5.20,
      "pricePercentageAboveDma200" : 5.44,
      "weeklyVolumeHigherThanYearlyVolume" : 0.00,
      "salesGrowthPercentile" : 8.06,
      "operatingProfitMarginPercentile" : 14.32,
      "netProfitMarginPercentile" : 7.45,
      "totalTechnicalScore" : 20.58,
      "totalFundamentalScore" : 29.84,
      "totalScore" : 50.41
    }
  },
  "attributes" : {
    "companyCode" : "UBL",
    "companyName" : "United Breweries",
    "marketCap" : 42328.00,
    "peRatio" : 101.00,
    "description" : "United Breweries Limited (UBL) is engaged in the business of manufacture and sale of beer and non-alcoholic beverages. [1]"
  },
  "technicalHistory" : [ {
    "date" : "2025-02-18",
    "price" : 2022.80,
    "dma50" : 2041.55,
    "dma100" : null,
    "dma200" : 1978.07,
    "volume" : 284580.00
  }, {
    "date" : "2025-02-19",
    "price" : 2027.20,
    "dma50" : 2040.99,
    "dma100" : null,
    "dma200" : 1978.56,
    "volume" : 335090.00
  }, {
    "date" : "2025-02-20",
    "price" : 2028.20,
    "dma50" : 2040.48,
    "dma100" : null,
    "dma200" : 1979.05,
    "volume" : 216681.00
  }, {
    "date" : "2025-02-21",
    "price" : 2019.40,
    "dma50" : 2039.66,
    "dma100" : null,
    "dma200" : 1979.46,
    "volume" : 196860.00
  }, {
    "date" : "2025-02-24",
    "price" : 2035.10,
    "dma50" : 2039.48,
    "dma100" : null,
    "dma200" : 1980.01,
    "volume" : 321077.00
  }, {
    "date" : "2025-02-25",
    "price" : 2038.55,
    "dma50" : 2039.44,
    "dma100" : null,
    "dma200" : 1980.59,
    "volume" : 895399.00
  }, {
    "date" : "2025-02-27",
    "price" : 2006.85,
    "dma50" : 2038.16,
    "dma100" : null,
    "dma200" : 1980.85,
    "volume" : 409929.00
  }, {
    "date" : "2025-02-28",
    "price" : 1946.15,
    "dma50" : 2034.56,
    "dma100" : null,
    "dma200" : 1980.51,
    "volume" : 146450.00
  }, {
    "date" : "2025-03-03",
    "price" : 1912.85,
    "dma50" : 2029.78,
    "dma100" : null,
    "dma200" : 1979.83,
    "volume" : 147053.00
  }, {
    "date" : "2025-03-04",
    "price" : 1912.80,
    "dma50" : 2025.20,
    "dma100" : null,
    "dma200" : 1979.17,
    "volume" : 147201.00
  }, {
    "date" : "2025-03-05",
    "price" : 1890.95,
    "dma50" : 2019.93,
    "dma100" : null,
    "dma200" : 1978.29,
    "volume" : 195291.00
  }, {
    "date" : "2025-03-06",
    "price" : 1899.65,
    "dma50" : 2015.21,
    "dma100" : null,
    "dma200" : 1977.51,
    "volume" : 249690.00
  }, {
    "date" : "2025-03-07",
    "price" : 1922.30,
    "dma50" : 2011.57,
    "dma100" : null,
    "dma200" : 1976.96,
    "volume" : 183425.00
  }, {
    "date" : "2025-03-10",
    "price" : 1900.55,
    "dma50" : 2007.22,
    "dma100" : null,
    "dma200" : 1976.20,
    "volume" : 173047.00
  }, {
    "date" : "2025-03-11",
    "price" : 1878.30,
    "dma50" : 2002.16,
    "dma100" : null,
    "dma200" : 1975.22,
    "volume" : 161176.00
  }, {
    "date" : "2025-03-12",
    "price" : 1904.95,
    "dma50" : 1998.35,
    "dma100" : null,
    "dma200" : 1974.52,
    "volume" : 135308.00
  }, {
    "date" : "2025-03-13",
    "price" : 1911.65,
    "dma50" : 1994.95,
    "dma100" : null,
    "dma200" : 1973.90,
    "volume" : 101593.00
  }, {
    "date" : "2025-03-17",
    "price" : 1884.75,
    "dma50" : 1990.63,
    "dma100" : null,
    "dma200" : 1973.01,
    "volume" : 72369.00
  }, {
    "date" : "2025-03-18",
    "price" : 1899.75,
    "dma50" : 1987.06,
    "dma100" : null,
    "dma200" : 1972.28,
    "volume" : 72371.00
  }, {
    "date" : "2025-03-19",
    "price" : 1905.55,
    "dma50" : 1983.87,
    "dma100" : null,
    "dma200" : 1971.62,
    "volume" : 301305.00
  }, {
    "date" : "2025-03-20",
    "price" : 1967.20,
    "dma50" : 1983.21,
    "dma100" : null,
    "dma200" : 1971.57,
    "volume" : 394285.00
  }, {
    "date" : "2025-03-21",
    "price" : 1933.45,
    "dma50" : 1981.26,
    "dma100" : null,
    "dma200" : 1971.20,
    "volume" : 171784.00
  }, {
    "date" : "2025-03-24",
    "price" : 1962.35,
    "dma50" : 1980.52,
    "dma100" : null,
    "dma200" : 1971.11,
    "volume" : 181135.00
  }, {
    "date" : "2025-03-25",
    "price" : 1924.80,
    "dma50" : 1978.34,
    "dma100" : null,
    "dma200" : 1970.65,
    "volume" : 235862.00
  }, {
    "date" : "2025-03-26",
    "price" : 1931.15,
    "dma50" : 1976.48,
    "dma100" : null,
    "dma200" : 1970.25,
    "volume" : 155181.00
  }, {
    "date" : "2025-03-27",
    "price" : 1975.95,
    "dma50" : 1976.46,
    "dma100" : null,
    "dma200" : 1970.31,
    "volume" : 246833.00
  }, {
    "date" : "2025-03-28",
    "price" : 1999.25,
    "dma50" : 1977.36,
    "dma100" : null,
    "dma200" : 1970.60,
    "volume" : 91061.00
  }, {
    "date" : "2025-04-01",
    "price" : 1951.70,
    "dma50" : 1976.35,
    "dma100" : null,
    "dma200" : 1970.41,
    "volume" : 97768.00
  }, {
    "date" : "2025-04-02",
    "price" : 1970.40,
    "dma50" : 1976.12,
    "dma100" : null,
    "dma200" : 1970.41,
    "volume" : 98237.00
  }, {
    "date" : "2025-04-03",
    "price" : 1983.05,
    "dma50" : 1976.39,
    "dma100" : null,
    "dma200" : 1970.54,
    "volume" : 57267.00
  }, {
    "date" : "2025-04-04",
    "price" : 1989.35,
    "dma50" : 1976.90,
    "dma100" : null,
    "dma200" : 1970.72,
    "volume" : 142547.00
  }, {
    "date" : "2025-04-07",
    "price" : 1945.60,
    "dma50" : 1975.67,
    "dma100" : null,
    "dma200" : 1970.47,
    "volume" : 116089.00
  }, {
    "date" : "2025-04-08",
    "price" : 1996.50,
    "dma50" : 1976.49,
    "dma100" : null,
    "dma200" : 1970.73,
    "volume" : 203061.00
  }, {
    "date" : "2025-04-09",
    "price" : 2001.75,
    "dma50" : 1977.48,
    "dma100" : null,
    "dma200" : 1971.04,
    "volume" : 124437.00
  }, {
    "date" : "2025-04-11",
    "price" : 2019.50,
    "dma50" : 1979.13,
    "dma100" : null,
    "dma200" : 1971.52,
    "volume" : 173116.00
  }, {
    "date" : "2025-04-15",
    "price" : 2088.10,
    "dma50" : 1983.40,
    "dma100" : null,
    "dma200" : 1972.68,
    "volume" : 300829.00
  }, {
    "date" : "2025-04-16",
    "price" : 2109.40,
    "dma50" : 1988.34,
    "dma100" : null,
    "dma200" : 1974.04,
    "volume" : 214789.00
  }, {
    "date" : "2025-04-17",
    "price" : 2147.40,
    "dma50" : 1994.58,
    "dma100" : null,
    "dma200" : 1975.77,
    "volume" : 155467.00
  }, {
    "date" : "2025-04-21",
    "price" : 2218.00,
    "dma50" : 2003.34,
    "dma100" : null,
    "dma200" : 1978.18,
    "volume" : 317378.00
  }, {
    "date" : "2025-04-22",
    "price" : 2230.80,
    "dma50" : 2012.26,
    "dma100" : null,
    "dma200" : 1980.69,
    "volume" : 413403.00
  }, {
    "date" : "2025-04-23",
    "price" : 2238.90,
    "dma50" : 2021.15,
    "dma100" : null,
    "dma200" : 1983.26,
    "volume" : 152783.00
  }, {
    "date" : "2025-04-24",
    "price" : 2176.60,
    "dma50" : 2027.24,
    "dma100" : null,
    "dma200" : 1985.19,
    "volume" : 149755.00
  }, {
    "date" : "2025-04-25",
    "price" : 2124.20,
    "dma50" : 2031.05,
    "dma100" : null,
    "dma200" : 1986.57,
    "volume" : 103025.00
  }, {
    "date" : "2025-04-28",
    "price" : 2159.00,
    "dma50" : 2036.06,
    "dma100" : null,
    "dma200" : 1988.28,
    "volume" : 72217.00
  }, {
    "date" : "2025-04-29",
    "price" : 2167.40,
    "dma50" : 2041.21,
    "dma100" : null,
    "dma200" : 1990.07,
    "volume" : 65208.00
  }, {
    "date" : "2025-04-30",
    "price" : 2160.00,
    "dma50" : 2045.87,
    "dma100" : null,
    "dma200" : 1991.76,
    "volume" : 63907.00
  }, {
    "date" : "2025-05-02",
    "price" : 2164.50,
    "dma50" : 2050.52,
    "dma100" : null,
    "dma200" : 1993.48,
    "volume" : 95755.00
  }, {
    "date" : "2025-05-05",
    "price" : 2131.10,
    "dma50" : 2053.68,
    "dma100" : null,
    "dma200" : 1994.85,
    "volume" : 125761.00
  }, {
    "date" : "2025-05-06",
    "price" : 2136.80,
    "dma50" : 2056.94,
    "dma100" : null,
    "dma200" : 1996.26,
    "volume" : 56781.00
  }, {
    "date" : "2025-05-07",
    "price" : 2181.80,
    "dma50" : 2061.84,
    "dma100" : null,
    "dma200" : 1998.10,
    "volume" : 136796.00
  }, {
    "date" : "2025-05-08",
    "price" : 2168.90,
    "dma50" : 2066.04,
    "dma100" : null,
    "dma200" : 1999.80,
    "volume" : 436264.00
  }, {
    "date" : "2025-05-09",
    "price" : 2174.30,
    "dma50" : 2070.28,
    "dma100" : null,
    "dma200" : 2001.54,
    "volume" : 132668.00
  }, {
    "date" : "2025-05-12",
    "price" : 2119.80,
    "dma50" : 2072.23,
    "dma100" : null,
    "dma200" : 2002.72,
    "volume" : 241374.00
  }, {
    "date" : "2025-05-13",
    "price" : 2035.60,
    "dma50" : 2070.79,
    "dma100" : null,
    "dma200" : 2003.04,
    "volume" : 451624.00
  }, {
    "date" : "2025-05-14",
    "price" : 2074.40,
    "dma50" : 2070.93,
    "dma100" : null,
    "dma200" : 2003.75,
    "volume" : 112570.00
  }, {
    "date" : "2025-05-15",
    "price" : 2066.60,
    "dma50" : 2070.76,
    "dma100" : null,
    "dma200" : 2004.38,
    "volume" : 75746.00
  }, {
    "date" : "2025-05-16",
    "price" : 2050.60,
    "dma50" : 2069.97,
    "dma100" : null,
    "dma200" : 2004.84,
    "volume" : 146770.00
  }, {
    "date" : "2025-05-19",
    "price" : 2052.80,
    "dma50" : 2069.30,
    "dma100" : null,
    "dma200" : 2005.32,
    "volume" : 107618.00
  }, {
    "date" : "2025-05-20",
    "price" : 2020.50,
    "dma50" : 2067.38,
    "dma100" : null,
    "dma200" : 2005.47,
    "volume" : 126097.00
  }, {
    "date" : "2025-05-21",
    "price" : 2031.20,
    "dma50" : 2065.96,
    "dma100" : null,
    "dma200" : 2005.72,
    "volume" : 109129.00
  }, {
    "date" : "2025-05-22",
    "price" : 1995.10,
    "dma50" : 2063.19,
    "dma100" : null,
    "dma200" : 2005.62,
    "volume" : 115065.00
  }, {
    "date" : "2025-05-23",
    "price" : 2024.60,
    "dma50" : 2061.67,
    "dma100" : null,
    "dma200" : 2005.81,
    "volume" : 72461.00
  }, {
    "date" : "2025-05-26",
    "price" : 2046.30,
    "dma50" : 2061.07,
    "dma100" : null,
    "dma200" : 2006.21,
    "volume" : 73849.00
  }, {
    "date" : "2025-05-27",
    "price" : 2031.50,
    "dma50" : 2059.91,
    "dma100" : null,
    "dma200" : 2006.46,
    "volume" : 90081.00
  }, {
    "date" : "2025-05-28",
    "price" : 2060.00,
    "dma50" : 2059.91,
    "dma100" : null,
    "dma200" : 2006.99,
    "volume" : 75405.00
  }, {
    "date" : "2025-05-29",
    "price" : 2004.40,
    "dma50" : 2057.74,
    "dma100" : null,
    "dma200" : 2006.97,
    "volume" : 204892.00
  }, {
    "date" : "2025-05-30",
    "price" : 1976.80,
    "dma50" : 2054.56,
    "dma100" : null,
    "dma200" : 2006.67,
    "volume" : 109680.00
  }, {
    "date" : "2025-06-02",
    "price" : 2014.00,
    "dma50" : 2052.97,
    "dma100" : null,
    "dma200" : 2006.74,
    "volume" : 69628.00
  }, {
    "date" : "2025-06-03",
    "price" : 2022.50,
    "dma50" : 2051.78,
    "dma100" : null,
    "dma200" : 2006.90,
    "volume" : 89033.00
  }, {
    "date" : "2025-06-04",
    "price" : 2029.70,
    "dma50" : 2050.91,
    "dma100" : null,
    "dma200" : 2007.12,
    "volume" : 68277.00
  }, {
    "date" : "2025-06-05",
    "price" : 2024.60,
    "dma50" : 2049.88,
    "dma100" : null,
    "dma200" : 2007.30,
    "volume" : 169623.00
  }, {
    "date" : "2025-06-06",
    "price" : 2069.20,
    "dma50" : 2050.64,
    "dma100" : null,
    "dma200" : 2007.91,
    "volume" : 126618.00
  }, {
    "date" : "2025-06-09",
    "price" : 2087.10,
    "dma50" : 2052.07,
    "dma100" : null,
    "dma200" : 2008.70,
    "volume" : 74608.00
  }, {
    "date" : "2025-06-10",
    "price" : 2067.20,
    "dma50" : 2052.66,
    "dma100" : null,
    "dma200" : 2009.28,
    "volume" : 39406.00
  }, {
    "date" : "2025-06-11",
    "price" : 2064.40,
    "dma50" : 2053.12,
    "dma100" : null,
    "dma200" : 2009.83,
    "volume" : 273784.00
  }, {
    "date" : "2025-06-12",
    "price" : 2065.30,
    "dma50" : 2053.60,
    "dma100" : null,
    "dma200" : 2010.38,
    "volume" : 37969.00
  }, {
    "date" : "2025-06-13",
    "price" : 2046.60,
    "dma50" : 2053.32,
    "dma100" : null,
    "dma200" : 2010.74,
    "volume" : 156551.00
  }, {
    "date" : "2025-06-16",
    "price" : 2031.40,
    "dma50" : 2052.46,
    "dma100" : null,
    "dma200" : 2010.95,
    "volume" : 45950.00
  }, {
    "date" : "2025-06-17",
    "price" : 2015.10,
    "dma50" : 2051.00,
    "dma100" : null,
    "dma200" : 2010.99,
    "volume" : 111054.00
  }, {
    "date" : "2025-06-18",
    "price" : 1980.50,
    "dma50" : 2048.23,
    "dma100" : null,
    "dma200" : 2010.69,
    "volume" : 128619.00
  }, {
    "date" : "2025-06-19",
    "price" : 1953.40,
    "dma50" : 2044.52,
    "dma100" : null,
    "dma200" : 2010.12,
    "volume" : 80264.00
  }, {
    "date" : "2025-06-20",
    "price" : 1943.70,
    "dma50" : 2040.56,
    "dma100" : null,
    "dma200" : 2009.46,
    "volume" : 264766.00
  }, {
    "date" : "2025-06-23",
    "price" : 1940.20,
    "dma50" : 2036.63,
    "dma100" : null,
    "dma200" : 2008.77,
    "volume" : 91176.00
  }, {
    "date" : "2025-06-24",
    "price" : 1928.70,
    "dma50" : 2032.39,
    "dma100" : null,
    "dma200" : 2007.97,
    "volume" : 222880.00
  }, {
    "date" : "2025-06-25",
    "price" : 1937.40,
    "dma50" : 2028.67,
    "dma100" : null,
    "dma200" : 2007.27,
    "volume" : 625740.00
  }, {
    "date" : "2025-06-26",
    "price" : 1964.40,
    "dma50" : 2026.15,
    "dma100" : null,
    "dma200" : 2006.84,
    "volume" : 218767.00
  }, {
    "date" : "2025-06-27",
    "price" : 1959.00,
    "dma50" : 2023.51,
    "dma100" : null,
    "dma200" : 2006.37,
    "volume" : 195537.00
  }, {
    "date" : "2025-06-30",
    "price" : 1951.10,
    "dma50" : 2020.68,
    "dma100" : null,
    "dma200" : 2005.82,
    "volume" : 193319.00
  }, {
    "date" : "2025-07-01",
    "price" : 1950.30,
    "dma50" : 2017.92,
    "dma100" : null,
    "dma200" : 2005.26,
    "volume" : 153311.00
  }, {
    "date" : "2025-07-02",
    "price" : 1939.60,
    "dma50" : 2014.84,
    "dma100" : null,
    "dma200" : 2004.61,
    "volume" : 285903.00
  }, {
    "date" : "2025-07-03",
    "price" : 1982.50,
    "dma50" : 2013.58,
    "dma100" : null,
    "dma200" : 2004.39,
    "volume" : 126145.00
  }, {
    "date" : "2025-07-04",
    "price" : 1978.30,
    "dma50" : 2012.19,
    "dma100" : null,
    "dma200" : 2004.13,
    "volume" : 63071.00
  }, {
    "date" : "2025-07-07",
    "price" : 1990.10,
    "dma50" : 2011.33,
    "dma100" : null,
    "dma200" : 2003.99,
    "volume" : 97856.00
  }, {
    "date" : "2025-07-08",
    "price" : 1980.30,
    "dma50" : 2010.11,
    "dma100" : null,
    "dma200" : 2003.76,
    "volume" : 52286.00
  }, {
    "date" : "2025-07-09",
    "price" : 1969.00,
    "dma50" : 2008.50,
    "dma100" : null,
    "dma200" : 2003.41,
    "volume" : 185215.00
  }, {
    "date" : "2025-07-10",
    "price" : 1969.90,
    "dma50" : 2006.98,
    "dma100" : null,
    "dma200" : 2003.08,
    "volume" : 98551.00
  }, {
    "date" : "2025-07-11",
    "price" : 1960.10,
    "dma50" : 2005.14,
    "dma100" : null,
    "dma200" : 2002.65,
    "volume" : 172431.00
  }, {
    "date" : "2025-07-14",
    "price" : 1956.20,
    "dma50" : 2003.23,
    "dma100" : null,
    "dma200" : 2002.19,
    "volume" : 160416.00
  }, {
    "date" : "2025-07-15",
    "price" : 1971.30,
    "dma50" : 2001.97,
    "dma100" : null,
    "dma200" : 2001.88,
    "volume" : 112006.00
  }, {
    "date" : "2025-07-16",
    "price" : 2009.60,
    "dma50" : 2002.27,
    "dma100" : null,
    "dma200" : 2001.96,
    "volume" : 177411.00
  }, {
    "date" : "2025-07-17",
    "price" : 2023.70,
    "dma50" : 2003.11,
    "dma100" : 2016.21,
    "dma200" : 2002.17,
    "volume" : 86318.00
  }, {
    "date" : "2025-07-18",
    "price" : 2002.70,
    "dma50" : 2003.10,
    "dma100" : 2015.97,
    "dma200" : 2002.18,
    "volume" : 93459.00
  }, {
    "date" : "2025-07-21",
    "price" : 2020.90,
    "dma50" : 2003.79,
    "dma100" : 2015.90,
    "dma200" : 2002.36,
    "volume" : 56895.00
  }, {
    "date" : "2025-07-22",
    "price" : 2035.80,
    "dma50" : 2005.05,
    "dma100" : 2016.06,
    "dma200" : 2002.70,
    "volume" : 195189.00
  }, {
    "date" : "2025-07-23",
    "price" : 2016.90,
    "dma50" : 2005.51,
    "dma100" : 2015.88,
    "dma200" : 2002.84,
    "volume" : 702527.00
  }, {
    "date" : "2025-07-24",
    "price" : 2019.90,
    "dma50" : 2006.08,
    "dma100" : 2015.69,
    "dma200" : 2003.01,
    "volume" : 338355.00
  }, {
    "date" : "2025-07-25",
    "price" : 2033.50,
    "dma50" : 2007.15,
    "dma100" : 2015.96,
    "dma200" : 2003.31,
    "volume" : 254006.00
  }, {
    "date" : "2025-07-28",
    "price" : 1999.20,
    "dma50" : 2006.84,
    "dma100" : 2016.49,
    "dma200" : 2003.27,
    "volume" : 81626.00
  }, {
    "date" : "2025-07-29",
    "price" : 1975.60,
    "dma50" : 2005.62,
    "dma100" : 2017.12,
    "dma200" : 2003.00,
    "volume" : 379980.00
  }, {
    "date" : "2025-07-30",
    "price" : 1951.40,
    "dma50" : 2003.49,
    "dma100" : 2017.50,
    "dma200" : 2002.48,
    "volume" : 117315.00
  }, {
    "date" : "2025-07-31",
    "price" : 1945.60,
    "dma50" : 2001.22,
    "dma100" : 2018.05,
    "dma200" : 2001.92,
    "volume" : 32018.00
  }, {
    "date" : "2025-08-01",
    "price" : 1924.90,
    "dma50" : 1998.23,
    "dma100" : 2018.30,
    "dma200" : 2001.15,
    "volume" : 258136.00
  }, {
    "date" : "2025-08-04",
    "price" : 1939.40,
    "dma50" : 1995.92,
    "dma100" : 2018.47,
    "dma200" : 2000.54,
    "volume" : 71267.00
  }, {
    "date" : "2025-08-05",
    "price" : 1927.20,
    "dma50" : 1993.23,
    "dma100" : 2018.74,
    "dma200" : 1999.81,
    "volume" : 19564.00
  }, {
    "date" : "2025-08-06",
    "price" : 1929.60,
    "dma50" : 1990.73,
    "dma100" : 2019.25,
    "dma200" : 1999.11,
    "volume" : 51446.00
  }, {
    "date" : "2025-08-07",
    "price" : 1933.40,
    "dma50" : 1988.48,
    "dma100" : 2019.54,
    "dma200" : 1998.45,
    "volume" : 66040.00
  }, {
    "date" : "2025-08-08",
    "price" : 1920.10,
    "dma50" : 1985.80,
    "dma100" : 2019.62,
    "dma200" : 1997.67,
    "volume" : 63221.00
  }, {
    "date" : "2025-08-11",
    "price" : 1919.00,
    "dma50" : 1983.18,
    "dma100" : 2019.96,
    "dma200" : 1996.89,
    "volume" : 162219.00
  }, {
    "date" : "2025-08-12",
    "price" : 1920.00,
    "dma50" : 1980.70,
    "dma100" : 2020.16,
    "dma200" : 1996.13,
    "volume" : 379144.00
  }, {
    "date" : "2025-08-13",
    "price" : 1919.90,
    "dma50" : 1978.32,
    "dma100" : 2020.31,
    "dma200" : 1995.37,
    "volume" : 81128.00
  }, {
    "date" : "2025-08-14",
    "price" : 1925.20,
    "dma50" : 1976.24,
    "dma100" : 2019.89,
    "dma200" : 1994.67,
    "volume" : 56281.00
  }, {
    "date" : "2025-08-18",
    "price" : 1902.60,
    "dma50" : 1973.35,
    "dma100" : 2019.58,
    "dma200" : 1993.75,
    "volume" : 469652.00
  }, {
    "date" : "2025-08-19",
    "price" : 1926.30,
    "dma50" : 1971.50,
    "dma100" : 2019.22,
    "dma200" : 1993.08,
    "volume" : 81396.00
  }, {
    "date" : "2025-08-20",
    "price" : 1925.50,
    "dma50" : 1969.70,
    "dma100" : 2019.23,
    "dma200" : 1992.41,
    "volume" : 91208.00
  }, {
    "date" : "2025-08-21",
    "price" : 1892.90,
    "dma50" : 1966.69,
    "dma100" : 2018.84,
    "dma200" : 1991.42,
    "volume" : 162488.00
  }, {
    "date" : "2025-08-22",
    "price" : 1875.10,
    "dma50" : 1963.10,
    "dma100" : 2017.84,
    "dma200" : 1990.26,
    "volume" : 123641.00
  }, {
    "date" : "2025-08-25",
    "price" : 1855.10,
    "dma50" : 1958.86,
    "dma100" : 2016.39,
    "dma200" : 1988.92,
    "volume" : 109040.00
  }, {
    "date" : "2025-08-26",
    "price" : 1853.80,
    "dma50" : 1954.74,
    "dma100" : 2015.41,
    "dma200" : 1987.57,
    "volume" : 46455.00
  }, {
    "date" : "2025-08-28",
    "price" : 1855.60,
    "dma50" : 1950.85,
    "dma100" : 2014.27,
    "dma200" : 1986.26,
    "volume" : 132870.00
  }, {
    "date" : "2025-08-29",
    "price" : 1850.10,
    "dma50" : 1946.90,
    "dma100" : 2012.94,
    "dma200" : 1984.90,
    "volume" : 168433.00
  }, {
    "date" : "2025-09-01",
    "price" : 1795.80,
    "dma50" : 1940.98,
    "dma100" : 2011.00,
    "dma200" : 1983.02,
    "volume" : 566093.00
  }, {
    "date" : "2025-09-02",
    "price" : 1840.40,
    "dma50" : 1937.03,
    "dma100" : 2009.95,
    "dma200" : 1981.60,
    "volume" : 590470.00
  }, {
    "date" : "2025-09-03",
    "price" : 1829.20,
    "dma50" : 1932.80,
    "dma100" : 2008.28,
    "dma200" : 1980.09,
    "volume" : 361973.00
  }, {
    "date" : "2025-09-04",
    "price" : 1836.80,
    "dma50" : 1929.04,
    "dma100" : 2006.63,
    "dma200" : 1978.66,
    "volume" : 321185.00
  }, {
    "date" : "2025-09-05",
    "price" : 1825.20,
    "dma50" : 1924.97,
    "dma100" : 2004.68,
    "dma200" : 1977.13,
    "volume" : 179223.00
  }, {
    "date" : "2025-09-08",
    "price" : 1802.90,
    "dma50" : 1920.18,
    "dma100" : 2001.83,
    "dma200" : 1975.40,
    "volume" : 55528.00
  }, {
    "date" : "2025-09-09",
    "price" : 1804.60,
    "dma50" : 1915.65,
    "dma100" : 1998.78,
    "dma200" : 1973.70,
    "volume" : 37930.00
  }, {
    "date" : "2025-09-10",
    "price" : 1798.50,
    "dma50" : 1911.05,
    "dma100" : 1995.30,
    "dma200" : 1971.96,
    "volume" : 304330.00
  }, {
    "date" : "2025-09-11",
    "price" : 1794.00,
    "dma50" : 1906.46,
    "dma100" : 1991.06,
    "dma200" : 1970.19,
    "volume" : 432884.00
  }, {
    "date" : "2025-09-12",
    "price" : 1796.60,
    "dma50" : 1902.15,
    "dma100" : 1986.71,
    "dma200" : 1968.46,
    "volume" : 113486.00
  }, {
    "date" : "2025-09-15",
    "price" : 1797.80,
    "dma50" : 1898.06,
    "dma100" : 1982.30,
    "dma200" : 1966.76,
    "volume" : 221258.00
  }, {
    "date" : "2025-09-16",
    "price" : 1824.00,
    "dma50" : 1895.16,
    "dma100" : 1978.78,
    "dma200" : 1965.34,
    "volume" : 315482.00
  }, {
    "date" : "2025-09-17",
    "price" : 1799.40,
    "dma50" : 1891.40,
    "dma100" : 1975.53,
    "dma200" : 1963.69,
    "volume" : 147042.00
  }, {
    "date" : "2025-09-18",
    "price" : 1799.40,
    "dma50" : 1887.79,
    "dma100" : 1971.93,
    "dma200" : 1962.06,
    "volume" : 127716.00
  }, {
    "date" : "2025-09-19",
    "price" : 1796.00,
    "dma50" : 1884.19,
    "dma100" : 1968.22,
    "dma200" : 1960.40,
    "volume" : 125921.00
  }, {
    "date" : "2025-09-22",
    "price" : 1774.90,
    "dma50" : 1879.91,
    "dma100" : 1964.37,
    "dma200" : 1958.56,
    "volume" : 100708.00
  }, {
    "date" : "2025-09-23",
    "price" : 1795.60,
    "dma50" : 1876.60,
    "dma100" : 1960.68,
    "dma200" : 1956.94,
    "volume" : 93384.00
  }, {
    "date" : "2025-09-24",
    "price" : 1796.60,
    "dma50" : 1873.46,
    "dma100" : 1957.33,
    "dma200" : 1955.34,
    "volume" : 201272.00
  }, {
    "date" : "2025-09-25",
    "price" : 1783.40,
    "dma50" : 1869.93,
    "dma100" : 1953.80,
    "dma200" : 1953.63,
    "volume" : 187977.00
  }, {
    "date" : "2025-09-26",
    "price" : 1777.20,
    "dma50" : 1866.30,
    "dma100" : 1949.75,
    "dma200" : 1951.87,
    "volume" : 86582.00
  }, {
    "date" : "2025-09-29",
    "price" : 1794.80,
    "dma50" : 1863.49,
    "dma100" : 1946.01,
    "dma200" : 1950.31,
    "volume" : 84868.00
  }, {
    "date" : "2025-09-30",
    "price" : 1800.80,
    "dma50" : 1861.03,
    "dma100" : 1942.28,
    "dma200" : 1948.82,
    "volume" : 515206.00
  }, {
    "date" : "2025-10-01",
    "price" : 1798.80,
    "dma50" : 1858.59,
    "dma100" : 1939.07,
    "dma200" : 1947.33,
    "volume" : 125126.00
  }, {
    "date" : "2025-10-03",
    "price" : 1799.40,
    "dma50" : 1856.27,
    "dma100" : 1936.71,
    "dma200" : 1945.86,
    "volume" : 63271.00
  }, {
    "date" : "2025-10-06",
    "price" : 1792.20,
    "dma50" : 1853.76,
    "dma100" : 1933.88,
    "dma200" : 1944.33,
    "volume" : 136881.00
  }, {
    "date" : "2025-10-07",
    "price" : 1790.00,
    "dma50" : 1851.26,
    "dma100" : 1931.12,
    "dma200" : 1942.79,
    "volume" : 145582.00
  }, {
    "date" : "2025-10-08",
    "price" : 1745.80,
    "dma50" : 1847.12,
    "dma100" : 1928.07,
    "dma200" : 1940.83,
    "volume" : 196013.00
  }, {
    "date" : "2025-10-09",
    "price" : 1759.60,
    "dma50" : 1843.69,
    "dma100" : 1925.14,
    "dma200" : 1939.03,
    "volume" : 192816.00
  }, {
    "date" : "2025-10-10",
    "price" : 1780.90,
    "dma50" : 1841.23,
    "dma100" : 1922.74,
    "dma200" : 1937.46,
    "volume" : 59597.00
  }, {
    "date" : "2025-10-13",
    "price" : 1761.80,
    "dma50" : 1838.11,
    "dma100" : 1920.05,
    "dma200" : 1935.71,
    "volume" : 50032.00
  }, {
    "date" : "2025-10-14",
    "price" : 1760.10,
    "dma50" : 1835.05,
    "dma100" : 1917.70,
    "dma200" : 1933.96,
    "volume" : 43301.00
  }, {
    "date" : "2025-10-15",
    "price" : 1756.00,
    "dma50" : 1831.95,
    "dma100" : 1915.01,
    "dma200" : 1932.19,
    "volume" : 164639.00
  }, {
    "date" : "2025-10-16",
    "price" : 1774.20,
    "dma50" : 1829.69,
    "dma100" : 1912.29,
    "dma200" : 1930.62,
    "volume" : 129682.00
  }, {
    "date" : "2025-10-17",
    "price" : 1786.00,
    "dma50" : 1827.98,
    "dma100" : 1909.84,
    "dma200" : 1929.18,
    "volume" : 106108.00
  }, {
    "date" : "2025-10-20",
    "price" : 1791.10,
    "dma50" : 1826.53,
    "dma100" : 1907.15,
    "dma200" : 1927.81,
    "volume" : 63600.00
  }, {
    "date" : "2025-10-21",
    "price" : 1797.90,
    "dma50" : 1825.41,
    "dma100" : 1905.08,
    "dma200" : 1926.51,
    "volume" : 9085.00
  }, {
    "date" : "2025-10-23",
    "price" : 1828.80,
    "dma50" : 1825.54,
    "dma100" : 1903.60,
    "dma200" : 1925.54,
    "volume" : 223012.00
  }, {
    "date" : "2025-10-24",
    "price" : 1829.10,
    "dma50" : 1825.68,
    "dma100" : 1901.75,
    "dma200" : 1924.58,
    "volume" : 255756.00
  }, {
    "date" : "2025-10-27",
    "price" : 1822.30,
    "dma50" : 1825.55,
    "dma100" : 1899.75,
    "dma200" : 1923.56,
    "volume" : 71984.00
  }, {
    "date" : "2025-10-28",
    "price" : 1834.50,
    "dma50" : 1825.90,
    "dma100" : 1897.80,
    "dma200" : 1922.68,
    "volume" : 118371.00
  }, {
    "date" : "2025-10-29",
    "price" : 1840.30,
    "dma50" : 1826.46,
    "dma100" : 1895.96,
    "dma200" : 1921.86,
    "volume" : 201601.00
  }, {
    "date" : "2025-10-30",
    "price" : 1789.20,
    "dma50" : 1825.00,
    "dma100" : 1893.16,
    "dma200" : 1920.54,
    "volume" : 768741.00
  }, {
    "date" : "2025-10-31",
    "price" : 1797.40,
    "dma50" : 1823.92,
    "dma100" : 1890.26,
    "dma200" : 1919.31,
    "volume" : 184420.00
  }, {
    "date" : "2025-11-03",
    "price" : 1810.30,
    "dma50" : 1823.39,
    "dma100" : 1887.69,
    "dma200" : 1918.23,
    "volume" : 68133.00
  }, {
    "date" : "2025-11-04",
    "price" : 1814.80,
    "dma50" : 1823.05,
    "dma100" : 1885.19,
    "dma200" : 1917.20,
    "volume" : 45911.00
  }, {
    "date" : "2025-11-06",
    "price" : 1805.50,
    "dma50" : 1822.36,
    "dma100" : 1882.60,
    "dma200" : 1916.09,
    "volume" : 587251.00
  }, {
    "date" : "2025-11-07",
    "price" : 1784.60,
    "dma50" : 1820.88,
    "dma100" : 1879.97,
    "dma200" : 1914.78,
    "volume" : 339404.00
  }, {
    "date" : "2025-11-10",
    "price" : 1780.00,
    "dma50" : 1819.28,
    "dma100" : 1877.46,
    "dma200" : 1913.44,
    "volume" : 318473.00
  }, {
    "date" : "2025-11-11",
    "price" : 1785.50,
    "dma50" : 1817.95,
    "dma100" : 1875.16,
    "dma200" : 1912.17,
    "volume" : 214316.00
  }, {
    "date" : "2025-11-12",
    "price" : 1794.90,
    "dma50" : 1817.05,
    "dma100" : 1873.31,
    "dma200" : 1911.00,
    "volume" : 89698.00
  }, {
    "date" : "2025-11-13",
    "price" : 1810.30,
    "dma50" : 1816.78,
    "dma100" : 1871.88,
    "dma200" : 1910.00,
    "volume" : 91089.00
  }, {
    "date" : "2025-11-14",
    "price" : 1810.20,
    "dma50" : 1816.53,
    "dma100" : 1870.54,
    "dma200" : 1909.00,
    "volume" : 114047.00
  }, {
    "date" : "2025-11-17",
    "price" : 1786.80,
    "dma50" : 1815.36,
    "dma100" : 1869.01,
    "dma200" : 1907.79,
    "volume" : 39614.00
  }, {
    "date" : "2025-11-18",
    "price" : 1766.20,
    "dma50" : 1813.43,
    "dma100" : 1867.38,
    "dma200" : 1906.38,
    "volume" : 90506.00
  }, {
    "date" : "2025-11-19",
    "price" : 1748.00,
    "dma50" : 1810.87,
    "dma100" : 1865.49,
    "dma200" : 1904.80,
    "volume" : 79669.00
  }, {
    "date" : "2025-11-20",
    "price" : 1740.20,
    "dma50" : 1808.09,
    "dma100" : 1863.25,
    "dma200" : 1903.17,
    "volume" : 62530.00
  }, {
    "date" : "2025-11-21",
    "price" : 1726.90,
    "dma50" : 1804.91,
    "dma100" : 1860.93,
    "dma200" : 1901.41,
    "volume" : 178110.00
  }, {
    "date" : "2025-11-24",
    "price" : 1704.90,
    "dma50" : 1800.99,
    "dma100" : 1858.46,
    "dma200" : 1899.46,
    "volume" : 539032.00
  }, {
    "date" : "2025-11-25",
    "price" : 1699.20,
    "dma50" : 1797.00,
    "dma100" : 1855.95,
    "dma200" : 1897.46,
    "volume" : 157808.00
  }, {
    "date" : "2025-11-26",
    "price" : 1700.10,
    "dma50" : 1793.20,
    "dma100" : 1853.56,
    "dma200" : 1895.50,
    "volume" : 414931.00
  }, {
    "date" : "2025-11-27",
    "price" : 1695.70,
    "dma50" : 1789.37,
    "dma100" : 1850.69,
    "dma200" : 1893.51,
    "volume" : 258595.00
  }, {
    "date" : "2025-11-28",
    "price" : 1690.60,
    "dma50" : 1785.50,
    "dma100" : 1847.81,
    "dma200" : 1891.49,
    "volume" : 137044.00
  }, {
    "date" : "2025-12-01",
    "price" : 1671.00,
    "dma50" : 1781.01,
    "dma100" : 1844.62,
    "dma200" : 1889.30,
    "volume" : 183534.00
  }, {
    "date" : "2025-12-02",
    "price" : 1721.00,
    "dma50" : 1778.66,
    "dma100" : 1842.03,
    "dma200" : 1887.62,
    "volume" : 98728.00
  }, {
    "date" : "2025-12-03",
    "price" : 1701.20,
    "dma50" : 1775.62,
    "dma100" : 1839.35,
    "dma200" : 1885.77,
    "volume" : 159580.00
  }, {
    "date" : "2025-12-04",
    "price" : 1693.30,
    "dma50" : 1772.39,
    "dma100" : 1836.59,
    "dma200" : 1883.85,
    "volume" : 663247.00
  }, {
    "date" : "2025-12-05",
    "price" : 1683.30,
    "dma50" : 1768.90,
    "dma100" : 1833.82,
    "dma200" : 1881.86,
    "volume" : 335773.00
  }, {
    "date" : "2025-12-08",
    "price" : 1676.40,
    "dma50" : 1765.27,
    "dma100" : 1831.02,
    "dma200" : 1879.81,
    "volume" : 71136.00
  }, {
    "date" : "2025-12-09",
    "price" : 1659.40,
    "dma50" : 1761.12,
    "dma100" : 1827.90,
    "dma200" : 1877.62,
    "volume" : 420475.00
  }, {
    "date" : "2025-12-10",
    "price" : 1660.60,
    "dma50" : 1757.18,
    "dma100" : 1824.41,
    "dma200" : 1875.46,
    "volume" : 24245.00
  }, {
    "date" : "2025-12-11",
    "price" : 1647.00,
    "dma50" : 1752.86,
    "dma100" : 1820.64,
    "dma200" : 1873.19,
    "volume" : 56816.00
  }, {
    "date" : "2025-12-12",
    "price" : 1648.20,
    "dma50" : 1748.75,
    "dma100" : 1817.10,
    "dma200" : 1870.95,
    "volume" : 66891.00
  }, {
    "date" : "2025-12-15",
    "price" : 1629.40,
    "dma50" : 1744.07,
    "dma100" : 1813.18,
    "dma200" : 1868.55,
    "volume" : 57670.00
  }, {
    "date" : "2025-12-16",
    "price" : 1624.50,
    "dma50" : 1739.38,
    "dma100" : 1809.07,
    "dma200" : 1866.12,
    "volume" : 42006.00
  }, {
    "date" : "2025-12-17",
    "price" : 1611.70,
    "dma50" : 1734.37,
    "dma100" : 1805.02,
    "dma200" : 1863.59,
    "volume" : 104575.00
  }, {
    "date" : "2025-12-18",
    "price" : 1588.20,
    "dma50" : 1728.64,
    "dma100" : 1800.70,
    "dma200" : 1860.85,
    "volume" : 37164.00
  }, {
    "date" : "2025-12-19",
    "price" : 1601.20,
    "dma50" : 1723.64,
    "dma100" : 1796.38,
    "dma200" : 1858.26,
    "volume" : 82314.00
  }, {
    "date" : "2025-12-22",
    "price" : 1618.70,
    "dma50" : 1719.53,
    "dma100" : 1792.57,
    "dma200" : 1855.88,
    "volume" : 50236.00
  }, {
    "date" : "2025-12-23",
    "price" : 1620.50,
    "dma50" : 1715.65,
    "dma100" : 1789.02,
    "dma200" : 1853.54,
    "volume" : 40137.00
  }, {
    "date" : "2025-12-24",
    "price" : 1620.40,
    "dma50" : 1711.91,
    "dma100" : 1785.71,
    "dma200" : 1851.22,
    "volume" : 61503.00
  }, {
    "date" : "2025-12-26",
    "price" : 1623.90,
    "dma50" : 1708.46,
    "dma100" : 1782.50,
    "dma200" : 1848.95,
    "volume" : 59080.00
  }, {
    "date" : "2025-12-29",
    "price" : 1620.10,
    "dma50" : 1704.99,
    "dma100" : 1779.45,
    "dma200" : 1846.68,
    "volume" : 23344.00
  }, {
    "date" : "2025-12-30",
    "price" : 1606.60,
    "dma50" : 1701.14,
    "dma100" : 1776.12,
    "dma200" : 1844.29,
    "volume" : 30859.00
  }, {
    "date" : "2025-12-31",
    "price" : 1621.70,
    "dma50" : 1698.02,
    "dma100" : 1773.07,
    "dma200" : 1842.07,
    "volume" : 37139.00
  }, {
    "date" : "2026-01-01",
    "price" : 1608.10,
    "dma50" : 1694.49,
    "dma100" : 1769.85,
    "dma200" : 1839.75,
    "volume" : 39210.00
  }, {
    "date" : "2026-01-02",
    "price" : 1596.40,
    "dma50" : 1690.65,
    "dma100" : 1766.48,
    "dma200" : 1837.32,
    "volume" : 70552.00
  }, {
    "date" : "2026-01-05",
    "price" : 1587.70,
    "dma50" : 1686.61,
    "dma100" : 1763.16,
    "dma200" : 1834.84,
    "volume" : 51967.00
  }, {
    "date" : "2026-01-06",
    "price" : 1590.30,
    "dma50" : 1682.83,
    "dma100" : 1759.87,
    "dma200" : 1832.41,
    "volume" : 57691.00
  }, {
    "date" : "2026-01-07",
    "price" : 1575.30,
    "dma50" : 1678.62,
    "dma100" : 1756.42,
    "dma200" : 1829.85,
    "volume" : 50313.00
  }, {
    "date" : "2026-01-08",
    "price" : 1560.80,
    "dma50" : 1674.00,
    "dma100" : 1752.83,
    "dma200" : 1827.17,
    "volume" : 88040.00
  }, {
    "date" : "2026-01-09",
    "price" : 1546.80,
    "dma50" : 1669.01,
    "dma100" : 1749.05,
    "dma200" : 1824.38,
    "volume" : 62360.00
  }, {
    "date" : "2026-01-12",
    "price" : 1517.20,
    "dma50" : 1663.05,
    "dma100" : 1745.19,
    "dma200" : 1821.33,
    "volume" : 126285.00
  }, {
    "date" : "2026-01-13",
    "price" : 1533.80,
    "dma50" : 1657.99,
    "dma100" : 1741.27,
    "dma200" : 1818.46,
    "volume" : 76703.00
  }, {
    "date" : "2026-01-14",
    "price" : 1519.60,
    "dma50" : 1652.56,
    "dma100" : 1737.21,
    "dma200" : 1815.49,
    "volume" : 106541.00
  }, {
    "date" : "2026-01-16",
    "price" : 1520.30,
    "dma50" : 1647.37,
    "dma100" : 1733.48,
    "dma200" : 1812.55,
    "volume" : 59649.00
  }, {
    "date" : "2026-01-19",
    "price" : 1506.10,
    "dma50" : 1641.83,
    "dma100" : 1729.79,
    "dma200" : 1809.50,
    "volume" : 43196.00
  }, {
    "date" : "2026-01-20",
    "price" : 1454.60,
    "dma50" : 1634.49,
    "dma100" : 1725.79,
    "dma200" : 1805.97,
    "volume" : 83149.00
  }, {
    "date" : "2026-01-21",
    "price" : 1450.10,
    "dma50" : 1627.26,
    "dma100" : 1721.75,
    "dma200" : 1802.43,
    "volume" : 186172.00
  }, {
    "date" : "2026-01-22",
    "price" : 1443.60,
    "dma50" : 1620.06,
    "dma100" : 1717.63,
    "dma200" : 1798.86,
    "volume" : 165994.00
  }, {
    "date" : "2026-01-23",
    "price" : 1441.50,
    "dma50" : 1613.05,
    "dma100" : 1713.55,
    "dma200" : 1795.31,
    "volume" : 65013.00
  }, {
    "date" : "2026-01-27",
    "price" : 1423.60,
    "dma50" : 1605.62,
    "dma100" : 1709.82,
    "dma200" : 1791.61,
    "volume" : 532966.00
  }, {
    "date" : "2026-01-28",
    "price" : 1427.50,
    "dma50" : 1598.64,
    "dma100" : 1705.69,
    "dma200" : 1787.98,
    "volume" : 111967.00
  }, {
    "date" : "2026-01-29",
    "price" : 1427.70,
    "dma50" : 1591.94,
    "dma100" : 1701.68,
    "dma200" : 1784.40,
    "volume" : 133245.00
  }, {
    "date" : "2026-01-30",
    "price" : 1468.50,
    "dma50" : 1587.10,
    "dma100" : 1698.00,
    "dma200" : 1781.26,
    "volume" : 159173.00
  }, {
    "date" : "2026-02-01",
    "price" : 1469.80,
    "dma50" : 1582.50,
    "dma100" : 1694.44,
    "dma200" : 1778.16,
    "volume" : 113453.00
  }, {
    "date" : "2026-02-02",
    "price" : 1464.30,
    "dma50" : 1577.86,
    "dma100" : 1691.06,
    "dma200" : 1775.03,
    "volume" : 38340.00
  }, {
    "date" : "2026-02-03",
    "price" : 1509.40,
    "dma50" : 1575.18,
    "dma100" : 1688.10,
    "dma200" : 1772.39,
    "volume" : 58528.00
  }, {
    "date" : "2026-02-04",
    "price" : 1514.90,
    "dma50" : 1572.81,
    "dma100" : 1685.27,
    "dma200" : 1769.83,
    "volume" : 39374.00
  }, {
    "date" : "2026-02-05",
    "price" : 1483.80,
    "dma50" : 1569.32,
    "dma100" : 1682.17,
    "dma200" : 1766.98,
    "volume" : 557814.00
  }, {
    "date" : "2026-02-06",
    "price" : 1524.80,
    "dma50" : 1567.58,
    "dma100" : 1679.45,
    "dma200" : 1764.57,
    "volume" : 192182.00
  }, {
    "date" : "2026-02-09",
    "price" : 1533.60,
    "dma50" : 1566.24,
    "dma100" : 1676.81,
    "dma200" : 1762.27,
    "volume" : 167542.00
  }, {
    "date" : "2026-02-10",
    "price" : 1619.70,
    "dma50" : 1568.34,
    "dma100" : 1674.76,
    "dma200" : 1760.86,
    "volume" : 163100.00
  }, {
    "date" : "2026-02-11",
    "price" : 1627.40,
    "dma50" : 1570.66,
    "dma100" : 1673.04,
    "dma200" : 1759.53,
    "volume" : 357462.00
  }, {
    "date" : "2026-02-12",
    "price" : 1621.20,
    "dma50" : 1572.64,
    "dma100" : 1671.26,
    "dma200" : 1758.15,
    "volume" : 54364.00
  }, {
    "date" : "2026-02-13",
    "price" : 1628.80,
    "dma50" : 1574.84,
    "dma100" : 1669.59,
    "dma200" : 1756.86,
    "volume" : 124661.00
  }, {
    "date" : "2026-02-16",
    "price" : 1612.10,
    "dma50" : 1576.30,
    "dma100" : 1667.96,
    "dma200" : 1755.42,
    "volume" : 57911.00
  }, {
    "date" : "2026-02-17",
    "price" : 1598.80,
    "dma50" : 1577.18,
    "dma100" : 1665.99,
    "dma200" : 1753.87,
    "volume" : 61191.00
  } ],
  "latestTechnicalAttributes" : {
    "date" : "2026-02-17",
    "price" : 1598.80,
    "dma50" : 1577.18,
    "dma100" : 1665.99,
    "dma200" : 1753.87,
    "volume" : 61191.00
  },
  "quarterlyResults" : [ {
    "date" : "2005-03-31",
    "sales" : 126.97,
    "salesGrowthYoY" : null,
    "grossProfitMargin" : 45.38,
    "grossProfit" : 57.62,
    "operatingProfitMargin" : 5.09,
    "operatingProfit" : 6.46,
    "netProfitMargin" : 13.66,
    "netProfit" : 17.34
  }, {
    "date" : "2005-06-30",
    "sales" : 180.88,
    "salesGrowthYoY" : null,
    "grossProfitMargin" : 76.51,
    "grossProfit" : 138.39,
    "operatingProfitMargin" : 22.68,
    "operatingProfit" : 41.02,
    "netProfitMargin" : 11.21,
    "netProfit" : 20.28
  }, {
    "date" : "2005-09-30",
    "sales" : 122.21,
    "salesGrowthYoY" : null,
    "grossProfitMargin" : 75.68,
    "grossProfit" : 92.49,
    "operatingProfitMargin" : 11.63,
    "operatingProfit" : 14.21,
    "netProfitMargin" : 3.32,
    "netProfit" : 4.06
  }, {
    "date" : "2005-12-31",
    "sales" : 136.43,
    "salesGrowthYoY" : null,
    "grossProfitMargin" : 77.12,
    "grossProfit" : 105.21,
    "operatingProfitMargin" : 14.23,
    "operatingProfit" : 19.41,
    "netProfitMargin" : 6.78,
    "netProfit" : 9.25
  }, {
    "date" : "2006-03-31",
    "sales" : 260.24,
    "salesGrowthYoY" : 104.96,
    "grossProfitMargin" : 81.19,
    "grossProfit" : 211.29,
    "operatingProfitMargin" : 10.29,
    "operatingProfit" : 26.78,
    "netProfitMargin" : -2.97,
    "netProfit" : -7.73
  }, {
    "date" : "2006-06-30",
    "sales" : 229.79,
    "salesGrowthYoY" : 27.04,
    "grossProfitMargin" : 71.06,
    "grossProfit" : 163.29,
    "operatingProfitMargin" : 21.29,
    "operatingProfit" : 48.92,
    "netProfitMargin" : 11.98,
    "netProfit" : 27.53
  }, {
    "date" : "2006-09-30",
    "sales" : 220.79,
    "salesGrowthYoY" : 80.66,
    "grossProfitMargin" : 85.39,
    "grossProfit" : 188.53,
    "operatingProfitMargin" : 14.80,
    "operatingProfit" : 32.68,
    "netProfitMargin" : 5.97,
    "netProfit" : 13.18
  }, {
    "date" : "2006-12-31",
    "sales" : 203.78,
    "salesGrowthYoY" : 49.37,
    "grossProfitMargin" : 80.52,
    "grossProfit" : 164.08,
    "operatingProfitMargin" : 13.40,
    "operatingProfit" : 27.31,
    "netProfitMargin" : 6.24,
    "netProfit" : 12.72
  }, {
    "date" : "2007-03-31",
    "sales" : 388.45,
    "salesGrowthYoY" : 49.27,
    "grossProfitMargin" : 71.74,
    "grossProfit" : 278.67,
    "operatingProfitMargin" : 8.11,
    "operatingProfit" : 31.50,
    "netProfitMargin" : 3.01,
    "netProfit" : 11.69
  }, {
    "date" : "2007-06-30",
    "sales" : 375.29,
    "salesGrowthYoY" : 63.32,
    "grossProfitMargin" : 73.00,
    "grossProfit" : 273.96,
    "operatingProfitMargin" : 19.77,
    "operatingProfit" : 74.19,
    "netProfitMargin" : 8.43,
    "netProfit" : 31.64
  }, {
    "date" : "2007-09-30",
    "sales" : 280.65,
    "salesGrowthYoY" : 27.11,
    "grossProfitMargin" : 71.16,
    "grossProfit" : 199.71,
    "operatingProfitMargin" : 8.63,
    "operatingProfit" : 24.22,
    "netProfitMargin" : 3.75,
    "netProfit" : 10.52
  }, {
    "date" : "2007-12-31",
    "sales" : 301.38,
    "salesGrowthYoY" : 47.89,
    "grossProfitMargin" : 74.05,
    "grossProfit" : 223.17,
    "operatingProfitMargin" : 7.37,
    "operatingProfit" : 22.21,
    "netProfitMargin" : 0.23,
    "netProfit" : 0.69
  }, {
    "date" : "2008-03-31",
    "sales" : 383.47,
    "salesGrowthYoY" : -1.28,
    "grossProfitMargin" : 73.05,
    "grossProfit" : 280.12,
    "operatingProfitMargin" : 13.30,
    "operatingProfit" : 51.00,
    "netProfitMargin" : 5.11,
    "netProfit" : 19.60
  }, {
    "date" : "2008-06-30",
    "sales" : 474.62,
    "salesGrowthYoY" : 26.47,
    "grossProfitMargin" : 73.17,
    "grossProfit" : 347.28,
    "operatingProfitMargin" : 13.47,
    "operatingProfit" : 63.93,
    "netProfitMargin" : 4.76,
    "netProfit" : 22.59
  }, {
    "date" : "2008-09-30",
    "sales" : 366.12,
    "salesGrowthYoY" : 30.45,
    "grossProfitMargin" : 69.09,
    "grossProfit" : 252.95,
    "operatingProfitMargin" : 9.08,
    "operatingProfit" : 33.24,
    "netProfitMargin" : 1.41,
    "netProfit" : 5.16
  }, {
    "date" : "2008-12-31",
    "sales" : 377.30,
    "salesGrowthYoY" : 25.19,
    "grossProfitMargin" : 70.93,
    "grossProfit" : 267.62,
    "operatingProfitMargin" : 9.27,
    "operatingProfit" : 34.98,
    "netProfitMargin" : 0.39,
    "netProfit" : 1.47
  }, {
    "date" : "2009-03-31",
    "sales" : 463.58,
    "salesGrowthYoY" : 20.89,
    "grossProfitMargin" : 72.38,
    "grossProfit" : 335.54,
    "operatingProfitMargin" : 18.57,
    "operatingProfit" : 86.09,
    "netProfitMargin" : 7.10,
    "netProfit" : 32.91
  }, {
    "date" : "2009-06-30",
    "sales" : 556.45,
    "salesGrowthYoY" : 17.24,
    "grossProfitMargin" : 76.87,
    "grossProfit" : 427.74,
    "operatingProfitMargin" : 12.77,
    "operatingProfit" : 71.06,
    "netProfitMargin" : 6.38,
    "netProfit" : 35.50
  }, {
    "date" : "2009-09-30",
    "sales" : 412.25,
    "salesGrowthYoY" : 12.60,
    "grossProfitMargin" : 72.58,
    "grossProfit" : 299.21,
    "operatingProfitMargin" : 8.96,
    "operatingProfit" : 36.94,
    "netProfitMargin" : 2.84,
    "netProfit" : 11.71
  }, {
    "date" : "2009-12-31",
    "sales" : 442.11,
    "salesGrowthYoY" : 17.18,
    "grossProfitMargin" : 76.18,
    "grossProfit" : 336.80,
    "operatingProfitMargin" : 10.42,
    "operatingProfit" : 46.07,
    "netProfitMargin" : 4.81,
    "netProfit" : 21.27
  }, {
    "date" : "2010-03-31",
    "sales" : 573.15,
    "salesGrowthYoY" : 23.64,
    "grossProfitMargin" : 73.94,
    "grossProfit" : 423.79,
    "operatingProfitMargin" : 11.40,
    "operatingProfit" : 65.34,
    "netProfitMargin" : 4.56,
    "netProfit" : 26.14
  }, {
    "date" : "2010-06-30",
    "sales" : 767.16,
    "salesGrowthYoY" : 37.87,
    "grossProfitMargin" : 75.29,
    "grossProfit" : 577.59,
    "operatingProfitMargin" : 17.84,
    "operatingProfit" : 136.86,
    "netProfitMargin" : 9.92,
    "netProfit" : 76.10
  }, {
    "date" : "2010-09-30",
    "sales" : 562.40,
    "salesGrowthYoY" : 36.42,
    "grossProfitMargin" : 75.95,
    "grossProfit" : 427.14,
    "operatingProfitMargin" : 9.03,
    "operatingProfit" : 50.78,
    "netProfitMargin" : 3.90,
    "netProfit" : 21.93
  }, {
    "date" : "2010-12-31",
    "sales" : 609.62,
    "salesGrowthYoY" : 37.89,
    "grossProfitMargin" : 74.29,
    "grossProfit" : 452.89,
    "operatingProfitMargin" : 10.82,
    "operatingProfit" : 65.96,
    "netProfitMargin" : 4.89,
    "netProfit" : 29.81
  }, {
    "date" : "2011-03-31",
    "sales" : 839.59,
    "salesGrowthYoY" : 46.49,
    "grossProfitMargin" : 49.61,
    "grossProfit" : 416.52,
    "operatingProfitMargin" : 12.40,
    "operatingProfit" : 104.11,
    "netProfitMargin" : 4.77,
    "netProfit" : 40.05
  }, {
    "date" : "2011-06-30",
    "sales" : 952.54,
    "salesGrowthYoY" : 24.16,
    "grossProfitMargin" : 50.60,
    "grossProfit" : 481.99,
    "operatingProfitMargin" : 15.10,
    "operatingProfit" : 143.83,
    "netProfitMargin" : 7.46,
    "netProfit" : 71.06
  }, {
    "date" : "2011-09-30",
    "sales" : 740.62,
    "salesGrowthYoY" : 31.69,
    "grossProfitMargin" : 51.44,
    "grossProfit" : 380.97,
    "operatingProfitMargin" : 8.48,
    "operatingProfit" : 62.80,
    "netProfitMargin" : 2.64,
    "netProfit" : 19.55
  }, {
    "date" : "2011-12-31",
    "sales" : 960.84,
    "salesGrowthYoY" : 57.61,
    "grossProfitMargin" : 60.73,
    "grossProfit" : 583.52,
    "operatingProfitMargin" : 9.60,
    "operatingProfit" : 92.24,
    "netProfitMargin" : 2.98,
    "netProfit" : 28.63
  }, {
    "date" : "2012-03-31",
    "sales" : 937.38,
    "salesGrowthYoY" : 11.65,
    "grossProfitMargin" : 55.21,
    "grossProfit" : 517.53,
    "operatingProfitMargin" : 12.06,
    "operatingProfit" : 113.05,
    "netProfitMargin" : 1.17,
    "netProfit" : 10.97
  }, {
    "date" : "2012-06-30",
    "sales" : 1202.85,
    "salesGrowthYoY" : 26.28,
    "grossProfitMargin" : 55.72,
    "grossProfit" : 670.23,
    "operatingProfitMargin" : 15.70,
    "operatingProfit" : 188.85,
    "netProfitMargin" : 8.20,
    "netProfit" : 98.63
  }, {
    "date" : "2012-09-30",
    "sales" : 857.99,
    "salesGrowthYoY" : 15.85,
    "grossProfitMargin" : 60.44,
    "grossProfit" : 518.57,
    "operatingProfitMargin" : 12.85,
    "operatingProfit" : 110.25,
    "netProfitMargin" : 3.99,
    "netProfit" : 34.23
  }, {
    "date" : "2012-12-31",
    "sales" : 838.68,
    "salesGrowthYoY" : -12.71,
    "grossProfitMargin" : 58.72,
    "grossProfit" : 492.47,
    "operatingProfitMargin" : 10.07,
    "operatingProfit" : 84.46,
    "netProfitMargin" : 4.00,
    "netProfit" : 33.55
  }, {
    "date" : "2013-03-31",
    "sales" : 1003.62,
    "salesGrowthYoY" : 7.07,
    "grossProfitMargin" : 56.18,
    "grossProfit" : 563.83,
    "operatingProfitMargin" : 9.25,
    "operatingProfit" : 92.83,
    "netProfitMargin" : 0.58,
    "netProfit" : 5.82
  }, {
    "date" : "2013-06-30",
    "sales" : 1359.26,
    "salesGrowthYoY" : 13.00,
    "grossProfitMargin" : 56.71,
    "grossProfit" : 770.84,
    "operatingProfitMargin" : 18.49,
    "operatingProfit" : 251.33,
    "netProfitMargin" : 8.90,
    "netProfit" : 120.97
  }, {
    "date" : "2013-09-30",
    "sales" : 845.38,
    "salesGrowthYoY" : -1.47,
    "grossProfitMargin" : 57.52,
    "grossProfit" : 486.26,
    "operatingProfitMargin" : 4.47,
    "operatingProfit" : 37.79,
    "netProfitMargin" : -2.20,
    "netProfit" : -18.60
  }, {
    "date" : "2013-12-31",
    "sales" : 952.81,
    "salesGrowthYoY" : 13.61,
    "grossProfitMargin" : 61.09,
    "grossProfit" : 582.07,
    "operatingProfitMargin" : 15.64,
    "operatingProfit" : 149.02,
    "netProfitMargin" : 5.83,
    "netProfit" : 55.55
  }, {
    "date" : "2014-03-31",
    "sales" : 1078.05,
    "salesGrowthYoY" : 7.42,
    "grossProfitMargin" : 60.04,
    "grossProfit" : 647.26,
    "operatingProfitMargin" : 14.45,
    "operatingProfit" : 155.78,
    "netProfitMargin" : 6.28,
    "netProfit" : 67.70
  }, {
    "date" : "2014-06-30",
    "sales" : 1444.58,
    "salesGrowthYoY" : 6.28,
    "grossProfitMargin" : 58.06,
    "grossProfit" : 838.72,
    "operatingProfitMargin" : 17.48,
    "operatingProfit" : 252.51,
    "netProfitMargin" : 8.92,
    "netProfit" : 128.86
  }, {
    "date" : "2014-09-30",
    "sales" : 1085.67,
    "salesGrowthYoY" : 28.42,
    "grossProfitMargin" : 60.37,
    "grossProfit" : 655.42,
    "operatingProfitMargin" : 11.49,
    "operatingProfit" : 124.74,
    "netProfitMargin" : 3.93,
    "netProfit" : 42.67
  }, {
    "date" : "2014-12-31",
    "sales" : 1000.42,
    "salesGrowthYoY" : 5.00,
    "grossProfitMargin" : 61.08,
    "grossProfit" : 611.06,
    "operatingProfitMargin" : 12.14,
    "operatingProfit" : 121.45,
    "netProfitMargin" : 3.99,
    "netProfit" : 39.92
  }, {
    "date" : "2015-03-31",
    "sales" : 1161.62,
    "salesGrowthYoY" : 7.75,
    "grossProfitMargin" : 58.37,
    "grossProfit" : 678.04,
    "operatingProfitMargin" : 10.50,
    "operatingProfit" : 121.97,
    "netProfitMargin" : 4.14,
    "netProfit" : 48.09
  }, {
    "date" : "2015-06-30",
    "sales" : 1452.84,
    "salesGrowthYoY" : 0.57,
    "grossProfitMargin" : 55.05,
    "grossProfit" : 799.79,
    "operatingProfitMargin" : 17.10,
    "operatingProfit" : 248.44,
    "netProfitMargin" : 8.41,
    "netProfit" : 122.18
  }, {
    "date" : "2015-09-30",
    "sales" : 1072.27,
    "salesGrowthYoY" : -1.23,
    "grossProfitMargin" : 56.75,
    "grossProfit" : 608.51,
    "operatingProfitMargin" : 12.59,
    "operatingProfit" : 135.00,
    "netProfitMargin" : 4.86,
    "netProfit" : 52.11
  }, {
    "date" : "2015-12-31",
    "sales" : 1096.91,
    "salesGrowthYoY" : 9.64,
    "grossProfitMargin" : 58.19,
    "grossProfit" : 638.29,
    "operatingProfitMargin" : 16.05,
    "operatingProfit" : 176.05,
    "netProfitMargin" : 6.50,
    "netProfit" : 71.30
  }, {
    "date" : "2016-03-31",
    "sales" : 1212.49,
    "salesGrowthYoY" : 4.38,
    "grossProfitMargin" : 53.52,
    "grossProfit" : 648.92,
    "operatingProfitMargin" : 10.39,
    "operatingProfit" : 125.98,
    "netProfitMargin" : 4.32,
    "netProfit" : 52.38
  }, {
    "date" : "2016-06-30",
    "sales" : 1564.20,
    "salesGrowthYoY" : 7.66,
    "grossProfitMargin" : 54.80,
    "grossProfit" : 857.18,
    "operatingProfitMargin" : 18.60,
    "operatingProfit" : 290.94,
    "netProfitMargin" : 9.40,
    "netProfit" : 147.03
  }, {
    "date" : "2016-09-30",
    "sales" : 1036.80,
    "salesGrowthYoY" : -3.31,
    "grossProfitMargin" : 54.19,
    "grossProfit" : 561.84,
    "operatingProfitMargin" : 11.69,
    "operatingProfit" : 121.20,
    "netProfitMargin" : 2.61,
    "netProfit" : 27.06
  }, {
    "date" : "2016-12-31",
    "sales" : 1022.20,
    "salesGrowthYoY" : -6.81,
    "grossProfitMargin" : 53.79,
    "grossProfit" : 549.84,
    "operatingProfitMargin" : 12.52,
    "operatingProfit" : 127.98,
    "netProfitMargin" : 4.74,
    "netProfit" : 48.45
  }, {
    "date" : "2017-03-31",
    "sales" : 1112.70,
    "salesGrowthYoY" : -8.23,
    "grossProfitMargin" : 51.32,
    "grossProfit" : 571.04,
    "operatingProfitMargin" : 9.09,
    "operatingProfit" : 101.14,
    "netProfitMargin" : 0.60,
    "netProfit" : 6.68
  }, {
    "date" : "2017-06-30",
    "sales" : 1678.00,
    "salesGrowthYoY" : 7.28,
    "grossProfitMargin" : 52.54,
    "grossProfit" : 881.62,
    "operatingProfitMargin" : 18.97,
    "operatingProfit" : 318.32,
    "netProfitMargin" : 9.65,
    "netProfit" : 161.93
  }, {
    "date" : "2017-09-30",
    "sales" : 1279.57,
    "salesGrowthYoY" : 23.42,
    "grossProfitMargin" : 53.98,
    "grossProfit" : 690.71,
    "operatingProfitMargin" : 17.34,
    "operatingProfit" : 221.88,
    "netProfitMargin" : 7.33,
    "netProfit" : 93.79
  }, {
    "date" : "2017-12-31",
    "sales" : 1199.42,
    "salesGrowthYoY" : 17.34,
    "grossProfitMargin" : 52.29,
    "grossProfit" : 627.18,
    "operatingProfitMargin" : 12.73,
    "operatingProfit" : 152.69,
    "netProfitMargin" : 3.95,
    "netProfit" : 47.38
  }, {
    "date" : "2018-03-31",
    "sales" : 1471.75,
    "salesGrowthYoY" : 32.27,
    "grossProfitMargin" : 52.74,
    "grossProfit" : 776.20,
    "operatingProfitMargin" : 14.15,
    "operatingProfit" : 208.25,
    "netProfitMargin" : 6.17,
    "netProfit" : 90.81
  }, {
    "date" : "2018-06-30",
    "sales" : 1865.91,
    "salesGrowthYoY" : 11.20,
    "grossProfitMargin" : 54.10,
    "grossProfit" : 1009.46,
    "operatingProfitMargin" : 21.46,
    "operatingProfit" : 400.42,
    "netProfitMargin" : 11.89,
    "netProfit" : 221.86
  }, {
    "date" : "2018-09-30",
    "sales" : 1525.95,
    "salesGrowthYoY" : 19.25,
    "grossProfitMargin" : 55.61,
    "grossProfit" : 848.58,
    "operatingProfitMargin" : 20.86,
    "operatingProfit" : 318.31,
    "netProfitMargin" : 10.73,
    "netProfit" : 163.73
  }, {
    "date" : "2018-12-31",
    "sales" : 1451.17,
    "salesGrowthYoY" : 20.99,
    "grossProfitMargin" : 53.33,
    "grossProfit" : 773.91,
    "operatingProfitMargin" : 17.08,
    "operatingProfit" : 247.86,
    "netProfitMargin" : 7.52,
    "netProfit" : 109.13
  }, {
    "date" : "2019-03-31",
    "sales" : 1629.40,
    "salesGrowthYoY" : 10.71,
    "grossProfitMargin" : 50.51,
    "grossProfit" : 823.01,
    "operatingProfitMargin" : 10.51,
    "operatingProfit" : 171.25,
    "netProfitMargin" : 4.17,
    "netProfit" : 67.95
  }, {
    "date" : "2019-06-30",
    "sales" : 2048.53,
    "salesGrowthYoY" : 9.79,
    "grossProfitMargin" : 50.35,
    "grossProfit" : 1031.43,
    "operatingProfitMargin" : 16.06,
    "operatingProfit" : 328.99,
    "netProfitMargin" : 8.03,
    "netProfit" : 164.50
  }, {
    "date" : "2019-09-30",
    "sales" : 1578.57,
    "salesGrowthYoY" : 3.45,
    "grossProfitMargin" : 52.11,
    "grossProfit" : 822.59,
    "operatingProfitMargin" : 12.19,
    "operatingProfit" : 192.43,
    "netProfitMargin" : 7.29,
    "netProfit" : 115.08
  }, {
    "date" : "2019-12-31",
    "sales" : 1453.28,
    "salesGrowthYoY" : 0.15,
    "grossProfitMargin" : 52.68,
    "grossProfit" : 765.59,
    "operatingProfitMargin" : 15.19,
    "operatingProfit" : 220.75,
    "netProfitMargin" : 7.32,
    "netProfit" : 106.38
  }, {
    "date" : "2020-03-31",
    "sales" : 1424.17,
    "salesGrowthYoY" : -12.60,
    "grossProfitMargin" : 50.89,
    "grossProfit" : 724.76,
    "operatingProfitMargin" : 9.29,
    "operatingProfit" : 132.31,
    "netProfitMargin" : 2.89,
    "netProfit" : 41.16
  }, {
    "date" : "2020-06-30",
    "sales" : 506.88,
    "salesGrowthYoY" : -75.26,
    "grossProfitMargin" : 46.66,
    "grossProfit" : 236.51,
    "operatingProfitMargin" : -18.87,
    "operatingProfit" : -95.65,
    "netProfitMargin" : -22.55,
    "netProfit" : -114.30
  }, {
    "date" : "2020-09-30",
    "sales" : 900.63,
    "salesGrowthYoY" : -42.95,
    "grossProfitMargin" : 52.26,
    "grossProfit" : 470.67,
    "operatingProfitMargin" : 4.49,
    "operatingProfit" : 40.44,
    "netProfitMargin" : 0.45,
    "netProfit" : 4.05
  }, {
    "date" : "2020-12-31",
    "sales" : 1289.74,
    "salesGrowthYoY" : -11.25,
    "grossProfitMargin" : 53.87,
    "grossProfit" : 694.78,
    "operatingProfitMargin" : 13.45,
    "operatingProfit" : 173.47,
    "netProfitMargin" : 6.63,
    "netProfit" : 85.51
  }, {
    "date" : "2021-03-31",
    "sales" : 1543.48,
    "salesGrowthYoY" : 8.38,
    "grossProfitMargin" : 51.99,
    "grossProfit" : 802.46,
    "operatingProfitMargin" : 16.93,
    "operatingProfit" : 261.31,
    "netProfitMargin" : 8.89,
    "netProfit" : 137.22
  }, {
    "date" : "2021-06-30",
    "sales" : 1118.02,
    "salesGrowthYoY" : 120.57,
    "grossProfitMargin" : 48.34,
    "grossProfit" : 540.45,
    "operatingProfitMargin" : 8.53,
    "operatingProfit" : 95.37,
    "netProfitMargin" : 2.76,
    "netProfit" : 30.86
  }, {
    "date" : "2021-09-30",
    "sales" : 1426.19,
    "salesGrowthYoY" : 58.35,
    "grossProfitMargin" : 51.75,
    "grossProfit" : 738.05,
    "operatingProfitMargin" : 11.61,
    "operatingProfit" : 165.58,
    "netProfitMargin" : 5.65,
    "netProfit" : 80.58
  }, {
    "date" : "2021-12-31",
    "sales" : 1580.86,
    "salesGrowthYoY" : 22.57,
    "grossProfitMargin" : 49.97,
    "grossProfit" : 789.96,
    "operatingProfitMargin" : 10.98,
    "operatingProfit" : 173.58,
    "netProfitMargin" : 5.73,
    "netProfit" : 90.58
  }, {
    "date" : "2022-03-31",
    "sales" : 1706.86,
    "salesGrowthYoY" : 10.59,
    "grossProfitMargin" : 48.68,
    "grossProfit" : 830.90,
    "operatingProfitMargin" : 15.25,
    "operatingProfit" : 260.30,
    "netProfitMargin" : 9.55,
    "netProfit" : 163.01
  }, {
    "date" : "2022-06-30",
    "sales" : 2436.65,
    "salesGrowthYoY" : 117.94,
    "grossProfitMargin" : 44.26,
    "grossProfit" : 1078.46,
    "operatingProfitMargin" : 10.88,
    "operatingProfit" : 265.11,
    "netProfitMargin" : 6.64,
    "netProfit" : 161.79
  }, {
    "date" : "2022-09-30",
    "sales" : 1679.55,
    "salesGrowthYoY" : 17.76,
    "grossProfitMargin" : 46.66,
    "grossProfit" : 783.68,
    "operatingProfitMargin" : 13.05,
    "operatingProfit" : 219.18,
    "netProfitMargin" : 7.99,
    "netProfit" : 134.20
  }, {
    "date" : "2022-12-31",
    "sales" : 1611.04,
    "salesGrowthYoY" : 1.91,
    "grossProfitMargin" : 41.84,
    "grossProfit" : 674.06,
    "operatingProfitMargin" : 4.76,
    "operatingProfit" : 76.69,
    "netProfitMargin" : 0.81,
    "netProfit" : 13.05
  }, {
    "date" : "2023-03-31",
    "sales" : 1764.47,
    "salesGrowthYoY" : 3.38,
    "grossProfitMargin" : 38.61,
    "grossProfit" : 681.26,
    "operatingProfitMargin" : 3.03,
    "operatingProfit" : 53.46,
    "netProfitMargin" : 0.55,
    "netProfit" : 9.70
  }, {
    "date" : "2023-06-30",
    "sales" : 2273.18,
    "salesGrowthYoY" : -6.71,
    "grossProfitMargin" : 40.57,
    "grossProfit" : 922.23,
    "operatingProfitMargin" : 9.80,
    "operatingProfit" : 222.77,
    "netProfitMargin" : 5.99,
    "netProfit" : 136.16
  }, {
    "date" : "2023-09-30",
    "sales" : 1888.02,
    "salesGrowthYoY" : 12.41,
    "grossProfitMargin" : 44.53,
    "grossProfit" : 840.74,
    "operatingProfitMargin" : 9.78,
    "operatingProfit" : 184.65,
    "netProfitMargin" : 5.70,
    "netProfit" : 107.62
  }, {
    "date" : "2023-12-31",
    "sales" : 1822.66,
    "salesGrowthYoY" : 13.14,
    "grossProfitMargin" : 43.99,
    "grossProfit" : 801.79,
    "operatingProfitMargin" : 7.99,
    "operatingProfit" : 145.63,
    "netProfitMargin" : 4.66,
    "netProfit" : 84.94
  }, {
    "date" : "2024-03-31",
    "sales" : 2131.53,
    "salesGrowthYoY" : 20.80,
    "grossProfitMargin" : 41.73,
    "grossProfit" : 889.49,
    "operatingProfitMargin" : 6.66,
    "operatingProfit" : 141.96,
    "netProfitMargin" : 3.79,
    "netProfit" : 80.78
  }, {
    "date" : "2024-06-30",
    "sales" : 2472.95,
    "salesGrowthYoY" : 8.79,
    "grossProfitMargin" : 43.04,
    "grossProfit" : 1064.36,
    "operatingProfitMargin" : 11.51,
    "operatingProfit" : 284.64,
    "netProfitMargin" : 7.01,
    "netProfit" : 173.35
  }, {
    "date" : "2024-09-30",
    "sales" : 2114.68,
    "salesGrowthYoY" : 12.01,
    "grossProfitMargin" : 43.85,
    "grossProfit" : 927.29,
    "operatingProfitMargin" : 10.73,
    "operatingProfit" : 226.91,
    "netProfitMargin" : 6.25,
    "netProfit" : 132.17
  }, {
    "date" : "2024-12-31",
    "sales" : 1998.36,
    "salesGrowthYoY" : 9.64,
    "grossProfitMargin" : 43.13,
    "grossProfit" : 861.89,
    "operatingProfitMargin" : 7.06,
    "operatingProfit" : 141.08,
    "netProfitMargin" : 2.60,
    "netProfit" : 51.96
  }, {
    "date" : "2025-03-31",
    "sales" : 2321.36,
    "salesGrowthYoY" : 8.91,
    "grossProfitMargin" : 42.10,
    "grossProfit" : 977.29,
    "operatingProfitMargin" : 8.02,
    "operatingProfit" : 186.17,
    "netProfitMargin" : 4.19,
    "netProfit" : 97.26
  }, {
    "date" : "2025-06-30",
    "sales" : 2862.42,
    "salesGrowthYoY" : 15.75,
    "grossProfitMargin" : 42.54,
    "grossProfit" : 1217.67,
    "operatingProfitMargin" : 10.85,
    "operatingProfit" : 310.57,
    "netProfitMargin" : 6.42,
    "netProfit" : 183.77
  }, {
    "date" : "2025-09-30",
    "sales" : 2051.08,
    "salesGrowthYoY" : -3.01,
    "grossProfitMargin" : 42.80,
    "grossProfit" : 877.86,
    "operatingProfitMargin" : 6.34,
    "operatingProfit" : 130.04,
    "netProfitMargin" : 2.29,
    "netProfit" : 46.97
  }, {
    "date" : "2025-12-31",
    "sales" : 2071.36,
    "salesGrowthYoY" : 3.65,
    "grossProfitMargin" : 45.35,
    "grossProfit" : 939.36,
    "operatingProfitMargin" : 10.89,
    "operatingProfit" : 225.57,
    "netProfitMargin" : 4.44,
    "netProfit" : 91.97
  } ],
  "latestQuarterlyResult" : {
    "date" : "2025-12-31",
    "sales" : 2071.36,
    "salesGrowthYoY" : 3.65,
    "grossProfitMargin" : 45.35,
    "grossProfit" : 939.36,
    "operatingProfitMargin" : 10.89,
    "operatingProfit" : 225.57,
    "netProfitMargin" : 4.44,
    "netProfit" : 91.97
  },
  "companyScore" : {
    "priceHigherThanDma50" : 5.00,
    "priceHigherThanDma100" : 0.00,
    "priceHigherThanDma200" : 0.00,
    "dma50HigherThanDma100" : 0.00,
    "dma50HigherThanDma200" : 0.00,
    "dma100HigherThanDma200" : 0.00,
    "pricePercentageAboveDma50" : 4.93,
    "pricePercentageAboveDma100" : 5.20,
    "pricePercentageAboveDma200" : 5.44,
    "weeklyVolumeHigherThanYearlyVolume" : 0.00,
    "salesGrowthPercentile" : 8.06,
    "operatingProfitMarginPercentile" : 14.32,
    "netProfitMarginPercentile" : 7.45,
    "totalTechnicalScore" : 20.58,
    "totalFundamentalScore" : 29.84,
    "totalScore" : 50.41
  }
}