{
  "metadata" : {
    "screenerCompanyId" : "3555",
    "companyCode" : "UNITDSPR",
    "companyName" : "United Spirits",
    "screenerCompanyLink" : "https://www.screener.in/company/UNITDSPR/consolidated/",
    "screenerTechnicalHistoryLink" : "https://www.screener.in/api/company/3555/chart/?q=Price-DMA50-DMA200-Volume&days=365",
    "screenerQuarterlyResultsLink" : "https://www.screener.in/api/company/3555/chart/?q=GPM-OPM-NPM-Quarter+Sales&days=10000",
    "attributes" : {
      "companyCode" : "UNITDSPR",
      "companyName" : "United Spirits",
      "marketCap" : 103593.00,
      "peRatio" : 60.40,
      "description" : "Diageo India incorporated in India as United Spirits Ltd.(USL) is the country’s leading beverage alcohol company and a subsidiary of global leader Diageo PLC. The company manufactures, sells, and distributes a wide portfolio of premium brands such as Johnnie Walker, Black Dog, Black & White, VAT 69, Antiquity, Signature, Royal Challenge, McDowell’s No.1, Smirnoff and Captain Morgan. [1]"
    },
    "companyScore" : {
      "priceHigherThanDma50" : 5.00,
      "priceHigherThanDma100" : 5.00,
      "priceHigherThanDma200" : 5.00,
      "dma50HigherThanDma100" : 5.00,
      "dma50HigherThanDma200" : 5.00,
      "dma100HigherThanDma200" : 0.00,
      "pricePercentageAboveDma50" : 4.97,
      "pricePercentageAboveDma100" : 4.81,
      "pricePercentageAboveDma200" : 4.92,
      "weeklyVolumeHigherThanYearlyVolume" : 5.00,
      "salesGrowthPercentile" : 11.14,
      "operatingProfitMarginPercentile" : 19.73,
      "netProfitMarginPercentile" : 10.00,
      "totalTechnicalScore" : 44.69,
      "totalFundamentalScore" : 40.87,
      "totalScore" : 85.56
    }
  },
  "attributes" : {
    "companyCode" : "UNITDSPR",
    "companyName" : "United Spirits",
    "marketCap" : 103593.00,
    "peRatio" : 60.40,
    "description" : "Diageo India incorporated in India as United Spirits Ltd.(USL) is the country’s leading beverage alcohol company and a subsidiary of global leader Diageo PLC. The company manufactures, sells, and distributes a wide portfolio of premium brands such as Johnnie Walker, Black Dog, Black & White, VAT 69, Antiquity, Signature, Royal Challenge, McDowell’s No.1, Smirnoff and Captain Morgan. [1]"
  },
  "technicalHistory" : [ {
    "date" : "2024-12-31",
    "price" : 1625.45,
    "dma50" : 1523.57,
    "dma100" : null,
    "dma200" : 1385.75,
    "volume" : 846665.00
  }, {
    "date" : "2025-01-01",
    "price" : 1659.60,
    "dma50" : 1528.90,
    "dma100" : null,
    "dma200" : 1388.47,
    "volume" : 452131.00
  }, {
    "date" : "2025-01-02",
    "price" : 1688.55,
    "dma50" : 1535.16,
    "dma100" : null,
    "dma200" : 1391.46,
    "volume" : 637116.00
  }, {
    "date" : "2025-01-03",
    "price" : 1682.45,
    "dma50" : 1540.94,
    "dma100" : null,
    "dma200" : 1394.36,
    "volume" : 654943.00
  }, {
    "date" : "2025-01-06",
    "price" : 1641.15,
    "dma50" : 1544.87,
    "dma100" : null,
    "dma200" : 1396.81,
    "volume" : 315686.00
  }, {
    "date" : "2025-01-07",
    "price" : 1626.30,
    "dma50" : 1548.06,
    "dma100" : null,
    "dma200" : 1399.09,
    "volume" : 547514.00
  }, {
    "date" : "2025-01-08",
    "price" : 1575.80,
    "dma50" : 1549.15,
    "dma100" : null,
    "dma200" : 1400.85,
    "volume" : 1441538.00
  }, {
    "date" : "2025-01-09",
    "price" : 1574.45,
    "dma50" : 1550.14,
    "dma100" : null,
    "dma200" : 1402.58,
    "volume" : 785244.00
  }, {
    "date" : "2025-01-10",
    "price" : 1539.15,
    "dma50" : 1549.71,
    "dma100" : null,
    "dma200" : 1403.94,
    "volume" : 407451.00
  }, {
    "date" : "2025-01-13",
    "price" : 1483.55,
    "dma50" : 1547.12,
    "dma100" : null,
    "dma200" : 1404.73,
    "volume" : 912675.00
  }, {
    "date" : "2025-01-14",
    "price" : 1407.25,
    "dma50" : 1541.63,
    "dma100" : null,
    "dma200" : 1404.76,
    "volume" : 2102594.00
  }, {
    "date" : "2025-01-15",
    "price" : 1410.90,
    "dma50" : 1536.50,
    "dma100" : null,
    "dma200" : 1404.82,
    "volume" : 1303479.00
  }, {
    "date" : "2025-01-16",
    "price" : 1414.15,
    "dma50" : 1531.71,
    "dma100" : null,
    "dma200" : 1404.91,
    "volume" : 500173.00
  }, {
    "date" : "2025-01-17",
    "price" : 1427.55,
    "dma50" : 1527.62,
    "dma100" : null,
    "dma200" : 1405.14,
    "volume" : 707358.00
  }, {
    "date" : "2025-01-20",
    "price" : 1457.85,
    "dma50" : 1524.88,
    "dma100" : null,
    "dma200" : 1405.66,
    "volume" : 1623040.00
  }, {
    "date" : "2025-01-21",
    "price" : 1437.95,
    "dma50" : 1521.48,
    "dma100" : null,
    "dma200" : 1405.98,
    "volume" : 576638.00
  }, {
    "date" : "2025-01-22",
    "price" : 1458.70,
    "dma50" : 1519.01,
    "dma100" : null,
    "dma200" : 1406.51,
    "volume" : 930596.00
  }, {
    "date" : "2025-01-23",
    "price" : 1500.65,
    "dma50" : 1518.29,
    "dma100" : null,
    "dma200" : 1407.44,
    "volume" : 1251957.00
  }, {
    "date" : "2025-01-24",
    "price" : 1469.75,
    "dma50" : 1516.39,
    "dma100" : null,
    "dma200" : 1408.06,
    "volume" : 1995146.00
  }, {
    "date" : "2025-01-27",
    "price" : 1390.85,
    "dma50" : 1511.47,
    "dma100" : null,
    "dma200" : 1407.89,
    "volume" : 817440.00
  }, {
    "date" : "2025-01-28",
    "price" : 1397.05,
    "dma50" : 1506.98,
    "dma100" : null,
    "dma200" : 1407.78,
    "volume" : 1384581.00
  }, {
    "date" : "2025-01-29",
    "price" : 1427.95,
    "dma50" : 1503.88,
    "dma100" : null,
    "dma200" : 1407.98,
    "volume" : 773949.00
  }, {
    "date" : "2025-01-30",
    "price" : 1426.90,
    "dma50" : 1500.86,
    "dma100" : null,
    "dma200" : 1408.17,
    "volume" : 755845.00
  }, {
    "date" : "2025-01-31",
    "price" : 1424.00,
    "dma50" : 1497.85,
    "dma100" : null,
    "dma200" : 1408.33,
    "volume" : 671765.00
  }, {
    "date" : "2025-02-01",
    "price" : 1498.10,
    "dma50" : 1497.86,
    "dma100" : null,
    "dma200" : 1409.22,
    "volume" : 1448709.00
  }, {
    "date" : "2025-02-03",
    "price" : 1473.05,
    "dma50" : 1496.88,
    "dma100" : null,
    "dma200" : 1409.86,
    "volume" : 811266.00
  }, {
    "date" : "2025-02-04",
    "price" : 1482.45,
    "dma50" : 1496.32,
    "dma100" : null,
    "dma200" : 1410.58,
    "volume" : 483781.00
  }, {
    "date" : "2025-02-05",
    "price" : 1442.00,
    "dma50" : 1494.19,
    "dma100" : null,
    "dma200" : 1410.89,
    "volume" : 828599.00
  }, {
    "date" : "2025-02-06",
    "price" : 1415.05,
    "dma50" : 1491.08,
    "dma100" : null,
    "dma200" : 1410.93,
    "volume" : 438296.00
  }, {
    "date" : "2025-02-07",
    "price" : 1427.50,
    "dma50" : 1488.59,
    "dma100" : null,
    "dma200" : 1411.10,
    "volume" : 629689.00
  }, {
    "date" : "2025-02-10",
    "price" : 1419.50,
    "dma50" : 1485.88,
    "dma100" : null,
    "dma200" : 1411.18,
    "volume" : 686958.00
  }, {
    "date" : "2025-02-11",
    "price" : 1389.55,
    "dma50" : 1482.10,
    "dma100" : null,
    "dma200" : 1410.97,
    "volume" : 697985.00
  }, {
    "date" : "2025-02-12",
    "price" : 1397.50,
    "dma50" : 1478.79,
    "dma100" : null,
    "dma200" : 1410.83,
    "volume" : 664697.00
  }, {
    "date" : "2025-02-13",
    "price" : 1396.85,
    "dma50" : 1475.57,
    "dma100" : null,
    "dma200" : 1410.69,
    "volume" : 565836.00
  }, {
    "date" : "2025-02-14",
    "price" : 1364.40,
    "dma50" : 1471.21,
    "dma100" : null,
    "dma200" : 1410.23,
    "volume" : 834847.00
  }, {
    "date" : "2025-02-17",
    "price" : 1349.70,
    "dma50" : 1466.45,
    "dma100" : null,
    "dma200" : 1409.63,
    "volume" : 903806.00
  }, {
    "date" : "2025-02-18",
    "price" : 1335.00,
    "dma50" : 1461.29,
    "dma100" : null,
    "dma200" : 1408.89,
    "volume" : 425887.00
  }, {
    "date" : "2025-02-19",
    "price" : 1328.85,
    "dma50" : 1456.10,
    "dma100" : null,
    "dma200" : 1408.09,
    "volume" : 479593.00
  }, {
    "date" : "2025-02-20",
    "price" : 1344.95,
    "dma50" : 1451.74,
    "dma100" : null,
    "dma200" : 1407.46,
    "volume" : 733573.00
  }, {
    "date" : "2025-02-21",
    "price" : 1306.50,
    "dma50" : 1446.05,
    "dma100" : null,
    "dma200" : 1406.46,
    "volume" : 1306151.00
  }, {
    "date" : "2025-02-24",
    "price" : 1342.80,
    "dma50" : 1442.00,
    "dma100" : null,
    "dma200" : 1405.83,
    "volume" : 785041.00
  }, {
    "date" : "2025-02-25",
    "price" : 1346.10,
    "dma50" : 1438.24,
    "dma100" : null,
    "dma200" : 1405.23,
    "volume" : 407450.00
  }, {
    "date" : "2025-02-27",
    "price" : 1335.40,
    "dma50" : 1434.20,
    "dma100" : null,
    "dma200" : 1404.54,
    "volume" : 629064.00
  }, {
    "date" : "2025-02-28",
    "price" : 1284.45,
    "dma50" : 1428.33,
    "dma100" : null,
    "dma200" : 1403.34,
    "volume" : 907717.00
  }, {
    "date" : "2025-03-03",
    "price" : 1306.15,
    "dma50" : 1423.54,
    "dma100" : null,
    "dma200" : 1402.38,
    "volume" : 725980.00
  }, {
    "date" : "2025-03-04",
    "price" : 1288.00,
    "dma50" : 1418.22,
    "dma100" : null,
    "dma200" : 1401.24,
    "volume" : 531321.00
  }, {
    "date" : "2025-03-05",
    "price" : 1320.20,
    "dma50" : 1414.38,
    "dma100" : null,
    "dma200" : 1400.43,
    "volume" : 671395.00
  }, {
    "date" : "2025-03-06",
    "price" : 1332.85,
    "dma50" : 1411.18,
    "dma100" : null,
    "dma200" : 1399.76,
    "volume" : 279441.00
  }, {
    "date" : "2025-03-07",
    "price" : 1327.85,
    "dma50" : 1407.91,
    "dma100" : null,
    "dma200" : 1399.04,
    "volume" : 275060.00
  }, {
    "date" : "2025-03-10",
    "price" : 1313.10,
    "dma50" : 1404.20,
    "dma100" : null,
    "dma200" : 1398.19,
    "volume" : 621319.00
  }, {
    "date" : "2025-03-11",
    "price" : 1319.85,
    "dma50" : 1400.89,
    "dma100" : null,
    "dma200" : 1397.41,
    "volume" : 322104.00
  }, {
    "date" : "2025-03-12",
    "price" : 1336.25,
    "dma50" : 1398.35,
    "dma100" : null,
    "dma200" : 1396.80,
    "volume" : 606567.00
  }, {
    "date" : "2025-03-13",
    "price" : 1353.70,
    "dma50" : 1396.60,
    "dma100" : null,
    "dma200" : 1396.37,
    "volume" : 452882.00
  }, {
    "date" : "2025-03-17",
    "price" : 1353.05,
    "dma50" : 1394.89,
    "dma100" : null,
    "dma200" : 1395.94,
    "volume" : 558909.00
  }, {
    "date" : "2025-03-18",
    "price" : 1367.45,
    "dma50" : 1393.82,
    "dma100" : null,
    "dma200" : 1395.66,
    "volume" : 597426.00
  }, {
    "date" : "2025-03-19",
    "price" : 1347.30,
    "dma50" : 1391.99,
    "dma100" : null,
    "dma200" : 1395.18,
    "volume" : 857726.00
  }, {
    "date" : "2025-03-20",
    "price" : 1377.75,
    "dma50" : 1391.44,
    "dma100" : null,
    "dma200" : 1395.00,
    "volume" : 875913.00
  }, {
    "date" : "2025-03-21",
    "price" : 1391.60,
    "dma50" : 1391.44,
    "dma100" : null,
    "dma200" : 1394.97,
    "volume" : 1110136.00
  }, {
    "date" : "2025-03-24",
    "price" : 1392.50,
    "dma50" : 1391.48,
    "dma100" : null,
    "dma200" : 1394.94,
    "volume" : 460006.00
  }, {
    "date" : "2025-03-25",
    "price" : 1365.55,
    "dma50" : 1390.47,
    "dma100" : null,
    "dma200" : 1394.65,
    "volume" : 438568.00
  }, {
    "date" : "2025-03-26",
    "price" : 1361.50,
    "dma50" : 1389.33,
    "dma100" : null,
    "dma200" : 1394.32,
    "volume" : 432725.00
  }, {
    "date" : "2025-03-27",
    "price" : 1408.10,
    "dma50" : 1390.07,
    "dma100" : null,
    "dma200" : 1394.46,
    "volume" : 785493.00
  }, {
    "date" : "2025-03-28",
    "price" : 1401.30,
    "dma50" : 1390.51,
    "dma100" : null,
    "dma200" : 1394.53,
    "volume" : 970527.00
  }, {
    "date" : "2025-04-01",
    "price" : 1406.15,
    "dma50" : 1391.12,
    "dma100" : null,
    "dma200" : 1394.64,
    "volume" : 384624.00
  }, {
    "date" : "2025-04-02",
    "price" : 1434.45,
    "dma50" : 1392.82,
    "dma100" : null,
    "dma200" : 1395.04,
    "volume" : 880751.00
  }, {
    "date" : "2025-04-03",
    "price" : 1430.15,
    "dma50" : 1394.28,
    "dma100" : null,
    "dma200" : 1395.39,
    "volume" : 239164.00
  }, {
    "date" : "2025-04-04",
    "price" : 1427.35,
    "dma50" : 1395.58,
    "dma100" : null,
    "dma200" : 1395.71,
    "volume" : 513286.00
  }, {
    "date" : "2025-04-07",
    "price" : 1403.80,
    "dma50" : 1395.90,
    "dma100" : null,
    "dma200" : 1395.79,
    "volume" : 602331.00
  }, {
    "date" : "2025-04-08",
    "price" : 1425.10,
    "dma50" : 1397.05,
    "dma100" : null,
    "dma200" : 1396.08,
    "volume" : 570276.00
  }, {
    "date" : "2025-04-09",
    "price" : 1451.60,
    "dma50" : 1399.19,
    "dma100" : null,
    "dma200" : 1396.63,
    "volume" : 907809.00
  }, {
    "date" : "2025-04-11",
    "price" : 1476.90,
    "dma50" : 1402.23,
    "dma100" : null,
    "dma200" : 1397.43,
    "volume" : 700797.00
  }, {
    "date" : "2025-04-15",
    "price" : 1501.70,
    "dma50" : 1406.14,
    "dma100" : null,
    "dma200" : 1398.47,
    "volume" : 811299.00
  }, {
    "date" : "2025-04-16",
    "price" : 1503.20,
    "dma50" : 1409.94,
    "dma100" : null,
    "dma200" : 1399.51,
    "volume" : 752329.00
  }, {
    "date" : "2025-04-17",
    "price" : 1517.80,
    "dma50" : 1414.17,
    "dma100" : null,
    "dma200" : 1400.69,
    "volume" : 577862.00
  }, {
    "date" : "2025-04-21",
    "price" : 1516.70,
    "dma50" : 1418.19,
    "dma100" : null,
    "dma200" : 1401.84,
    "volume" : 534922.00
  }, {
    "date" : "2025-04-22",
    "price" : 1557.60,
    "dma50" : 1423.66,
    "dma100" : null,
    "dma200" : 1403.39,
    "volume" : 845147.00
  }, {
    "date" : "2025-04-23",
    "price" : 1580.40,
    "dma50" : 1429.81,
    "dma100" : null,
    "dma200" : 1405.15,
    "volume" : 1397583.00
  }, {
    "date" : "2025-04-24",
    "price" : 1560.80,
    "dma50" : 1434.94,
    "dma100" : null,
    "dma200" : 1406.70,
    "volume" : 1341498.00
  }, {
    "date" : "2025-04-25",
    "price" : 1547.40,
    "dma50" : 1439.35,
    "dma100" : null,
    "dma200" : 1408.10,
    "volume" : 522952.00
  }, {
    "date" : "2025-04-28",
    "price" : 1556.60,
    "dma50" : 1443.95,
    "dma100" : null,
    "dma200" : 1409.58,
    "volume" : 617419.00
  }, {
    "date" : "2025-04-29",
    "price" : 1545.90,
    "dma50" : 1447.95,
    "dma100" : null,
    "dma200" : 1410.93,
    "volume" : 570149.00
  }, {
    "date" : "2025-04-30",
    "price" : 1563.90,
    "dma50" : 1452.50,
    "dma100" : null,
    "dma200" : 1412.46,
    "volume" : 711541.00
  }, {
    "date" : "2025-05-02",
    "price" : 1555.60,
    "dma50" : 1456.54,
    "dma100" : null,
    "dma200" : 1413.88,
    "volume" : 943878.00
  }, {
    "date" : "2025-05-05",
    "price" : 1559.10,
    "dma50" : 1460.56,
    "dma100" : null,
    "dma200" : 1415.33,
    "volume" : 257602.00
  }, {
    "date" : "2025-05-06",
    "price" : 1576.30,
    "dma50" : 1465.10,
    "dma100" : null,
    "dma200" : 1416.93,
    "volume" : 913500.00
  }, {
    "date" : "2025-05-07",
    "price" : 1589.50,
    "dma50" : 1469.98,
    "dma100" : null,
    "dma200" : 1418.64,
    "volume" : 2350003.00
  }, {
    "date" : "2025-05-08",
    "price" : 1537.20,
    "dma50" : 1472.61,
    "dma100" : null,
    "dma200" : 1419.82,
    "volume" : 732497.00
  }, {
    "date" : "2025-05-09",
    "price" : 1531.20,
    "dma50" : 1474.91,
    "dma100" : null,
    "dma200" : 1420.93,
    "volume" : 1013755.00
  }, {
    "date" : "2025-05-12",
    "price" : 1564.20,
    "dma50" : 1478.41,
    "dma100" : null,
    "dma200" : 1422.36,
    "volume" : 497582.00
  }, {
    "date" : "2025-05-13",
    "price" : 1553.90,
    "dma50" : 1481.37,
    "dma100" : null,
    "dma200" : 1423.67,
    "volume" : 431425.00
  }, {
    "date" : "2025-05-14",
    "price" : 1534.40,
    "dma50" : 1483.45,
    "dma100" : null,
    "dma200" : 1424.77,
    "volume" : 686700.00
  }, {
    "date" : "2025-05-15",
    "price" : 1538.50,
    "dma50" : 1485.61,
    "dma100" : null,
    "dma200" : 1425.90,
    "volume" : 448011.00
  }, {
    "date" : "2025-05-16",
    "price" : 1540.30,
    "dma50" : 1487.76,
    "dma100" : null,
    "dma200" : 1427.04,
    "volume" : 871059.00
  }, {
    "date" : "2025-05-19",
    "price" : 1556.00,
    "dma50" : 1490.43,
    "dma100" : null,
    "dma200" : 1428.32,
    "volume" : 996684.00
  }, {
    "date" : "2025-05-20",
    "price" : 1556.60,
    "dma50" : 1493.03,
    "dma100" : null,
    "dma200" : 1429.60,
    "volume" : 745301.00
  }, {
    "date" : "2025-05-21",
    "price" : 1557.40,
    "dma50" : 1495.55,
    "dma100" : null,
    "dma200" : 1430.87,
    "volume" : 2481055.00
  }, {
    "date" : "2025-05-22",
    "price" : 1568.40,
    "dma50" : 1498.41,
    "dma100" : null,
    "dma200" : 1432.24,
    "volume" : 795010.00
  }, {
    "date" : "2025-05-23",
    "price" : 1578.90,
    "dma50" : 1501.57,
    "dma100" : null,
    "dma200" : 1433.70,
    "volume" : 663471.00
  }, {
    "date" : "2025-05-26",
    "price" : 1555.50,
    "dma50" : 1503.68,
    "dma100" : null,
    "dma200" : 1434.91,
    "volume" : 355786.00
  }, {
    "date" : "2025-05-27",
    "price" : 1533.10,
    "dma50" : 1504.83,
    "dma100" : null,
    "dma200" : 1435.89,
    "volume" : 649770.00
  }, {
    "date" : "2025-05-28",
    "price" : 1522.70,
    "dma50" : 1505.53,
    "dma100" : 1457.83,
    "dma200" : 1436.75,
    "volume" : 434023.00
  }, {
    "date" : "2025-05-29",
    "price" : 1522.60,
    "dma50" : 1506.20,
    "dma100" : 1456.46,
    "dma200" : 1437.60,
    "volume" : 665388.00
  }, {
    "date" : "2025-05-30",
    "price" : 1520.10,
    "dma50" : 1506.75,
    "dma100" : 1454.77,
    "dma200" : 1438.43,
    "volume" : 1467668.00
  }, {
    "date" : "2025-06-02",
    "price" : 1549.20,
    "dma50" : 1508.41,
    "dma100" : 1453.44,
    "dma200" : 1439.53,
    "volume" : 986352.00
  }, {
    "date" : "2025-06-03",
    "price" : 1579.60,
    "dma50" : 1511.21,
    "dma100" : 1452.82,
    "dma200" : 1440.92,
    "volume" : 2205945.00
  }, {
    "date" : "2025-06-04",
    "price" : 1584.10,
    "dma50" : 1514.06,
    "dma100" : 1452.40,
    "dma200" : 1442.35,
    "volume" : 1171940.00
  }, {
    "date" : "2025-06-05",
    "price" : 1610.00,
    "dma50" : 1517.83,
    "dma100" : 1452.74,
    "dma200" : 1444.01,
    "volume" : 2242629.00
  }, {
    "date" : "2025-06-06",
    "price" : 1593.40,
    "dma50" : 1520.79,
    "dma100" : 1452.93,
    "dma200" : 1445.50,
    "volume" : 825257.00
  }, {
    "date" : "2025-06-09",
    "price" : 1592.70,
    "dma50" : 1523.61,
    "dma100" : 1453.47,
    "dma200" : 1446.97,
    "volume" : 635679.00
  }, {
    "date" : "2025-06-10",
    "price" : 1609.90,
    "dma50" : 1526.99,
    "dma100" : 1454.73,
    "dma200" : 1448.59,
    "volume" : 1042502.00
  }, {
    "date" : "2025-06-11",
    "price" : 1503.80,
    "dma50" : 1526.08,
    "dma100" : 1455.70,
    "dma200" : 1449.14,
    "volume" : 10117679.00
  }, {
    "date" : "2025-06-12",
    "price" : 1485.10,
    "dma50" : 1524.48,
    "dma100" : 1456.44,
    "dma200" : 1449.49,
    "volume" : 1634437.00
  }, {
    "date" : "2025-06-13",
    "price" : 1453.10,
    "dma50" : 1521.68,
    "dma100" : 1456.83,
    "dma200" : 1449.53,
    "volume" : 1611392.00
  }, {
    "date" : "2025-06-16",
    "price" : 1485.40,
    "dma50" : 1520.26,
    "dma100" : 1457.41,
    "dma200" : 1449.89,
    "volume" : 1263831.00
  }, {
    "date" : "2025-06-17",
    "price" : 1474.80,
    "dma50" : 1518.47,
    "dma100" : 1457.58,
    "dma200" : 1450.13,
    "volume" : 963002.00
  }, {
    "date" : "2025-06-18",
    "price" : 1461.80,
    "dma50" : 1516.25,
    "dma100" : 1457.82,
    "dma200" : 1450.25,
    "volume" : 384337.00
  }, {
    "date" : "2025-06-19",
    "price" : 1460.80,
    "dma50" : 1514.08,
    "dma100" : 1457.84,
    "dma200" : 1450.36,
    "volume" : 630873.00
  }, {
    "date" : "2025-06-20",
    "price" : 1458.90,
    "dma50" : 1511.91,
    "dma100" : 1457.42,
    "dma200" : 1450.44,
    "volume" : 1673157.00
  }, {
    "date" : "2025-06-23",
    "price" : 1419.90,
    "dma50" : 1508.30,
    "dma100" : 1456.92,
    "dma200" : 1450.14,
    "volume" : 3454925.00
  }, {
    "date" : "2025-06-24",
    "price" : 1443.30,
    "dma50" : 1505.75,
    "dma100" : 1457.44,
    "dma200" : 1450.07,
    "volume" : 1143730.00
  }, {
    "date" : "2025-06-25",
    "price" : 1454.90,
    "dma50" : 1503.76,
    "dma100" : 1458.02,
    "dma200" : 1450.12,
    "volume" : 1973382.00
  }, {
    "date" : "2025-06-26",
    "price" : 1444.50,
    "dma50" : 1501.44,
    "dma100" : 1458.19,
    "dma200" : 1450.06,
    "volume" : 1746758.00
  }, {
    "date" : "2025-06-27",
    "price" : 1442.20,
    "dma50" : 1499.11,
    "dma100" : 1458.34,
    "dma200" : 1449.98,
    "volume" : 2174521.00
  }, {
    "date" : "2025-06-30",
    "price" : 1428.10,
    "dma50" : 1496.33,
    "dma100" : 1458.38,
    "dma200" : 1449.76,
    "volume" : 3045255.00
  }, {
    "date" : "2025-07-01",
    "price" : 1400.40,
    "dma50" : 1492.57,
    "dma100" : 1457.41,
    "dma200" : 1449.27,
    "volume" : 1338924.00
  }, {
    "date" : "2025-07-02",
    "price" : 1383.40,
    "dma50" : 1488.29,
    "dma100" : 1456.51,
    "dma200" : 1448.62,
    "volume" : 1832509.00
  }, {
    "date" : "2025-07-03",
    "price" : 1381.70,
    "dma50" : 1484.11,
    "dma100" : 1455.50,
    "dma200" : 1447.95,
    "volume" : 962238.00
  }, {
    "date" : "2025-07-04",
    "price" : 1378.20,
    "dma50" : 1479.95,
    "dma100" : 1454.86,
    "dma200" : 1447.26,
    "volume" : 937455.00
  }, {
    "date" : "2025-07-07",
    "price" : 1382.60,
    "dma50" : 1476.13,
    "dma100" : 1454.54,
    "dma200" : 1446.61,
    "volume" : 1814126.00
  }, {
    "date" : "2025-07-08",
    "price" : 1364.70,
    "dma50" : 1471.76,
    "dma100" : 1453.91,
    "dma200" : 1445.80,
    "volume" : 981148.00
  }, {
    "date" : "2025-07-09",
    "price" : 1370.90,
    "dma50" : 1467.81,
    "dma100" : 1453.43,
    "dma200" : 1445.05,
    "volume" : 1318317.00
  }, {
    "date" : "2025-07-10",
    "price" : 1384.00,
    "dma50" : 1464.52,
    "dma100" : 1453.37,
    "dma200" : 1444.45,
    "volume" : 712234.00
  }, {
    "date" : "2025-07-11",
    "price" : 1357.60,
    "dma50" : 1460.33,
    "dma100" : 1452.97,
    "dma200" : 1443.58,
    "volume" : 854435.00
  }, {
    "date" : "2025-07-14",
    "price" : 1364.00,
    "dma50" : 1456.55,
    "dma100" : 1452.64,
    "dma200" : 1442.79,
    "volume" : 1974937.00
  }, {
    "date" : "2025-07-15",
    "price" : 1370.20,
    "dma50" : 1453.17,
    "dma100" : 1452.70,
    "dma200" : 1442.07,
    "volume" : 970119.00
  }, {
    "date" : "2025-07-16",
    "price" : 1377.20,
    "dma50" : 1450.19,
    "dma100" : 1452.98,
    "dma200" : 1441.42,
    "volume" : 1364599.00
  }, {
    "date" : "2025-07-17",
    "price" : 1380.00,
    "dma50" : 1447.43,
    "dma100" : 1453.43,
    "dma200" : 1440.81,
    "volume" : 1087864.00
  }, {
    "date" : "2025-07-18",
    "price" : 1362.30,
    "dma50" : 1444.10,
    "dma100" : 1453.76,
    "dma200" : 1440.03,
    "volume" : 533469.00
  }, {
    "date" : "2025-07-21",
    "price" : 1366.40,
    "dma50" : 1441.05,
    "dma100" : 1453.97,
    "dma200" : 1439.30,
    "volume" : 970946.00
  }, {
    "date" : "2025-07-22",
    "price" : 1343.50,
    "dma50" : 1437.22,
    "dma100" : 1454.34,
    "dma200" : 1438.34,
    "volume" : 851739.00
  }, {
    "date" : "2025-07-23",
    "price" : 1342.30,
    "dma50" : 1433.50,
    "dma100" : 1454.34,
    "dma200" : 1437.39,
    "volume" : 891488.00
  }, {
    "date" : "2025-07-24",
    "price" : 1335.20,
    "dma50" : 1429.65,
    "dma100" : 1454.23,
    "dma200" : 1436.37,
    "volume" : 935721.00
  }, {
    "date" : "2025-07-25",
    "price" : 1309.60,
    "dma50" : 1424.94,
    "dma100" : 1453.97,
    "dma200" : 1435.11,
    "volume" : 853902.00
  }, {
    "date" : "2025-07-28",
    "price" : 1316.00,
    "dma50" : 1420.67,
    "dma100" : 1454.29,
    "dma200" : 1433.93,
    "volume" : 760015.00
  }, {
    "date" : "2025-07-29",
    "price" : 1324.00,
    "dma50" : 1416.88,
    "dma100" : 1454.47,
    "dma200" : 1432.83,
    "volume" : 1789762.00
  }, {
    "date" : "2025-07-30",
    "price" : 1315.80,
    "dma50" : 1412.91,
    "dma100" : 1454.74,
    "dma200" : 1431.67,
    "volume" : 557355.00
  }, {
    "date" : "2025-07-31",
    "price" : 1340.20,
    "dma50" : 1410.06,
    "dma100" : 1454.94,
    "dma200" : 1430.76,
    "volume" : 1518382.00
  }, {
    "date" : "2025-08-01",
    "price" : 1322.40,
    "dma50" : 1406.62,
    "dma100" : 1454.84,
    "dma200" : 1429.68,
    "volume" : 1236436.00
  }, {
    "date" : "2025-08-04",
    "price" : 1339.70,
    "dma50" : 1404.00,
    "dma100" : 1454.96,
    "dma200" : 1428.78,
    "volume" : 1101697.00
  }, {
    "date" : "2025-08-05",
    "price" : 1323.70,
    "dma50" : 1400.85,
    "dma100" : 1455.06,
    "dma200" : 1427.74,
    "volume" : 1539898.00
  }, {
    "date" : "2025-08-06",
    "price" : 1308.20,
    "dma50" : 1397.22,
    "dma100" : 1454.95,
    "dma200" : 1426.55,
    "volume" : 1087714.00
  }, {
    "date" : "2025-08-07",
    "price" : 1290.00,
    "dma50" : 1393.01,
    "dma100" : 1454.49,
    "dma200" : 1425.19,
    "volume" : 1197135.00
  }, {
    "date" : "2025-08-08",
    "price" : 1291.50,
    "dma50" : 1389.03,
    "dma100" : 1453.86,
    "dma200" : 1423.86,
    "volume" : 1346157.00
  }, {
    "date" : "2025-08-11",
    "price" : 1302.20,
    "dma50" : 1385.63,
    "dma100" : 1453.35,
    "dma200" : 1422.65,
    "volume" : 701034.00
  }, {
    "date" : "2025-08-12",
    "price" : 1297.80,
    "dma50" : 1382.18,
    "dma100" : 1452.66,
    "dma200" : 1421.41,
    "volume" : 656253.00
  }, {
    "date" : "2025-08-13",
    "price" : 1306.20,
    "dma50" : 1379.20,
    "dma100" : 1452.25,
    "dma200" : 1420.26,
    "volume" : 411746.00
  }, {
    "date" : "2025-08-14",
    "price" : 1319.30,
    "dma50" : 1376.85,
    "dma100" : 1451.66,
    "dma200" : 1419.26,
    "volume" : 1593381.00
  }, {
    "date" : "2025-08-18",
    "price" : 1307.50,
    "dma50" : 1374.13,
    "dma100" : 1450.82,
    "dma200" : 1418.14,
    "volume" : 2155786.00
  }, {
    "date" : "2025-08-19",
    "price" : 1328.60,
    "dma50" : 1372.35,
    "dma100" : 1450.18,
    "dma200" : 1417.25,
    "volume" : 1868534.00
  }, {
    "date" : "2025-08-20",
    "price" : 1335.90,
    "dma50" : 1370.92,
    "dma100" : 1449.89,
    "dma200" : 1416.44,
    "volume" : 1106644.00
  }, {
    "date" : "2025-08-21",
    "price" : 1337.00,
    "dma50" : 1369.59,
    "dma100" : 1449.64,
    "dma200" : 1415.65,
    "volume" : 1082536.00
  }, {
    "date" : "2025-08-22",
    "price" : 1329.90,
    "dma50" : 1368.03,
    "dma100" : 1448.86,
    "dma200" : 1414.80,
    "volume" : 552171.00
  }, {
    "date" : "2025-08-25",
    "price" : 1311.30,
    "dma50" : 1365.81,
    "dma100" : 1447.96,
    "dma200" : 1413.77,
    "volume" : 1270478.00
  }, {
    "date" : "2025-08-26",
    "price" : 1302.80,
    "dma50" : 1363.34,
    "dma100" : 1446.93,
    "dma200" : 1412.67,
    "volume" : 1396241.00
  }, {
    "date" : "2025-08-28",
    "price" : 1281.50,
    "dma50" : 1360.13,
    "dma100" : 1445.40,
    "dma200" : 1411.36,
    "volume" : 1390522.00
  }, {
    "date" : "2025-08-29",
    "price" : 1311.00,
    "dma50" : 1358.20,
    "dma100" : 1444.20,
    "dma200" : 1410.36,
    "volume" : 1701278.00
  }, {
    "date" : "2025-09-01",
    "price" : 1321.20,
    "dma50" : 1356.75,
    "dma100" : 1443.14,
    "dma200" : 1409.47,
    "volume" : 927457.00
  }, {
    "date" : "2025-09-02",
    "price" : 1334.00,
    "dma50" : 1355.86,
    "dma100" : 1442.45,
    "dma200" : 1408.72,
    "volume" : 989702.00
  }, {
    "date" : "2025-09-03",
    "price" : 1347.10,
    "dma50" : 1355.51,
    "dma100" : 1441.67,
    "dma200" : 1408.11,
    "volume" : 1763337.00
  }, {
    "date" : "2025-09-04",
    "price" : 1321.50,
    "dma50" : 1354.18,
    "dma100" : 1440.36,
    "dma200" : 1407.25,
    "volume" : 762001.00
  }, {
    "date" : "2025-09-05",
    "price" : 1312.10,
    "dma50" : 1352.53,
    "dma100" : 1438.72,
    "dma200" : 1406.30,
    "volume" : 573301.00
  }, {
    "date" : "2025-09-08",
    "price" : 1296.00,
    "dma50" : 1350.31,
    "dma100" : 1436.66,
    "dma200" : 1405.20,
    "volume" : 845643.00
  }, {
    "date" : "2025-09-09",
    "price" : 1304.40,
    "dma50" : 1348.51,
    "dma100" : 1434.67,
    "dma200" : 1404.20,
    "volume" : 432123.00
  }, {
    "date" : "2025-09-10",
    "price" : 1303.50,
    "dma50" : 1346.75,
    "dma100" : 1432.53,
    "dma200" : 1403.20,
    "volume" : 767903.00
  }, {
    "date" : "2025-09-11",
    "price" : 1319.00,
    "dma50" : 1345.66,
    "dma100" : 1430.55,
    "dma200" : 1402.36,
    "volume" : 1048065.00
  }, {
    "date" : "2025-09-12",
    "price" : 1309.70,
    "dma50" : 1344.25,
    "dma100" : 1428.07,
    "dma200" : 1401.44,
    "volume" : 1267440.00
  }, {
    "date" : "2025-09-15",
    "price" : 1315.30,
    "dma50" : 1343.11,
    "dma100" : 1425.42,
    "dma200" : 1400.58,
    "volume" : 1134345.00
  }, {
    "date" : "2025-09-16",
    "price" : 1330.00,
    "dma50" : 1342.60,
    "dma100" : 1423.11,
    "dma200" : 1399.88,
    "volume" : 904252.00
  }, {
    "date" : "2025-09-17",
    "price" : 1337.10,
    "dma50" : 1342.38,
    "dma100" : 1421.01,
    "dma200" : 1399.26,
    "volume" : 1846784.00
  }, {
    "date" : "2025-09-18",
    "price" : 1327.40,
    "dma50" : 1341.80,
    "dma100" : 1418.72,
    "dma200" : 1398.54,
    "volume" : 733518.00
  }, {
    "date" : "2025-09-19",
    "price" : 1328.20,
    "dma50" : 1341.26,
    "dma100" : 1416.54,
    "dma200" : 1397.84,
    "volume" : 1054574.00
  }, {
    "date" : "2025-09-22",
    "price" : 1339.90,
    "dma50" : 1341.21,
    "dma100" : 1414.30,
    "dma200" : 1397.26,
    "volume" : 1251478.00
  }, {
    "date" : "2025-09-23",
    "price" : 1341.20,
    "dma50" : 1341.21,
    "dma100" : 1412.16,
    "dma200" : 1396.71,
    "volume" : 617357.00
  }, {
    "date" : "2025-09-24",
    "price" : 1350.90,
    "dma50" : 1341.59,
    "dma100" : 1410.08,
    "dma200" : 1396.25,
    "volume" : 787062.00
  }, {
    "date" : "2025-09-25",
    "price" : 1317.60,
    "dma50" : 1340.65,
    "dma100" : 1407.49,
    "dma200" : 1395.47,
    "volume" : 1192106.00
  }, {
    "date" : "2025-09-26",
    "price" : 1297.40,
    "dma50" : 1338.95,
    "dma100" : 1404.57,
    "dma200" : 1394.49,
    "volume" : 743051.00
  }, {
    "date" : "2025-09-29",
    "price" : 1308.50,
    "dma50" : 1337.76,
    "dma100" : 1402.28,
    "dma200" : 1393.64,
    "volume" : 850078.00
  }, {
    "date" : "2025-09-30",
    "price" : 1324.30,
    "dma50" : 1337.23,
    "dma100" : 1400.21,
    "dma200" : 1392.95,
    "volume" : 1484394.00
  }, {
    "date" : "2025-10-01",
    "price" : 1346.70,
    "dma50" : 1337.60,
    "dma100" : 1398.04,
    "dma200" : 1392.49,
    "volume" : 1147809.00
  }, {
    "date" : "2025-10-03",
    "price" : 1362.60,
    "dma50" : 1338.58,
    "dma100" : 1396.12,
    "dma200" : 1392.19,
    "volume" : 1087554.00
  }, {
    "date" : "2025-10-06",
    "price" : 1361.00,
    "dma50" : 1339.46,
    "dma100" : 1394.39,
    "dma200" : 1391.88,
    "volume" : 440040.00
  }, {
    "date" : "2025-10-07",
    "price" : 1351.80,
    "dma50" : 1339.94,
    "dma100" : 1392.52,
    "dma200" : 1391.48,
    "volume" : 379927.00
  }, {
    "date" : "2025-10-08",
    "price" : 1333.10,
    "dma50" : 1339.68,
    "dma100" : 1390.45,
    "dma200" : 1390.90,
    "volume" : 1151375.00
  }, {
    "date" : "2025-10-09",
    "price" : 1337.60,
    "dma50" : 1339.60,
    "dma100" : 1388.27,
    "dma200" : 1390.37,
    "volume" : 897184.00
  }, {
    "date" : "2025-10-10",
    "price" : 1337.00,
    "dma50" : 1339.49,
    "dma100" : 1386.07,
    "dma200" : 1389.84,
    "volume" : 948889.00
  }, {
    "date" : "2025-10-13",
    "price" : 1316.10,
    "dma50" : 1338.58,
    "dma100" : 1383.66,
    "dma200" : 1389.10,
    "volume" : 542923.00
  }, {
    "date" : "2025-10-14",
    "price" : 1302.40,
    "dma50" : 1337.16,
    "dma100" : 1381.00,
    "dma200" : 1388.24,
    "volume" : 667720.00
  }, {
    "date" : "2025-10-15",
    "price" : 1333.10,
    "dma50" : 1337.00,
    "dma100" : 1378.54,
    "dma200" : 1387.69,
    "volume" : 848250.00
  }, {
    "date" : "2025-10-16",
    "price" : 1359.10,
    "dma50" : 1337.86,
    "dma100" : 1376.58,
    "dma200" : 1387.41,
    "volume" : 852782.00
  }, {
    "date" : "2025-10-17",
    "price" : 1361.40,
    "dma50" : 1338.79,
    "dma100" : 1374.86,
    "dma200" : 1387.15,
    "volume" : 569307.00
  }, {
    "date" : "2025-10-20",
    "price" : 1365.60,
    "dma50" : 1339.84,
    "dma100" : 1373.29,
    "dma200" : 1386.93,
    "volume" : 527903.00
  }, {
    "date" : "2025-10-21",
    "price" : 1359.70,
    "dma50" : 1340.62,
    "dma100" : 1371.66,
    "dma200" : 1386.66,
    "volume" : 98463.00
  }, {
    "date" : "2025-10-23",
    "price" : 1351.20,
    "dma50" : 1341.03,
    "dma100" : 1369.97,
    "dma200" : 1386.31,
    "volume" : 537396.00
  }, {
    "date" : "2025-10-24",
    "price" : 1357.40,
    "dma50" : 1341.67,
    "dma100" : 1368.05,
    "dma200" : 1386.02,
    "volume" : 571731.00
  }, {
    "date" : "2025-10-27",
    "price" : 1353.10,
    "dma50" : 1342.12,
    "dma100" : 1365.79,
    "dma200" : 1385.70,
    "volume" : 432894.00
  }, {
    "date" : "2025-10-28",
    "price" : 1351.80,
    "dma50" : 1342.50,
    "dma100" : 1363.46,
    "dma200" : 1385.36,
    "volume" : 426779.00
  }, {
    "date" : "2025-10-29",
    "price" : 1387.40,
    "dma50" : 1344.26,
    "dma100" : 1361.24,
    "dma200" : 1385.38,
    "volume" : 1467817.00
  }, {
    "date" : "2025-10-30",
    "price" : 1394.60,
    "dma50" : 1346.24,
    "dma100" : 1359.25,
    "dma200" : 1385.47,
    "volume" : 1049138.00
  }, {
    "date" : "2025-10-31",
    "price" : 1431.40,
    "dma50" : 1349.58,
    "dma100" : 1357.64,
    "dma200" : 1385.93,
    "volume" : 11042898.00
  }, {
    "date" : "2025-11-03",
    "price" : 1447.60,
    "dma50" : 1353.42,
    "dma100" : 1356.01,
    "dma200" : 1386.54,
    "volume" : 1383163.00
  }, {
    "date" : "2025-11-04",
    "price" : 1450.90,
    "dma50" : 1357.24,
    "dma100" : 1355.48,
    "dma200" : 1387.18,
    "volume" : 1004042.00
  }, {
    "date" : "2025-11-06",
    "price" : 1416.50,
    "dma50" : 1359.57,
    "dma100" : 1354.80,
    "dma200" : 1387.47,
    "volume" : 1054328.00
  }, {
    "date" : "2025-11-07",
    "price" : 1429.10,
    "dma50" : 1362.29,
    "dma100" : 1354.56,
    "dma200" : 1387.89,
    "volume" : 527913.00
  }, {
    "date" : "2025-11-10",
    "price" : 1409.50,
    "dma50" : 1364.15,
    "dma100" : 1353.80,
    "dma200" : 1388.10,
    "volume" : 438167.00
  }, {
    "date" : "2025-11-11",
    "price" : 1414.50,
    "dma50" : 1366.12,
    "dma100" : 1353.20,
    "dma200" : 1388.37,
    "volume" : 1049503.00
  }, {
    "date" : "2025-11-12",
    "price" : 1435.60,
    "dma50" : 1368.84,
    "dma100" : 1352.93,
    "dma200" : 1388.84,
    "volume" : 1389215.00
  }, {
    "date" : "2025-11-13",
    "price" : 1420.80,
    "dma50" : 1370.88,
    "dma100" : 1352.53,
    "dma200" : 1389.15,
    "volume" : 475555.00
  }, {
    "date" : "2025-11-14",
    "price" : 1429.40,
    "dma50" : 1373.18,
    "dma100" : 1352.24,
    "dma200" : 1389.55,
    "volume" : 342104.00
  }, {
    "date" : "2025-11-17",
    "price" : 1434.90,
    "dma50" : 1375.60,
    "dma100" : 1352.39,
    "dma200" : 1390.01,
    "volume" : 396098.00
  }, {
    "date" : "2025-11-18",
    "price" : 1434.70,
    "dma50" : 1377.92,
    "dma100" : 1352.30,
    "dma200" : 1390.45,
    "volume" : 467661.00
  }, {
    "date" : "2025-11-19",
    "price" : 1411.70,
    "dma50" : 1379.24,
    "dma100" : 1351.87,
    "dma200" : 1390.66,
    "volume" : 490970.00
  }, {
    "date" : "2025-11-20",
    "price" : 1416.20,
    "dma50" : 1380.69,
    "dma100" : 1351.59,
    "dma200" : 1390.92,
    "volume" : 575668.00
  }, {
    "date" : "2025-11-21",
    "price" : 1427.10,
    "dma50" : 1382.51,
    "dma100" : 1351.44,
    "dma200" : 1391.28,
    "volume" : 1089520.00
  }, {
    "date" : "2025-11-24",
    "price" : 1431.20,
    "dma50" : 1384.42,
    "dma100" : 1351.47,
    "dma200" : 1391.67,
    "volume" : 918808.00
  }, {
    "date" : "2025-11-25",
    "price" : 1430.40,
    "dma50" : 1386.22,
    "dma100" : 1351.77,
    "dma200" : 1392.06,
    "volume" : 528116.00
  }, {
    "date" : "2025-11-26",
    "price" : 1459.50,
    "dma50" : 1389.10,
    "dma100" : 1352.53,
    "dma200" : 1392.73,
    "volume" : 1326355.00
  }, {
    "date" : "2025-11-27",
    "price" : 1445.80,
    "dma50" : 1391.32,
    "dma100" : 1353.17,
    "dma200" : 1393.26,
    "volume" : 916537.00
  }, {
    "date" : "2025-11-28",
    "price" : 1451.60,
    "dma50" : 1393.68,
    "dma100" : 1353.90,
    "dma200" : 1393.84,
    "volume" : 726363.00
  }, {
    "date" : "2025-12-01",
    "price" : 1447.10,
    "dma50" : 1395.78,
    "dma100" : 1354.55,
    "dma200" : 1394.37,
    "volume" : 534344.00
  }, {
    "date" : "2025-12-02",
    "price" : 1440.90,
    "dma50" : 1397.55,
    "dma100" : 1355.31,
    "dma200" : 1394.83,
    "volume" : 775136.00
  }, {
    "date" : "2025-12-03",
    "price" : 1421.30,
    "dma50" : 1398.48,
    "dma100" : 1355.82,
    "dma200" : 1395.09,
    "volume" : 972023.00
  }, {
    "date" : "2025-12-04",
    "price" : 1431.90,
    "dma50" : 1399.79,
    "dma100" : 1356.29,
    "dma200" : 1395.46,
    "volume" : 764966.00
  }, {
    "date" : "2025-12-05",
    "price" : 1455.60,
    "dma50" : 1401.98,
    "dma100" : 1357.27,
    "dma200" : 1396.06,
    "volume" : 637530.00
  }, {
    "date" : "2025-12-08",
    "price" : 1429.40,
    "dma50" : 1403.05,
    "dma100" : 1357.93,
    "dma200" : 1396.39,
    "volume" : 470605.00
  }, {
    "date" : "2025-12-09",
    "price" : 1435.40,
    "dma50" : 1404.32,
    "dma100" : 1358.58,
    "dma200" : 1396.78,
    "volume" : 409321.00
  }, {
    "date" : "2025-12-10",
    "price" : 1436.50,
    "dma50" : 1405.58,
    "dma100" : 1359.17,
    "dma200" : 1397.17,
    "volume" : 389757.00
  }, {
    "date" : "2025-12-11",
    "price" : 1437.20,
    "dma50" : 1406.82,
    "dma100" : 1359.75,
    "dma200" : 1397.57,
    "volume" : 293973.00
  }, {
    "date" : "2025-12-12",
    "price" : 1447.10,
    "dma50" : 1408.40,
    "dma100" : 1360.59,
    "dma200" : 1398.06,
    "volume" : 351995.00
  }, {
    "date" : "2025-12-15",
    "price" : 1442.40,
    "dma50" : 1409.74,
    "dma100" : 1361.35,
    "dma200" : 1398.51,
    "volume" : 236155.00
  }, {
    "date" : "2025-12-16",
    "price" : 1451.40,
    "dma50" : 1411.37,
    "dma100" : 1362.43,
    "dma200" : 1399.03,
    "volume" : 431893.00
  }, {
    "date" : "2025-12-17",
    "price" : 1424.90,
    "dma50" : 1411.90,
    "dma100" : 1363.26,
    "dma200" : 1399.29,
    "volume" : 1185574.00
  }, {
    "date" : "2025-12-18",
    "price" : 1391.20,
    "dma50" : 1411.09,
    "dma100" : 1363.82,
    "dma200" : 1399.21,
    "volume" : 1185835.00
  }, {
    "date" : "2025-12-19",
    "price" : 1406.70,
    "dma50" : 1410.92,
    "dma100" : 1364.79,
    "dma200" : 1399.28,
    "volume" : 406622.00
  }, {
    "date" : "2025-12-22",
    "price" : 1426.70,
    "dma50" : 1411.54,
    "dma100" : 1365.90,
    "dma200" : 1399.56,
    "volume" : 540788.00
  }, {
    "date" : "2025-12-23",
    "price" : 1441.80,
    "dma50" : 1412.72,
    "dma100" : 1367.07,
    "dma200" : 1399.98,
    "volume" : 396803.00
  }, {
    "date" : "2025-12-24",
    "price" : 1422.10,
    "dma50" : 1413.09,
    "dma100" : 1368.14,
    "dma200" : 1400.20,
    "volume" : 510566.00
  }, {
    "date" : "2025-12-26",
    "price" : 1428.40,
    "dma50" : 1413.69,
    "dma100" : 1369.02,
    "dma200" : 1400.48,
    "volume" : 586929.00
  }, {
    "date" : "2025-12-29",
    "price" : 1429.70,
    "dma50" : 1414.32,
    "dma100" : 1370.09,
    "dma200" : 1400.77,
    "volume" : 935575.00
  }, {
    "date" : "2025-12-30",
    "price" : 1423.80,
    "dma50" : 1414.69,
    "dma100" : 1370.93,
    "dma200" : 1401.00,
    "volume" : 2615905.00
  } ],
  "latestTechnicalAttributes" : {
    "date" : "2025-12-30",
    "price" : 1423.80,
    "dma50" : 1414.69,
    "dma100" : 1370.93,
    "dma200" : 1401.00,
    "volume" : 2615905.00
  },
  "quarterlyResults" : [ {
    "date" : "2005-03-31",
    "sales" : 297.22,
    "salesGrowthYoY" : null,
    "grossProfitMargin" : 62.48,
    "grossProfit" : 185.70,
    "operatingProfitMargin" : 5.38,
    "operatingProfit" : 15.99,
    "netProfitMargin" : 4.41,
    "netProfit" : 13.11
  }, {
    "date" : "2005-06-30",
    "sales" : 326.36,
    "salesGrowthYoY" : null,
    "grossProfitMargin" : 54.70,
    "grossProfit" : 178.52,
    "operatingProfitMargin" : 10.17,
    "operatingProfit" : 33.19,
    "netProfitMargin" : 3.18,
    "netProfit" : 10.38
  }, {
    "date" : "2005-09-30",
    "sales" : 304.21,
    "salesGrowthYoY" : null,
    "grossProfitMargin" : 57.69,
    "grossProfit" : 175.50,
    "operatingProfitMargin" : 11.24,
    "operatingProfit" : 34.19,
    "netProfitMargin" : 1.85,
    "netProfit" : 5.63
  }, {
    "date" : "2005-12-31",
    "sales" : 399.17,
    "salesGrowthYoY" : null,
    "grossProfitMargin" : 55.53,
    "grossProfit" : 221.66,
    "operatingProfitMargin" : 12.11,
    "operatingProfit" : 48.34,
    "netProfitMargin" : 4.28,
    "netProfit" : 17.08
  }, {
    "date" : "2006-03-31",
    "sales" : 350.38,
    "salesGrowthYoY" : 17.89,
    "grossProfitMargin" : 57.24,
    "grossProfit" : 200.56,
    "operatingProfitMargin" : 9.78,
    "operatingProfit" : 34.27,
    "netProfitMargin" : 5.06,
    "netProfit" : 17.73
  }, {
    "date" : "2006-06-30",
    "sales" : 533.54,
    "salesGrowthYoY" : 63.48,
    "grossProfitMargin" : 47.75,
    "grossProfit" : 254.77,
    "operatingProfitMargin" : 13.12,
    "operatingProfit" : 70.00,
    "netProfitMargin" : 6.53,
    "netProfit" : 34.84
  }, {
    "date" : "2006-09-30",
    "sales" : 753.49,
    "salesGrowthYoY" : 147.69,
    "grossProfitMargin" : 83.43,
    "grossProfit" : 628.64,
    "operatingProfitMargin" : 21.42,
    "operatingProfit" : 161.40,
    "netProfitMargin" : 8.86,
    "netProfit" : 66.76
  }, {
    "date" : "2006-12-31",
    "sales" : 771.07,
    "salesGrowthYoY" : 93.17,
    "grossProfitMargin" : 67.05,
    "grossProfit" : 517.00,
    "operatingProfitMargin" : 16.52,
    "operatingProfit" : 127.38,
    "netProfitMargin" : 13.32,
    "netProfit" : 102.71
  }, {
    "date" : "2007-03-31",
    "sales" : 655.00,
    "salesGrowthYoY" : 86.94,
    "grossProfitMargin" : 72.23,
    "grossProfit" : 473.11,
    "operatingProfitMargin" : 11.35,
    "operatingProfit" : 74.34,
    "netProfitMargin" : 8.17,
    "netProfit" : 53.51
  }, {
    "date" : "2007-06-30",
    "sales" : 765.71,
    "salesGrowthYoY" : 43.52,
    "grossProfitMargin" : 69.64,
    "grossProfit" : 533.24,
    "operatingProfitMargin" : 22.12,
    "operatingProfit" : 169.38,
    "netProfitMargin" : 11.44,
    "netProfit" : 87.60
  }, {
    "date" : "2007-09-30",
    "sales" : 756.45,
    "salesGrowthYoY" : 0.39,
    "grossProfitMargin" : 70.24,
    "grossProfit" : 531.33,
    "operatingProfitMargin" : 20.98,
    "operatingProfit" : 158.70,
    "netProfitMargin" : 10.60,
    "netProfit" : 80.18
  }, {
    "date" : "2007-12-31",
    "sales" : 888.96,
    "salesGrowthYoY" : 15.29,
    "grossProfitMargin" : 70.35,
    "grossProfit" : 625.38,
    "operatingProfitMargin" : 19.21,
    "operatingProfit" : 170.77,
    "netProfitMargin" : 9.92,
    "netProfit" : 88.18
  }, {
    "date" : "2008-03-31",
    "sales" : 766.46,
    "salesGrowthYoY" : 17.02,
    "grossProfitMargin" : 52.47,
    "grossProfit" : 402.16,
    "operatingProfitMargin" : 17.94,
    "operatingProfit" : 137.50,
    "netProfitMargin" : 8.49,
    "netProfit" : 65.07
  }, {
    "date" : "2008-06-30",
    "sales" : 1020.51,
    "salesGrowthYoY" : 33.28,
    "grossProfitMargin" : 70.64,
    "grossProfit" : 720.89,
    "operatingProfitMargin" : 19.83,
    "operatingProfit" : 202.37,
    "netProfitMargin" : 11.48,
    "netProfit" : 117.15
  }, {
    "date" : "2008-09-30",
    "sales" : 911.36,
    "salesGrowthYoY" : 20.48,
    "grossProfitMargin" : 66.88,
    "grossProfit" : 609.52,
    "operatingProfitMargin" : 20.67,
    "operatingProfit" : 188.38,
    "netProfitMargin" : 10.30,
    "netProfit" : 93.87
  }, {
    "date" : "2008-12-31",
    "sales" : 1040.24,
    "salesGrowthYoY" : 17.02,
    "grossProfitMargin" : 63.75,
    "grossProfit" : 663.15,
    "operatingProfitMargin" : 11.28,
    "operatingProfit" : 117.34,
    "netProfitMargin" : 2.94,
    "netProfit" : 30.58
  }, {
    "date" : "2009-03-31",
    "sales" : 922.90,
    "salesGrowthYoY" : 20.41,
    "grossProfitMargin" : 69.46,
    "grossProfit" : 641.05,
    "operatingProfitMargin" : 17.36,
    "operatingProfit" : 160.22,
    "netProfitMargin" : 6.03,
    "netProfit" : 55.65
  }, {
    "date" : "2009-06-30",
    "sales" : 1248.05,
    "salesGrowthYoY" : 22.30,
    "grossProfitMargin" : 63.56,
    "grossProfit" : 793.26,
    "operatingProfitMargin" : 18.29,
    "operatingProfit" : 228.27,
    "netProfitMargin" : 9.93,
    "netProfit" : 123.93
  }, {
    "date" : "2009-09-30",
    "sales" : 1087.55,
    "salesGrowthYoY" : 19.33,
    "grossProfitMargin" : 67.27,
    "grossProfit" : 731.59,
    "operatingProfitMargin" : 17.43,
    "operatingProfit" : 189.56,
    "netProfitMargin" : 6.40,
    "netProfit" : 69.60
  }, {
    "date" : "2009-12-31",
    "sales" : 1357.97,
    "salesGrowthYoY" : 30.54,
    "grossProfitMargin" : 65.05,
    "grossProfit" : 883.36,
    "operatingProfitMargin" : 17.11,
    "operatingProfit" : 232.35,
    "netProfitMargin" : 7.13,
    "netProfit" : 96.82
  }, {
    "date" : "2010-03-31",
    "sales" : 1266.32,
    "salesGrowthYoY" : 37.21,
    "grossProfitMargin" : 63.92,
    "grossProfit" : 809.43,
    "operatingProfitMargin" : 15.44,
    "operatingProfit" : 195.52,
    "netProfitMargin" : 4.49,
    "netProfit" : 56.86
  }, {
    "date" : "2010-06-30",
    "sales" : 1470.61,
    "salesGrowthYoY" : 17.83,
    "grossProfitMargin" : 65.17,
    "grossProfit" : 958.40,
    "operatingProfitMargin" : 19.64,
    "operatingProfit" : 288.83,
    "netProfitMargin" : 8.23,
    "netProfit" : 121.03
  }, {
    "date" : "2010-09-30",
    "sales" : 1365.53,
    "salesGrowthYoY" : 25.56,
    "grossProfitMargin" : 68.53,
    "grossProfit" : 935.80,
    "operatingProfitMargin" : 16.87,
    "operatingProfit" : 230.36,
    "netProfitMargin" : 5.46,
    "netProfit" : 74.56
  }, {
    "date" : "2010-12-31",
    "sales" : 1969.40,
    "salesGrowthYoY" : 45.03,
    "grossProfitMargin" : 65.89,
    "grossProfit" : 1297.64,
    "operatingProfitMargin" : 14.49,
    "operatingProfit" : 285.37,
    "netProfitMargin" : 5.35,
    "netProfit" : 105.36
  }, {
    "date" : "2011-03-31",
    "sales" : 1612.55,
    "salesGrowthYoY" : 27.34,
    "grossProfitMargin" : 43.09,
    "grossProfit" : 694.85,
    "operatingProfitMargin" : 12.91,
    "operatingProfit" : 208.18,
    "netProfitMargin" : 3.71,
    "netProfit" : 59.83
  }, {
    "date" : "2011-06-30",
    "sales" : 1944.49,
    "salesGrowthYoY" : 32.22,
    "grossProfitMargin" : 40.60,
    "grossProfit" : 789.46,
    "operatingProfitMargin" : 17.45,
    "operatingProfit" : 339.31,
    "netProfitMargin" : 7.08,
    "netProfit" : 137.67
  }, {
    "date" : "2011-09-30",
    "sales" : 1866.31,
    "salesGrowthYoY" : 36.67,
    "grossProfitMargin" : 65.54,
    "grossProfit" : 1223.18,
    "operatingProfitMargin" : 17.77,
    "operatingProfit" : 331.64,
    "netProfitMargin" : 8.31,
    "netProfit" : 155.09
  }, {
    "date" : "2011-12-31",
    "sales" : 1967.34,
    "salesGrowthYoY" : -0.10,
    "grossProfitMargin" : 39.54,
    "grossProfit" : 777.89,
    "operatingProfitMargin" : 10.18,
    "operatingProfit" : 200.28,
    "netProfitMargin" : 2.44,
    "netProfit" : 48.00
  }, {
    "date" : "2012-03-31",
    "sales" : 1881.74,
    "salesGrowthYoY" : 16.69,
    "grossProfitMargin" : 39.66,
    "grossProfit" : 746.30,
    "operatingProfitMargin" : 10.37,
    "operatingProfit" : 195.14,
    "netProfitMargin" : 0.52,
    "netProfit" : 9.79
  }, {
    "date" : "2012-06-30",
    "sales" : 2072.86,
    "salesGrowthYoY" : 6.60,
    "grossProfitMargin" : 41.67,
    "grossProfit" : 863.76,
    "operatingProfitMargin" : 16.91,
    "operatingProfit" : 350.52,
    "netProfitMargin" : 6.99,
    "netProfit" : 144.89
  }, {
    "date" : "2012-09-30",
    "sales" : 2236.77,
    "salesGrowthYoY" : 19.85,
    "grossProfitMargin" : 36.62,
    "grossProfit" : 819.11,
    "operatingProfitMargin" : 12.04,
    "operatingProfit" : 269.31,
    "netProfitMargin" : 1.76,
    "netProfit" : 39.37
  }, {
    "date" : "2012-12-31",
    "sales" : 2202.68,
    "salesGrowthYoY" : 11.96,
    "grossProfitMargin" : 41.23,
    "grossProfit" : 908.16,
    "operatingProfitMargin" : 12.47,
    "operatingProfit" : 274.67,
    "netProfitMargin" : 3.66,
    "netProfit" : 80.62
  }, {
    "date" : "2013-03-31",
    "sales" : 1871.42,
    "salesGrowthYoY" : -0.55,
    "grossProfitMargin" : 42.84,
    "grossProfit" : 801.72,
    "operatingProfitMargin" : 11.46,
    "operatingProfit" : 214.46,
    "netProfitMargin" : 3.76,
    "netProfit" : 70.37
  }, {
    "date" : "2013-06-30",
    "sales" : 2161.05,
    "salesGrowthYoY" : 4.25,
    "grossProfitMargin" : 41.78,
    "grossProfit" : 902.89,
    "operatingProfitMargin" : 13.48,
    "operatingProfit" : 291.31,
    "netProfitMargin" : 5.47,
    "netProfit" : 118.21
  }, {
    "date" : "2013-09-30",
    "sales" : 2011.54,
    "salesGrowthYoY" : -10.07,
    "grossProfitMargin" : 41.43,
    "grossProfit" : 833.38,
    "operatingProfitMargin" : 11.07,
    "operatingProfit" : 222.68,
    "netProfitMargin" : 4.69,
    "netProfit" : 94.34
  }, {
    "date" : "2013-12-31",
    "sales" : 2266.26,
    "salesGrowthYoY" : 2.89,
    "grossProfitMargin" : 39.90,
    "grossProfit" : 904.24,
    "operatingProfitMargin" : 9.80,
    "operatingProfit" : 222.09,
    "netProfitMargin" : 2.86,
    "netProfit" : 64.82
  }, {
    "date" : "2014-03-31",
    "sales" : 1943.34,
    "salesGrowthYoY" : 3.84,
    "grossProfitMargin" : 42.39,
    "grossProfit" : 823.78,
    "operatingProfitMargin" : -46.11,
    "operatingProfit" : -896.07,
    "netProfitMargin" : -54.47,
    "netProfit" : -1058.54
  }, {
    "date" : "2014-06-30",
    "sales" : 1794.60,
    "salesGrowthYoY" : -16.96,
    "grossProfitMargin" : 42.31,
    "grossProfit" : 759.30,
    "operatingProfitMargin" : 7.68,
    "operatingProfit" : 137.83,
    "netProfitMargin" : -1.71,
    "netProfit" : -30.69
  }, {
    "date" : "2014-09-30",
    "sales" : 2029.64,
    "salesGrowthYoY" : 0.90,
    "grossProfitMargin" : 40.60,
    "grossProfit" : 824.03,
    "operatingProfitMargin" : 11.50,
    "operatingProfit" : 233.41,
    "netProfitMargin" : 0.42,
    "netProfit" : 8.52
  }, {
    "date" : "2014-12-31",
    "sales" : 2177.22,
    "salesGrowthYoY" : -3.93,
    "grossProfitMargin" : 40.07,
    "grossProfit" : 872.41,
    "operatingProfitMargin" : 10.70,
    "operatingProfit" : 232.96,
    "netProfitMargin" : 3.43,
    "netProfit" : 74.68
  }, {
    "date" : "2015-03-31",
    "sales" : 2051.25,
    "salesGrowthYoY" : 5.55,
    "grossProfitMargin" : 47.19,
    "grossProfit" : 967.98,
    "operatingProfitMargin" : 1.22,
    "operatingProfit" : 25.03,
    "netProfitMargin" : -2.16,
    "netProfit" : -44.31
  }, {
    "date" : "2015-06-30",
    "sales" : 1866.15,
    "salesGrowthYoY" : 3.99,
    "grossProfitMargin" : 41.66,
    "grossProfit" : 777.44,
    "operatingProfitMargin" : 10.12,
    "operatingProfit" : 188.85,
    "netProfitMargin" : 0.62,
    "netProfit" : 11.57
  }, {
    "date" : "2015-09-30",
    "sales" : 1915.56,
    "salesGrowthYoY" : -5.62,
    "grossProfitMargin" : 42.52,
    "grossProfit" : 814.50,
    "operatingProfitMargin" : 16.37,
    "operatingProfit" : 313.58,
    "netProfitMargin" : 5.25,
    "netProfit" : 100.57
  }, {
    "date" : "2015-12-31",
    "sales" : 2422.98,
    "salesGrowthYoY" : 11.29,
    "grossProfitMargin" : 40.25,
    "grossProfit" : 975.25,
    "operatingProfitMargin" : 11.03,
    "operatingProfit" : 267.25,
    "netProfitMargin" : 2.27,
    "netProfit" : 55.00
  }, {
    "date" : "2016-03-31",
    "sales" : 2043.40,
    "salesGrowthYoY" : -0.38,
    "grossProfitMargin" : 40.75,
    "grossProfit" : 832.69,
    "operatingProfitMargin" : 5.67,
    "operatingProfit" : 115.86,
    "netProfitMargin" : 0.12,
    "netProfit" : 2.45
  }, {
    "date" : "2016-06-30",
    "sales" : 2040.50,
    "salesGrowthYoY" : 9.34,
    "grossProfitMargin" : 43.36,
    "grossProfit" : 884.76,
    "operatingProfitMargin" : 10.46,
    "operatingProfit" : 213.44,
    "netProfitMargin" : 3.36,
    "netProfit" : 68.56
  }, {
    "date" : "2016-09-30",
    "sales" : 2026.80,
    "salesGrowthYoY" : 5.81,
    "grossProfitMargin" : 42.02,
    "grossProfit" : 851.66,
    "operatingProfitMargin" : 9.97,
    "operatingProfit" : 202.07,
    "netProfitMargin" : 3.94,
    "netProfit" : 79.86
  }, {
    "date" : "2016-12-31",
    "sales" : 2455.30,
    "salesGrowthYoY" : 1.33,
    "grossProfitMargin" : 42.05,
    "grossProfit" : 1032.45,
    "operatingProfitMargin" : 12.00,
    "operatingProfit" : 294.64,
    "netProfitMargin" : 6.02,
    "netProfit" : 147.81
  }, {
    "date" : "2017-03-31",
    "sales" : 2025.00,
    "salesGrowthYoY" : -0.90,
    "grossProfitMargin" : 44.17,
    "grossProfit" : 894.44,
    "operatingProfitMargin" : 12.88,
    "operatingProfit" : 260.82,
    "netProfitMargin" : 6.01,
    "netProfit" : 121.70
  }, {
    "date" : "2017-06-30",
    "sales" : 1781.80,
    "salesGrowthYoY" : -12.68,
    "grossProfitMargin" : 46.02,
    "grossProfit" : 819.98,
    "operatingProfitMargin" : 8.83,
    "operatingProfit" : 157.33,
    "netProfitMargin" : 3.56,
    "netProfit" : 63.43
  }, {
    "date" : "2017-09-30",
    "sales" : 1951.30,
    "salesGrowthYoY" : -3.73,
    "grossProfitMargin" : 47.60,
    "grossProfit" : 928.82,
    "operatingProfitMargin" : 16.28,
    "operatingProfit" : 317.67,
    "netProfitMargin" : 8.29,
    "netProfit" : 161.76
  }, {
    "date" : "2017-12-31",
    "sales" : 2263.30,
    "salesGrowthYoY" : -7.82,
    "grossProfitMargin" : 47.36,
    "grossProfit" : 1071.90,
    "operatingProfitMargin" : 12.03,
    "operatingProfit" : 272.27,
    "netProfitMargin" : 6.36,
    "netProfit" : 143.95
  }, {
    "date" : "2018-03-31",
    "sales" : 2173.70,
    "salesGrowthYoY" : 7.34,
    "grossProfitMargin" : 48.78,
    "grossProfit" : 1060.33,
    "operatingProfitMargin" : 12.61,
    "operatingProfit" : 274.10,
    "netProfitMargin" : 8.64,
    "netProfit" : 187.81
  }, {
    "date" : "2018-06-30",
    "sales" : 2008.80,
    "salesGrowthYoY" : 12.74,
    "grossProfitMargin" : 50.23,
    "grossProfit" : 1009.02,
    "operatingProfitMargin" : 10.09,
    "operatingProfit" : 202.69,
    "netProfitMargin" : 4.05,
    "netProfit" : 81.36
  }, {
    "date" : "2018-09-30",
    "sales" : 2224.90,
    "salesGrowthYoY" : 14.02,
    "grossProfitMargin" : 50.23,
    "grossProfit" : 1117.57,
    "operatingProfitMargin" : 19.91,
    "operatingProfit" : 442.98,
    "netProfitMargin" : 11.63,
    "netProfit" : 258.76
  }, {
    "date" : "2018-12-31",
    "sales" : 2496.90,
    "salesGrowthYoY" : 10.32,
    "grossProfitMargin" : 48.58,
    "grossProfit" : 1212.99,
    "operatingProfitMargin" : 14.35,
    "operatingProfit" : 358.31,
    "netProfitMargin" : 8.51,
    "netProfit" : 212.49
  }, {
    "date" : "2019-03-31",
    "sales" : 2250.00,
    "salesGrowthYoY" : 3.51,
    "grossProfitMargin" : 46.50,
    "grossProfit" : 1046.25,
    "operatingProfitMargin" : 12.60,
    "operatingProfit" : 283.50,
    "netProfitMargin" : 5.72,
    "netProfit" : 128.70
  }, {
    "date" : "2019-06-30",
    "sales" : 2218.40,
    "salesGrowthYoY" : 10.43,
    "grossProfitMargin" : 47.32,
    "grossProfit" : 1049.75,
    "operatingProfitMargin" : 17.81,
    "operatingProfit" : 395.10,
    "netProfitMargin" : 8.90,
    "netProfit" : 197.44
  }, {
    "date" : "2019-09-30",
    "sales" : 2296.20,
    "salesGrowthYoY" : 3.20,
    "grossProfitMargin" : 44.97,
    "grossProfit" : 1032.60,
    "operatingProfitMargin" : 18.10,
    "operatingProfit" : 415.61,
    "netProfitMargin" : 9.78,
    "netProfit" : 224.57
  }, {
    "date" : "2019-12-31",
    "sales" : 2582.50,
    "salesGrowthYoY" : 3.43,
    "grossProfitMargin" : 44.37,
    "grossProfit" : 1145.86,
    "operatingProfitMargin" : 16.42,
    "operatingProfit" : 424.05,
    "netProfitMargin" : 10.02,
    "netProfit" : 258.77
  }, {
    "date" : "2020-03-31",
    "sales" : 1993.80,
    "salesGrowthYoY" : -11.39,
    "grossProfitMargin" : 42.17,
    "grossProfit" : 840.79,
    "operatingProfitMargin" : 13.61,
    "operatingProfit" : 271.36,
    "netProfitMargin" : 1.19,
    "netProfit" : 23.73
  }, {
    "date" : "2020-06-30",
    "sales" : 1030.20,
    "salesGrowthYoY" : -53.56,
    "grossProfitMargin" : 41.65,
    "grossProfit" : 429.08,
    "operatingProfitMargin" : -7.53,
    "operatingProfit" : -77.57,
    "netProfitMargin" : -13.62,
    "netProfit" : -140.31
  }, {
    "date" : "2020-09-30",
    "sales" : 2145.90,
    "salesGrowthYoY" : -6.55,
    "grossProfitMargin" : 42.13,
    "grossProfit" : 904.07,
    "operatingProfitMargin" : 12.57,
    "operatingProfit" : 269.74,
    "netProfitMargin" : 5.98,
    "netProfit" : 128.32
  }, {
    "date" : "2020-12-31",
    "sales" : 2488.70,
    "salesGrowthYoY" : -3.63,
    "grossProfitMargin" : 44.61,
    "grossProfit" : 1110.21,
    "operatingProfitMargin" : 15.42,
    "operatingProfit" : 383.76,
    "netProfitMargin" : 9.24,
    "netProfit" : 229.96
  }, {
    "date" : "2021-03-31",
    "sales" : 2224.40,
    "salesGrowthYoY" : 11.57,
    "grossProfitMargin" : 43.95,
    "grossProfit" : 977.62,
    "operatingProfitMargin" : 18.51,
    "operatingProfit" : 411.74,
    "netProfitMargin" : 9.85,
    "netProfit" : 219.10
  }, {
    "date" : "2021-06-30",
    "sales" : 1615.10,
    "salesGrowthYoY" : 56.78,
    "grossProfitMargin" : 44.61,
    "grossProfit" : 720.50,
    "operatingProfitMargin" : 10.38,
    "operatingProfit" : 167.65,
    "netProfitMargin" : 6.37,
    "netProfit" : 102.88
  }, {
    "date" : "2021-09-30",
    "sales" : 2446.80,
    "salesGrowthYoY" : 14.02,
    "grossProfitMargin" : 44.20,
    "grossProfit" : 1081.49,
    "operatingProfitMargin" : 17.39,
    "operatingProfit" : 425.50,
    "netProfitMargin" : 11.16,
    "netProfit" : 273.06
  }, {
    "date" : "2021-12-31",
    "sales" : 2880.00,
    "salesGrowthYoY" : 15.72,
    "grossProfitMargin" : 43.90,
    "grossProfit" : 1264.32,
    "operatingProfitMargin" : 17.01,
    "operatingProfit" : 489.89,
    "netProfitMargin" : 10.79,
    "netProfit" : 310.75
  }, {
    "date" : "2022-03-31",
    "sales" : 2500.60,
    "salesGrowthYoY" : 12.42,
    "grossProfitMargin" : 43.48,
    "grossProfit" : 1087.26,
    "operatingProfitMargin" : 17.14,
    "operatingProfit" : 428.60,
    "netProfitMargin" : 11.55,
    "netProfit" : 288.82
  }, {
    "date" : "2022-06-30",
    "sales" : 2194.60,
    "salesGrowthYoY" : 35.88,
    "grossProfitMargin" : 40.89,
    "grossProfit" : 897.37,
    "operatingProfitMargin" : 12.33,
    "operatingProfit" : 270.59,
    "netProfitMargin" : 10.13,
    "netProfit" : 222.31
  }, {
    "date" : "2022-09-30",
    "sales" : 2904.20,
    "salesGrowthYoY" : 18.69,
    "grossProfitMargin" : 39.42,
    "grossProfit" : 1144.84,
    "operatingProfitMargin" : 15.23,
    "operatingProfit" : 442.31,
    "netProfitMargin" : 9.26,
    "netProfit" : 268.93
  }, {
    "date" : "2022-12-31",
    "sales" : 2781.10,
    "salesGrowthYoY" : -3.43,
    "grossProfitMargin" : 40.56,
    "grossProfit" : 1128.01,
    "operatingProfitMargin" : 13.22,
    "operatingProfit" : 367.66,
    "netProfitMargin" : 7.92,
    "netProfit" : 220.26
  }, {
    "date" : "2023-03-31",
    "sales" : 2493.80,
    "salesGrowthYoY" : -0.27,
    "grossProfitMargin" : 45.37,
    "grossProfit" : 1131.44,
    "operatingProfitMargin" : 13.55,
    "operatingProfit" : 337.91,
    "netProfitMargin" : 8.56,
    "netProfit" : 213.47
  }, {
    "date" : "2023-06-30",
    "sales" : 2172.00,
    "salesGrowthYoY" : -1.03,
    "grossProfitMargin" : 43.60,
    "grossProfit" : 946.99,
    "operatingProfitMargin" : 17.73,
    "operatingProfit" : 385.10,
    "netProfitMargin" : 11.53,
    "netProfit" : 250.43
  }, {
    "date" : "2023-09-30",
    "sales" : 2865.00,
    "salesGrowthYoY" : -1.35,
    "grossProfitMargin" : 43.42,
    "grossProfit" : 1243.98,
    "operatingProfitMargin" : 16.40,
    "operatingProfit" : 469.86,
    "netProfitMargin" : 11.08,
    "netProfit" : 317.44
  }, {
    "date" : "2023-12-31",
    "sales" : 2989.00,
    "salesGrowthYoY" : 7.48,
    "grossProfitMargin" : 43.39,
    "grossProfit" : 1296.93,
    "operatingProfitMargin" : 16.39,
    "operatingProfit" : 489.90,
    "netProfitMargin" : 11.61,
    "netProfit" : 347.02
  }, {
    "date" : "2024-03-31",
    "sales" : 2666.00,
    "salesGrowthYoY" : 6.91,
    "grossProfitMargin" : 43.32,
    "grossProfit" : 1154.91,
    "operatingProfitMargin" : 13.58,
    "operatingProfit" : 362.04,
    "netProfitMargin" : 15.30,
    "netProfit" : 407.90
  }, {
    "date" : "2024-06-30",
    "sales" : 2352.00,
    "salesGrowthYoY" : 8.29,
    "grossProfitMargin" : 44.47,
    "grossProfit" : 1045.93,
    "operatingProfitMargin" : 19.47,
    "operatingProfit" : 457.93,
    "netProfitMargin" : 12.71,
    "netProfit" : 298.94
  }, {
    "date" : "2024-09-30",
    "sales" : 2843.00,
    "salesGrowthYoY" : -0.77,
    "grossProfitMargin" : 45.20,
    "grossProfit" : 1285.04,
    "operatingProfitMargin" : 17.83,
    "operatingProfit" : 506.91,
    "netProfitMargin" : 11.78,
    "netProfit" : 334.91
  }, {
    "date" : "2024-12-31",
    "sales" : 3432.00,
    "salesGrowthYoY" : 14.82,
    "grossProfitMargin" : 44.73,
    "grossProfit" : 1535.13,
    "operatingProfitMargin" : 17.13,
    "operatingProfit" : 587.90,
    "netProfitMargin" : 15.22,
    "netProfit" : 522.35
  }, {
    "date" : "2025-03-31",
    "sales" : 2946.00,
    "salesGrowthYoY" : 10.50,
    "grossProfitMargin" : 44.47,
    "grossProfit" : 1310.09,
    "operatingProfitMargin" : 17.14,
    "operatingProfit" : 504.94,
    "netProfitMargin" : 15.31,
    "netProfit" : 451.03
  }, {
    "date" : "2025-06-30",
    "sales" : 2549.00,
    "salesGrowthYoY" : 8.38,
    "grossProfitMargin" : 43.98,
    "grossProfit" : 1121.05,
    "operatingProfitMargin" : 16.28,
    "operatingProfit" : 414.98,
    "netProfitMargin" : 10.44,
    "netProfit" : 266.12
  }, {
    "date" : "2025-09-30",
    "sales" : 3170.00,
    "salesGrowthYoY" : 11.50,
    "grossProfitMargin" : 47.10,
    "grossProfit" : 1493.07,
    "operatingProfitMargin" : 21.20,
    "operatingProfit" : 672.04,
    "netProfitMargin" : 15.59,
    "netProfit" : 494.20
  } ],
  "latestQuarterlyResult" : {
    "date" : "2025-09-30",
    "sales" : 3170.00,
    "salesGrowthYoY" : 11.50,
    "grossProfitMargin" : 47.10,
    "grossProfit" : 1493.07,
    "operatingProfitMargin" : 21.20,
    "operatingProfit" : 672.04,
    "netProfitMargin" : 15.59,
    "netProfit" : 494.20
  },
  "companyScore" : {
    "priceHigherThanDma50" : 5.00,
    "priceHigherThanDma100" : 5.00,
    "priceHigherThanDma200" : 5.00,
    "dma50HigherThanDma100" : 5.00,
    "dma50HigherThanDma200" : 5.00,
    "dma100HigherThanDma200" : 0.00,
    "pricePercentageAboveDma50" : 4.97,
    "pricePercentageAboveDma100" : 4.81,
    "pricePercentageAboveDma200" : 4.92,
    "weeklyVolumeHigherThanYearlyVolume" : 5.00,
    "salesGrowthPercentile" : 11.14,
    "operatingProfitMarginPercentile" : 19.73,
    "netProfitMarginPercentile" : 10.00,
    "totalTechnicalScore" : 44.69,
    "totalFundamentalScore" : 40.87,
    "totalScore" : 85.56
  }
}