{
  "metadata" : {
    "screenerCompanyId" : "3560",
    "companyCode" : "UNIVCABLES",
    "companyName" : "Universal Cables",
    "screenerCompanyLink" : "https://www.screener.in/company/UNIVCABLES/consolidated/",
    "screenerTechnicalHistoryLink" : "https://www.screener.in/api/company/3560/chart/?q=Price-DMA50-DMA200-Volume&days=365",
    "screenerQuarterlyResultsLink" : "https://www.screener.in/api/company/3560/chart/?q=GPM-OPM-NPM-Quarter+Sales&days=10000",
    "attributes" : {
      "companyCode" : "UNIVCABLES",
      "companyName" : "Universal Cables",
      "marketCap" : 3094.00,
      "peRatio" : 21.20,
      "description" : "Universal Cables Ltd is predominantly engaged in the business of manufacturing a large range of power cables from 1.1kV to 400kV & capacitors, Turnkey Projects relating thereto and other types of wires and cables, conductors, etc. [1]"
    },
    "companyScore" : {
      "priceHigherThanDma50" : 5.00,
      "priceHigherThanDma100" : 5.00,
      "priceHigherThanDma200" : 5.00,
      "dma50HigherThanDma100" : 5.00,
      "dma50HigherThanDma200" : 5.00,
      "dma100HigherThanDma200" : 5.00,
      "pricePercentageAboveDma50" : 4.71,
      "pricePercentageAboveDma100" : 4.24,
      "pricePercentageAboveDma200" : 3.93,
      "weeklyVolumeHigherThanYearlyVolume" : 5.00,
      "salesGrowthPercentile" : 15.19,
      "operatingProfitMarginPercentile" : 14.98,
      "netProfitMarginPercentile" : 8.26,
      "totalTechnicalScore" : 47.88,
      "totalFundamentalScore" : 38.42,
      "totalScore" : 86.31
    }
  },
  "attributes" : {
    "companyCode" : "UNIVCABLES",
    "companyName" : "Universal Cables",
    "marketCap" : 3094.00,
    "peRatio" : 21.20,
    "description" : "Universal Cables Ltd is predominantly engaged in the business of manufacturing a large range of power cables from 1.1kV to 400kV & capacitors, Turnkey Projects relating thereto and other types of wires and cables, conductors, etc. [1]"
  },
  "technicalHistory" : [ {
    "date" : "2024-12-24",
    "price" : 784.35,
    "dma50" : 672.79,
    "dma100" : null,
    "dma200" : 640.49,
    "volume" : 71782.00
  }, {
    "date" : "2024-12-26",
    "price" : 785.80,
    "dma50" : 677.22,
    "dma100" : null,
    "dma200" : 641.94,
    "volume" : 111038.00
  }, {
    "date" : "2024-12-27",
    "price" : 794.50,
    "dma50" : 681.82,
    "dma100" : null,
    "dma200" : 643.45,
    "volume" : 120737.00
  }, {
    "date" : "2024-12-30",
    "price" : 840.45,
    "dma50" : 688.04,
    "dma100" : null,
    "dma200" : 645.41,
    "volume" : 281310.00
  }, {
    "date" : "2024-12-31",
    "price" : 818.20,
    "dma50" : 693.15,
    "dma100" : null,
    "dma200" : 647.13,
    "volume" : 186654.00
  }, {
    "date" : "2025-01-01",
    "price" : 833.30,
    "dma50" : 698.64,
    "dma100" : null,
    "dma200" : 648.99,
    "volume" : 65417.00
  }, {
    "date" : "2025-01-02",
    "price" : 814.55,
    "dma50" : 703.19,
    "dma100" : null,
    "dma200" : 650.63,
    "volume" : 37156.00
  }, {
    "date" : "2025-01-03",
    "price" : 810.00,
    "dma50" : 707.38,
    "dma100" : null,
    "dma200" : 652.22,
    "volume" : 39130.00
  }, {
    "date" : "2025-01-06",
    "price" : 820.65,
    "dma50" : 711.82,
    "dma100" : null,
    "dma200" : 653.90,
    "volume" : 126170.00
  }, {
    "date" : "2025-01-07",
    "price" : 838.50,
    "dma50" : 716.79,
    "dma100" : null,
    "dma200" : 655.73,
    "volume" : 82389.00
  }, {
    "date" : "2025-01-08",
    "price" : 841.70,
    "dma50" : 721.69,
    "dma100" : null,
    "dma200" : 657.58,
    "volume" : 39428.00
  }, {
    "date" : "2025-01-09",
    "price" : 833.25,
    "dma50" : 726.06,
    "dma100" : null,
    "dma200" : 659.33,
    "volume" : 122647.00
  }, {
    "date" : "2025-01-10",
    "price" : 769.10,
    "dma50" : 727.75,
    "dma100" : null,
    "dma200" : 660.42,
    "volume" : 150339.00
  }, {
    "date" : "2025-01-13",
    "price" : 726.20,
    "dma50" : 727.69,
    "dma100" : null,
    "dma200" : 661.08,
    "volume" : 79418.00
  }, {
    "date" : "2025-01-14",
    "price" : 727.90,
    "dma50" : 727.70,
    "dma100" : null,
    "dma200" : 661.74,
    "volume" : 34815.00
  }, {
    "date" : "2025-01-15",
    "price" : 747.90,
    "dma50" : 728.49,
    "dma100" : null,
    "dma200" : 662.60,
    "volume" : 40553.00
  }, {
    "date" : "2025-01-16",
    "price" : 766.05,
    "dma50" : 729.96,
    "dma100" : null,
    "dma200" : 663.63,
    "volume" : 22926.00
  }, {
    "date" : "2025-01-17",
    "price" : 748.10,
    "dma50" : 730.67,
    "dma100" : null,
    "dma200" : 664.47,
    "volume" : 12700.00
  }, {
    "date" : "2025-01-20",
    "price" : 771.45,
    "dma50" : 732.27,
    "dma100" : null,
    "dma200" : 665.53,
    "volume" : 47113.00
  }, {
    "date" : "2025-01-21",
    "price" : 717.65,
    "dma50" : 731.70,
    "dma100" : null,
    "dma200" : 666.05,
    "volume" : 56732.00
  }, {
    "date" : "2025-01-22",
    "price" : 693.60,
    "dma50" : 730.20,
    "dma100" : null,
    "dma200" : 666.33,
    "volume" : 60879.00
  }, {
    "date" : "2025-01-23",
    "price" : 692.40,
    "dma50" : 728.72,
    "dma100" : null,
    "dma200" : 666.59,
    "volume" : 21935.00
  }, {
    "date" : "2025-01-24",
    "price" : 660.20,
    "dma50" : 726.03,
    "dma100" : null,
    "dma200" : 666.52,
    "volume" : 20757.00
  }, {
    "date" : "2025-01-27",
    "price" : 619.30,
    "dma50" : 721.85,
    "dma100" : null,
    "dma200" : 666.05,
    "volume" : 40884.00
  }, {
    "date" : "2025-01-28",
    "price" : 604.50,
    "dma50" : 717.25,
    "dma100" : null,
    "dma200" : 665.44,
    "volume" : 75618.00
  }, {
    "date" : "2025-01-29",
    "price" : 627.30,
    "dma50" : 713.72,
    "dma100" : null,
    "dma200" : 665.06,
    "volume" : 38291.00
  }, {
    "date" : "2025-01-30",
    "price" : 632.05,
    "dma50" : 710.52,
    "dma100" : null,
    "dma200" : 664.73,
    "volume" : 22955.00
  }, {
    "date" : "2025-01-31",
    "price" : 637.65,
    "dma50" : 707.66,
    "dma100" : null,
    "dma200" : 664.46,
    "volume" : 12754.00
  }, {
    "date" : "2025-02-01",
    "price" : 657.50,
    "dma50" : 705.69,
    "dma100" : null,
    "dma200" : 664.39,
    "volume" : 12932.00
  }, {
    "date" : "2025-02-03",
    "price" : 637.60,
    "dma50" : 703.02,
    "dma100" : null,
    "dma200" : 664.13,
    "volume" : 38939.00
  }, {
    "date" : "2025-02-04",
    "price" : 636.85,
    "dma50" : 700.43,
    "dma100" : null,
    "dma200" : 663.86,
    "volume" : 11989.00
  }, {
    "date" : "2025-02-05",
    "price" : 665.20,
    "dma50" : 699.05,
    "dma100" : null,
    "dma200" : 663.87,
    "volume" : 19143.00
  }, {
    "date" : "2025-02-06",
    "price" : 642.85,
    "dma50" : 696.84,
    "dma100" : null,
    "dma200" : 663.66,
    "volume" : 17392.00
  }, {
    "date" : "2025-02-07",
    "price" : 629.50,
    "dma50" : 694.20,
    "dma100" : null,
    "dma200" : 663.32,
    "volume" : 26103.00
  }, {
    "date" : "2025-02-10",
    "price" : 618.65,
    "dma50" : 691.24,
    "dma100" : null,
    "dma200" : 662.88,
    "volume" : 28608.00
  }, {
    "date" : "2025-02-11",
    "price" : 583.70,
    "dma50" : 687.02,
    "dma100" : null,
    "dma200" : 662.09,
    "volume" : 126076.00
  }, {
    "date" : "2025-02-12",
    "price" : 568.20,
    "dma50" : 682.36,
    "dma100" : null,
    "dma200" : 661.15,
    "volume" : 20316.00
  }, {
    "date" : "2025-02-13",
    "price" : 548.45,
    "dma50" : 677.11,
    "dma100" : null,
    "dma200" : 660.03,
    "volume" : 61124.00
  }, {
    "date" : "2025-02-14",
    "price" : 531.85,
    "dma50" : 671.41,
    "dma100" : null,
    "dma200" : 658.76,
    "volume" : 26281.00
  }, {
    "date" : "2025-02-17",
    "price" : 513.50,
    "dma50" : 665.22,
    "dma100" : null,
    "dma200" : 657.31,
    "volume" : 82483.00
  }, {
    "date" : "2025-02-18",
    "price" : 495.55,
    "dma50" : 658.57,
    "dma100" : null,
    "dma200" : 655.70,
    "volume" : 17998.00
  }, {
    "date" : "2025-02-19",
    "price" : 498.30,
    "dma50" : 652.28,
    "dma100" : null,
    "dma200" : 654.14,
    "volume" : 28555.00
  }, {
    "date" : "2025-02-20",
    "price" : 498.45,
    "dma50" : 646.25,
    "dma100" : null,
    "dma200" : 652.59,
    "volume" : 29002.00
  }, {
    "date" : "2025-02-21",
    "price" : 546.25,
    "dma50" : 642.33,
    "dma100" : null,
    "dma200" : 651.53,
    "volume" : 79943.00
  }, {
    "date" : "2025-02-24",
    "price" : 531.60,
    "dma50" : 637.99,
    "dma100" : null,
    "dma200" : 650.33,
    "volume" : 92791.00
  }, {
    "date" : "2025-02-25",
    "price" : 529.20,
    "dma50" : 633.72,
    "dma100" : null,
    "dma200" : 649.13,
    "volume" : 28376.00
  }, {
    "date" : "2025-02-27",
    "price" : 493.80,
    "dma50" : 628.23,
    "dma100" : null,
    "dma200" : 647.58,
    "volume" : 66362.00
  }, {
    "date" : "2025-02-28",
    "price" : 499.55,
    "dma50" : 623.19,
    "dma100" : null,
    "dma200" : 646.11,
    "volume" : 155278.00
  }, {
    "date" : "2025-03-03",
    "price" : 485.45,
    "dma50" : 617.78,
    "dma100" : null,
    "dma200" : 644.51,
    "volume" : 41709.00
  }, {
    "date" : "2025-03-04",
    "price" : 501.25,
    "dma50" : 613.21,
    "dma100" : null,
    "dma200" : 643.09,
    "volume" : 27428.00
  }, {
    "date" : "2025-03-05",
    "price" : 502.80,
    "dma50" : 608.88,
    "dma100" : null,
    "dma200" : 641.69,
    "volume" : 62159.00
  }, {
    "date" : "2025-03-06",
    "price" : 511.55,
    "dma50" : 605.07,
    "dma100" : null,
    "dma200" : 640.40,
    "volume" : 21598.00
  }, {
    "date" : "2025-03-07",
    "price" : 503.70,
    "dma50" : 601.09,
    "dma100" : null,
    "dma200" : 639.04,
    "volume" : 11903.00
  }, {
    "date" : "2025-03-10",
    "price" : 495.10,
    "dma50" : 596.94,
    "dma100" : null,
    "dma200" : 637.60,
    "volume" : 48935.00
  }, {
    "date" : "2025-03-11",
    "price" : 492.35,
    "dma50" : 592.83,
    "dma100" : null,
    "dma200" : 636.16,
    "volume" : 42350.00
  }, {
    "date" : "2025-03-12",
    "price" : 479.55,
    "dma50" : 588.39,
    "dma100" : null,
    "dma200" : 634.60,
    "volume" : 22305.00
  }, {
    "date" : "2025-03-13",
    "price" : 464.85,
    "dma50" : 583.55,
    "dma100" : null,
    "dma200" : 632.91,
    "volume" : 48052.00
  }, {
    "date" : "2025-03-17",
    "price" : 460.10,
    "dma50" : 578.71,
    "dma100" : null,
    "dma200" : 631.19,
    "volume" : 30895.00
  }, {
    "date" : "2025-03-18",
    "price" : 468.35,
    "dma50" : 574.38,
    "dma100" : null,
    "dma200" : 629.57,
    "volume" : 35453.00
  }, {
    "date" : "2025-03-19",
    "price" : 475.90,
    "dma50" : 570.52,
    "dma100" : null,
    "dma200" : 628.04,
    "volume" : 72961.00
  }, {
    "date" : "2025-03-20",
    "price" : 482.10,
    "dma50" : 567.05,
    "dma100" : null,
    "dma200" : 626.59,
    "volume" : 87027.00
  }, {
    "date" : "2025-03-21",
    "price" : 509.85,
    "dma50" : 564.81,
    "dma100" : null,
    "dma200" : 625.43,
    "volume" : 139403.00
  }, {
    "date" : "2025-03-24",
    "price" : 500.10,
    "dma50" : 562.27,
    "dma100" : null,
    "dma200" : 624.18,
    "volume" : 90411.00
  }, {
    "date" : "2025-03-25",
    "price" : 483.60,
    "dma50" : 559.18,
    "dma100" : null,
    "dma200" : 622.78,
    "volume" : 79906.00
  }, {
    "date" : "2025-03-26",
    "price" : 476.30,
    "dma50" : 555.93,
    "dma100" : null,
    "dma200" : 621.32,
    "volume" : 159319.00
  }, {
    "date" : "2025-03-27",
    "price" : 511.60,
    "dma50" : 554.19,
    "dma100" : null,
    "dma200" : 620.23,
    "volume" : 107899.00
  }, {
    "date" : "2025-03-28",
    "price" : 495.55,
    "dma50" : 551.89,
    "dma100" : null,
    "dma200" : 618.99,
    "volume" : 66369.00
  }, {
    "date" : "2025-04-01",
    "price" : 499.15,
    "dma50" : 549.83,
    "dma100" : null,
    "dma200" : 617.80,
    "volume" : 20713.00
  }, {
    "date" : "2025-04-02",
    "price" : 498.65,
    "dma50" : 547.82,
    "dma100" : null,
    "dma200" : 616.61,
    "volume" : 22658.00
  }, {
    "date" : "2025-04-03",
    "price" : 497.45,
    "dma50" : 545.84,
    "dma100" : null,
    "dma200" : 615.43,
    "volume" : 18069.00
  }, {
    "date" : "2025-04-04",
    "price" : 463.65,
    "dma50" : 542.62,
    "dma100" : null,
    "dma200" : 613.92,
    "volume" : 69396.00
  }, {
    "date" : "2025-04-07",
    "price" : 436.55,
    "dma50" : 538.46,
    "dma100" : null,
    "dma200" : 612.15,
    "volume" : 43628.00
  }, {
    "date" : "2025-04-08",
    "price" : 437.55,
    "dma50" : 534.50,
    "dma100" : null,
    "dma200" : 610.42,
    "volume" : 24945.00
  }, {
    "date" : "2025-04-09",
    "price" : 411.15,
    "dma50" : 529.67,
    "dma100" : null,
    "dma200" : 608.43,
    "volume" : 201051.00
  }, {
    "date" : "2025-04-11",
    "price" : 415.25,
    "dma50" : 525.18,
    "dma100" : null,
    "dma200" : 606.51,
    "volume" : 81946.00
  }, {
    "date" : "2025-04-15",
    "price" : 432.90,
    "dma50" : 521.56,
    "dma100" : null,
    "dma200" : 604.78,
    "volume" : 78603.00
  }, {
    "date" : "2025-04-16",
    "price" : 439.75,
    "dma50" : 518.35,
    "dma100" : null,
    "dma200" : 603.14,
    "volume" : 121341.00
  }, {
    "date" : "2025-04-17",
    "price" : 449.05,
    "dma50" : 515.63,
    "dma100" : null,
    "dma200" : 601.61,
    "volume" : 132917.00
  }, {
    "date" : "2025-04-21",
    "price" : 471.15,
    "dma50" : 513.89,
    "dma100" : null,
    "dma200" : 600.31,
    "volume" : 78843.00
  }, {
    "date" : "2025-04-22",
    "price" : 481.80,
    "dma50" : 512.63,
    "dma100" : null,
    "dma200" : 599.13,
    "volume" : 100923.00
  }, {
    "date" : "2025-04-23",
    "price" : 473.05,
    "dma50" : 511.08,
    "dma100" : null,
    "dma200" : 597.88,
    "volume" : 65140.00
  }, {
    "date" : "2025-04-24",
    "price" : 481.10,
    "dma50" : 509.90,
    "dma100" : null,
    "dma200" : 596.71,
    "volume" : 25171.00
  }, {
    "date" : "2025-04-25",
    "price" : 481.50,
    "dma50" : 508.79,
    "dma100" : null,
    "dma200" : 595.57,
    "volume" : 166042.00
  }, {
    "date" : "2025-04-28",
    "price" : 470.20,
    "dma50" : 507.28,
    "dma100" : null,
    "dma200" : 594.32,
    "volume" : 28950.00
  }, {
    "date" : "2025-04-29",
    "price" : 461.20,
    "dma50" : 505.47,
    "dma100" : null,
    "dma200" : 593.00,
    "volume" : 31910.00
  }, {
    "date" : "2025-04-30",
    "price" : 446.30,
    "dma50" : 503.15,
    "dma100" : null,
    "dma200" : 591.54,
    "volume" : 21498.00
  }, {
    "date" : "2025-05-02",
    "price" : 430.40,
    "dma50" : 500.30,
    "dma100" : null,
    "dma200" : 589.93,
    "volume" : 50961.00
  }, {
    "date" : "2025-05-05",
    "price" : 501.90,
    "dma50" : 500.36,
    "dma100" : null,
    "dma200" : 589.06,
    "volume" : 647908.00
  }, {
    "date" : "2025-05-06",
    "price" : 468.15,
    "dma50" : 499.10,
    "dma100" : null,
    "dma200" : 587.85,
    "volume" : 141988.00
  }, {
    "date" : "2025-05-07",
    "price" : 464.45,
    "dma50" : 497.74,
    "dma100" : null,
    "dma200" : 586.63,
    "volume" : 92318.00
  }, {
    "date" : "2025-05-08",
    "price" : 478.95,
    "dma50" : 497.00,
    "dma100" : null,
    "dma200" : 585.55,
    "volume" : 358264.00
  }, {
    "date" : "2025-05-09",
    "price" : 491.10,
    "dma50" : 496.77,
    "dma100" : null,
    "dma200" : 584.61,
    "volume" : 71118.00
  }, {
    "date" : "2025-05-12",
    "price" : 498.75,
    "dma50" : 496.85,
    "dma100" : null,
    "dma200" : 583.76,
    "volume" : 159322.00
  }, {
    "date" : "2025-05-13",
    "price" : 529.10,
    "dma50" : 498.11,
    "dma100" : null,
    "dma200" : 583.22,
    "volume" : 402043.00
  }, {
    "date" : "2025-05-14",
    "price" : 552.90,
    "dma50" : 500.26,
    "dma100" : null,
    "dma200" : 582.92,
    "volume" : 190017.00
  }, {
    "date" : "2025-05-15",
    "price" : 545.05,
    "dma50" : 502.02,
    "dma100" : null,
    "dma200" : 582.54,
    "volume" : 99873.00
  }, {
    "date" : "2025-05-16",
    "price" : 557.70,
    "dma50" : 504.20,
    "dma100" : null,
    "dma200" : 582.29,
    "volume" : 165284.00
  }, {
    "date" : "2025-05-19",
    "price" : 579.90,
    "dma50" : 507.17,
    "dma100" : null,
    "dma200" : 582.27,
    "volume" : 263047.00
  }, {
    "date" : "2025-05-20",
    "price" : 575.55,
    "dma50" : 509.85,
    "dma100" : null,
    "dma200" : 582.20,
    "volume" : 109523.00
  }, {
    "date" : "2025-05-21",
    "price" : 580.60,
    "dma50" : 512.63,
    "dma100" : null,
    "dma200" : 582.18,
    "volume" : 68318.00
  }, {
    "date" : "2025-05-22",
    "price" : 589.45,
    "dma50" : 515.64,
    "dma100" : 573.90,
    "dma200" : 582.26,
    "volume" : 127431.00
  }, {
    "date" : "2025-05-23",
    "price" : 614.35,
    "dma50" : 519.51,
    "dma100" : 572.19,
    "dma200" : 582.58,
    "volume" : 414605.00
  }, {
    "date" : "2025-05-26",
    "price" : 625.20,
    "dma50" : 523.65,
    "dma100" : 570.49,
    "dma200" : 583.00,
    "volume" : 129757.00
  }, {
    "date" : "2025-05-27",
    "price" : 618.40,
    "dma50" : 527.37,
    "dma100" : 568.27,
    "dma200" : 583.35,
    "volume" : 58507.00
  }, {
    "date" : "2025-05-28",
    "price" : 599.45,
    "dma50" : 530.20,
    "dma100" : 566.09,
    "dma200" : 583.51,
    "volume" : 57593.00
  }, {
    "date" : "2025-05-29",
    "price" : 593.10,
    "dma50" : 532.66,
    "dma100" : 563.68,
    "dma200" : 583.61,
    "volume" : 28977.00
  }, {
    "date" : "2025-05-30",
    "price" : 597.15,
    "dma50" : 535.19,
    "dma100" : 561.51,
    "dma200" : 583.74,
    "volume" : 35675.00
  }, {
    "date" : "2025-06-02",
    "price" : 603.30,
    "dma50" : 537.86,
    "dma100" : 559.44,
    "dma200" : 583.94,
    "volume" : 41924.00
  }, {
    "date" : "2025-06-03",
    "price" : 615.70,
    "dma50" : 540.92,
    "dma100" : 557.39,
    "dma200" : 584.25,
    "volume" : 92260.00
  }, {
    "date" : "2025-06-04",
    "price" : 619.80,
    "dma50" : 544.01,
    "dma100" : 555.21,
    "dma200" : 584.61,
    "volume" : 52799.00
  }, {
    "date" : "2025-06-05",
    "price" : 597.30,
    "dma50" : 546.10,
    "dma100" : 552.76,
    "dma200" : 584.73,
    "volume" : 42555.00
  }, {
    "date" : "2025-06-06",
    "price" : 612.15,
    "dma50" : 548.69,
    "dma100" : 550.55,
    "dma200" : 585.01,
    "volume" : 33909.00
  }, {
    "date" : "2025-06-09",
    "price" : 621.80,
    "dma50" : 551.56,
    "dma100" : 549.08,
    "dma200" : 585.37,
    "volume" : 32694.00
  }, {
    "date" : "2025-06-10",
    "price" : 652.15,
    "dma50" : 555.50,
    "dma100" : 548.34,
    "dma200" : 586.04,
    "volume" : 86190.00
  }, {
    "date" : "2025-06-11",
    "price" : 663.00,
    "dma50" : 559.72,
    "dma100" : 547.69,
    "dma200" : 586.80,
    "volume" : 67613.00
  }, {
    "date" : "2025-06-12",
    "price" : 639.50,
    "dma50" : 562.85,
    "dma100" : 546.61,
    "dma200" : 587.33,
    "volume" : 41435.00
  }, {
    "date" : "2025-06-13",
    "price" : 647.55,
    "dma50" : 566.17,
    "dma100" : 545.42,
    "dma200" : 587.93,
    "volume" : 78859.00
  }, {
    "date" : "2025-06-16",
    "price" : 660.65,
    "dma50" : 569.87,
    "dma100" : 544.55,
    "dma200" : 588.65,
    "volume" : 46080.00
  }, {
    "date" : "2025-06-17",
    "price" : 680.00,
    "dma50" : 574.19,
    "dma100" : 543.63,
    "dma200" : 589.56,
    "volume" : 132117.00
  }, {
    "date" : "2025-06-18",
    "price" : 676.80,
    "dma50" : 578.21,
    "dma100" : 543.22,
    "dma200" : 590.43,
    "volume" : 83370.00
  }, {
    "date" : "2025-06-19",
    "price" : 655.35,
    "dma50" : 581.24,
    "dma100" : 542.84,
    "dma200" : 591.07,
    "volume" : 66778.00
  }, {
    "date" : "2025-06-20",
    "price" : 685.30,
    "dma50" : 585.32,
    "dma100" : 542.77,
    "dma200" : 592.01,
    "volume" : 93209.00
  }, {
    "date" : "2025-06-23",
    "price" : 695.60,
    "dma50" : 589.65,
    "dma100" : 543.12,
    "dma200" : 593.04,
    "volume" : 52972.00
  }, {
    "date" : "2025-06-24",
    "price" : 695.40,
    "dma50" : 593.79,
    "dma100" : 543.88,
    "dma200" : 594.06,
    "volume" : 46625.00
  }, {
    "date" : "2025-06-25",
    "price" : 738.35,
    "dma50" : 599.46,
    "dma100" : 545.22,
    "dma200" : 595.50,
    "volume" : 121623.00
  }, {
    "date" : "2025-06-26",
    "price" : 768.65,
    "dma50" : 606.10,
    "dma100" : 546.64,
    "dma200" : 597.22,
    "volume" : 75638.00
  }, {
    "date" : "2025-06-27",
    "price" : 743.65,
    "dma50" : 611.49,
    "dma100" : 547.75,
    "dma200" : 598.68,
    "volume" : 86172.00
  }, {
    "date" : "2025-06-30",
    "price" : 774.80,
    "dma50" : 617.89,
    "dma100" : 549.12,
    "dma200" : 600.43,
    "volume" : 68395.00
  }, {
    "date" : "2025-07-01",
    "price" : 784.70,
    "dma50" : 624.44,
    "dma100" : 550.40,
    "dma200" : 602.26,
    "volume" : 60923.00
  }, {
    "date" : "2025-07-02",
    "price" : 774.05,
    "dma50" : 630.30,
    "dma100" : 551.76,
    "dma200" : 603.97,
    "volume" : 45085.00
  }, {
    "date" : "2025-07-03",
    "price" : 775.95,
    "dma50" : 636.01,
    "dma100" : 553.15,
    "dma200" : 605.68,
    "volume" : 33156.00
  }, {
    "date" : "2025-07-04",
    "price" : 786.75,
    "dma50" : 641.93,
    "dma100" : 554.37,
    "dma200" : 607.48,
    "volume" : 44147.00
  }, {
    "date" : "2025-07-07",
    "price" : 805.65,
    "dma50" : 648.35,
    "dma100" : 556.00,
    "dma200" : 609.46,
    "volume" : 51974.00
  }, {
    "date" : "2025-07-08",
    "price" : 794.40,
    "dma50" : 654.07,
    "dma100" : 557.64,
    "dma200" : 611.30,
    "volume" : 43548.00
  }, {
    "date" : "2025-07-09",
    "price" : 789.70,
    "dma50" : 659.39,
    "dma100" : 559.35,
    "dma200" : 613.07,
    "volume" : 29513.00
  }, {
    "date" : "2025-07-10",
    "price" : 784.75,
    "dma50" : 664.31,
    "dma100" : 561.37,
    "dma200" : 614.78,
    "volume" : 16839.00
  }, {
    "date" : "2025-07-11",
    "price" : 784.60,
    "dma50" : 669.03,
    "dma100" : 563.53,
    "dma200" : 616.47,
    "volume" : 45215.00
  }, {
    "date" : "2025-07-14",
    "price" : 769.60,
    "dma50" : 672.97,
    "dma100" : 565.74,
    "dma200" : 617.99,
    "volume" : 32153.00
  }, {
    "date" : "2025-07-15",
    "price" : 780.90,
    "dma50" : 677.20,
    "dma100" : 568.23,
    "dma200" : 619.61,
    "volume" : 46601.00
  }, {
    "date" : "2025-07-16",
    "price" : 772.75,
    "dma50" : 680.95,
    "dma100" : 570.82,
    "dma200" : 621.14,
    "volume" : 18142.00
  }, {
    "date" : "2025-07-17",
    "price" : 777.00,
    "dma50" : 684.72,
    "dma100" : 573.64,
    "dma200" : 622.69,
    "volume" : 13337.00
  }, {
    "date" : "2025-07-18",
    "price" : 770.85,
    "dma50" : 688.09,
    "dma100" : 576.36,
    "dma200" : 624.16,
    "volume" : 87062.00
  }, {
    "date" : "2025-07-21",
    "price" : 757.15,
    "dma50" : 690.80,
    "dma100" : 578.95,
    "dma200" : 625.49,
    "volume" : 18001.00
  }, {
    "date" : "2025-07-22",
    "price" : 763.25,
    "dma50" : 693.64,
    "dma100" : 581.12,
    "dma200" : 626.86,
    "volume" : 39939.00
  }, {
    "date" : "2025-07-23",
    "price" : 759.30,
    "dma50" : 696.22,
    "dma100" : 583.40,
    "dma200" : 628.17,
    "volume" : 14499.00
  }, {
    "date" : "2025-07-24",
    "price" : 748.75,
    "dma50" : 698.28,
    "dma100" : 585.59,
    "dma200" : 629.37,
    "volume" : 8212.00
  }, {
    "date" : "2025-07-25",
    "price" : 745.70,
    "dma50" : 700.14,
    "dma100" : 588.11,
    "dma200" : 630.53,
    "volume" : 56936.00
  }, {
    "date" : "2025-07-28",
    "price" : 736.70,
    "dma50" : 701.57,
    "dma100" : 590.48,
    "dma200" : 631.59,
    "volume" : 54835.00
  }, {
    "date" : "2025-07-29",
    "price" : 731.15,
    "dma50" : 702.73,
    "dma100" : 592.94,
    "dma200" : 632.58,
    "volume" : 20115.00
  }, {
    "date" : "2025-07-30",
    "price" : 725.70,
    "dma50" : 703.63,
    "dma100" : 595.19,
    "dma200" : 633.51,
    "volume" : 13699.00
  }, {
    "date" : "2025-07-31",
    "price" : 747.90,
    "dma50" : 705.37,
    "dma100" : 597.64,
    "dma200" : 634.64,
    "volume" : 38308.00
  }, {
    "date" : "2025-08-01",
    "price" : 718.45,
    "dma50" : 705.88,
    "dma100" : 599.71,
    "dma200" : 635.48,
    "volume" : 12050.00
  }, {
    "date" : "2025-08-04",
    "price" : 718.55,
    "dma50" : 706.38,
    "dma100" : 601.85,
    "dma200" : 636.30,
    "volume" : 37224.00
  }, {
    "date" : "2025-08-05",
    "price" : 722.00,
    "dma50" : 706.99,
    "dma100" : 604.12,
    "dma200" : 637.16,
    "volume" : 19809.00
  }, {
    "date" : "2025-08-06",
    "price" : 710.10,
    "dma50" : 707.11,
    "dma100" : 606.30,
    "dma200" : 637.88,
    "volume" : 15803.00
  }, {
    "date" : "2025-08-07",
    "price" : 707.45,
    "dma50" : 707.13,
    "dma100" : 608.58,
    "dma200" : 638.57,
    "volume" : 17241.00
  }, {
    "date" : "2025-08-08",
    "price" : 700.65,
    "dma50" : 706.87,
    "dma100" : 610.94,
    "dma200" : 639.19,
    "volume" : 20583.00
  }, {
    "date" : "2025-08-11",
    "price" : 739.85,
    "dma50" : 708.17,
    "dma100" : 613.73,
    "dma200" : 640.19,
    "volume" : 423672.00
  }, {
    "date" : "2025-08-12",
    "price" : 734.30,
    "dma50" : 709.19,
    "dma100" : 616.39,
    "dma200" : 641.13,
    "volume" : 57582.00
  }, {
    "date" : "2025-08-13",
    "price" : 740.25,
    "dma50" : 710.41,
    "dma100" : 619.04,
    "dma200" : 642.12,
    "volume" : 59971.00
  }, {
    "date" : "2025-08-14",
    "price" : 731.65,
    "dma50" : 711.24,
    "dma100" : 621.53,
    "dma200" : 643.01,
    "volume" : 39175.00
  }, {
    "date" : "2025-08-18",
    "price" : 712.50,
    "dma50" : 711.29,
    "dma100" : 623.56,
    "dma200" : 643.70,
    "volume" : 33672.00
  }, {
    "date" : "2025-08-19",
    "price" : 709.55,
    "dma50" : 711.22,
    "dma100" : 625.65,
    "dma200" : 644.35,
    "volume" : 15133.00
  }, {
    "date" : "2025-08-20",
    "price" : 709.65,
    "dma50" : 711.16,
    "dma100" : 627.91,
    "dma200" : 645.00,
    "volume" : 63337.00
  }, {
    "date" : "2025-08-21",
    "price" : 728.65,
    "dma50" : 711.85,
    "dma100" : 630.44,
    "dma200" : 645.84,
    "volume" : 250378.00
  }, {
    "date" : "2025-08-22",
    "price" : 716.65,
    "dma50" : 712.03,
    "dma100" : 632.49,
    "dma200" : 646.54,
    "volume" : 18937.00
  }, {
    "date" : "2025-08-25",
    "price" : 738.80,
    "dma50" : 713.08,
    "dma100" : 634.92,
    "dma200" : 647.46,
    "volume" : 97521.00
  }, {
    "date" : "2025-08-26",
    "price" : 732.30,
    "dma50" : 713.84,
    "dma100" : 637.25,
    "dma200" : 648.30,
    "volume" : 40470.00
  }, {
    "date" : "2025-08-28",
    "price" : 718.15,
    "dma50" : 714.01,
    "dma100" : 639.45,
    "dma200" : 649.00,
    "volume" : 19227.00
  }, {
    "date" : "2025-08-29",
    "price" : 711.95,
    "dma50" : 713.93,
    "dma100" : 641.59,
    "dma200" : 649.62,
    "volume" : 8492.00
  }, {
    "date" : "2025-09-01",
    "price" : 710.65,
    "dma50" : 713.80,
    "dma100" : 644.06,
    "dma200" : 650.23,
    "volume" : 14669.00
  }, {
    "date" : "2025-09-02",
    "price" : 727.20,
    "dma50" : 714.32,
    "dma100" : 646.97,
    "dma200" : 651.00,
    "volume" : 36792.00
  }, {
    "date" : "2025-09-03",
    "price" : 721.95,
    "dma50" : 714.62,
    "dma100" : 649.81,
    "dma200" : 651.70,
    "volume" : 15558.00
  }, {
    "date" : "2025-09-04",
    "price" : 711.80,
    "dma50" : 714.51,
    "dma100" : 652.82,
    "dma200" : 652.30,
    "volume" : 15536.00
  }, {
    "date" : "2025-09-05",
    "price" : 707.85,
    "dma50" : 714.25,
    "dma100" : 655.75,
    "dma200" : 652.85,
    "volume" : 20731.00
  }, {
    "date" : "2025-09-08",
    "price" : 731.55,
    "dma50" : 714.93,
    "dma100" : 658.73,
    "dma200" : 653.64,
    "volume" : 43575.00
  }, {
    "date" : "2025-09-09",
    "price" : 720.95,
    "dma50" : 715.17,
    "dma100" : 661.54,
    "dma200" : 654.31,
    "volume" : 10580.00
  }, {
    "date" : "2025-09-10",
    "price" : 720.10,
    "dma50" : 715.36,
    "dma100" : 664.25,
    "dma200" : 654.96,
    "volume" : 20202.00
  }, {
    "date" : "2025-09-11",
    "price" : 720.05,
    "dma50" : 715.54,
    "dma100" : 666.74,
    "dma200" : 655.61,
    "volume" : 20646.00
  }, {
    "date" : "2025-09-12",
    "price" : 718.40,
    "dma50" : 715.65,
    "dma100" : 669.11,
    "dma200" : 656.23,
    "volume" : 11573.00
  }, {
    "date" : "2025-09-15",
    "price" : 723.30,
    "dma50" : 715.95,
    "dma100" : 671.61,
    "dma200" : 656.90,
    "volume" : 33046.00
  }, {
    "date" : "2025-09-16",
    "price" : 711.35,
    "dma50" : 715.77,
    "dma100" : 673.91,
    "dma200" : 657.44,
    "volume" : 27613.00
  }, {
    "date" : "2025-09-17",
    "price" : 741.00,
    "dma50" : 716.76,
    "dma100" : 676.51,
    "dma200" : 658.27,
    "volume" : 56872.00
  }, {
    "date" : "2025-09-18",
    "price" : 794.20,
    "dma50" : 719.80,
    "dma100" : 679.75,
    "dma200" : 659.63,
    "volume" : 300758.00
  }, {
    "date" : "2025-09-19",
    "price" : 801.35,
    "dma50" : 723.00,
    "dma100" : 683.15,
    "dma200" : 661.04,
    "volume" : 157842.00
  }, {
    "date" : "2025-09-22",
    "price" : 774.20,
    "dma50" : 725.01,
    "dma100" : 686.43,
    "dma200" : 662.16,
    "volume" : 158301.00
  }, {
    "date" : "2025-09-23",
    "price" : 761.55,
    "dma50" : 726.44,
    "dma100" : 689.74,
    "dma200" : 663.15,
    "volume" : 51497.00
  }, {
    "date" : "2025-09-24",
    "price" : 751.80,
    "dma50" : 727.43,
    "dma100" : 692.24,
    "dma200" : 664.03,
    "volume" : 51188.00
  }, {
    "date" : "2025-09-25",
    "price" : 749.40,
    "dma50" : 728.30,
    "dma100" : 695.05,
    "dma200" : 664.88,
    "volume" : 120158.00
  }, {
    "date" : "2025-09-26",
    "price" : 717.90,
    "dma50" : 727.89,
    "dma100" : 697.59,
    "dma200" : 665.41,
    "volume" : 53613.00
  }, {
    "date" : "2025-09-29",
    "price" : 708.10,
    "dma50" : 727.11,
    "dma100" : 699.88,
    "dma200" : 665.84,
    "volume" : 30369.00
  }, {
    "date" : "2025-09-30",
    "price" : 706.85,
    "dma50" : 726.32,
    "dma100" : 702.04,
    "dma200" : 666.24,
    "volume" : 14867.00
  }, {
    "date" : "2025-10-01",
    "price" : 724.20,
    "dma50" : 726.23,
    "dma100" : 704.29,
    "dma200" : 666.82,
    "volume" : 18445.00
  }, {
    "date" : "2025-10-03",
    "price" : 715.00,
    "dma50" : 725.79,
    "dma100" : 706.15,
    "dma200" : 667.30,
    "volume" : 45938.00
  }, {
    "date" : "2025-10-06",
    "price" : 718.10,
    "dma50" : 725.49,
    "dma100" : 707.80,
    "dma200" : 667.81,
    "volume" : 68211.00
  }, {
    "date" : "2025-10-07",
    "price" : 709.35,
    "dma50" : 724.86,
    "dma100" : 709.45,
    "dma200" : 668.22,
    "volume" : 79454.00
  }, {
    "date" : "2025-10-08",
    "price" : 701.25,
    "dma50" : 723.93,
    "dma100" : 710.88,
    "dma200" : 668.55,
    "volume" : 20435.00
  }, {
    "date" : "2025-10-09",
    "price" : 702.00,
    "dma50" : 723.07,
    "dma100" : 712.10,
    "dma200" : 668.88,
    "volume" : 21732.00
  }, {
    "date" : "2025-10-10",
    "price" : 702.00,
    "dma50" : 722.25,
    "dma100" : 713.37,
    "dma200" : 669.21,
    "volume" : 16443.00
  }, {
    "date" : "2025-10-13",
    "price" : 685.55,
    "dma50" : 720.81,
    "dma100" : 714.42,
    "dma200" : 669.37,
    "volume" : 134786.00
  }, {
    "date" : "2025-10-14",
    "price" : 687.20,
    "dma50" : 719.49,
    "dma100" : 715.39,
    "dma200" : 669.55,
    "volume" : 37584.00
  }, {
    "date" : "2025-10-15",
    "price" : 687.25,
    "dma50" : 718.22,
    "dma100" : 716.12,
    "dma200" : 669.73,
    "volume" : 13919.00
  }, {
    "date" : "2025-10-16",
    "price" : 698.10,
    "dma50" : 717.44,
    "dma100" : 716.85,
    "dma200" : 670.01,
    "volume" : 18712.00
  }, {
    "date" : "2025-10-17",
    "price" : 678.70,
    "dma50" : 715.92,
    "dma100" : 717.45,
    "dma200" : 670.09,
    "volume" : 19418.00
  }, {
    "date" : "2025-10-20",
    "price" : 705.00,
    "dma50" : 715.49,
    "dma100" : 718.51,
    "dma200" : 670.44,
    "volume" : 48792.00
  }, {
    "date" : "2025-10-21",
    "price" : 709.30,
    "dma50" : 715.25,
    "dma100" : 719.67,
    "dma200" : 670.83,
    "volume" : 8972.00
  }, {
    "date" : "2025-10-23",
    "price" : 702.85,
    "dma50" : 714.76,
    "dma100" : 720.73,
    "dma200" : 671.15,
    "volume" : 10371.00
  }, {
    "date" : "2025-10-24",
    "price" : 704.25,
    "dma50" : 714.35,
    "dma100" : 721.74,
    "dma200" : 671.48,
    "volume" : 5646.00
  }, {
    "date" : "2025-10-27",
    "price" : 704.50,
    "dma50" : 713.96,
    "dma100" : 722.63,
    "dma200" : 671.81,
    "volume" : 44652.00
  }, {
    "date" : "2025-10-28",
    "price" : 701.75,
    "dma50" : 713.48,
    "dma100" : 723.45,
    "dma200" : 672.10,
    "volume" : 33000.00
  }, {
    "date" : "2025-10-29",
    "price" : 710.75,
    "dma50" : 713.38,
    "dma100" : 724.58,
    "dma200" : 672.49,
    "volume" : 14240.00
  }, {
    "date" : "2025-10-30",
    "price" : 728.15,
    "dma50" : 713.95,
    "dma100" : 725.74,
    "dma200" : 673.04,
    "volume" : 28255.00
  }, {
    "date" : "2025-10-31",
    "price" : 733.85,
    "dma50" : 714.74,
    "dma100" : 726.86,
    "dma200" : 673.65,
    "volume" : 48333.00
  }, {
    "date" : "2025-11-03",
    "price" : 727.35,
    "dma50" : 715.23,
    "dma100" : 727.61,
    "dma200" : 674.18,
    "volume" : 10783.00
  }, {
    "date" : "2025-11-04",
    "price" : 728.75,
    "dma50" : 715.76,
    "dma100" : 728.27,
    "dma200" : 674.72,
    "volume" : 40275.00
  }, {
    "date" : "2025-11-06",
    "price" : 725.90,
    "dma50" : 716.16,
    "dma100" : 729.13,
    "dma200" : 675.23,
    "volume" : 57929.00
  }, {
    "date" : "2025-11-07",
    "price" : 720.00,
    "dma50" : 716.31,
    "dma100" : 729.86,
    "dma200" : 675.68,
    "volume" : 48569.00
  }, {
    "date" : "2025-11-10",
    "price" : 709.20,
    "dma50" : 716.03,
    "dma100" : 730.34,
    "dma200" : 676.01,
    "volume" : 54766.00
  }, {
    "date" : "2025-11-11",
    "price" : 717.45,
    "dma50" : 716.09,
    "dma100" : 730.72,
    "dma200" : 676.42,
    "volume" : 50460.00
  }, {
    "date" : "2025-11-12",
    "price" : 725.10,
    "dma50" : 716.44,
    "dma100" : 731.20,
    "dma200" : 676.91,
    "volume" : 10189.00
  }, {
    "date" : "2025-11-13",
    "price" : 778.55,
    "dma50" : 718.87,
    "dma100" : 732.43,
    "dma200" : 677.92,
    "volume" : 1499196.00
  }, {
    "date" : "2025-11-14",
    "price" : 860.50,
    "dma50" : 724.43,
    "dma100" : 734.19,
    "dma200" : 679.74,
    "volume" : 1910544.00
  }, {
    "date" : "2025-11-17",
    "price" : 893.90,
    "dma50" : 731.07,
    "dma100" : 736.17,
    "dma200" : 681.87,
    "volume" : 867357.00
  }, {
    "date" : "2025-11-18",
    "price" : 899.55,
    "dma50" : 737.68,
    "dma100" : 738.21,
    "dma200" : 684.03,
    "volume" : 342417.00
  }, {
    "date" : "2025-11-19",
    "price" : 918.35,
    "dma50" : 744.77,
    "dma100" : 740.01,
    "dma200" : 686.37,
    "volume" : 261372.00
  }, {
    "date" : "2025-11-20",
    "price" : 977.60,
    "dma50" : 753.90,
    "dma100" : 742.10,
    "dma200" : 689.26,
    "volume" : 1456426.00
  }, {
    "date" : "2025-11-21",
    "price" : 958.60,
    "dma50" : 761.92,
    "dma100" : 744.25,
    "dma200" : 691.94,
    "volume" : 188437.00
  }, {
    "date" : "2025-11-24",
    "price" : 924.55,
    "dma50" : 768.30,
    "dma100" : 745.75,
    "dma200" : 694.26,
    "volume" : 198083.00
  }, {
    "date" : "2025-11-25",
    "price" : 907.75,
    "dma50" : 773.77,
    "dma100" : 746.98,
    "dma200" : 696.38,
    "volume" : 92379.00
  }, {
    "date" : "2025-11-26",
    "price" : 934.50,
    "dma50" : 780.07,
    "dma100" : 748.58,
    "dma200" : 698.75,
    "volume" : 267791.00
  }, {
    "date" : "2025-11-27",
    "price" : 929.80,
    "dma50" : 785.95,
    "dma100" : 750.12,
    "dma200" : 701.05,
    "volume" : 77479.00
  }, {
    "date" : "2025-11-28",
    "price" : 956.30,
    "dma50" : 792.63,
    "dma100" : 751.82,
    "dma200" : 703.59,
    "volume" : 142561.00
  }, {
    "date" : "2025-12-01",
    "price" : 960.95,
    "dma50" : 799.23,
    "dma100" : 753.37,
    "dma200" : 706.15,
    "volume" : 171039.00
  }, {
    "date" : "2025-12-02",
    "price" : 967.75,
    "dma50" : 805.84,
    "dma100" : 755.10,
    "dma200" : 708.75,
    "volume" : 124906.00
  }, {
    "date" : "2025-12-03",
    "price" : 958.20,
    "dma50" : 811.81,
    "dma100" : 756.79,
    "dma200" : 711.24,
    "volume" : 240280.00
  }, {
    "date" : "2025-12-04",
    "price" : 924.60,
    "dma50" : 816.23,
    "dma100" : 758.19,
    "dma200" : 713.36,
    "volume" : 153482.00
  }, {
    "date" : "2025-12-05",
    "price" : 907.25,
    "dma50" : 819.80,
    "dma100" : 759.41,
    "dma200" : 715.29,
    "volume" : 88926.00
  }, {
    "date" : "2025-12-08",
    "price" : 889.50,
    "dma50" : 822.54,
    "dma100" : 760.61,
    "dma200" : 717.02,
    "volume" : 123455.00
  }, {
    "date" : "2025-12-09",
    "price" : 892.30,
    "dma50" : 825.27,
    "dma100" : 761.73,
    "dma200" : 718.77,
    "volume" : 143100.00
  }, {
    "date" : "2025-12-10",
    "price" : 896.55,
    "dma50" : 828.07,
    "dma100" : 762.96,
    "dma200" : 720.53,
    "volume" : 101799.00
  }, {
    "date" : "2025-12-11",
    "price" : 906.85,
    "dma50" : 831.16,
    "dma100" : 764.26,
    "dma200" : 722.39,
    "volume" : 64145.00
  }, {
    "date" : "2025-12-12",
    "price" : 895.25,
    "dma50" : 833.67,
    "dma100" : 765.51,
    "dma200" : 724.11,
    "volume" : 68667.00
  }, {
    "date" : "2025-12-15",
    "price" : 895.35,
    "dma50" : 836.09,
    "dma100" : 766.89,
    "dma200" : 725.81,
    "volume" : 59947.00
  }, {
    "date" : "2025-12-16",
    "price" : 896.65,
    "dma50" : 838.46,
    "dma100" : 768.22,
    "dma200" : 727.51,
    "volume" : 46953.00
  }, {
    "date" : "2025-12-17",
    "price" : 842.15,
    "dma50" : 838.61,
    "dma100" : 769.05,
    "dma200" : 728.65,
    "volume" : 117863.00
  }, {
    "date" : "2025-12-18",
    "price" : 830.05,
    "dma50" : 838.27,
    "dma100" : 769.86,
    "dma200" : 729.66,
    "volume" : 71400.00
  }, {
    "date" : "2025-12-19",
    "price" : 856.15,
    "dma50" : 838.97,
    "dma100" : 770.97,
    "dma200" : 730.92,
    "volume" : 134227.00
  }, {
    "date" : "2025-12-22",
    "price" : 893.25,
    "dma50" : 841.10,
    "dma100" : 772.53,
    "dma200" : 732.54,
    "volume" : 144756.00
  }, {
    "date" : "2025-12-23",
    "price" : 891.45,
    "dma50" : 843.08,
    "dma100" : 774.14,
    "dma200" : 734.12,
    "volume" : 40774.00
  } ],
  "latestTechnicalAttributes" : {
    "date" : "2025-12-23",
    "price" : 891.45,
    "dma50" : 843.08,
    "dma100" : 774.14,
    "dma200" : 734.12,
    "volume" : 40774.00
  },
  "quarterlyResults" : [ {
    "date" : "2005-03-31",
    "sales" : 59.91,
    "salesGrowthYoY" : null,
    "grossProfitMargin" : 34.43,
    "grossProfit" : 20.63,
    "operatingProfitMargin" : 10.92,
    "operatingProfit" : 6.54,
    "netProfitMargin" : 4.79,
    "netProfit" : 2.87
  }, {
    "date" : "2005-06-30",
    "sales" : 72.48,
    "salesGrowthYoY" : null,
    "grossProfitMargin" : 35.80,
    "grossProfit" : 25.95,
    "operatingProfitMargin" : 14.21,
    "operatingProfit" : 10.30,
    "netProfitMargin" : 7.59,
    "netProfit" : 5.50
  }, {
    "date" : "2005-09-30",
    "sales" : 75.59,
    "salesGrowthYoY" : null,
    "grossProfitMargin" : 34.26,
    "grossProfit" : 25.90,
    "operatingProfitMargin" : 11.89,
    "operatingProfit" : 8.99,
    "netProfitMargin" : 6.52,
    "netProfit" : 4.93
  }, {
    "date" : "2005-12-31",
    "sales" : 72.16,
    "salesGrowthYoY" : null,
    "grossProfitMargin" : 33.36,
    "grossProfit" : 24.07,
    "operatingProfitMargin" : 11.34,
    "operatingProfit" : 8.18,
    "netProfitMargin" : 6.03,
    "netProfit" : 4.35
  }, {
    "date" : "2006-03-31",
    "sales" : 75.75,
    "salesGrowthYoY" : 26.44,
    "grossProfitMargin" : 30.48,
    "grossProfit" : 23.09,
    "operatingProfitMargin" : 7.64,
    "operatingProfit" : 5.79,
    "netProfitMargin" : 2.85,
    "netProfit" : 2.16
  }, {
    "date" : "2006-06-30",
    "sales" : 85.92,
    "salesGrowthYoY" : 18.54,
    "grossProfitMargin" : 35.03,
    "grossProfit" : 30.10,
    "operatingProfitMargin" : 12.84,
    "operatingProfit" : 11.03,
    "netProfitMargin" : 5.96,
    "netProfit" : 5.12
  }, {
    "date" : "2006-09-30",
    "sales" : 91.01,
    "salesGrowthYoY" : 20.40,
    "grossProfitMargin" : 31.60,
    "grossProfit" : 28.76,
    "operatingProfitMargin" : 11.41,
    "operatingProfit" : 10.38,
    "netProfitMargin" : 6.20,
    "netProfit" : 5.64
  }, {
    "date" : "2006-12-31",
    "sales" : 87.64,
    "salesGrowthYoY" : 21.45,
    "grossProfitMargin" : 33.32,
    "grossProfit" : 29.20,
    "operatingProfitMargin" : 9.32,
    "operatingProfit" : 8.17,
    "netProfitMargin" : 5.71,
    "netProfit" : 5.00
  }, {
    "date" : "2007-03-31",
    "sales" : 112.64,
    "salesGrowthYoY" : 48.70,
    "grossProfitMargin" : 26.89,
    "grossProfit" : 30.29,
    "operatingProfitMargin" : 10.85,
    "operatingProfit" : 12.22,
    "netProfitMargin" : 5.51,
    "netProfit" : 6.21
  }, {
    "date" : "2007-06-30",
    "sales" : 117.01,
    "salesGrowthYoY" : 36.18,
    "grossProfitMargin" : 25.70,
    "grossProfit" : 30.07,
    "operatingProfitMargin" : 5.14,
    "operatingProfit" : 6.01,
    "netProfitMargin" : 0.71,
    "netProfit" : 0.83
  }, {
    "date" : "2007-09-30",
    "sales" : 113.50,
    "salesGrowthYoY" : 24.71,
    "grossProfitMargin" : 33.73,
    "grossProfit" : 38.28,
    "operatingProfitMargin" : 10.91,
    "operatingProfit" : 12.38,
    "netProfitMargin" : 4.11,
    "netProfit" : 4.66
  }, {
    "date" : "2007-12-31",
    "sales" : 129.82,
    "salesGrowthYoY" : 48.13,
    "grossProfitMargin" : 32.36,
    "grossProfit" : 42.01,
    "operatingProfitMargin" : 10.45,
    "operatingProfit" : 13.57,
    "netProfitMargin" : 4.47,
    "netProfit" : 5.80
  }, {
    "date" : "2008-03-31",
    "sales" : 133.51,
    "salesGrowthYoY" : 18.53,
    "grossProfitMargin" : 34.37,
    "grossProfit" : 45.89,
    "operatingProfitMargin" : 12.51,
    "operatingProfit" : 16.70,
    "netProfitMargin" : 4.47,
    "netProfit" : 5.97
  }, {
    "date" : "2008-06-30",
    "sales" : 129.05,
    "salesGrowthYoY" : 10.29,
    "grossProfitMargin" : 31.82,
    "grossProfit" : 41.06,
    "operatingProfitMargin" : 8.86,
    "operatingProfit" : 11.43,
    "netProfitMargin" : 1.89,
    "netProfit" : 2.44
  }, {
    "date" : "2008-09-30",
    "sales" : 159.63,
    "salesGrowthYoY" : 40.64,
    "grossProfitMargin" : 22.36,
    "grossProfit" : 35.69,
    "operatingProfitMargin" : 4.30,
    "operatingProfit" : 6.86,
    "netProfitMargin" : -0.86,
    "netProfit" : -1.37
  }, {
    "date" : "2008-12-31",
    "sales" : 125.17,
    "salesGrowthYoY" : -3.58,
    "grossProfitMargin" : 27.19,
    "grossProfit" : 34.03,
    "operatingProfitMargin" : 8.08,
    "operatingProfit" : 10.11,
    "netProfitMargin" : 0.07,
    "netProfit" : 0.09
  }, {
    "date" : "2009-03-31",
    "sales" : 169.27,
    "salesGrowthYoY" : 26.78,
    "grossProfitMargin" : 27.74,
    "grossProfit" : 46.96,
    "operatingProfitMargin" : 10.29,
    "operatingProfit" : 17.42,
    "netProfitMargin" : 3.45,
    "netProfit" : 5.84
  }, {
    "date" : "2009-06-30",
    "sales" : 117.73,
    "salesGrowthYoY" : -8.77,
    "grossProfitMargin" : 32.01,
    "grossProfit" : 37.69,
    "operatingProfitMargin" : 8.34,
    "operatingProfit" : 9.82,
    "netProfitMargin" : 1.69,
    "netProfit" : 1.99
  }, {
    "date" : "2009-09-30",
    "sales" : 133.28,
    "salesGrowthYoY" : -16.51,
    "grossProfitMargin" : 29.78,
    "grossProfit" : 39.69,
    "operatingProfitMargin" : 12.23,
    "operatingProfit" : 16.30,
    "netProfitMargin" : 5.21,
    "netProfit" : 6.94
  }, {
    "date" : "2009-12-31",
    "sales" : 132.13,
    "salesGrowthYoY" : 5.56,
    "grossProfitMargin" : 31.03,
    "grossProfit" : 41.00,
    "operatingProfitMargin" : 11.50,
    "operatingProfit" : 15.19,
    "netProfitMargin" : 5.14,
    "netProfit" : 6.79
  }, {
    "date" : "2010-03-31",
    "sales" : 130.01,
    "salesGrowthYoY" : -23.19,
    "grossProfitMargin" : 40.73,
    "grossProfit" : 52.95,
    "operatingProfitMargin" : 16.83,
    "operatingProfit" : 21.88,
    "netProfitMargin" : 8.77,
    "netProfit" : 11.40
  }, {
    "date" : "2010-06-30",
    "sales" : 122.15,
    "salesGrowthYoY" : 3.75,
    "grossProfitMargin" : 36.55,
    "grossProfit" : 44.65,
    "operatingProfitMargin" : 9.14,
    "operatingProfit" : 11.16,
    "netProfitMargin" : 3.56,
    "netProfit" : 4.35
  }, {
    "date" : "2010-09-30",
    "sales" : 153.11,
    "salesGrowthYoY" : 14.88,
    "grossProfitMargin" : 25.40,
    "grossProfit" : 38.89,
    "operatingProfitMargin" : 7.79,
    "operatingProfit" : 11.93,
    "netProfitMargin" : 2.51,
    "netProfit" : 3.84
  }, {
    "date" : "2010-12-31",
    "sales" : 130.02,
    "salesGrowthYoY" : -1.60,
    "grossProfitMargin" : 29.53,
    "grossProfit" : 38.39,
    "operatingProfitMargin" : 9.08,
    "operatingProfit" : 11.81,
    "netProfitMargin" : 3.45,
    "netProfit" : 4.49
  }, {
    "date" : "2011-03-31",
    "sales" : 132.65,
    "salesGrowthYoY" : 2.03,
    "grossProfitMargin" : 31.94,
    "grossProfit" : 42.37,
    "operatingProfitMargin" : 7.77,
    "operatingProfit" : 10.31,
    "netProfitMargin" : 3.86,
    "netProfit" : 5.12
  }, {
    "date" : "2011-06-30",
    "sales" : 124.09,
    "salesGrowthYoY" : 1.59,
    "grossProfitMargin" : 27.55,
    "grossProfit" : 34.19,
    "operatingProfitMargin" : 4.44,
    "operatingProfit" : 5.51,
    "netProfitMargin" : 1.62,
    "netProfit" : 2.01
  }, {
    "date" : "2011-09-30",
    "sales" : 116.84,
    "salesGrowthYoY" : -23.69,
    "grossProfitMargin" : 21.13,
    "grossProfit" : 24.69,
    "operatingProfitMargin" : -14.16,
    "operatingProfit" : -16.54,
    "netProfitMargin" : -15.76,
    "netProfit" : -18.41
  }, {
    "date" : "2011-12-31",
    "sales" : 208.36,
    "salesGrowthYoY" : 60.25,
    "grossProfitMargin" : 21.75,
    "grossProfit" : 45.32,
    "operatingProfitMargin" : 5.16,
    "operatingProfit" : 10.75,
    "netProfitMargin" : 0.62,
    "netProfit" : 1.29
  }, {
    "date" : "2012-03-31",
    "sales" : 170.63,
    "salesGrowthYoY" : 28.63,
    "grossProfitMargin" : 21.80,
    "grossProfit" : 37.20,
    "operatingProfitMargin" : 5.63,
    "operatingProfit" : 9.61,
    "netProfitMargin" : 0.69,
    "netProfit" : 1.18
  }, {
    "date" : "2012-06-30",
    "sales" : 118.85,
    "salesGrowthYoY" : -4.22,
    "grossProfitMargin" : 27.42,
    "grossProfit" : 32.59,
    "operatingProfitMargin" : -1.76,
    "operatingProfit" : -2.09,
    "netProfitMargin" : -5.80,
    "netProfit" : -6.89
  }, {
    "date" : "2012-09-30",
    "sales" : 163.02,
    "salesGrowthYoY" : 39.52,
    "grossProfitMargin" : 23.54,
    "grossProfit" : 38.37,
    "operatingProfitMargin" : 7.56,
    "operatingProfit" : 12.32,
    "netProfitMargin" : 3.51,
    "netProfit" : 5.72
  }, {
    "date" : "2012-12-31",
    "sales" : 151.33,
    "salesGrowthYoY" : -27.37,
    "grossProfitMargin" : 25.11,
    "grossProfit" : 38.00,
    "operatingProfitMargin" : 7.04,
    "operatingProfit" : 10.65,
    "netProfitMargin" : 0.46,
    "netProfit" : 0.70
  }, {
    "date" : "2013-03-31",
    "sales" : 185.72,
    "salesGrowthYoY" : 8.84,
    "grossProfitMargin" : 17.14,
    "grossProfit" : 31.83,
    "operatingProfitMargin" : 2.45,
    "operatingProfit" : 4.55,
    "netProfitMargin" : -2.23,
    "netProfit" : -4.14
  }, {
    "date" : "2013-06-30",
    "sales" : 149.08,
    "salesGrowthYoY" : 25.44,
    "grossProfitMargin" : 20.98,
    "grossProfit" : 31.28,
    "operatingProfitMargin" : -2.96,
    "operatingProfit" : -4.41,
    "netProfitMargin" : -6.76,
    "netProfit" : -10.08
  }, {
    "date" : "2013-09-30",
    "sales" : 149.06,
    "salesGrowthYoY" : -8.56,
    "grossProfitMargin" : 18.18,
    "grossProfit" : 27.10,
    "operatingProfitMargin" : -1.65,
    "operatingProfit" : -2.46,
    "netProfitMargin" : -7.31,
    "netProfit" : -10.90
  }, {
    "date" : "2013-12-31",
    "sales" : 147.58,
    "salesGrowthYoY" : -2.48,
    "grossProfitMargin" : 16.44,
    "grossProfit" : 24.26,
    "operatingProfitMargin" : -0.69,
    "operatingProfit" : -1.02,
    "netProfitMargin" : -6.12,
    "netProfit" : -9.03
  }, {
    "date" : "2014-03-31",
    "sales" : 169.79,
    "salesGrowthYoY" : -8.58,
    "grossProfitMargin" : 19.21,
    "grossProfit" : 32.62,
    "operatingProfitMargin" : 1.61,
    "operatingProfit" : 2.73,
    "netProfitMargin" : -5.92,
    "netProfit" : -10.05
  }, {
    "date" : "2014-06-30",
    "sales" : 158.76,
    "salesGrowthYoY" : 6.49,
    "grossProfitMargin" : 24.40,
    "grossProfit" : 38.74,
    "operatingProfitMargin" : 9.11,
    "operatingProfit" : 14.46,
    "netProfitMargin" : 0.14,
    "netProfit" : 0.22
  }, {
    "date" : "2014-09-30",
    "sales" : 170.81,
    "salesGrowthYoY" : 14.59,
    "grossProfitMargin" : 17.59,
    "grossProfit" : 30.05,
    "operatingProfitMargin" : 0.14,
    "operatingProfit" : 0.24,
    "netProfitMargin" : -7.63,
    "netProfit" : -13.03
  }, {
    "date" : "2014-12-31",
    "sales" : 171.00,
    "salesGrowthYoY" : 15.87,
    "grossProfitMargin" : 16.88,
    "grossProfit" : 28.86,
    "operatingProfitMargin" : -1.56,
    "operatingProfit" : -2.67,
    "netProfitMargin" : -11.55,
    "netProfit" : -19.75
  }, {
    "date" : "2015-03-31",
    "sales" : 193.45,
    "salesGrowthYoY" : 13.93,
    "grossProfitMargin" : 21.25,
    "grossProfit" : 41.11,
    "operatingProfitMargin" : 6.56,
    "operatingProfit" : 12.69,
    "netProfitMargin" : -1.11,
    "netProfit" : -2.15
  }, {
    "date" : "2015-06-30",
    "sales" : 159.80,
    "salesGrowthYoY" : 0.66,
    "grossProfitMargin" : 26.28,
    "grossProfit" : 42.00,
    "operatingProfitMargin" : 7.33,
    "operatingProfit" : 11.71,
    "netProfitMargin" : -2.36,
    "netProfit" : -3.77
  }, {
    "date" : "2015-09-30",
    "sales" : 185.49,
    "salesGrowthYoY" : 8.59,
    "grossProfitMargin" : 27.61,
    "grossProfit" : 51.21,
    "operatingProfitMargin" : 10.12,
    "operatingProfit" : 18.77,
    "netProfitMargin" : 2.63,
    "netProfit" : 4.88
  }, {
    "date" : "2015-12-31",
    "sales" : 186.91,
    "salesGrowthYoY" : 9.30,
    "grossProfitMargin" : 29.43,
    "grossProfit" : 55.01,
    "operatingProfitMargin" : 11.09,
    "operatingProfit" : 20.73,
    "netProfitMargin" : 3.48,
    "netProfit" : 6.50
  }, {
    "date" : "2016-03-31",
    "sales" : 216.40,
    "salesGrowthYoY" : 11.86,
    "grossProfitMargin" : 32.13,
    "grossProfit" : 69.53,
    "operatingProfitMargin" : 10.58,
    "operatingProfit" : 22.90,
    "netProfitMargin" : 5.52,
    "netProfit" : 11.95
  }, {
    "date" : "2016-06-30",
    "sales" : 181.10,
    "salesGrowthYoY" : 13.33,
    "grossProfitMargin" : 34.23,
    "grossProfit" : 61.99,
    "operatingProfitMargin" : 11.91,
    "operatingProfit" : 21.57,
    "netProfitMargin" : 4.27,
    "netProfit" : 7.73
  }, {
    "date" : "2016-09-30",
    "sales" : 179.07,
    "salesGrowthYoY" : -3.46,
    "grossProfitMargin" : 30.41,
    "grossProfit" : 54.46,
    "operatingProfitMargin" : 8.65,
    "operatingProfit" : 15.49,
    "netProfitMargin" : 6.38,
    "netProfit" : 11.42
  }, {
    "date" : "2016-12-31",
    "sales" : 206.49,
    "salesGrowthYoY" : 10.48,
    "grossProfitMargin" : 31.33,
    "grossProfit" : 64.69,
    "operatingProfitMargin" : 8.71,
    "operatingProfit" : 17.99,
    "netProfitMargin" : 2.36,
    "netProfit" : 4.87
  }, {
    "date" : "2017-03-31",
    "sales" : 251.55,
    "salesGrowthYoY" : 16.24,
    "grossProfitMargin" : 27.22,
    "grossProfit" : 68.47,
    "operatingProfitMargin" : 8.08,
    "operatingProfit" : 20.33,
    "netProfitMargin" : 2.02,
    "netProfit" : 5.08
  }, {
    "date" : "2017-06-30",
    "sales" : 252.52,
    "salesGrowthYoY" : 39.44,
    "grossProfitMargin" : 27.82,
    "grossProfit" : 70.25,
    "operatingProfitMargin" : 9.45,
    "operatingProfit" : 23.86,
    "netProfitMargin" : 2.86,
    "netProfit" : 7.22
  }, {
    "date" : "2017-09-30",
    "sales" : 256.20,
    "salesGrowthYoY" : 43.07,
    "grossProfitMargin" : 31.76,
    "grossProfit" : 81.37,
    "operatingProfitMargin" : 9.10,
    "operatingProfit" : 23.31,
    "netProfitMargin" : 3.06,
    "netProfit" : 7.84
  }, {
    "date" : "2017-12-31",
    "sales" : 297.14,
    "salesGrowthYoY" : 43.90,
    "grossProfitMargin" : 26.34,
    "grossProfit" : 78.27,
    "operatingProfitMargin" : 9.17,
    "operatingProfit" : 27.25,
    "netProfitMargin" : 2.83,
    "netProfit" : 8.41
  }, {
    "date" : "2018-03-31",
    "sales" : 376.86,
    "salesGrowthYoY" : 49.82,
    "grossProfitMargin" : 26.63,
    "grossProfit" : 100.36,
    "operatingProfitMargin" : 8.48,
    "operatingProfit" : 31.96,
    "netProfitMargin" : 4.90,
    "netProfit" : 18.47
  }, {
    "date" : "2018-06-30",
    "sales" : 315.71,
    "salesGrowthYoY" : 25.02,
    "grossProfitMargin" : 35.64,
    "grossProfit" : 112.52,
    "operatingProfitMargin" : 13.54,
    "operatingProfit" : 42.75,
    "netProfitMargin" : 5.52,
    "netProfit" : 17.43
  }, {
    "date" : "2018-09-30",
    "sales" : 323.61,
    "salesGrowthYoY" : 26.31,
    "grossProfitMargin" : 32.19,
    "grossProfit" : 104.17,
    "operatingProfitMargin" : 12.14,
    "operatingProfit" : 39.29,
    "netProfitMargin" : 5.05,
    "netProfit" : 16.34
  }, {
    "date" : "2018-12-31",
    "sales" : 367.00,
    "salesGrowthYoY" : 23.51,
    "grossProfitMargin" : 30.98,
    "grossProfit" : 113.70,
    "operatingProfitMargin" : 10.84,
    "operatingProfit" : 39.78,
    "netProfitMargin" : 3.72,
    "netProfit" : 13.65
  }, {
    "date" : "2019-03-31",
    "sales" : 410.39,
    "salesGrowthYoY" : 8.90,
    "grossProfitMargin" : 32.71,
    "grossProfit" : 134.24,
    "operatingProfitMargin" : 12.87,
    "operatingProfit" : 52.82,
    "netProfitMargin" : 5.26,
    "netProfit" : 21.59
  }, {
    "date" : "2019-06-30",
    "sales" : 426.39,
    "salesGrowthYoY" : 35.06,
    "grossProfitMargin" : 32.24,
    "grossProfit" : 137.47,
    "operatingProfitMargin" : 11.09,
    "operatingProfit" : 47.29,
    "netProfitMargin" : 4.38,
    "netProfit" : 18.68
  }, {
    "date" : "2019-09-30",
    "sales" : 375.21,
    "salesGrowthYoY" : 15.95,
    "grossProfitMargin" : 28.87,
    "grossProfit" : 108.32,
    "operatingProfitMargin" : 9.82,
    "operatingProfit" : 36.85,
    "netProfitMargin" : 5.37,
    "netProfit" : 20.15
  }, {
    "date" : "2019-12-31",
    "sales" : 395.55,
    "salesGrowthYoY" : 7.78,
    "grossProfitMargin" : 28.85,
    "grossProfit" : 114.12,
    "operatingProfitMargin" : 10.54,
    "operatingProfit" : 41.69,
    "netProfitMargin" : 3.51,
    "netProfit" : 13.88
  }, {
    "date" : "2020-03-31",
    "sales" : 371.80,
    "salesGrowthYoY" : -9.40,
    "grossProfitMargin" : 30.02,
    "grossProfit" : 111.61,
    "operatingProfitMargin" : 10.80,
    "operatingProfit" : 40.15,
    "netProfitMargin" : 3.19,
    "netProfit" : 11.86
  }, {
    "date" : "2020-06-30",
    "sales" : 205.05,
    "salesGrowthYoY" : -51.91,
    "grossProfitMargin" : 27.93,
    "grossProfit" : 57.27,
    "operatingProfitMargin" : 6.45,
    "operatingProfit" : 13.23,
    "netProfitMargin" : -2.60,
    "netProfit" : -5.33
  }, {
    "date" : "2020-09-30",
    "sales" : 283.71,
    "salesGrowthYoY" : -24.39,
    "grossProfitMargin" : 32.85,
    "grossProfit" : 93.20,
    "operatingProfitMargin" : 5.49,
    "operatingProfit" : 15.58,
    "netProfitMargin" : 0.42,
    "netProfit" : 1.19
  }, {
    "date" : "2020-12-31",
    "sales" : 370.38,
    "salesGrowthYoY" : -6.36,
    "grossProfitMargin" : 25.84,
    "grossProfit" : 95.71,
    "operatingProfitMargin" : 8.12,
    "operatingProfit" : 30.07,
    "netProfitMargin" : 2.30,
    "netProfit" : 8.52
  }, {
    "date" : "2021-03-31",
    "sales" : 421.53,
    "salesGrowthYoY" : 13.38,
    "grossProfitMargin" : 22.98,
    "grossProfit" : 96.87,
    "operatingProfitMargin" : 7.58,
    "operatingProfit" : 31.95,
    "netProfitMargin" : 1.86,
    "netProfit" : 7.84
  }, {
    "date" : "2021-06-30",
    "sales" : 278.16,
    "salesGrowthYoY" : 35.65,
    "grossProfitMargin" : 29.62,
    "grossProfit" : 82.39,
    "operatingProfitMargin" : 10.56,
    "operatingProfit" : 29.37,
    "netProfitMargin" : 2.68,
    "netProfit" : 7.45
  }, {
    "date" : "2021-09-30",
    "sales" : 451.16,
    "salesGrowthYoY" : 59.02,
    "grossProfitMargin" : 21.17,
    "grossProfit" : 95.51,
    "operatingProfitMargin" : 3.46,
    "operatingProfit" : 15.61,
    "netProfitMargin" : 0.59,
    "netProfit" : 2.66
  }, {
    "date" : "2021-12-31",
    "sales" : 489.98,
    "salesGrowthYoY" : 32.29,
    "grossProfitMargin" : 20.69,
    "grossProfit" : 101.38,
    "operatingProfitMargin" : 6.15,
    "operatingProfit" : 30.13,
    "netProfitMargin" : 1.03,
    "netProfit" : 5.05
  }, {
    "date" : "2022-03-31",
    "sales" : 594.23,
    "salesGrowthYoY" : 40.97,
    "grossProfitMargin" : 22.78,
    "grossProfit" : 135.37,
    "operatingProfitMargin" : 8.04,
    "operatingProfit" : 47.78,
    "netProfitMargin" : 2.57,
    "netProfit" : 15.27
  }, {
    "date" : "2022-06-30",
    "sales" : 513.80,
    "salesGrowthYoY" : 84.71,
    "grossProfitMargin" : 23.37,
    "grossProfit" : 120.08,
    "operatingProfitMargin" : 8.61,
    "operatingProfit" : 44.24,
    "netProfitMargin" : 2.93,
    "netProfit" : 15.05
  }, {
    "date" : "2022-09-30",
    "sales" : 514.28,
    "salesGrowthYoY" : 13.99,
    "grossProfitMargin" : 25.19,
    "grossProfit" : 129.55,
    "operatingProfitMargin" : 9.00,
    "operatingProfit" : 46.29,
    "netProfitMargin" : 3.91,
    "netProfit" : 20.11
  }, {
    "date" : "2022-12-31",
    "sales" : 590.99,
    "salesGrowthYoY" : 20.62,
    "grossProfitMargin" : 21.46,
    "grossProfit" : 126.83,
    "operatingProfitMargin" : 7.29,
    "operatingProfit" : 43.08,
    "netProfitMargin" : 2.27,
    "netProfit" : 13.42
  }, {
    "date" : "2023-03-31",
    "sales" : 582.87,
    "salesGrowthYoY" : -1.91,
    "grossProfitMargin" : 26.09,
    "grossProfit" : 152.07,
    "operatingProfitMargin" : 8.88,
    "operatingProfit" : 51.76,
    "netProfitMargin" : 2.50,
    "netProfit" : 14.57
  }, {
    "date" : "2023-06-30",
    "sales" : 479.41,
    "salesGrowthYoY" : -6.69,
    "grossProfitMargin" : 25.58,
    "grossProfit" : 122.63,
    "operatingProfitMargin" : 7.64,
    "operatingProfit" : 36.63,
    "netProfitMargin" : 1.91,
    "netProfit" : 9.16
  }, {
    "date" : "2023-09-30",
    "sales" : 494.39,
    "salesGrowthYoY" : -3.87,
    "grossProfitMargin" : 22.29,
    "grossProfit" : 110.20,
    "operatingProfitMargin" : 4.69,
    "operatingProfit" : 23.19,
    "netProfitMargin" : 1.61,
    "netProfit" : 7.96
  }, {
    "date" : "2023-12-31",
    "sales" : 466.54,
    "salesGrowthYoY" : -21.06,
    "grossProfitMargin" : 29.96,
    "grossProfit" : 139.78,
    "operatingProfitMargin" : 8.72,
    "operatingProfit" : 40.68,
    "netProfitMargin" : 2.38,
    "netProfit" : 11.10
  }, {
    "date" : "2024-03-31",
    "sales" : 580.33,
    "salesGrowthYoY" : -0.44,
    "grossProfitMargin" : 30.41,
    "grossProfit" : 176.48,
    "operatingProfitMargin" : 10.54,
    "operatingProfit" : 61.17,
    "netProfitMargin" : 4.48,
    "netProfit" : 26.00
  }, {
    "date" : "2024-06-30",
    "sales" : 488.70,
    "salesGrowthYoY" : 1.94,
    "grossProfitMargin" : 25.41,
    "grossProfit" : 124.18,
    "operatingProfitMargin" : 6.49,
    "operatingProfit" : 31.72,
    "netProfitMargin" : 0.34,
    "netProfit" : 1.66
  }, {
    "date" : "2024-09-30",
    "sales" : 638.12,
    "salesGrowthYoY" : 29.07,
    "grossProfitMargin" : 23.05,
    "grossProfit" : 147.09,
    "operatingProfitMargin" : 7.38,
    "operatingProfit" : 47.09,
    "netProfitMargin" : 2.96,
    "netProfit" : 18.89
  }, {
    "date" : "2024-12-31",
    "sales" : 607.54,
    "salesGrowthYoY" : 30.22,
    "grossProfitMargin" : 22.06,
    "grossProfit" : 134.02,
    "operatingProfitMargin" : 6.41,
    "operatingProfit" : 38.94,
    "netProfitMargin" : 1.60,
    "netProfit" : 9.72
  }, {
    "date" : "2025-03-31",
    "sales" : 674.03,
    "salesGrowthYoY" : 16.15,
    "grossProfitMargin" : 25.71,
    "grossProfit" : 173.29,
    "operatingProfitMargin" : 9.17,
    "operatingProfit" : 61.81,
    "netProfitMargin" : 4.01,
    "netProfit" : 27.03
  }, {
    "date" : "2025-06-30",
    "sales" : 600.19,
    "salesGrowthYoY" : 22.81,
    "grossProfitMargin" : 28.12,
    "grossProfit" : 168.77,
    "operatingProfitMargin" : 9.63,
    "operatingProfit" : 57.80,
    "netProfitMargin" : 3.25,
    "netProfit" : 19.51
  }, {
    "date" : "2025-09-30",
    "sales" : 814.29,
    "salesGrowthYoY" : 27.61,
    "grossProfitMargin" : 23.99,
    "grossProfit" : 195.35,
    "operatingProfitMargin" : 9.05,
    "operatingProfit" : 73.69,
    "netProfitMargin" : 4.49,
    "netProfit" : 36.56
  } ],
  "latestQuarterlyResult" : {
    "date" : "2025-09-30",
    "sales" : 814.29,
    "salesGrowthYoY" : 27.61,
    "grossProfitMargin" : 23.99,
    "grossProfit" : 195.35,
    "operatingProfitMargin" : 9.05,
    "operatingProfit" : 73.69,
    "netProfitMargin" : 4.49,
    "netProfit" : 36.56
  },
  "companyScore" : {
    "priceHigherThanDma50" : 5.00,
    "priceHigherThanDma100" : 5.00,
    "priceHigherThanDma200" : 5.00,
    "dma50HigherThanDma100" : 5.00,
    "dma50HigherThanDma200" : 5.00,
    "dma100HigherThanDma200" : 5.00,
    "pricePercentageAboveDma50" : 4.71,
    "pricePercentageAboveDma100" : 4.24,
    "pricePercentageAboveDma200" : 3.93,
    "weeklyVolumeHigherThanYearlyVolume" : 5.00,
    "salesGrowthPercentile" : 15.19,
    "operatingProfitMarginPercentile" : 14.98,
    "netProfitMarginPercentile" : 8.26,
    "totalTechnicalScore" : 47.88,
    "totalFundamentalScore" : 38.42,
    "totalScore" : 86.31
  }
}