{
  "metadata" : {
    "screenerCompanyId" : "3574",
    "companyCode" : "USHAMART",
    "companyName" : "Usha Martin",
    "screenerCompanyLink" : "https://www.screener.in/company/USHAMART/consolidated/",
    "screenerTechnicalHistoryLink" : "https://www.screener.in/api/company/3574/chart/?q=Price-DMA50-DMA200-Volume&days=365",
    "screenerQuarterlyResultsLink" : "https://www.screener.in/api/company/3574/chart/?q=GPM-OPM-NPM-Quarter+Sales&days=10000",
    "attributes" : {
      "companyCode" : "USHAMART",
      "companyName" : "Usha Martin",
      "marketCap" : 12288.00,
      "peRatio" : 27.50,
      "description" : "Usha Martin Ltd is primarily engaged in manufacture and sale of steel wires, strands, wire ropes, cords, related accessories, etc. It is also involved in sale of other products such as wire drawing and allied machines.[1]"
    },
    "companyScore" : {
      "priceHigherThanDma50" : 0.00,
      "priceHigherThanDma100" : 0.00,
      "priceHigherThanDma200" : 0.00,
      "dma50HigherThanDma100" : 0.00,
      "dma50HigherThanDma200" : 5.00,
      "dma100HigherThanDma200" : 5.00,
      "pricePercentageAboveDma50" : 5.25,
      "pricePercentageAboveDma100" : 5.42,
      "pricePercentageAboveDma200" : 5.03,
      "weeklyVolumeHigherThanYearlyVolume" : 0.00,
      "salesGrowthPercentile" : 8.89,
      "operatingProfitMarginPercentile" : 18.57,
      "netProfitMarginPercentile" : 9.40,
      "totalTechnicalScore" : 25.69,
      "totalFundamentalScore" : 36.87,
      "totalScore" : 62.56
    }
  },
  "attributes" : {
    "companyCode" : "USHAMART",
    "companyName" : "Usha Martin",
    "marketCap" : 12288.00,
    "peRatio" : 27.50,
    "description" : "Usha Martin Ltd is primarily engaged in manufacture and sale of steel wires, strands, wire ropes, cords, related accessories, etc. It is also involved in sale of other products such as wire drawing and allied machines.[1]"
  },
  "technicalHistory" : [ {
    "date" : "2025-02-20",
    "price" : 300.05,
    "dma50" : 339.54,
    "dma100" : null,
    "dma200" : 355.44,
    "volume" : 1117631.00
  }, {
    "date" : "2025-02-21",
    "price" : 305.50,
    "dma50" : 338.20,
    "dma100" : null,
    "dma200" : 354.95,
    "volume" : 1186076.00
  }, {
    "date" : "2025-02-24",
    "price" : 308.30,
    "dma50" : 337.03,
    "dma100" : null,
    "dma200" : 354.48,
    "volume" : 736450.00
  }, {
    "date" : "2025-02-25",
    "price" : 292.40,
    "dma50" : 335.28,
    "dma100" : null,
    "dma200" : 353.86,
    "volume" : 495788.00
  }, {
    "date" : "2025-02-27",
    "price" : 294.50,
    "dma50" : 333.68,
    "dma100" : null,
    "dma200" : 353.27,
    "volume" : 536390.00
  }, {
    "date" : "2025-02-28",
    "price" : 295.75,
    "dma50" : 332.19,
    "dma100" : null,
    "dma200" : 352.70,
    "volume" : 830306.00
  }, {
    "date" : "2025-03-03",
    "price" : 300.45,
    "dma50" : 330.95,
    "dma100" : null,
    "dma200" : 352.18,
    "volume" : 717621.00
  }, {
    "date" : "2025-03-04",
    "price" : 312.05,
    "dma50" : 330.21,
    "dma100" : null,
    "dma200" : 351.78,
    "volume" : 643615.00
  }, {
    "date" : "2025-03-05",
    "price" : 321.05,
    "dma50" : 329.85,
    "dma100" : null,
    "dma200" : 351.48,
    "volume" : 484530.00
  }, {
    "date" : "2025-03-06",
    "price" : 331.10,
    "dma50" : 329.90,
    "dma100" : null,
    "dma200" : 351.27,
    "volume" : 495526.00
  }, {
    "date" : "2025-03-07",
    "price" : 332.90,
    "dma50" : 330.02,
    "dma100" : null,
    "dma200" : 351.09,
    "volume" : 575520.00
  }, {
    "date" : "2025-03-10",
    "price" : 322.65,
    "dma50" : 329.73,
    "dma100" : null,
    "dma200" : 350.81,
    "volume" : 323609.00
  }, {
    "date" : "2025-03-11",
    "price" : 318.90,
    "dma50" : 329.30,
    "dma100" : null,
    "dma200" : 350.49,
    "volume" : 352212.00
  }, {
    "date" : "2025-03-12",
    "price" : 315.65,
    "dma50" : 328.77,
    "dma100" : null,
    "dma200" : 350.14,
    "volume" : 270218.00
  }, {
    "date" : "2025-03-13",
    "price" : 306.00,
    "dma50" : 327.87,
    "dma100" : null,
    "dma200" : 349.70,
    "volume" : 403485.00
  }, {
    "date" : "2025-03-17",
    "price" : 306.45,
    "dma50" : 327.03,
    "dma100" : null,
    "dma200" : 349.27,
    "volume" : 372750.00
  }, {
    "date" : "2025-03-18",
    "price" : 316.20,
    "dma50" : 326.61,
    "dma100" : null,
    "dma200" : 348.94,
    "volume" : 782707.00
  }, {
    "date" : "2025-03-19",
    "price" : 325.20,
    "dma50" : 326.55,
    "dma100" : null,
    "dma200" : 348.71,
    "volume" : 1010943.00
  }, {
    "date" : "2025-03-20",
    "price" : 328.15,
    "dma50" : 326.62,
    "dma100" : null,
    "dma200" : 348.50,
    "volume" : 642056.00
  }, {
    "date" : "2025-03-21",
    "price" : 339.90,
    "dma50" : 327.14,
    "dma100" : null,
    "dma200" : 348.42,
    "volume" : 948141.00
  }, {
    "date" : "2025-03-24",
    "price" : 339.65,
    "dma50" : 327.63,
    "dma100" : null,
    "dma200" : 348.33,
    "volume" : 880136.00
  }, {
    "date" : "2025-03-25",
    "price" : 338.05,
    "dma50" : 328.04,
    "dma100" : null,
    "dma200" : 348.23,
    "volume" : 520627.00
  }, {
    "date" : "2025-03-26",
    "price" : 347.40,
    "dma50" : 328.80,
    "dma100" : null,
    "dma200" : 348.22,
    "volume" : 806444.00
  }, {
    "date" : "2025-03-27",
    "price" : 341.30,
    "dma50" : 329.29,
    "dma100" : null,
    "dma200" : 348.15,
    "volume" : 743067.00
  }, {
    "date" : "2025-03-28",
    "price" : 337.35,
    "dma50" : 329.60,
    "dma100" : null,
    "dma200" : 348.04,
    "volume" : 297055.00
  }, {
    "date" : "2025-04-01",
    "price" : 334.00,
    "dma50" : 329.78,
    "dma100" : null,
    "dma200" : 347.90,
    "volume" : 1357778.00
  }, {
    "date" : "2025-04-02",
    "price" : 332.75,
    "dma50" : 329.89,
    "dma100" : null,
    "dma200" : 347.75,
    "volume" : 172536.00
  }, {
    "date" : "2025-04-03",
    "price" : 330.25,
    "dma50" : 329.91,
    "dma100" : null,
    "dma200" : 347.58,
    "volume" : 1993261.00
  }, {
    "date" : "2025-04-04",
    "price" : 323.95,
    "dma50" : 329.67,
    "dma100" : null,
    "dma200" : 347.34,
    "volume" : 376644.00
  }, {
    "date" : "2025-04-07",
    "price" : 300.35,
    "dma50" : 328.52,
    "dma100" : null,
    "dma200" : 346.88,
    "volume" : 527172.00
  }, {
    "date" : "2025-04-08",
    "price" : 299.95,
    "dma50" : 327.40,
    "dma100" : null,
    "dma200" : 346.41,
    "volume" : 616148.00
  }, {
    "date" : "2025-04-09",
    "price" : 298.15,
    "dma50" : 326.26,
    "dma100" : null,
    "dma200" : 345.93,
    "volume" : 169695.00
  }, {
    "date" : "2025-04-11",
    "price" : 306.10,
    "dma50" : 325.46,
    "dma100" : null,
    "dma200" : 345.53,
    "volume" : 464028.00
  }, {
    "date" : "2025-04-15",
    "price" : 313.20,
    "dma50" : 324.98,
    "dma100" : null,
    "dma200" : 345.21,
    "volume" : 362700.00
  }, {
    "date" : "2025-04-16",
    "price" : 320.60,
    "dma50" : 324.81,
    "dma100" : null,
    "dma200" : 344.97,
    "volume" : 450767.00
  }, {
    "date" : "2025-04-17",
    "price" : 311.15,
    "dma50" : 324.28,
    "dma100" : null,
    "dma200" : 344.63,
    "volume" : 1085939.00
  }, {
    "date" : "2025-04-21",
    "price" : 312.70,
    "dma50" : 323.82,
    "dma100" : null,
    "dma200" : 344.31,
    "volume" : 259580.00
  }, {
    "date" : "2025-04-22",
    "price" : 311.65,
    "dma50" : 323.34,
    "dma100" : null,
    "dma200" : 343.99,
    "volume" : 353923.00
  }, {
    "date" : "2025-04-23",
    "price" : 305.70,
    "dma50" : 322.65,
    "dma100" : null,
    "dma200" : 343.61,
    "volume" : 574590.00
  }, {
    "date" : "2025-04-24",
    "price" : 305.65,
    "dma50" : 321.99,
    "dma100" : null,
    "dma200" : 343.23,
    "volume" : 343841.00
  }, {
    "date" : "2025-04-25",
    "price" : 298.20,
    "dma50" : 321.05,
    "dma100" : null,
    "dma200" : 342.78,
    "volume" : 1038020.00
  }, {
    "date" : "2025-04-28",
    "price" : 293.60,
    "dma50" : 319.98,
    "dma100" : null,
    "dma200" : 342.29,
    "volume" : 334394.00
  }, {
    "date" : "2025-04-29",
    "price" : 294.00,
    "dma50" : 318.96,
    "dma100" : null,
    "dma200" : 341.81,
    "volume" : 233565.00
  }, {
    "date" : "2025-04-30",
    "price" : 289.25,
    "dma50" : 317.79,
    "dma100" : null,
    "dma200" : 341.29,
    "volume" : 562156.00
  }, {
    "date" : "2025-05-02",
    "price" : 303.25,
    "dma50" : 317.22,
    "dma100" : null,
    "dma200" : 340.91,
    "volume" : 898845.00
  }, {
    "date" : "2025-05-05",
    "price" : 299.45,
    "dma50" : 316.53,
    "dma100" : null,
    "dma200" : 340.50,
    "volume" : 395437.00
  }, {
    "date" : "2025-05-06",
    "price" : 298.55,
    "dma50" : 315.82,
    "dma100" : null,
    "dma200" : 340.08,
    "volume" : 362854.00
  }, {
    "date" : "2025-05-07",
    "price" : 305.70,
    "dma50" : 315.42,
    "dma100" : null,
    "dma200" : 339.74,
    "volume" : 993109.00
  }, {
    "date" : "2025-05-08",
    "price" : 305.70,
    "dma50" : 315.04,
    "dma100" : null,
    "dma200" : 339.40,
    "volume" : 483549.00
  }, {
    "date" : "2025-05-09",
    "price" : 296.35,
    "dma50" : 314.31,
    "dma100" : null,
    "dma200" : 338.97,
    "volume" : 288813.00
  }, {
    "date" : "2025-05-12",
    "price" : 310.45,
    "dma50" : 314.16,
    "dma100" : null,
    "dma200" : 338.69,
    "volume" : 452677.00
  }, {
    "date" : "2025-05-13",
    "price" : 308.35,
    "dma50" : 313.93,
    "dma100" : null,
    "dma200" : 338.38,
    "volume" : 485814.00
  }, {
    "date" : "2025-05-14",
    "price" : 311.65,
    "dma50" : 313.84,
    "dma100" : null,
    "dma200" : 338.12,
    "volume" : 294085.00
  }, {
    "date" : "2025-05-15",
    "price" : 311.80,
    "dma50" : 313.76,
    "dma100" : null,
    "dma200" : 337.86,
    "volume" : 378738.00
  }, {
    "date" : "2025-05-16",
    "price" : 311.60,
    "dma50" : 313.68,
    "dma100" : null,
    "dma200" : 337.60,
    "volume" : 519024.00
  }, {
    "date" : "2025-05-19",
    "price" : 334.85,
    "dma50" : 314.51,
    "dma100" : null,
    "dma200" : 337.57,
    "volume" : 5177350.00
  }, {
    "date" : "2025-05-20",
    "price" : 334.10,
    "dma50" : 315.27,
    "dma100" : null,
    "dma200" : 337.53,
    "volume" : 827187.00
  }, {
    "date" : "2025-05-21",
    "price" : 323.55,
    "dma50" : 315.60,
    "dma100" : null,
    "dma200" : 337.39,
    "volume" : 793529.00
  }, {
    "date" : "2025-05-22",
    "price" : 324.55,
    "dma50" : 315.95,
    "dma100" : null,
    "dma200" : 337.27,
    "volume" : 803494.00
  }, {
    "date" : "2025-05-23",
    "price" : 325.20,
    "dma50" : 316.31,
    "dma100" : null,
    "dma200" : 337.15,
    "volume" : 568329.00
  }, {
    "date" : "2025-05-26",
    "price" : 317.15,
    "dma50" : 316.35,
    "dma100" : null,
    "dma200" : 336.95,
    "volume" : 1096594.00
  }, {
    "date" : "2025-05-27",
    "price" : 316.80,
    "dma50" : 316.36,
    "dma100" : null,
    "dma200" : 336.75,
    "volume" : 370512.00
  }, {
    "date" : "2025-05-28",
    "price" : 312.10,
    "dma50" : 316.20,
    "dma100" : null,
    "dma200" : 336.50,
    "volume" : 400651.00
  }, {
    "date" : "2025-05-29",
    "price" : 310.25,
    "dma50" : 315.96,
    "dma100" : null,
    "dma200" : 336.24,
    "volume" : 522234.00
  }, {
    "date" : "2025-05-30",
    "price" : 310.00,
    "dma50" : 315.73,
    "dma100" : null,
    "dma200" : 335.98,
    "volume" : 484192.00
  }, {
    "date" : "2025-06-02",
    "price" : 307.90,
    "dma50" : 315.42,
    "dma100" : null,
    "dma200" : 335.70,
    "volume" : 548146.00
  }, {
    "date" : "2025-06-03",
    "price" : 312.30,
    "dma50" : 315.30,
    "dma100" : null,
    "dma200" : 335.47,
    "volume" : 472043.00
  }, {
    "date" : "2025-06-04",
    "price" : 307.15,
    "dma50" : 314.98,
    "dma100" : null,
    "dma200" : 335.19,
    "volume" : 426124.00
  }, {
    "date" : "2025-06-05",
    "price" : 306.40,
    "dma50" : 314.64,
    "dma100" : null,
    "dma200" : 334.90,
    "volume" : 779393.00
  }, {
    "date" : "2025-06-06",
    "price" : 306.15,
    "dma50" : 314.31,
    "dma100" : null,
    "dma200" : 334.61,
    "volume" : 353030.00
  }, {
    "date" : "2025-06-09",
    "price" : 316.95,
    "dma50" : 314.41,
    "dma100" : null,
    "dma200" : 334.44,
    "volume" : 1296296.00
  }, {
    "date" : "2025-06-10",
    "price" : 308.45,
    "dma50" : 314.18,
    "dma100" : null,
    "dma200" : 334.18,
    "volume" : 609428.00
  }, {
    "date" : "2025-06-11",
    "price" : 313.75,
    "dma50" : 314.16,
    "dma100" : null,
    "dma200" : 333.98,
    "volume" : 1455151.00
  }, {
    "date" : "2025-06-12",
    "price" : 309.80,
    "dma50" : 313.99,
    "dma100" : null,
    "dma200" : 333.73,
    "volume" : 745981.00
  }, {
    "date" : "2025-06-13",
    "price" : 307.45,
    "dma50" : 313.74,
    "dma100" : null,
    "dma200" : 333.47,
    "volume" : 912366.00
  }, {
    "date" : "2025-06-16",
    "price" : 308.15,
    "dma50" : 313.52,
    "dma100" : null,
    "dma200" : 333.22,
    "volume" : 743813.00
  }, {
    "date" : "2025-06-17",
    "price" : 310.85,
    "dma50" : 313.41,
    "dma100" : null,
    "dma200" : 333.00,
    "volume" : 1425942.00
  }, {
    "date" : "2025-06-18",
    "price" : 311.95,
    "dma50" : 313.35,
    "dma100" : null,
    "dma200" : 332.79,
    "volume" : 815212.00
  }, {
    "date" : "2025-06-19",
    "price" : 311.00,
    "dma50" : 313.26,
    "dma100" : null,
    "dma200" : 332.57,
    "volume" : 959294.00
  }, {
    "date" : "2025-06-20",
    "price" : 315.00,
    "dma50" : 313.33,
    "dma100" : null,
    "dma200" : 332.40,
    "volume" : 1765955.00
  }, {
    "date" : "2025-06-23",
    "price" : 310.15,
    "dma50" : 313.21,
    "dma100" : null,
    "dma200" : 332.18,
    "volume" : 661216.00
  }, {
    "date" : "2025-06-24",
    "price" : 332.05,
    "dma50" : 313.94,
    "dma100" : null,
    "dma200" : 332.18,
    "volume" : 10343081.00
  }, {
    "date" : "2025-06-25",
    "price" : 336.30,
    "dma50" : 314.82,
    "dma100" : null,
    "dma200" : 332.22,
    "volume" : 1683991.00
  }, {
    "date" : "2025-06-26",
    "price" : 345.80,
    "dma50" : 316.04,
    "dma100" : null,
    "dma200" : 332.35,
    "volume" : 1772145.00
  }, {
    "date" : "2025-06-27",
    "price" : 355.55,
    "dma50" : 317.59,
    "dma100" : null,
    "dma200" : 332.58,
    "volume" : 2093331.00
  }, {
    "date" : "2025-06-30",
    "price" : 366.60,
    "dma50" : 319.51,
    "dma100" : null,
    "dma200" : 332.92,
    "volume" : 771891.00
  }, {
    "date" : "2025-07-01",
    "price" : 364.65,
    "dma50" : 321.28,
    "dma100" : null,
    "dma200" : 333.24,
    "volume" : 569378.00
  }, {
    "date" : "2025-07-02",
    "price" : 362.95,
    "dma50" : 322.91,
    "dma100" : null,
    "dma200" : 333.53,
    "volume" : 419251.00
  }, {
    "date" : "2025-07-03",
    "price" : 371.85,
    "dma50" : 324.83,
    "dma100" : null,
    "dma200" : 333.91,
    "volume" : 1262093.00
  }, {
    "date" : "2025-07-04",
    "price" : 370.30,
    "dma50" : 326.61,
    "dma100" : null,
    "dma200" : 334.28,
    "volume" : 493370.00
  }, {
    "date" : "2025-07-07",
    "price" : 374.75,
    "dma50" : 328.50,
    "dma100" : null,
    "dma200" : 334.68,
    "volume" : 599740.00
  }, {
    "date" : "2025-07-08",
    "price" : 375.05,
    "dma50" : 330.33,
    "dma100" : null,
    "dma200" : 335.08,
    "volume" : 412348.00
  }, {
    "date" : "2025-07-09",
    "price" : 368.05,
    "dma50" : 331.81,
    "dma100" : null,
    "dma200" : 335.41,
    "volume" : 249655.00
  }, {
    "date" : "2025-07-10",
    "price" : 366.45,
    "dma50" : 333.17,
    "dma100" : null,
    "dma200" : 335.72,
    "volume" : 178695.00
  }, {
    "date" : "2025-07-11",
    "price" : 370.45,
    "dma50" : 334.63,
    "dma100" : null,
    "dma200" : 336.06,
    "volume" : 273795.00
  }, {
    "date" : "2025-07-14",
    "price" : 389.60,
    "dma50" : 336.78,
    "dma100" : null,
    "dma200" : 336.59,
    "volume" : 2083322.00
  }, {
    "date" : "2025-07-15",
    "price" : 390.35,
    "dma50" : 338.88,
    "dma100" : null,
    "dma200" : 337.13,
    "volume" : 985617.00
  }, {
    "date" : "2025-07-16",
    "price" : 381.65,
    "dma50" : 340.56,
    "dma100" : null,
    "dma200" : 337.57,
    "volume" : 365191.00
  }, {
    "date" : "2025-07-17",
    "price" : 386.35,
    "dma50" : 342.36,
    "dma100" : null,
    "dma200" : 338.06,
    "volume" : 396861.00
  }, {
    "date" : "2025-07-18",
    "price" : 381.40,
    "dma50" : 343.89,
    "dma100" : null,
    "dma200" : 338.49,
    "volume" : 214443.00
  }, {
    "date" : "2025-07-21",
    "price" : 383.30,
    "dma50" : 345.43,
    "dma100" : 324.66,
    "dma200" : 338.94,
    "volume" : 278275.00
  }, {
    "date" : "2025-07-22",
    "price" : 380.30,
    "dma50" : 346.80,
    "dma100" : 325.41,
    "dma200" : 339.35,
    "volume" : 240007.00
  }, {
    "date" : "2025-07-23",
    "price" : 381.10,
    "dma50" : 348.15,
    "dma100" : 326.14,
    "dma200" : 339.76,
    "volume" : 191612.00
  }, {
    "date" : "2025-07-24",
    "price" : 375.95,
    "dma50" : 349.24,
    "dma100" : 326.97,
    "dma200" : 340.12,
    "volume" : 140004.00
  }, {
    "date" : "2025-07-25",
    "price" : 367.70,
    "dma50" : 349.96,
    "dma100" : 327.71,
    "dma200" : 340.40,
    "volume" : 245751.00
  }, {
    "date" : "2025-07-28",
    "price" : 365.00,
    "dma50" : 350.55,
    "dma100" : 328.40,
    "dma200" : 340.64,
    "volume" : 221717.00
  }, {
    "date" : "2025-07-29",
    "price" : 378.50,
    "dma50" : 351.65,
    "dma100" : 329.18,
    "dma200" : 341.02,
    "volume" : 1052783.00
  }, {
    "date" : "2025-07-30",
    "price" : 378.10,
    "dma50" : 352.68,
    "dma100" : 329.84,
    "dma200" : 341.39,
    "volume" : 401781.00
  }, {
    "date" : "2025-07-31",
    "price" : 377.65,
    "dma50" : 353.66,
    "dma100" : 330.41,
    "dma200" : 341.75,
    "volume" : 354304.00
  }, {
    "date" : "2025-08-01",
    "price" : 368.15,
    "dma50" : 354.23,
    "dma100" : 330.78,
    "dma200" : 342.01,
    "volume" : 232404.00
  }, {
    "date" : "2025-08-04",
    "price" : 367.35,
    "dma50" : 354.75,
    "dma100" : 331.12,
    "dma200" : 342.26,
    "volume" : 155275.00
  }, {
    "date" : "2025-08-05",
    "price" : 366.50,
    "dma50" : 355.21,
    "dma100" : 331.56,
    "dma200" : 342.50,
    "volume" : 232018.00
  }, {
    "date" : "2025-08-06",
    "price" : 357.65,
    "dma50" : 355.30,
    "dma100" : 331.95,
    "dma200" : 342.65,
    "volume" : 475791.00
  }, {
    "date" : "2025-08-07",
    "price" : 350.85,
    "dma50" : 355.13,
    "dma100" : 332.30,
    "dma200" : 342.74,
    "volume" : 287756.00
  }, {
    "date" : "2025-08-08",
    "price" : 340.30,
    "dma50" : 354.55,
    "dma100" : 332.64,
    "dma200" : 342.71,
    "volume" : 129607.00
  }, {
    "date" : "2025-08-11",
    "price" : 339.50,
    "dma50" : 353.96,
    "dma100" : 332.97,
    "dma200" : 342.68,
    "volume" : 722559.00
  }, {
    "date" : "2025-08-12",
    "price" : 350.20,
    "dma50" : 353.81,
    "dma100" : 333.31,
    "dma200" : 342.76,
    "volume" : 547083.00
  }, {
    "date" : "2025-08-13",
    "price" : 347.65,
    "dma50" : 353.57,
    "dma100" : 333.54,
    "dma200" : 342.80,
    "volume" : 527855.00
  }, {
    "date" : "2025-08-14",
    "price" : 354.15,
    "dma50" : 353.59,
    "dma100" : 333.80,
    "dma200" : 342.92,
    "volume" : 401393.00
  }, {
    "date" : "2025-08-18",
    "price" : 366.80,
    "dma50" : 354.11,
    "dma100" : 334.07,
    "dma200" : 343.15,
    "volume" : 410714.00
  }, {
    "date" : "2025-08-19",
    "price" : 371.15,
    "dma50" : 354.78,
    "dma100" : 334.38,
    "dma200" : 343.43,
    "volume" : 657603.00
  }, {
    "date" : "2025-08-20",
    "price" : 364.10,
    "dma50" : 355.14,
    "dma100" : 334.64,
    "dma200" : 343.64,
    "volume" : 597130.00
  }, {
    "date" : "2025-08-21",
    "price" : 368.15,
    "dma50" : 355.65,
    "dma100" : 334.85,
    "dma200" : 343.88,
    "volume" : 465135.00
  }, {
    "date" : "2025-08-22",
    "price" : 377.00,
    "dma50" : 356.49,
    "dma100" : 335.21,
    "dma200" : 344.21,
    "volume" : 775795.00
  }, {
    "date" : "2025-08-25",
    "price" : 388.10,
    "dma50" : 357.73,
    "dma100" : 335.71,
    "dma200" : 344.65,
    "volume" : 1540222.00
  }, {
    "date" : "2025-08-26",
    "price" : 386.55,
    "dma50" : 358.86,
    "dma100" : 336.24,
    "dma200" : 345.07,
    "volume" : 830509.00
  }, {
    "date" : "2025-08-28",
    "price" : 384.35,
    "dma50" : 359.86,
    "dma100" : 336.75,
    "dma200" : 345.46,
    "volume" : 496536.00
  }, {
    "date" : "2025-08-29",
    "price" : 381.50,
    "dma50" : 360.71,
    "dma100" : 337.27,
    "dma200" : 345.82,
    "volume" : 239230.00
  }, {
    "date" : "2025-09-01",
    "price" : 388.50,
    "dma50" : 361.80,
    "dma100" : 337.91,
    "dma200" : 346.24,
    "volume" : 936211.00
  }, {
    "date" : "2025-09-02",
    "price" : 382.75,
    "dma50" : 362.62,
    "dma100" : 338.74,
    "dma200" : 346.60,
    "volume" : 269387.00
  }, {
    "date" : "2025-09-03",
    "price" : 376.00,
    "dma50" : 363.14,
    "dma100" : 339.50,
    "dma200" : 346.90,
    "volume" : 314640.00
  }, {
    "date" : "2025-09-04",
    "price" : 381.25,
    "dma50" : 363.85,
    "dma100" : 340.33,
    "dma200" : 347.24,
    "volume" : 296425.00
  }, {
    "date" : "2025-09-05",
    "price" : 381.95,
    "dma50" : 364.56,
    "dma100" : 341.09,
    "dma200" : 347.58,
    "volume" : 266908.00
  }, {
    "date" : "2025-09-08",
    "price" : 382.50,
    "dma50" : 365.27,
    "dma100" : 341.78,
    "dma200" : 347.93,
    "volume" : 169713.00
  }, {
    "date" : "2025-09-09",
    "price" : 388.70,
    "dma50" : 366.19,
    "dma100" : 342.46,
    "dma200" : 348.34,
    "volume" : 590384.00
  }, {
    "date" : "2025-09-10",
    "price" : 384.15,
    "dma50" : 366.89,
    "dma100" : 343.19,
    "dma200" : 348.69,
    "volume" : 568123.00
  }, {
    "date" : "2025-09-11",
    "price" : 383.55,
    "dma50" : 367.54,
    "dma100" : 343.90,
    "dma200" : 349.04,
    "volume" : 174807.00
  }, {
    "date" : "2025-09-12",
    "price" : 387.25,
    "dma50" : 368.32,
    "dma100" : 344.66,
    "dma200" : 349.42,
    "volume" : 311289.00
  }, {
    "date" : "2025-09-15",
    "price" : 386.65,
    "dma50" : 369.04,
    "dma100" : 345.47,
    "dma200" : 349.79,
    "volume" : 464043.00
  }, {
    "date" : "2025-09-16",
    "price" : 407.10,
    "dma50" : 370.53,
    "dma100" : 346.48,
    "dma200" : 350.36,
    "volume" : 5232256.00
  }, {
    "date" : "2025-09-17",
    "price" : 402.15,
    "dma50" : 371.77,
    "dma100" : 347.52,
    "dma200" : 350.88,
    "volume" : 1030040.00
  }, {
    "date" : "2025-09-18",
    "price" : 415.85,
    "dma50" : 373.50,
    "dma100" : 348.74,
    "dma200" : 351.52,
    "volume" : 3382020.00
  }, {
    "date" : "2025-09-19",
    "price" : 426.55,
    "dma50" : 375.58,
    "dma100" : 350.07,
    "dma200" : 352.27,
    "volume" : 2754596.00
  }, {
    "date" : "2025-09-22",
    "price" : 431.85,
    "dma50" : 377.78,
    "dma100" : 351.49,
    "dma200" : 353.06,
    "volume" : 1937047.00
  }, {
    "date" : "2025-09-23",
    "price" : 442.75,
    "dma50" : 380.33,
    "dma100" : 352.89,
    "dma200" : 353.95,
    "volume" : 2810499.00
  }, {
    "date" : "2025-09-24",
    "price" : 445.95,
    "dma50" : 382.91,
    "dma100" : 354.35,
    "dma200" : 354.87,
    "volume" : 979154.00
  }, {
    "date" : "2025-09-25",
    "price" : 448.70,
    "dma50" : 385.49,
    "dma100" : 355.85,
    "dma200" : 355.80,
    "volume" : 1092609.00
  }, {
    "date" : "2025-09-26",
    "price" : 448.90,
    "dma50" : 387.97,
    "dma100" : 357.29,
    "dma200" : 356.73,
    "volume" : 1044137.00
  }, {
    "date" : "2025-09-29",
    "price" : 476.45,
    "dma50" : 391.44,
    "dma100" : 358.99,
    "dma200" : 357.92,
    "volume" : 4507687.00
  }, {
    "date" : "2025-09-30",
    "price" : 459.35,
    "dma50" : 394.10,
    "dma100" : 360.62,
    "dma200" : 358.93,
    "volume" : 1187106.00
  }, {
    "date" : "2025-10-01",
    "price" : 452.75,
    "dma50" : 396.40,
    "dma100" : 362.05,
    "dma200" : 359.86,
    "volume" : 912880.00
  }, {
    "date" : "2025-10-03",
    "price" : 462.40,
    "dma50" : 398.99,
    "dma100" : 363.59,
    "dma200" : 360.88,
    "volume" : 637839.00
  }, {
    "date" : "2025-10-06",
    "price" : 450.85,
    "dma50" : 401.03,
    "dma100" : 364.98,
    "dma200" : 361.78,
    "volume" : 520363.00
  }, {
    "date" : "2025-10-07",
    "price" : 450.85,
    "dma50" : 402.98,
    "dma100" : 366.37,
    "dma200" : 362.66,
    "volume" : 390314.00
  }, {
    "date" : "2025-10-08",
    "price" : 446.10,
    "dma50" : 404.67,
    "dma100" : 367.72,
    "dma200" : 363.49,
    "volume" : 467637.00
  }, {
    "date" : "2025-10-09",
    "price" : 481.60,
    "dma50" : 407.69,
    "dma100" : 369.18,
    "dma200" : 364.67,
    "volume" : 9128478.00
  }, {
    "date" : "2025-10-10",
    "price" : 469.65,
    "dma50" : 410.12,
    "dma100" : 370.54,
    "dma200" : 365.71,
    "volume" : 2153240.00
  }, {
    "date" : "2025-10-13",
    "price" : 458.30,
    "dma50" : 412.01,
    "dma100" : 371.89,
    "dma200" : 366.64,
    "volume" : 402660.00
  }, {
    "date" : "2025-10-14",
    "price" : 480.40,
    "dma50" : 414.69,
    "dma100" : 373.44,
    "dma200" : 367.77,
    "volume" : 1319099.00
  }, {
    "date" : "2025-10-15",
    "price" : 469.40,
    "dma50" : 416.84,
    "dma100" : 374.89,
    "dma200" : 368.78,
    "volume" : 536924.00
  }, {
    "date" : "2025-10-16",
    "price" : 468.30,
    "dma50" : 418.85,
    "dma100" : 376.40,
    "dma200" : 369.77,
    "volume" : 284640.00
  }, {
    "date" : "2025-10-17",
    "price" : 455.30,
    "dma50" : 420.28,
    "dma100" : 377.78,
    "dma200" : 370.62,
    "volume" : 319688.00
  }, {
    "date" : "2025-10-20",
    "price" : 453.90,
    "dma50" : 421.60,
    "dma100" : 379.20,
    "dma200" : 371.45,
    "volume" : 347163.00
  }, {
    "date" : "2025-10-21",
    "price" : 460.05,
    "dma50" : 423.11,
    "dma100" : 380.70,
    "dma200" : 372.33,
    "volume" : 103226.00
  }, {
    "date" : "2025-10-23",
    "price" : 458.15,
    "dma50" : 424.48,
    "dma100" : 382.18,
    "dma200" : 373.18,
    "volume" : 249109.00
  }, {
    "date" : "2025-10-24",
    "price" : 448.40,
    "dma50" : 425.42,
    "dma100" : 383.59,
    "dma200" : 373.93,
    "volume" : 384655.00
  }, {
    "date" : "2025-10-27",
    "price" : 455.80,
    "dma50" : 426.61,
    "dma100" : 385.02,
    "dma200" : 374.75,
    "volume" : 1219154.00
  }, {
    "date" : "2025-10-28",
    "price" : 463.35,
    "dma50" : 428.05,
    "dma100" : 386.58,
    "dma200" : 375.63,
    "volume" : 521761.00
  }, {
    "date" : "2025-10-29",
    "price" : 462.50,
    "dma50" : 429.40,
    "dma100" : 388.14,
    "dma200" : 376.49,
    "volume" : 319026.00
  }, {
    "date" : "2025-10-30",
    "price" : 459.85,
    "dma50" : 430.60,
    "dma100" : 389.68,
    "dma200" : 377.32,
    "volume" : 206836.00
  }, {
    "date" : "2025-10-31",
    "price" : 464.85,
    "dma50" : 431.94,
    "dma100" : 391.16,
    "dma200" : 378.19,
    "volume" : 500347.00
  }, {
    "date" : "2025-11-03",
    "price" : 478.25,
    "dma50" : 433.76,
    "dma100" : 392.86,
    "dma200" : 379.19,
    "volume" : 1145956.00
  }, {
    "date" : "2025-11-04",
    "price" : 474.20,
    "dma50" : 435.34,
    "dma100" : 394.46,
    "dma200" : 380.13,
    "volume" : 2925297.00
  }, {
    "date" : "2025-11-06",
    "price" : 464.00,
    "dma50" : 436.47,
    "dma100" : 396.00,
    "dma200" : 380.97,
    "volume" : 658350.00
  }, {
    "date" : "2025-11-07",
    "price" : 472.45,
    "dma50" : 437.88,
    "dma100" : 397.65,
    "dma200" : 381.88,
    "volume" : 440480.00
  }, {
    "date" : "2025-11-10",
    "price" : 481.30,
    "dma50" : 439.58,
    "dma100" : 399.39,
    "dma200" : 382.87,
    "volume" : 2840136.00
  }, {
    "date" : "2025-11-11",
    "price" : 469.50,
    "dma50" : 440.75,
    "dma100" : 400.97,
    "dma200" : 383.73,
    "volume" : 831543.00
  }, {
    "date" : "2025-11-12",
    "price" : 467.60,
    "dma50" : 441.81,
    "dma100" : 402.53,
    "dma200" : 384.56,
    "volume" : 570599.00
  }, {
    "date" : "2025-11-13",
    "price" : 448.15,
    "dma50" : 442.06,
    "dma100" : 403.90,
    "dma200" : 385.20,
    "volume" : 523464.00
  }, {
    "date" : "2025-11-14",
    "price" : 459.55,
    "dma50" : 442.74,
    "dma100" : 405.35,
    "dma200" : 385.94,
    "volume" : 640108.00
  }, {
    "date" : "2025-11-17",
    "price" : 449.90,
    "dma50" : 443.02,
    "dma100" : 406.74,
    "dma200" : 386.57,
    "volume" : 548041.00
  }, {
    "date" : "2025-11-18",
    "price" : 452.45,
    "dma50" : 443.39,
    "dma100" : 407.95,
    "dma200" : 387.23,
    "volume" : 397053.00
  }, {
    "date" : "2025-11-19",
    "price" : 448.90,
    "dma50" : 443.61,
    "dma100" : 409.07,
    "dma200" : 387.84,
    "volume" : 244958.00
  }, {
    "date" : "2025-11-20",
    "price" : 438.90,
    "dma50" : 443.42,
    "dma100" : 410.00,
    "dma200" : 388.35,
    "volume" : 398230.00
  }, {
    "date" : "2025-11-21",
    "price" : 432.30,
    "dma50" : 442.99,
    "dma100" : 410.77,
    "dma200" : 388.79,
    "volume" : 607656.00
  }, {
    "date" : "2025-11-24",
    "price" : 416.90,
    "dma50" : 441.96,
    "dma100" : 411.27,
    "dma200" : 389.07,
    "volume" : 1662330.00
  }, {
    "date" : "2025-11-25",
    "price" : 412.55,
    "dma50" : 440.81,
    "dma100" : 411.75,
    "dma200" : 389.30,
    "volume" : 722751.00
  }, {
    "date" : "2025-11-26",
    "price" : 425.55,
    "dma50" : 440.21,
    "dma100" : 412.38,
    "dma200" : 389.66,
    "volume" : 332003.00
  }, {
    "date" : "2025-11-27",
    "price" : 421.35,
    "dma50" : 439.47,
    "dma100" : 412.87,
    "dma200" : 389.98,
    "volume" : 225860.00
  }, {
    "date" : "2025-11-28",
    "price" : 427.90,
    "dma50" : 439.02,
    "dma100" : 413.45,
    "dma200" : 390.35,
    "volume" : 757655.00
  }, {
    "date" : "2025-12-01",
    "price" : 422.85,
    "dma50" : 438.38,
    "dma100" : 413.93,
    "dma200" : 390.68,
    "volume" : 394054.00
  }, {
    "date" : "2025-12-02",
    "price" : 426.25,
    "dma50" : 437.91,
    "dma100" : 414.44,
    "dma200" : 391.03,
    "volume" : 495116.00
  }, {
    "date" : "2025-12-03",
    "price" : 424.20,
    "dma50" : 437.37,
    "dma100" : 415.00,
    "dma200" : 391.36,
    "volume" : 432045.00
  }, {
    "date" : "2025-12-04",
    "price" : 436.15,
    "dma50" : 437.32,
    "dma100" : 415.70,
    "dma200" : 391.81,
    "volume" : 5544824.00
  }, {
    "date" : "2025-12-05",
    "price" : 432.00,
    "dma50" : 437.11,
    "dma100" : 416.32,
    "dma200" : 392.21,
    "volume" : 412868.00
  }, {
    "date" : "2025-12-08",
    "price" : 417.35,
    "dma50" : 436.34,
    "dma100" : 416.59,
    "dma200" : 392.46,
    "volume" : 254204.00
  }, {
    "date" : "2025-12-09",
    "price" : 435.05,
    "dma50" : 436.29,
    "dma100" : 417.04,
    "dma200" : 392.88,
    "volume" : 458161.00
  }, {
    "date" : "2025-12-10",
    "price" : 431.00,
    "dma50" : 436.08,
    "dma100" : 417.54,
    "dma200" : 393.26,
    "volume" : 799610.00
  }, {
    "date" : "2025-12-11",
    "price" : 429.55,
    "dma50" : 435.83,
    "dma100" : 417.97,
    "dma200" : 393.62,
    "volume" : 545636.00
  }, {
    "date" : "2025-12-12",
    "price" : 440.60,
    "dma50" : 436.01,
    "dma100" : 418.56,
    "dma200" : 394.09,
    "volume" : 1212760.00
  }, {
    "date" : "2025-12-15",
    "price" : 461.50,
    "dma50" : 437.01,
    "dma100" : 419.34,
    "dma200" : 394.76,
    "volume" : 1700119.00
  }, {
    "date" : "2025-12-16",
    "price" : 455.70,
    "dma50" : 437.74,
    "dma100" : 420.10,
    "dma200" : 395.37,
    "volume" : 549917.00
  }, {
    "date" : "2025-12-17",
    "price" : 455.10,
    "dma50" : 438.43,
    "dma100" : 420.84,
    "dma200" : 395.96,
    "volume" : 222149.00
  }, {
    "date" : "2025-12-18",
    "price" : 447.60,
    "dma50" : 438.79,
    "dma100" : 421.55,
    "dma200" : 396.47,
    "volume" : 319072.00
  }, {
    "date" : "2025-12-19",
    "price" : 452.10,
    "dma50" : 439.31,
    "dma100" : 422.40,
    "dma200" : 397.03,
    "volume" : 330767.00
  }, {
    "date" : "2025-12-22",
    "price" : 451.95,
    "dma50" : 439.80,
    "dma100" : 423.27,
    "dma200" : 397.57,
    "volume" : 292971.00
  }, {
    "date" : "2025-12-23",
    "price" : 463.00,
    "dma50" : 440.71,
    "dma100" : 424.11,
    "dma200" : 398.23,
    "volume" : 925843.00
  }, {
    "date" : "2025-12-24",
    "price" : 453.85,
    "dma50" : 441.23,
    "dma100" : 424.87,
    "dma200" : 398.78,
    "volume" : 423411.00
  }, {
    "date" : "2025-12-26",
    "price" : 442.85,
    "dma50" : 441.29,
    "dma100" : 425.52,
    "dma200" : 399.22,
    "volume" : 467704.00
  }, {
    "date" : "2025-12-29",
    "price" : 450.65,
    "dma50" : 441.66,
    "dma100" : 426.34,
    "dma200" : 399.73,
    "volume" : 497296.00
  }, {
    "date" : "2025-12-30",
    "price" : 450.90,
    "dma50" : 442.02,
    "dma100" : 427.18,
    "dma200" : 400.24,
    "volume" : 917801.00
  }, {
    "date" : "2025-12-31",
    "price" : 454.00,
    "dma50" : 442.49,
    "dma100" : 428.06,
    "dma200" : 400.77,
    "volume" : 764377.00
  }, {
    "date" : "2026-01-01",
    "price" : 443.90,
    "dma50" : 442.55,
    "dma100" : 428.92,
    "dma200" : 401.20,
    "volume" : 307901.00
  }, {
    "date" : "2026-01-02",
    "price" : 451.30,
    "dma50" : 442.89,
    "dma100" : 429.92,
    "dma200" : 401.70,
    "volume" : 328561.00
  }, {
    "date" : "2026-01-05",
    "price" : 456.20,
    "dma50" : 443.41,
    "dma100" : 431.08,
    "dma200" : 402.24,
    "volume" : 423230.00
  }, {
    "date" : "2026-01-06",
    "price" : 454.85,
    "dma50" : 443.86,
    "dma100" : 432.23,
    "dma200" : 402.77,
    "volume" : 735350.00
  }, {
    "date" : "2026-01-07",
    "price" : 453.90,
    "dma50" : 444.25,
    "dma100" : 433.27,
    "dma200" : 403.28,
    "volume" : 497656.00
  }, {
    "date" : "2026-01-08",
    "price" : 450.25,
    "dma50" : 444.49,
    "dma100" : 434.30,
    "dma200" : 403.74,
    "volume" : 431634.00
  }, {
    "date" : "2026-01-09",
    "price" : 440.95,
    "dma50" : 444.35,
    "dma100" : 435.17,
    "dma200" : 404.11,
    "volume" : 553927.00
  }, {
    "date" : "2026-01-12",
    "price" : 437.05,
    "dma50" : 444.06,
    "dma100" : 435.87,
    "dma200" : 404.44,
    "volume" : 294677.00
  }, {
    "date" : "2026-01-13",
    "price" : 431.60,
    "dma50" : 443.58,
    "dma100" : 436.47,
    "dma200" : 404.71,
    "volume" : 285258.00
  }, {
    "date" : "2026-01-14",
    "price" : 434.25,
    "dma50" : 443.21,
    "dma100" : 437.17,
    "dma200" : 405.01,
    "volume" : 220699.00
  }, {
    "date" : "2026-01-16",
    "price" : 425.15,
    "dma50" : 442.50,
    "dma100" : 437.74,
    "dma200" : 405.21,
    "volume" : 210768.00
  }, {
    "date" : "2026-01-19",
    "price" : 428.70,
    "dma50" : 441.96,
    "dma100" : 438.26,
    "dma200" : 405.44,
    "volume" : 171434.00
  }, {
    "date" : "2026-01-20",
    "price" : 420.55,
    "dma50" : 441.12,
    "dma100" : 438.59,
    "dma200" : 405.59,
    "volume" : 345305.00
  }, {
    "date" : "2026-01-21",
    "price" : 414.45,
    "dma50" : 440.07,
    "dma100" : 438.86,
    "dma200" : 405.68,
    "volume" : 520964.00
  }, {
    "date" : "2026-01-22",
    "price" : 420.05,
    "dma50" : 439.29,
    "dma100" : 439.22,
    "dma200" : 405.82,
    "volume" : 284791.00
  }, {
    "date" : "2026-01-23",
    "price" : 408.85,
    "dma50" : 438.10,
    "dma100" : 439.50,
    "dma200" : 405.85,
    "volume" : 298919.00
  }, {
    "date" : "2026-01-27",
    "price" : 409.55,
    "dma50" : 436.98,
    "dma100" : 439.71,
    "dma200" : 405.89,
    "volume" : 402694.00
  }, {
    "date" : "2026-01-28",
    "price" : 415.20,
    "dma50" : 436.12,
    "dma100" : 440.03,
    "dma200" : 405.98,
    "volume" : 259185.00
  }, {
    "date" : "2026-01-29",
    "price" : 408.50,
    "dma50" : 435.04,
    "dma100" : 440.36,
    "dma200" : 406.01,
    "volume" : 490749.00
  }, {
    "date" : "2026-01-30",
    "price" : 409.25,
    "dma50" : 434.03,
    "dma100" : 440.64,
    "dma200" : 406.04,
    "volume" : 887659.00
  }, {
    "date" : "2026-02-01",
    "price" : 408.75,
    "dma50" : 433.04,
    "dma100" : 440.90,
    "dma200" : 406.06,
    "volume" : 451387.00
  }, {
    "date" : "2026-02-02",
    "price" : 397.30,
    "dma50" : 431.63,
    "dma100" : 441.05,
    "dma200" : 405.98,
    "volume" : 895274.00
  }, {
    "date" : "2026-02-03",
    "price" : 409.30,
    "dma50" : 430.76,
    "dma100" : 441.26,
    "dma200" : 406.01,
    "volume" : 670608.00
  }, {
    "date" : "2026-02-04",
    "price" : 421.50,
    "dma50" : 430.40,
    "dma100" : 441.63,
    "dma200" : 406.16,
    "volume" : 505113.00
  }, {
    "date" : "2026-02-05",
    "price" : 414.90,
    "dma50" : 429.79,
    "dma100" : 441.94,
    "dma200" : 406.25,
    "volume" : 149817.00
  }, {
    "date" : "2026-02-06",
    "price" : 416.85,
    "dma50" : 429.28,
    "dma100" : 442.24,
    "dma200" : 406.36,
    "volume" : 203905.00
  }, {
    "date" : "2026-02-09",
    "price" : 437.15,
    "dma50" : 429.59,
    "dma100" : 442.75,
    "dma200" : 406.66,
    "volume" : 454565.00
  }, {
    "date" : "2026-02-10",
    "price" : 428.80,
    "dma50" : 429.56,
    "dma100" : 442.96,
    "dma200" : 406.88,
    "volume" : 512581.00
  }, {
    "date" : "2026-02-11",
    "price" : 421.15,
    "dma50" : 429.23,
    "dma100" : 443.15,
    "dma200" : 407.03,
    "volume" : 350707.00
  }, {
    "date" : "2026-02-12",
    "price" : 423.75,
    "dma50" : 429.01,
    "dma100" : 443.23,
    "dma200" : 407.19,
    "volume" : 1192736.00
  }, {
    "date" : "2026-02-13",
    "price" : 408.90,
    "dma50" : 428.23,
    "dma100" : 443.05,
    "dma200" : 407.21,
    "volume" : 242447.00
  }, {
    "date" : "2026-02-16",
    "price" : 414.95,
    "dma50" : 427.70,
    "dma100" : 442.89,
    "dma200" : 407.29,
    "volume" : 432012.00
  }, {
    "date" : "2026-02-17",
    "price" : 418.05,
    "dma50" : 427.33,
    "dma100" : 442.64,
    "dma200" : 407.39,
    "volume" : 408387.00
  }, {
    "date" : "2026-02-18",
    "price" : 418.00,
    "dma50" : 426.96,
    "dma100" : 442.36,
    "dma200" : 407.50,
    "volume" : 295478.00
  }, {
    "date" : "2026-02-19",
    "price" : 405.05,
    "dma50" : 426.10,
    "dma100" : 441.92,
    "dma200" : 407.47,
    "volume" : 216213.00
  } ],
  "latestTechnicalAttributes" : {
    "date" : "2026-02-19",
    "price" : 405.05,
    "dma50" : 426.10,
    "dma100" : 441.92,
    "dma200" : 407.47,
    "volume" : 216213.00
  },
  "quarterlyResults" : [ {
    "date" : "2005-03-31",
    "sales" : 319.15,
    "salesGrowthYoY" : null,
    "grossProfitMargin" : 44.64,
    "grossProfit" : 142.47,
    "operatingProfitMargin" : 15.23,
    "operatingProfit" : 48.61,
    "netProfitMargin" : 4.72,
    "netProfit" : 15.06
  }, {
    "date" : "2005-06-30",
    "sales" : 264.04,
    "salesGrowthYoY" : null,
    "grossProfitMargin" : 56.66,
    "grossProfit" : 149.61,
    "operatingProfitMargin" : 21.44,
    "operatingProfit" : 56.61,
    "netProfitMargin" : 5.01,
    "netProfit" : 13.23
  }, {
    "date" : "2005-09-30",
    "sales" : 295.35,
    "salesGrowthYoY" : null,
    "grossProfitMargin" : 47.46,
    "grossProfit" : 140.17,
    "operatingProfitMargin" : 20.12,
    "operatingProfit" : 59.42,
    "netProfitMargin" : 5.03,
    "netProfit" : 14.86
  }, {
    "date" : "2005-12-31",
    "sales" : 315.80,
    "salesGrowthYoY" : null,
    "grossProfitMargin" : 47.94,
    "grossProfit" : 151.39,
    "operatingProfitMargin" : 19.79,
    "operatingProfit" : 62.50,
    "netProfitMargin" : 5.22,
    "netProfit" : 16.48
  }, {
    "date" : "2006-03-31",
    "sales" : 356.59,
    "salesGrowthYoY" : 11.73,
    "grossProfitMargin" : 45.46,
    "grossProfit" : 162.11,
    "operatingProfitMargin" : 17.35,
    "operatingProfit" : 61.87,
    "netProfitMargin" : 5.72,
    "netProfit" : 20.40
  }, {
    "date" : "2006-06-30",
    "sales" : 303.90,
    "salesGrowthYoY" : 15.10,
    "grossProfitMargin" : 50.02,
    "grossProfit" : 152.01,
    "operatingProfitMargin" : 17.35,
    "operatingProfit" : 52.73,
    "netProfitMargin" : 4.30,
    "netProfit" : 13.07
  }, {
    "date" : "2006-09-30",
    "sales" : 351.45,
    "salesGrowthYoY" : 18.99,
    "grossProfitMargin" : 50.61,
    "grossProfit" : 177.87,
    "operatingProfitMargin" : 18.76,
    "operatingProfit" : 65.93,
    "netProfitMargin" : 6.75,
    "netProfit" : 23.72
  }, {
    "date" : "2006-12-31",
    "sales" : 351.39,
    "salesGrowthYoY" : 11.27,
    "grossProfitMargin" : 53.68,
    "grossProfit" : 188.63,
    "operatingProfitMargin" : 21.49,
    "operatingProfit" : 75.51,
    "netProfitMargin" : 8.09,
    "netProfit" : 28.43
  }, {
    "date" : "2007-03-31",
    "sales" : 401.86,
    "salesGrowthYoY" : 12.70,
    "grossProfitMargin" : 46.83,
    "grossProfit" : 188.19,
    "operatingProfitMargin" : 19.27,
    "operatingProfit" : 77.44,
    "netProfitMargin" : 7.22,
    "netProfit" : 29.01
  }, {
    "date" : "2007-06-30",
    "sales" : 370.98,
    "salesGrowthYoY" : 22.07,
    "grossProfitMargin" : 52.16,
    "grossProfit" : 193.50,
    "operatingProfitMargin" : 20.90,
    "operatingProfit" : 77.53,
    "netProfitMargin" : 7.92,
    "netProfit" : 29.38
  }, {
    "date" : "2007-09-30",
    "sales" : 389.20,
    "salesGrowthYoY" : 10.74,
    "grossProfitMargin" : 42.74,
    "grossProfit" : 166.34,
    "operatingProfitMargin" : 21.65,
    "operatingProfit" : 84.26,
    "netProfitMargin" : 9.21,
    "netProfit" : 35.85
  }, {
    "date" : "2007-12-31",
    "sales" : 402.65,
    "salesGrowthYoY" : 14.59,
    "grossProfitMargin" : 50.24,
    "grossProfit" : 202.29,
    "operatingProfitMargin" : 19.71,
    "operatingProfit" : 79.36,
    "netProfitMargin" : 8.06,
    "netProfit" : 32.45
  }, {
    "date" : "2008-03-31",
    "sales" : 494.51,
    "salesGrowthYoY" : 23.06,
    "grossProfitMargin" : 45.22,
    "grossProfit" : 223.62,
    "operatingProfitMargin" : 20.56,
    "operatingProfit" : 101.67,
    "netProfitMargin" : 8.96,
    "netProfit" : 44.31
  }, {
    "date" : "2008-06-30",
    "sales" : 494.89,
    "salesGrowthYoY" : 33.40,
    "grossProfitMargin" : 62.61,
    "grossProfit" : 309.85,
    "operatingProfitMargin" : 26.72,
    "operatingProfit" : 132.23,
    "netProfitMargin" : 11.46,
    "netProfit" : 56.71
  }, {
    "date" : "2008-09-30",
    "sales" : 596.79,
    "salesGrowthYoY" : 53.34,
    "grossProfitMargin" : 49.52,
    "grossProfit" : 295.53,
    "operatingProfitMargin" : 18.63,
    "operatingProfit" : 111.18,
    "netProfitMargin" : 7.01,
    "netProfit" : 41.83
  }, {
    "date" : "2008-12-31",
    "sales" : 513.24,
    "salesGrowthYoY" : 27.47,
    "grossProfitMargin" : 47.80,
    "grossProfit" : 245.33,
    "operatingProfitMargin" : 18.80,
    "operatingProfit" : 96.49,
    "netProfitMargin" : 5.21,
    "netProfit" : 26.74
  }, {
    "date" : "2009-03-31",
    "sales" : 531.64,
    "salesGrowthYoY" : 7.51,
    "grossProfitMargin" : 39.20,
    "grossProfit" : 208.40,
    "operatingProfitMargin" : 14.74,
    "operatingProfit" : 78.36,
    "netProfitMargin" : 4.00,
    "netProfit" : 21.27
  }, {
    "date" : "2009-06-30",
    "sales" : 411.70,
    "salesGrowthYoY" : -16.81,
    "grossProfitMargin" : 51.17,
    "grossProfit" : 210.67,
    "operatingProfitMargin" : 17.71,
    "operatingProfit" : 72.91,
    "netProfitMargin" : 3.25,
    "netProfit" : 13.38
  }, {
    "date" : "2009-09-30",
    "sales" : 485.75,
    "salesGrowthYoY" : -18.61,
    "grossProfitMargin" : 45.37,
    "grossProfit" : 220.38,
    "operatingProfitMargin" : 16.14,
    "operatingProfit" : 78.40,
    "netProfitMargin" : 3.02,
    "netProfit" : 14.67
  }, {
    "date" : "2009-12-31",
    "sales" : 439.87,
    "salesGrowthYoY" : -14.30,
    "grossProfitMargin" : 55.50,
    "grossProfit" : 244.13,
    "operatingProfitMargin" : 23.23,
    "operatingProfit" : 102.18,
    "netProfitMargin" : 4.19,
    "netProfit" : 18.43
  }, {
    "date" : "2010-03-31",
    "sales" : 524.34,
    "salesGrowthYoY" : -1.37,
    "grossProfitMargin" : 44.57,
    "grossProfit" : 233.70,
    "operatingProfitMargin" : 18.52,
    "operatingProfit" : 97.11,
    "netProfitMargin" : 8.72,
    "netProfit" : 45.72
  }, {
    "date" : "2010-06-30",
    "sales" : 550.21,
    "salesGrowthYoY" : 33.64,
    "grossProfitMargin" : 61.84,
    "grossProfit" : 340.25,
    "operatingProfitMargin" : 21.89,
    "operatingProfit" : 120.44,
    "netProfitMargin" : 5.53,
    "netProfit" : 30.43
  }, {
    "date" : "2010-09-30",
    "sales" : 644.39,
    "salesGrowthYoY" : 32.66,
    "grossProfitMargin" : 46.58,
    "grossProfit" : 300.16,
    "operatingProfitMargin" : 20.22,
    "operatingProfit" : 130.30,
    "netProfitMargin" : 5.04,
    "netProfit" : 32.48
  }, {
    "date" : "2010-12-31",
    "sales" : 613.41,
    "salesGrowthYoY" : 39.45,
    "grossProfitMargin" : 45.77,
    "grossProfit" : 280.76,
    "operatingProfitMargin" : 15.84,
    "operatingProfit" : 97.16,
    "netProfitMargin" : 0.58,
    "netProfit" : 3.56
  }, {
    "date" : "2011-03-31",
    "sales" : 721.88,
    "salesGrowthYoY" : 37.67,
    "grossProfitMargin" : 48.24,
    "grossProfit" : 348.23,
    "operatingProfitMargin" : 17.39,
    "operatingProfit" : 125.53,
    "netProfitMargin" : 4.58,
    "netProfit" : 33.06
  }, {
    "date" : "2011-06-30",
    "sales" : 607.58,
    "salesGrowthYoY" : 10.43,
    "grossProfitMargin" : 54.69,
    "grossProfit" : 332.29,
    "operatingProfitMargin" : 18.45,
    "operatingProfit" : 112.10,
    "netProfitMargin" : 1.26,
    "netProfit" : 7.66
  }, {
    "date" : "2011-09-30",
    "sales" : 685.46,
    "salesGrowthYoY" : 6.37,
    "grossProfitMargin" : 46.19,
    "grossProfit" : 316.61,
    "operatingProfitMargin" : 15.81,
    "operatingProfit" : 108.37,
    "netProfitMargin" : 7.08,
    "netProfit" : 48.53
  }, {
    "date" : "2011-12-31",
    "sales" : 712.84,
    "salesGrowthYoY" : 16.21,
    "grossProfitMargin" : 44.61,
    "grossProfit" : 318.00,
    "operatingProfitMargin" : 7.60,
    "operatingProfit" : 54.18,
    "netProfitMargin" : -6.70,
    "netProfit" : -47.76
  }, {
    "date" : "2012-03-31",
    "sales" : 831.01,
    "salesGrowthYoY" : 15.12,
    "grossProfitMargin" : 46.14,
    "grossProfit" : 383.43,
    "operatingProfitMargin" : 10.99,
    "operatingProfit" : 91.33,
    "netProfitMargin" : -2.95,
    "netProfit" : -24.51
  }, {
    "date" : "2012-06-30",
    "sales" : 728.48,
    "salesGrowthYoY" : 19.90,
    "grossProfitMargin" : 53.82,
    "grossProfit" : 392.07,
    "operatingProfitMargin" : 12.73,
    "operatingProfit" : 92.74,
    "netProfitMargin" : -1.49,
    "netProfit" : -10.85
  }, {
    "date" : "2012-09-30",
    "sales" : 774.72,
    "salesGrowthYoY" : 13.02,
    "grossProfitMargin" : 47.48,
    "grossProfit" : 367.84,
    "operatingProfitMargin" : 18.37,
    "operatingProfit" : 142.32,
    "netProfitMargin" : 0.84,
    "netProfit" : 6.51
  }, {
    "date" : "2012-12-31",
    "sales" : 739.73,
    "salesGrowthYoY" : 3.77,
    "grossProfitMargin" : 55.12,
    "grossProfit" : 407.74,
    "operatingProfitMargin" : 18.50,
    "operatingProfit" : 136.85,
    "netProfitMargin" : 0.33,
    "netProfit" : 2.44
  }, {
    "date" : "2013-03-31",
    "sales" : 801.60,
    "salesGrowthYoY" : -3.54,
    "grossProfitMargin" : 52.68,
    "grossProfit" : 422.28,
    "operatingProfitMargin" : 19.61,
    "operatingProfit" : 157.19,
    "netProfitMargin" : 1.12,
    "netProfit" : 8.98
  }, {
    "date" : "2013-06-30",
    "sales" : 739.95,
    "salesGrowthYoY" : 1.57,
    "grossProfitMargin" : 64.03,
    "grossProfit" : 473.79,
    "operatingProfitMargin" : 18.68,
    "operatingProfit" : 138.22,
    "netProfitMargin" : 0.30,
    "netProfit" : 2.22
  }, {
    "date" : "2013-09-30",
    "sales" : 709.59,
    "salesGrowthYoY" : -8.41,
    "grossProfitMargin" : 64.79,
    "grossProfit" : 459.74,
    "operatingProfitMargin" : 22.21,
    "operatingProfit" : 157.60,
    "netProfitMargin" : 0.24,
    "netProfit" : 1.70
  }, {
    "date" : "2013-12-31",
    "sales" : 827.91,
    "salesGrowthYoY" : 11.92,
    "grossProfitMargin" : 63.47,
    "grossProfit" : 525.47,
    "operatingProfitMargin" : 21.53,
    "operatingProfit" : 178.25,
    "netProfitMargin" : 0.12,
    "netProfit" : 0.99
  }, {
    "date" : "2014-03-31",
    "sales" : 1009.67,
    "salesGrowthYoY" : 25.96,
    "grossProfitMargin" : 47.25,
    "grossProfit" : 477.07,
    "operatingProfitMargin" : 13.96,
    "operatingProfit" : 140.95,
    "netProfitMargin" : -3.03,
    "netProfit" : -30.59
  }, {
    "date" : "2014-06-30",
    "sales" : 920.11,
    "salesGrowthYoY" : 24.35,
    "grossProfitMargin" : 55.99,
    "grossProfit" : 515.17,
    "operatingProfitMargin" : 18.13,
    "operatingProfit" : 166.82,
    "netProfitMargin" : -3.93,
    "netProfit" : -36.16
  }, {
    "date" : "2014-09-30",
    "sales" : 955.53,
    "salesGrowthYoY" : 34.66,
    "grossProfitMargin" : 55.60,
    "grossProfit" : 531.27,
    "operatingProfitMargin" : 17.43,
    "operatingProfit" : 166.55,
    "netProfitMargin" : -0.23,
    "netProfit" : -2.20
  }, {
    "date" : "2014-12-31",
    "sales" : 888.39,
    "salesGrowthYoY" : 7.31,
    "grossProfitMargin" : 63.19,
    "grossProfit" : 561.37,
    "operatingProfitMargin" : 17.46,
    "operatingProfit" : 155.11,
    "netProfitMargin" : -4.04,
    "netProfit" : -35.89
  }, {
    "date" : "2015-03-31",
    "sales" : 982.02,
    "salesGrowthYoY" : -2.74,
    "grossProfitMargin" : 53.66,
    "grossProfit" : 526.95,
    "operatingProfitMargin" : 12.14,
    "operatingProfit" : 119.22,
    "netProfitMargin" : -12.42,
    "netProfit" : -121.97
  }, {
    "date" : "2015-06-30",
    "sales" : 876.33,
    "salesGrowthYoY" : -4.76,
    "grossProfitMargin" : 48.25,
    "grossProfit" : 422.83,
    "operatingProfitMargin" : 12.04,
    "operatingProfit" : 105.51,
    "netProfitMargin" : -10.45,
    "netProfit" : -91.58
  }, {
    "date" : "2015-09-30",
    "sales" : 845.05,
    "salesGrowthYoY" : -11.56,
    "grossProfitMargin" : 41.78,
    "grossProfit" : 353.06,
    "operatingProfitMargin" : 5.26,
    "operatingProfit" : 44.45,
    "netProfitMargin" : -10.72,
    "netProfit" : -90.59
  }, {
    "date" : "2015-12-31",
    "sales" : 860.32,
    "salesGrowthYoY" : -3.16,
    "grossProfitMargin" : 47.52,
    "grossProfit" : 408.82,
    "operatingProfitMargin" : 12.92,
    "operatingProfit" : 111.15,
    "netProfitMargin" : -9.69,
    "netProfit" : -83.37
  }, {
    "date" : "2016-03-31",
    "sales" : 850.09,
    "salesGrowthYoY" : -13.43,
    "grossProfitMargin" : 49.17,
    "grossProfit" : 417.99,
    "operatingProfitMargin" : 3.51,
    "operatingProfit" : 29.84,
    "netProfitMargin" : -18.85,
    "netProfit" : -160.24
  }, {
    "date" : "2016-06-30",
    "sales" : 832.02,
    "salesGrowthYoY" : -5.06,
    "grossProfitMargin" : 54.86,
    "grossProfit" : 456.45,
    "operatingProfitMargin" : 12.33,
    "operatingProfit" : 102.59,
    "netProfitMargin" : -3.92,
    "netProfit" : -32.62
  }, {
    "date" : "2016-09-30",
    "sales" : 770.76,
    "salesGrowthYoY" : -8.79,
    "grossProfitMargin" : 60.24,
    "grossProfit" : 464.31,
    "operatingProfitMargin" : 14.64,
    "operatingProfit" : 112.84,
    "netProfitMargin" : -8.45,
    "netProfit" : -65.13
  }, {
    "date" : "2016-12-31",
    "sales" : 782.90,
    "salesGrowthYoY" : -9.00,
    "grossProfitMargin" : 54.22,
    "grossProfit" : 424.49,
    "operatingProfitMargin" : 12.21,
    "operatingProfit" : 95.59,
    "netProfitMargin" : -13.82,
    "netProfit" : -108.20
  }, {
    "date" : "2017-03-31",
    "sales" : 860.86,
    "salesGrowthYoY" : 1.27,
    "grossProfitMargin" : 48.52,
    "grossProfit" : 417.69,
    "operatingProfitMargin" : 4.22,
    "operatingProfit" : 36.33,
    "netProfitMargin" : -17.31,
    "netProfit" : -149.01
  }, {
    "date" : "2017-06-30",
    "sales" : 935.99,
    "salesGrowthYoY" : 12.50,
    "grossProfitMargin" : 46.60,
    "grossProfit" : 436.17,
    "operatingProfitMargin" : 9.76,
    "operatingProfit" : 91.35,
    "netProfitMargin" : -11.60,
    "netProfit" : -108.57
  }, {
    "date" : "2017-09-30",
    "sales" : 347.24,
    "salesGrowthYoY" : -54.95,
    "grossProfitMargin" : 35.51,
    "grossProfit" : 123.30,
    "operatingProfitMargin" : -18.96,
    "operatingProfit" : -65.84,
    "netProfitMargin" : -24.99,
    "netProfit" : -86.78
  }, {
    "date" : "2017-12-31",
    "sales" : 342.98,
    "salesGrowthYoY" : -56.19,
    "grossProfitMargin" : 35.49,
    "grossProfit" : 121.72,
    "operatingProfitMargin" : -27.62,
    "operatingProfit" : -94.73,
    "netProfitMargin" : -32.25,
    "netProfit" : -110.61
  }, {
    "date" : "2018-03-31",
    "sales" : 391.20,
    "salesGrowthYoY" : -54.56,
    "grossProfitMargin" : 30.18,
    "grossProfit" : 118.06,
    "operatingProfitMargin" : 0.88,
    "operatingProfit" : 3.44,
    "netProfitMargin" : -5.18,
    "netProfit" : -20.26
  }, {
    "date" : "2018-06-30",
    "sales" : 417.09,
    "salesGrowthYoY" : -55.44,
    "grossProfitMargin" : 37.20,
    "grossProfit" : 155.16,
    "operatingProfitMargin" : 8.90,
    "operatingProfit" : 37.12,
    "netProfitMargin" : 4.62,
    "netProfit" : 19.27
  }, {
    "date" : "2018-09-30",
    "sales" : 421.58,
    "salesGrowthYoY" : 21.41,
    "grossProfitMargin" : 35.23,
    "grossProfit" : 148.52,
    "operatingProfitMargin" : 8.67,
    "operatingProfit" : 36.55,
    "netProfitMargin" : 6.86,
    "netProfit" : 28.92
  }, {
    "date" : "2018-12-31",
    "sales" : 431.19,
    "salesGrowthYoY" : 25.72,
    "grossProfitMargin" : 34.62,
    "grossProfit" : 149.28,
    "operatingProfitMargin" : -5.35,
    "operatingProfit" : -23.07,
    "netProfitMargin" : -10.65,
    "netProfit" : -45.92
  }, {
    "date" : "2019-03-31",
    "sales" : 434.00,
    "salesGrowthYoY" : 10.94,
    "grossProfitMargin" : 36.37,
    "grossProfit" : 157.85,
    "operatingProfitMargin" : -34.88,
    "operatingProfit" : -151.38,
    "netProfitMargin" : 11.76,
    "netProfit" : 51.04
  }, {
    "date" : "2019-06-30",
    "sales" : 360.81,
    "salesGrowthYoY" : -13.49,
    "grossProfitMargin" : 38.99,
    "grossProfit" : 140.68,
    "operatingProfitMargin" : 12.64,
    "operatingProfit" : 45.61,
    "netProfitMargin" : 102.86,
    "netProfit" : 371.13
  }, {
    "date" : "2019-09-30",
    "sales" : 364.62,
    "salesGrowthYoY" : -13.51,
    "grossProfitMargin" : 37.30,
    "grossProfit" : 136.00,
    "operatingProfitMargin" : 10.87,
    "operatingProfit" : 39.63,
    "netProfitMargin" : 4.54,
    "netProfit" : 16.55
  }, {
    "date" : "2019-12-31",
    "sales" : 360.75,
    "salesGrowthYoY" : -16.34,
    "grossProfitMargin" : 40.58,
    "grossProfit" : 146.39,
    "operatingProfitMargin" : 11.89,
    "operatingProfit" : 42.89,
    "netProfitMargin" : 2.88,
    "netProfit" : 10.39
  }, {
    "date" : "2020-03-31",
    "sales" : 306.44,
    "salesGrowthYoY" : -29.39,
    "grossProfitMargin" : 42.22,
    "grossProfit" : 129.38,
    "operatingProfitMargin" : 5.71,
    "operatingProfit" : 17.50,
    "netProfitMargin" : -0.87,
    "netProfit" : -2.67
  }, {
    "date" : "2020-06-30",
    "sales" : 227.92,
    "salesGrowthYoY" : -36.83,
    "grossProfitMargin" : 41.69,
    "grossProfit" : 95.02,
    "operatingProfitMargin" : 10.52,
    "operatingProfit" : 23.98,
    "netProfitMargin" : 3.61,
    "netProfit" : 8.23
  }, {
    "date" : "2020-09-30",
    "sales" : 312.36,
    "salesGrowthYoY" : -14.33,
    "grossProfitMargin" : 40.12,
    "grossProfit" : 125.32,
    "operatingProfitMargin" : 13.93,
    "operatingProfit" : 43.51,
    "netProfitMargin" : 6.99,
    "netProfit" : 21.83
  }, {
    "date" : "2020-12-31",
    "sales" : 364.80,
    "salesGrowthYoY" : 1.12,
    "grossProfitMargin" : 37.66,
    "grossProfit" : 137.38,
    "operatingProfitMargin" : 13.68,
    "operatingProfit" : 49.90,
    "netProfitMargin" : 6.67,
    "netProfit" : 24.33
  }, {
    "date" : "2021-03-31",
    "sales" : 440.52,
    "salesGrowthYoY" : 43.75,
    "grossProfitMargin" : 38.97,
    "grossProfit" : 171.67,
    "operatingProfitMargin" : 15.04,
    "operatingProfit" : 66.25,
    "netProfitMargin" : 10.47,
    "netProfit" : 46.12
  }, {
    "date" : "2021-06-30",
    "sales" : 402.66,
    "salesGrowthYoY" : 76.67,
    "grossProfitMargin" : 39.58,
    "grossProfit" : 159.37,
    "operatingProfitMargin" : 13.87,
    "operatingProfit" : 55.85,
    "netProfitMargin" : 8.57,
    "netProfit" : 34.51
  }, {
    "date" : "2021-09-30",
    "sales" : 421.23,
    "salesGrowthYoY" : 34.85,
    "grossProfitMargin" : 38.22,
    "grossProfit" : 160.99,
    "operatingProfitMargin" : 13.56,
    "operatingProfit" : 57.12,
    "netProfitMargin" : 9.98,
    "netProfit" : 42.04
  }, {
    "date" : "2021-12-31",
    "sales" : 471.46,
    "salesGrowthYoY" : 29.24,
    "grossProfitMargin" : 38.56,
    "grossProfit" : 181.79,
    "operatingProfitMargin" : 13.54,
    "operatingProfit" : 63.84,
    "netProfitMargin" : 8.91,
    "netProfit" : 42.01
  }, {
    "date" : "2022-03-31",
    "sales" : 514.70,
    "salesGrowthYoY" : 16.84,
    "grossProfitMargin" : 37.19,
    "grossProfit" : 191.42,
    "operatingProfitMargin" : 14.08,
    "operatingProfit" : 72.47,
    "netProfitMargin" : 12.21,
    "netProfit" : 62.84
  }, {
    "date" : "2022-06-30",
    "sales" : 515.56,
    "salesGrowthYoY" : 28.04,
    "grossProfitMargin" : 38.53,
    "grossProfit" : 198.65,
    "operatingProfitMargin" : 13.72,
    "operatingProfit" : 70.73,
    "netProfitMargin" : 10.41,
    "netProfit" : 53.67
  }, {
    "date" : "2022-09-30",
    "sales" : 518.82,
    "salesGrowthYoY" : 23.17,
    "grossProfitMargin" : 37.89,
    "grossProfit" : 196.58,
    "operatingProfitMargin" : 13.11,
    "operatingProfit" : 68.02,
    "netProfitMargin" : 8.69,
    "netProfit" : 45.09
  }, {
    "date" : "2022-12-31",
    "sales" : 496.09,
    "salesGrowthYoY" : 5.22,
    "grossProfitMargin" : 40.56,
    "grossProfit" : 201.21,
    "operatingProfitMargin" : 15.28,
    "operatingProfit" : 75.80,
    "netProfitMargin" : 10.46,
    "netProfit" : 51.89
  }, {
    "date" : "2023-03-31",
    "sales" : 511.24,
    "salesGrowthYoY" : -0.67,
    "grossProfitMargin" : 42.14,
    "grossProfit" : 215.44,
    "operatingProfitMargin" : 16.33,
    "operatingProfit" : 83.49,
    "netProfitMargin" : 12.34,
    "netProfit" : 63.09
  }, {
    "date" : "2023-06-30",
    "sales" : 500.64,
    "salesGrowthYoY" : -2.89,
    "grossProfitMargin" : 42.73,
    "grossProfit" : 213.92,
    "operatingProfitMargin" : 18.20,
    "operatingProfit" : 91.12,
    "netProfitMargin" : 15.66,
    "netProfit" : 78.40
  }, {
    "date" : "2023-09-30",
    "sales" : 498.39,
    "salesGrowthYoY" : -3.94,
    "grossProfitMargin" : 45.96,
    "grossProfit" : 229.06,
    "operatingProfitMargin" : 20.04,
    "operatingProfit" : 99.88,
    "netProfitMargin" : 18.29,
    "netProfit" : 91.16
  }, {
    "date" : "2023-12-31",
    "sales" : 531.96,
    "salesGrowthYoY" : 7.23,
    "grossProfitMargin" : 45.24,
    "grossProfit" : 240.66,
    "operatingProfitMargin" : 21.10,
    "operatingProfit" : 112.24,
    "netProfitMargin" : 15.30,
    "netProfit" : 81.39
  }, {
    "date" : "2024-03-31",
    "sales" : 515.10,
    "salesGrowthYoY" : 0.76,
    "grossProfitMargin" : 46.34,
    "grossProfit" : 238.70,
    "operatingProfitMargin" : 18.82,
    "operatingProfit" : 96.94,
    "netProfitMargin" : 13.81,
    "netProfit" : 71.14
  }, {
    "date" : "2024-06-30",
    "sales" : 514.11,
    "salesGrowthYoY" : 2.69,
    "grossProfitMargin" : 46.90,
    "grossProfit" : 241.12,
    "operatingProfitMargin" : 19.72,
    "operatingProfit" : 101.38,
    "netProfitMargin" : 13.39,
    "netProfit" : 68.84
  }, {
    "date" : "2024-09-30",
    "sales" : 547.47,
    "salesGrowthYoY" : 9.85,
    "grossProfitMargin" : 44.68,
    "grossProfit" : 244.61,
    "operatingProfitMargin" : 19.31,
    "operatingProfit" : 105.72,
    "netProfitMargin" : 14.25,
    "netProfit" : 78.01
  }, {
    "date" : "2024-12-31",
    "sales" : 565.32,
    "salesGrowthYoY" : 6.27,
    "grossProfitMargin" : 46.32,
    "grossProfit" : 261.86,
    "operatingProfitMargin" : 20.33,
    "operatingProfit" : 114.93,
    "netProfitMargin" : 13.63,
    "netProfit" : 77.05
  }, {
    "date" : "2025-03-31",
    "sales" : 544.16,
    "salesGrowthYoY" : 5.64,
    "grossProfitMargin" : 43.71,
    "grossProfit" : 237.85,
    "operatingProfitMargin" : 18.36,
    "operatingProfit" : 99.91,
    "netProfitMargin" : 14.38,
    "netProfit" : 78.25
  }, {
    "date" : "2025-06-30",
    "sales" : 540.11,
    "salesGrowthYoY" : 5.06,
    "grossProfitMargin" : 45.33,
    "grossProfit" : 244.83,
    "operatingProfitMargin" : 17.74,
    "operatingProfit" : 95.82,
    "netProfitMargin" : 13.12,
    "netProfit" : 70.86
  }, {
    "date" : "2025-09-30",
    "sales" : 550.79,
    "salesGrowthYoY" : 0.61,
    "grossProfitMargin" : 48.06,
    "grossProfit" : 264.71,
    "operatingProfitMargin" : 20.80,
    "operatingProfit" : 114.56,
    "netProfitMargin" : 17.67,
    "netProfit" : 97.32
  }, {
    "date" : "2025-12-31",
    "sales" : 581.54,
    "salesGrowthYoY" : 2.87,
    "grossProfitMargin" : 47.80,
    "grossProfit" : 277.98,
    "operatingProfitMargin" : 21.52,
    "operatingProfit" : 125.15,
    "netProfitMargin" : 14.44,
    "netProfit" : 83.97
  } ],
  "latestQuarterlyResult" : {
    "date" : "2025-12-31",
    "sales" : 581.54,
    "salesGrowthYoY" : 2.87,
    "grossProfitMargin" : 47.80,
    "grossProfit" : 277.98,
    "operatingProfitMargin" : 21.52,
    "operatingProfit" : 125.15,
    "netProfitMargin" : 14.44,
    "netProfit" : 83.97
  },
  "companyScore" : {
    "priceHigherThanDma50" : 0.00,
    "priceHigherThanDma100" : 0.00,
    "priceHigherThanDma200" : 0.00,
    "dma50HigherThanDma100" : 0.00,
    "dma50HigherThanDma200" : 5.00,
    "dma100HigherThanDma200" : 5.00,
    "pricePercentageAboveDma50" : 5.25,
    "pricePercentageAboveDma100" : 5.42,
    "pricePercentageAboveDma200" : 5.03,
    "weeklyVolumeHigherThanYearlyVolume" : 0.00,
    "salesGrowthPercentile" : 8.89,
    "operatingProfitMarginPercentile" : 18.57,
    "netProfitMarginPercentile" : 9.40,
    "totalTechnicalScore" : 25.69,
    "totalFundamentalScore" : 36.87,
    "totalScore" : 62.56
  }
}