{
  "metadata" : {
    "screenerCompanyId" : "3579",
    "companyCode" : "UTTAMSUGAR",
    "companyName" : "Uttam Sug.Mills",
    "screenerCompanyLink" : "https://www.screener.in/company/UTTAMSUGAR/consolidated/",
    "screenerTechnicalHistoryLink" : "https://www.screener.in/api/company/3579/chart/?q=Price-DMA50-DMA200-Volume&days=365",
    "screenerQuarterlyResultsLink" : "https://www.screener.in/api/company/3579/chart/?q=GPM-OPM-NPM-Quarter+Sales&days=10000",
    "attributes" : {
      "companyCode" : "UTTAMSUGAR",
      "companyName" : "Uttam Sug.Mills",
      "marketCap" : 1028.00,
      "peRatio" : 9.13,
      "description" : "Incorporated in 1993, Uttam Sugar Mills Ltd manufactures Sugar, Industrial Alcohol and does Power Generation[1]"
    },
    "companyScore" : {
      "priceHigherThanDma50" : 5.00,
      "priceHigherThanDma100" : 5.00,
      "priceHigherThanDma200" : 5.00,
      "dma50HigherThanDma100" : 0.00,
      "dma50HigherThanDma200" : 0.00,
      "dma100HigherThanDma200" : 0.00,
      "pricePercentageAboveDma50" : 4.55,
      "pricePercentageAboveDma100" : 4.66,
      "pricePercentageAboveDma200" : 4.89,
      "weeklyVolumeHigherThanYearlyVolume" : 5.00,
      "salesGrowthPercentile" : 16.92,
      "operatingProfitMarginPercentile" : 13.79,
      "netProfitMarginPercentile" : 8.40,
      "totalTechnicalScore" : 34.10,
      "totalFundamentalScore" : 39.12,
      "totalScore" : 73.22
    }
  },
  "attributes" : {
    "companyCode" : "UTTAMSUGAR",
    "companyName" : "Uttam Sug.Mills",
    "marketCap" : 1028.00,
    "peRatio" : 9.13,
    "description" : "Incorporated in 1993, Uttam Sugar Mills Ltd manufactures Sugar, Industrial Alcohol and does Power Generation[1]"
  },
  "technicalHistory" : [ {
    "date" : "2024-12-23",
    "price" : 263.15,
    "dma50" : 300.76,
    "dma100" : null,
    "dma200" : 329.62,
    "volume" : 46976.00
  }, {
    "date" : "2024-12-24",
    "price" : 265.30,
    "dma50" : 299.37,
    "dma100" : null,
    "dma200" : 328.98,
    "volume" : 41348.00
  }, {
    "date" : "2024-12-26",
    "price" : 261.45,
    "dma50" : 297.89,
    "dma100" : null,
    "dma200" : 328.31,
    "volume" : 31416.00
  }, {
    "date" : "2024-12-27",
    "price" : 259.05,
    "dma50" : 296.36,
    "dma100" : null,
    "dma200" : 327.62,
    "volume" : 56133.00
  }, {
    "date" : "2024-12-30",
    "price" : 257.90,
    "dma50" : 294.85,
    "dma100" : null,
    "dma200" : 326.92,
    "volume" : 59802.00
  }, {
    "date" : "2024-12-31",
    "price" : 259.90,
    "dma50" : 293.48,
    "dma100" : null,
    "dma200" : 326.26,
    "volume" : 35255.00
  }, {
    "date" : "2025-01-01",
    "price" : 266.30,
    "dma50" : 292.42,
    "dma100" : null,
    "dma200" : 325.66,
    "volume" : 49084.00
  }, {
    "date" : "2025-01-02",
    "price" : 262.40,
    "dma50" : 291.24,
    "dma100" : null,
    "dma200" : 325.03,
    "volume" : 28820.00
  }, {
    "date" : "2025-01-03",
    "price" : 261.60,
    "dma50" : 290.08,
    "dma100" : null,
    "dma200" : 324.40,
    "volume" : 55097.00
  }, {
    "date" : "2025-01-06",
    "price" : 253.40,
    "dma50" : 288.64,
    "dma100" : null,
    "dma200" : 323.69,
    "volume" : 58643.00
  }, {
    "date" : "2025-01-07",
    "price" : 253.40,
    "dma50" : 287.26,
    "dma100" : null,
    "dma200" : 322.99,
    "volume" : 38906.00
  }, {
    "date" : "2025-01-08",
    "price" : 251.30,
    "dma50" : 285.85,
    "dma100" : null,
    "dma200" : 322.28,
    "volume" : 31702.00
  }, {
    "date" : "2025-01-09",
    "price" : 250.85,
    "dma50" : 284.48,
    "dma100" : null,
    "dma200" : 321.57,
    "volume" : 37005.00
  }, {
    "date" : "2025-01-10",
    "price" : 242.55,
    "dma50" : 282.83,
    "dma100" : null,
    "dma200" : 320.78,
    "volume" : 58244.00
  }, {
    "date" : "2025-01-13",
    "price" : 218.85,
    "dma50" : 280.32,
    "dma100" : null,
    "dma200" : 319.77,
    "volume" : 226147.00
  }, {
    "date" : "2025-01-14",
    "price" : 226.20,
    "dma50" : 278.20,
    "dma100" : null,
    "dma200" : 318.84,
    "volume" : 93974.00
  }, {
    "date" : "2025-01-15",
    "price" : 220.10,
    "dma50" : 275.92,
    "dma100" : null,
    "dma200" : 317.86,
    "volume" : 69623.00
  }, {
    "date" : "2025-01-16",
    "price" : 230.65,
    "dma50" : 274.15,
    "dma100" : null,
    "dma200" : 316.99,
    "volume" : 191701.00
  }, {
    "date" : "2025-01-17",
    "price" : 229.20,
    "dma50" : 272.38,
    "dma100" : null,
    "dma200" : 316.11,
    "volume" : 46428.00
  }, {
    "date" : "2025-01-20",
    "price" : 237.30,
    "dma50" : 271.01,
    "dma100" : null,
    "dma200" : 315.33,
    "volume" : 192902.00
  }, {
    "date" : "2025-01-21",
    "price" : 229.75,
    "dma50" : 269.39,
    "dma100" : null,
    "dma200" : 314.48,
    "volume" : 107165.00
  }, {
    "date" : "2025-01-22",
    "price" : 223.40,
    "dma50" : 267.59,
    "dma100" : null,
    "dma200" : 313.57,
    "volume" : 69912.00
  }, {
    "date" : "2025-01-23",
    "price" : 221.70,
    "dma50" : 265.79,
    "dma100" : null,
    "dma200" : 312.66,
    "volume" : 32336.00
  }, {
    "date" : "2025-01-24",
    "price" : 217.70,
    "dma50" : 263.90,
    "dma100" : null,
    "dma200" : 311.71,
    "volume" : 55841.00
  }, {
    "date" : "2025-01-27",
    "price" : 207.90,
    "dma50" : 261.70,
    "dma100" : null,
    "dma200" : 310.68,
    "volume" : 73261.00
  }, {
    "date" : "2025-01-28",
    "price" : 206.30,
    "dma50" : 259.53,
    "dma100" : null,
    "dma200" : 309.64,
    "volume" : 55242.00
  }, {
    "date" : "2025-01-29",
    "price" : 218.00,
    "dma50" : 257.90,
    "dma100" : null,
    "dma200" : 308.73,
    "volume" : 69096.00
  }, {
    "date" : "2025-01-30",
    "price" : 215.70,
    "dma50" : 256.25,
    "dma100" : null,
    "dma200" : 307.80,
    "volume" : 54688.00
  }, {
    "date" : "2025-01-31",
    "price" : 222.40,
    "dma50" : 254.92,
    "dma100" : null,
    "dma200" : 306.95,
    "volume" : 70067.00
  }, {
    "date" : "2025-02-01",
    "price" : 224.67,
    "dma50" : 253.73,
    "dma100" : null,
    "dma200" : 306.14,
    "volume" : 42285.00
  }, {
    "date" : "2025-02-03",
    "price" : 217.77,
    "dma50" : 252.32,
    "dma100" : null,
    "dma200" : 305.26,
    "volume" : 30997.00
  }, {
    "date" : "2025-02-04",
    "price" : 216.86,
    "dma50" : 250.93,
    "dma100" : null,
    "dma200" : 304.38,
    "volume" : 85505.00
  }, {
    "date" : "2025-02-05",
    "price" : 220.15,
    "dma50" : 249.73,
    "dma100" : null,
    "dma200" : 303.54,
    "volume" : 53161.00
  }, {
    "date" : "2025-02-06",
    "price" : 217.87,
    "dma50" : 248.48,
    "dma100" : null,
    "dma200" : 302.69,
    "volume" : 44685.00
  }, {
    "date" : "2025-02-07",
    "price" : 213.26,
    "dma50" : 247.10,
    "dma100" : null,
    "dma200" : 301.80,
    "volume" : 46263.00
  }, {
    "date" : "2025-02-10",
    "price" : 209.34,
    "dma50" : 245.62,
    "dma100" : null,
    "dma200" : 300.88,
    "volume" : 35009.00
  }, {
    "date" : "2025-02-11",
    "price" : 198.52,
    "dma50" : 243.77,
    "dma100" : null,
    "dma200" : 299.86,
    "volume" : 51492.00
  }, {
    "date" : "2025-02-12",
    "price" : 202.53,
    "dma50" : 242.15,
    "dma100" : null,
    "dma200" : 298.89,
    "volume" : 128047.00
  }, {
    "date" : "2025-02-13",
    "price" : 199.06,
    "dma50" : 240.46,
    "dma100" : null,
    "dma200" : 297.90,
    "volume" : 124686.00
  }, {
    "date" : "2025-02-14",
    "price" : 191.94,
    "dma50" : 238.56,
    "dma100" : null,
    "dma200" : 296.84,
    "volume" : 38102.00
  }, {
    "date" : "2025-02-17",
    "price" : 193.25,
    "dma50" : 236.78,
    "dma100" : null,
    "dma200" : 295.81,
    "volume" : 92258.00
  }, {
    "date" : "2025-02-18",
    "price" : 192.78,
    "dma50" : 235.06,
    "dma100" : null,
    "dma200" : 294.79,
    "volume" : 53588.00
  }, {
    "date" : "2025-02-19",
    "price" : 199.93,
    "dma50" : 233.68,
    "dma100" : null,
    "dma200" : 293.84,
    "volume" : 83471.00
  }, {
    "date" : "2025-02-20",
    "price" : 206.50,
    "dma50" : 232.61,
    "dma100" : null,
    "dma200" : 292.97,
    "volume" : 81845.00
  }, {
    "date" : "2025-02-21",
    "price" : 208.07,
    "dma50" : 231.65,
    "dma100" : null,
    "dma200" : 292.13,
    "volume" : 69626.00
  }, {
    "date" : "2025-02-24",
    "price" : 204.85,
    "dma50" : 230.60,
    "dma100" : null,
    "dma200" : 291.26,
    "volume" : 59338.00
  }, {
    "date" : "2025-02-25",
    "price" : 196.94,
    "dma50" : 229.28,
    "dma100" : null,
    "dma200" : 290.32,
    "volume" : 82912.00
  }, {
    "date" : "2025-02-27",
    "price" : 190.49,
    "dma50" : 227.76,
    "dma100" : null,
    "dma200" : 289.33,
    "volume" : 47682.00
  }, {
    "date" : "2025-02-28",
    "price" : 186.05,
    "dma50" : 226.12,
    "dma100" : null,
    "dma200" : 288.30,
    "volume" : 46761.00
  }, {
    "date" : "2025-03-03",
    "price" : 177.66,
    "dma50" : 224.22,
    "dma100" : null,
    "dma200" : 287.20,
    "volume" : 106154.00
  }, {
    "date" : "2025-03-04",
    "price" : 180.64,
    "dma50" : 222.51,
    "dma100" : null,
    "dma200" : 286.14,
    "volume" : 132858.00
  }, {
    "date" : "2025-03-05",
    "price" : 188.73,
    "dma50" : 221.19,
    "dma100" : null,
    "dma200" : 285.17,
    "volume" : 186633.00
  }, {
    "date" : "2025-03-06",
    "price" : 195.46,
    "dma50" : 220.18,
    "dma100" : null,
    "dma200" : 284.28,
    "volume" : 99717.00
  }, {
    "date" : "2025-03-07",
    "price" : 196.75,
    "dma50" : 219.26,
    "dma100" : null,
    "dma200" : 283.41,
    "volume" : 81507.00
  }, {
    "date" : "2025-03-10",
    "price" : 187.06,
    "dma50" : 218.00,
    "dma100" : null,
    "dma200" : 282.45,
    "volume" : 86853.00
  }, {
    "date" : "2025-03-11",
    "price" : 182.17,
    "dma50" : 216.59,
    "dma100" : null,
    "dma200" : 281.45,
    "volume" : 56830.00
  }, {
    "date" : "2025-03-12",
    "price" : 181.70,
    "dma50" : 215.22,
    "dma100" : null,
    "dma200" : 280.46,
    "volume" : 160137.00
  }, {
    "date" : "2025-03-13",
    "price" : 186.52,
    "dma50" : 214.10,
    "dma100" : null,
    "dma200" : 279.52,
    "volume" : 140239.00
  }, {
    "date" : "2025-03-17",
    "price" : 192.42,
    "dma50" : 213.25,
    "dma100" : null,
    "dma200" : 278.66,
    "volume" : 106346.00
  }, {
    "date" : "2025-03-18",
    "price" : 230.90,
    "dma50" : 213.94,
    "dma100" : null,
    "dma200" : 278.18,
    "volume" : 793100.00
  }, {
    "date" : "2025-03-19",
    "price" : 252.55,
    "dma50" : 215.45,
    "dma100" : null,
    "dma200" : 277.93,
    "volume" : 1690926.00
  }, {
    "date" : "2025-03-20",
    "price" : 251.33,
    "dma50" : 216.86,
    "dma100" : null,
    "dma200" : 277.66,
    "volume" : 391000.00
  }, {
    "date" : "2025-03-21",
    "price" : 259.35,
    "dma50" : 218.53,
    "dma100" : null,
    "dma200" : 277.48,
    "volume" : 226630.00
  }, {
    "date" : "2025-03-24",
    "price" : 251.90,
    "dma50" : 219.84,
    "dma100" : null,
    "dma200" : 277.22,
    "volume" : 142534.00
  }, {
    "date" : "2025-03-25",
    "price" : 260.11,
    "dma50" : 221.42,
    "dma100" : null,
    "dma200" : 277.05,
    "volume" : 226578.00
  }, {
    "date" : "2025-03-26",
    "price" : 256.18,
    "dma50" : 222.78,
    "dma100" : null,
    "dma200" : 276.85,
    "volume" : 121014.00
  }, {
    "date" : "2025-03-27",
    "price" : 254.24,
    "dma50" : 224.01,
    "dma100" : null,
    "dma200" : 276.62,
    "volume" : 113659.00
  }, {
    "date" : "2025-03-28",
    "price" : 260.38,
    "dma50" : 225.44,
    "dma100" : null,
    "dma200" : 276.46,
    "volume" : 220939.00
  }, {
    "date" : "2025-04-01",
    "price" : 263.85,
    "dma50" : 226.95,
    "dma100" : null,
    "dma200" : 276.33,
    "volume" : 124730.00
  }, {
    "date" : "2025-04-02",
    "price" : 270.75,
    "dma50" : 228.66,
    "dma100" : null,
    "dma200" : 276.28,
    "volume" : 112022.00
  }, {
    "date" : "2025-04-03",
    "price" : 273.35,
    "dma50" : 230.42,
    "dma100" : null,
    "dma200" : 276.25,
    "volume" : 80208.00
  }, {
    "date" : "2025-04-04",
    "price" : 263.00,
    "dma50" : 231.69,
    "dma100" : null,
    "dma200" : 276.12,
    "volume" : 90333.00
  }, {
    "date" : "2025-04-07",
    "price" : 250.20,
    "dma50" : 232.42,
    "dma100" : null,
    "dma200" : 275.86,
    "volume" : 73231.00
  }, {
    "date" : "2025-04-08",
    "price" : 259.40,
    "dma50" : 233.48,
    "dma100" : null,
    "dma200" : 275.70,
    "volume" : 30657.00
  }, {
    "date" : "2025-04-09",
    "price" : 253.75,
    "dma50" : 234.27,
    "dma100" : null,
    "dma200" : 275.48,
    "volume" : 21109.00
  }, {
    "date" : "2025-04-11",
    "price" : 258.70,
    "dma50" : 235.23,
    "dma100" : null,
    "dma200" : 275.31,
    "volume" : 30731.00
  }, {
    "date" : "2025-04-15",
    "price" : 282.05,
    "dma50" : 237.07,
    "dma100" : null,
    "dma200" : 275.38,
    "volume" : 181028.00
  }, {
    "date" : "2025-04-16",
    "price" : 281.10,
    "dma50" : 238.79,
    "dma100" : null,
    "dma200" : 275.44,
    "volume" : 80012.00
  }, {
    "date" : "2025-04-17",
    "price" : 280.55,
    "dma50" : 240.43,
    "dma100" : null,
    "dma200" : 275.49,
    "volume" : 72483.00
  }, {
    "date" : "2025-04-21",
    "price" : 292.20,
    "dma50" : 242.46,
    "dma100" : null,
    "dma200" : 275.65,
    "volume" : 123469.00
  }, {
    "date" : "2025-04-22",
    "price" : 303.35,
    "dma50" : 244.85,
    "dma100" : null,
    "dma200" : 275.93,
    "volume" : 180269.00
  }, {
    "date" : "2025-04-23",
    "price" : 307.25,
    "dma50" : 247.30,
    "dma100" : null,
    "dma200" : 276.24,
    "volume" : 94841.00
  }, {
    "date" : "2025-04-24",
    "price" : 311.10,
    "dma50" : 249.80,
    "dma100" : null,
    "dma200" : 276.59,
    "volume" : 127864.00
  }, {
    "date" : "2025-04-25",
    "price" : 291.45,
    "dma50" : 251.43,
    "dma100" : null,
    "dma200" : 276.73,
    "volume" : 202349.00
  }, {
    "date" : "2025-04-28",
    "price" : 292.10,
    "dma50" : 253.03,
    "dma100" : null,
    "dma200" : 276.89,
    "volume" : 64902.00
  }, {
    "date" : "2025-04-29",
    "price" : 296.60,
    "dma50" : 254.73,
    "dma100" : null,
    "dma200" : 277.08,
    "volume" : 37220.00
  }, {
    "date" : "2025-04-30",
    "price" : 284.60,
    "dma50" : 255.91,
    "dma100" : null,
    "dma200" : 277.16,
    "volume" : 48434.00
  }, {
    "date" : "2025-05-02",
    "price" : 284.85,
    "dma50" : 257.04,
    "dma100" : null,
    "dma200" : 277.23,
    "volume" : 44902.00
  }, {
    "date" : "2025-05-05",
    "price" : 286.05,
    "dma50" : 258.18,
    "dma100" : null,
    "dma200" : 277.32,
    "volume" : 63949.00
  }, {
    "date" : "2025-05-06",
    "price" : 276.05,
    "dma50" : 258.88,
    "dma100" : null,
    "dma200" : 277.31,
    "volume" : 37692.00
  }, {
    "date" : "2025-05-07",
    "price" : 271.80,
    "dma50" : 259.39,
    "dma100" : null,
    "dma200" : 277.25,
    "volume" : 150501.00
  }, {
    "date" : "2025-05-08",
    "price" : 270.45,
    "dma50" : 259.82,
    "dma100" : null,
    "dma200" : 277.19,
    "volume" : 78448.00
  }, {
    "date" : "2025-05-09",
    "price" : 275.75,
    "dma50" : 260.44,
    "dma100" : null,
    "dma200" : 277.17,
    "volume" : 76333.00
  }, {
    "date" : "2025-05-12",
    "price" : 289.70,
    "dma50" : 261.59,
    "dma100" : null,
    "dma200" : 277.30,
    "volume" : 68946.00
  }, {
    "date" : "2025-05-13",
    "price" : 294.45,
    "dma50" : 262.88,
    "dma100" : null,
    "dma200" : 277.47,
    "volume" : 59304.00
  }, {
    "date" : "2025-05-14",
    "price" : 303.20,
    "dma50" : 264.46,
    "dma100" : null,
    "dma200" : 277.72,
    "volume" : 134724.00
  }, {
    "date" : "2025-05-15",
    "price" : 313.65,
    "dma50" : 266.39,
    "dma100" : null,
    "dma200" : 278.08,
    "volume" : 199765.00
  }, {
    "date" : "2025-05-16",
    "price" : 317.90,
    "dma50" : 268.41,
    "dma100" : null,
    "dma200" : 278.48,
    "volume" : 87464.00
  }, {
    "date" : "2025-05-19",
    "price" : 325.15,
    "dma50" : 270.64,
    "dma100" : null,
    "dma200" : 278.94,
    "volume" : 214902.00
  }, {
    "date" : "2025-05-20",
    "price" : 318.45,
    "dma50" : 272.51,
    "dma100" : null,
    "dma200" : 279.34,
    "volume" : 97366.00
  }, {
    "date" : "2025-05-21",
    "price" : 319.45,
    "dma50" : 274.35,
    "dma100" : 243.70,
    "dma200" : 279.73,
    "volume" : 91920.00
  }, {
    "date" : "2025-05-22",
    "price" : 322.75,
    "dma50" : 276.25,
    "dma100" : 244.27,
    "dma200" : 280.16,
    "volume" : 63715.00
  }, {
    "date" : "2025-05-23",
    "price" : 326.85,
    "dma50" : 278.23,
    "dma100" : 244.93,
    "dma200" : 280.63,
    "volume" : 116777.00
  }, {
    "date" : "2025-05-26",
    "price" : 310.50,
    "dma50" : 279.50,
    "dma100" : 245.44,
    "dma200" : 280.92,
    "volume" : 257774.00
  }, {
    "date" : "2025-05-27",
    "price" : 306.95,
    "dma50" : 280.58,
    "dma100" : 245.93,
    "dma200" : 281.18,
    "volume" : 107761.00
  }, {
    "date" : "2025-05-28",
    "price" : 309.85,
    "dma50" : 281.72,
    "dma100" : 246.43,
    "dma200" : 281.47,
    "volume" : 99353.00
  }, {
    "date" : "2025-05-29",
    "price" : 310.00,
    "dma50" : 282.83,
    "dma100" : 246.87,
    "dma200" : 281.75,
    "volume" : 52812.00
  }, {
    "date" : "2025-05-30",
    "price" : 307.20,
    "dma50" : 283.79,
    "dma100" : 247.31,
    "dma200" : 282.01,
    "volume" : 46182.00
  }, {
    "date" : "2025-06-02",
    "price" : 313.70,
    "dma50" : 284.96,
    "dma100" : 247.84,
    "dma200" : 282.32,
    "volume" : 94054.00
  }, {
    "date" : "2025-06-03",
    "price" : 315.15,
    "dma50" : 286.15,
    "dma100" : 248.45,
    "dma200" : 282.65,
    "volume" : 63732.00
  }, {
    "date" : "2025-06-04",
    "price" : 313.50,
    "dma50" : 287.22,
    "dma100" : 249.05,
    "dma200" : 282.95,
    "volume" : 55388.00
  }, {
    "date" : "2025-06-05",
    "price" : 313.35,
    "dma50" : 288.24,
    "dma100" : 249.67,
    "dma200" : 283.26,
    "volume" : 87518.00
  }, {
    "date" : "2025-06-06",
    "price" : 312.65,
    "dma50" : 289.20,
    "dma100" : 250.29,
    "dma200" : 283.55,
    "volume" : 47061.00
  }, {
    "date" : "2025-06-09",
    "price" : 316.65,
    "dma50" : 290.28,
    "dma100" : 251.03,
    "dma200" : 283.88,
    "volume" : 102506.00
  }, {
    "date" : "2025-06-10",
    "price" : 318.00,
    "dma50" : 291.36,
    "dma100" : 252.03,
    "dma200" : 284.22,
    "volume" : 157671.00
  }, {
    "date" : "2025-06-11",
    "price" : 316.85,
    "dma50" : 292.36,
    "dma100" : 252.93,
    "dma200" : 284.54,
    "volume" : 92478.00
  }, {
    "date" : "2025-06-12",
    "price" : 309.20,
    "dma50" : 293.02,
    "dma100" : 253.82,
    "dma200" : 284.79,
    "volume" : 94900.00
  }, {
    "date" : "2025-06-13",
    "price" : 306.75,
    "dma50" : 293.56,
    "dma100" : 254.58,
    "dma200" : 285.01,
    "volume" : 50134.00
  }, {
    "date" : "2025-06-16",
    "price" : 301.10,
    "dma50" : 293.86,
    "dma100" : 255.30,
    "dma200" : 285.17,
    "volume" : 52207.00
  }, {
    "date" : "2025-06-17",
    "price" : 291.80,
    "dma50" : 293.78,
    "dma100" : 255.85,
    "dma200" : 285.23,
    "volume" : 95486.00
  }, {
    "date" : "2025-06-18",
    "price" : 286.10,
    "dma50" : 293.48,
    "dma100" : 256.41,
    "dma200" : 285.24,
    "volume" : 86416.00
  }, {
    "date" : "2025-06-19",
    "price" : 283.25,
    "dma50" : 293.07,
    "dma100" : 257.01,
    "dma200" : 285.22,
    "volume" : 55636.00
  }, {
    "date" : "2025-06-20",
    "price" : 292.10,
    "dma50" : 293.04,
    "dma100" : 257.71,
    "dma200" : 285.29,
    "volume" : 116670.00
  }, {
    "date" : "2025-06-23",
    "price" : 295.00,
    "dma50" : 293.11,
    "dma100" : 258.49,
    "dma200" : 285.39,
    "volume" : 44180.00
  }, {
    "date" : "2025-06-24",
    "price" : 295.05,
    "dma50" : 293.19,
    "dma100" : 259.36,
    "dma200" : 285.48,
    "volume" : 37985.00
  }, {
    "date" : "2025-06-25",
    "price" : 305.20,
    "dma50" : 293.66,
    "dma100" : 260.35,
    "dma200" : 285.68,
    "volume" : 71285.00
  }, {
    "date" : "2025-06-26",
    "price" : 300.00,
    "dma50" : 293.91,
    "dma100" : 261.17,
    "dma200" : 285.82,
    "volume" : 36976.00
  }, {
    "date" : "2025-06-27",
    "price" : 301.45,
    "dma50" : 294.20,
    "dma100" : 262.02,
    "dma200" : 285.98,
    "volume" : 40981.00
  }, {
    "date" : "2025-06-30",
    "price" : 301.55,
    "dma50" : 294.49,
    "dma100" : 262.82,
    "dma200" : 286.13,
    "volume" : 35094.00
  }, {
    "date" : "2025-07-01",
    "price" : 298.40,
    "dma50" : 294.65,
    "dma100" : 263.55,
    "dma200" : 286.25,
    "volume" : 59426.00
  }, {
    "date" : "2025-07-02",
    "price" : 295.60,
    "dma50" : 294.68,
    "dma100" : 264.33,
    "dma200" : 286.35,
    "volume" : 52006.00
  }, {
    "date" : "2025-07-03",
    "price" : 293.85,
    "dma50" : 294.65,
    "dma100" : 265.10,
    "dma200" : 286.42,
    "volume" : 21067.00
  }, {
    "date" : "2025-07-04",
    "price" : 291.00,
    "dma50" : 294.51,
    "dma100" : 265.81,
    "dma200" : 286.47,
    "volume" : 43333.00
  }, {
    "date" : "2025-07-07",
    "price" : 293.85,
    "dma50" : 294.48,
    "dma100" : 266.57,
    "dma200" : 286.54,
    "volume" : 103348.00
  }, {
    "date" : "2025-07-08",
    "price" : 291.50,
    "dma50" : 294.36,
    "dma100" : 267.35,
    "dma200" : 286.59,
    "volume" : 30281.00
  }, {
    "date" : "2025-07-09",
    "price" : 290.85,
    "dma50" : 294.23,
    "dma100" : 268.17,
    "dma200" : 286.63,
    "volume" : 23945.00
  }, {
    "date" : "2025-07-10",
    "price" : 293.55,
    "dma50" : 294.20,
    "dma100" : 269.12,
    "dma200" : 286.70,
    "volume" : 40689.00
  }, {
    "date" : "2025-07-11",
    "price" : 288.20,
    "dma50" : 293.97,
    "dma100" : 269.97,
    "dma200" : 286.72,
    "volume" : 35718.00
  }, {
    "date" : "2025-07-14",
    "price" : 286.95,
    "dma50" : 293.69,
    "dma100" : 270.85,
    "dma200" : 286.72,
    "volume" : 44726.00
  }, {
    "date" : "2025-07-15",
    "price" : 292.75,
    "dma50" : 293.65,
    "dma100" : 271.86,
    "dma200" : 286.78,
    "volume" : 34531.00
  }, {
    "date" : "2025-07-16",
    "price" : 291.25,
    "dma50" : 293.56,
    "dma100" : 272.84,
    "dma200" : 286.82,
    "volume" : 36559.00
  }, {
    "date" : "2025-07-17",
    "price" : 290.45,
    "dma50" : 293.44,
    "dma100" : 273.82,
    "dma200" : 286.86,
    "volume" : 15205.00
  }, {
    "date" : "2025-07-18",
    "price" : 285.20,
    "dma50" : 293.11,
    "dma100" : 274.67,
    "dma200" : 286.84,
    "volume" : 34333.00
  }, {
    "date" : "2025-07-21",
    "price" : 282.35,
    "dma50" : 292.69,
    "dma100" : 275.43,
    "dma200" : 286.80,
    "volume" : 37080.00
  }, {
    "date" : "2025-07-22",
    "price" : 281.55,
    "dma50" : 292.25,
    "dma100" : 276.16,
    "dma200" : 286.75,
    "volume" : 25660.00
  }, {
    "date" : "2025-07-23",
    "price" : 278.00,
    "dma50" : 291.70,
    "dma100" : 276.90,
    "dma200" : 286.66,
    "volume" : 44118.00
  }, {
    "date" : "2025-07-24",
    "price" : 274.75,
    "dma50" : 291.03,
    "dma100" : 277.67,
    "dma200" : 286.54,
    "volume" : 55049.00
  }, {
    "date" : "2025-07-25",
    "price" : 268.95,
    "dma50" : 290.17,
    "dma100" : 278.46,
    "dma200" : 286.37,
    "volume" : 31475.00
  }, {
    "date" : "2025-07-28",
    "price" : 267.20,
    "dma50" : 289.26,
    "dma100" : 279.27,
    "dma200" : 286.17,
    "volume" : 32777.00
  }, {
    "date" : "2025-07-29",
    "price" : 272.15,
    "dma50" : 288.59,
    "dma100" : 280.21,
    "dma200" : 286.04,
    "volume" : 22326.00
  }, {
    "date" : "2025-07-30",
    "price" : 264.70,
    "dma50" : 287.66,
    "dma100" : 281.06,
    "dma200" : 285.82,
    "volume" : 29748.00
  }, {
    "date" : "2025-07-31",
    "price" : 261.35,
    "dma50" : 286.62,
    "dma100" : 281.78,
    "dma200" : 285.58,
    "volume" : 42938.00
  }, {
    "date" : "2025-08-01",
    "price" : 259.25,
    "dma50" : 285.55,
    "dma100" : 282.42,
    "dma200" : 285.32,
    "volume" : 38660.00
  }, {
    "date" : "2025-08-04",
    "price" : 258.95,
    "dma50" : 284.51,
    "dma100" : 283.04,
    "dma200" : 285.06,
    "volume" : 25143.00
  }, {
    "date" : "2025-08-05",
    "price" : 254.05,
    "dma50" : 283.31,
    "dma100" : 283.71,
    "dma200" : 284.75,
    "volume" : 18061.00
  }, {
    "date" : "2025-08-06",
    "price" : 242.40,
    "dma50" : 281.71,
    "dma100" : 284.31,
    "dma200" : 284.33,
    "volume" : 89915.00
  }, {
    "date" : "2025-08-07",
    "price" : 239.80,
    "dma50" : 280.07,
    "dma100" : 284.89,
    "dma200" : 283.88,
    "volume" : 34718.00
  }, {
    "date" : "2025-08-08",
    "price" : 240.90,
    "dma50" : 278.53,
    "dma100" : 285.44,
    "dma200" : 283.45,
    "volume" : 96077.00
  }, {
    "date" : "2025-08-11",
    "price" : 244.30,
    "dma50" : 277.19,
    "dma100" : 285.96,
    "dma200" : 283.06,
    "volume" : 51506.00
  }, {
    "date" : "2025-08-12",
    "price" : 243.75,
    "dma50" : 275.88,
    "dma100" : 286.09,
    "dma200" : 282.67,
    "volume" : 32018.00
  }, {
    "date" : "2025-08-13",
    "price" : 250.45,
    "dma50" : 274.88,
    "dma100" : 286.06,
    "dma200" : 282.35,
    "volume" : 83830.00
  }, {
    "date" : "2025-08-14",
    "price" : 244.30,
    "dma50" : 273.68,
    "dma100" : 285.99,
    "dma200" : 281.97,
    "volume" : 94419.00
  }, {
    "date" : "2025-08-18",
    "price" : 243.20,
    "dma50" : 272.48,
    "dma100" : 285.83,
    "dma200" : 281.59,
    "volume" : 27589.00
  }, {
    "date" : "2025-08-19",
    "price" : 250.40,
    "dma50" : 271.62,
    "dma100" : 285.82,
    "dma200" : 281.28,
    "volume" : 36292.00
  }, {
    "date" : "2025-08-20",
    "price" : 262.80,
    "dma50" : 271.27,
    "dma100" : 285.84,
    "dma200" : 281.09,
    "volume" : 102257.00
  }, {
    "date" : "2025-08-21",
    "price" : 267.25,
    "dma50" : 271.12,
    "dma100" : 285.96,
    "dma200" : 280.96,
    "volume" : 33966.00
  }, {
    "date" : "2025-08-22",
    "price" : 263.10,
    "dma50" : 270.80,
    "dma100" : 286.04,
    "dma200" : 280.78,
    "volume" : 35929.00
  }, {
    "date" : "2025-08-25",
    "price" : 266.45,
    "dma50" : 270.63,
    "dma100" : 286.10,
    "dma200" : 280.64,
    "volume" : 35357.00
  }, {
    "date" : "2025-08-26",
    "price" : 263.15,
    "dma50" : 270.34,
    "dma100" : 286.10,
    "dma200" : 280.46,
    "volume" : 50974.00
  }, {
    "date" : "2025-08-28",
    "price" : 276.05,
    "dma50" : 270.56,
    "dma100" : 286.15,
    "dma200" : 280.42,
    "volume" : 177430.00
  }, {
    "date" : "2025-08-29",
    "price" : 269.35,
    "dma50" : 270.51,
    "dma100" : 286.11,
    "dma200" : 280.31,
    "volume" : 76834.00
  }, {
    "date" : "2025-09-01",
    "price" : 262.15,
    "dma50" : 270.19,
    "dma100" : 286.10,
    "dma200" : 280.13,
    "volume" : 48099.00
  }, {
    "date" : "2025-09-02",
    "price" : 267.15,
    "dma50" : 270.07,
    "dma100" : 286.27,
    "dma200" : 280.00,
    "volume" : 2474611.00
  }, {
    "date" : "2025-09-03",
    "price" : 269.85,
    "dma50" : 270.06,
    "dma100" : 286.38,
    "dma200" : 279.90,
    "volume" : 270412.00
  }, {
    "date" : "2025-09-04",
    "price" : 265.65,
    "dma50" : 269.88,
    "dma100" : 286.50,
    "dma200" : 279.76,
    "volume" : 96803.00
  }, {
    "date" : "2025-09-05",
    "price" : 264.60,
    "dma50" : 269.68,
    "dma100" : 286.55,
    "dma200" : 279.60,
    "volume" : 118131.00
  }, {
    "date" : "2025-09-08",
    "price" : 266.40,
    "dma50" : 269.55,
    "dma100" : 286.40,
    "dma200" : 279.47,
    "volume" : 75249.00
  }, {
    "date" : "2025-09-09",
    "price" : 264.75,
    "dma50" : 269.36,
    "dma100" : 286.23,
    "dma200" : 279.33,
    "volume" : 59804.00
  }, {
    "date" : "2025-09-10",
    "price" : 264.30,
    "dma50" : 269.16,
    "dma100" : 286.07,
    "dma200" : 279.18,
    "volume" : 52766.00
  }, {
    "date" : "2025-09-11",
    "price" : 264.80,
    "dma50" : 268.99,
    "dma100" : 285.80,
    "dma200" : 279.03,
    "volume" : 53956.00
  }, {
    "date" : "2025-09-12",
    "price" : 263.60,
    "dma50" : 268.78,
    "dma100" : 285.40,
    "dma200" : 278.88,
    "volume" : 30261.00
  }, {
    "date" : "2025-09-15",
    "price" : 265.00,
    "dma50" : 268.63,
    "dma100" : 284.98,
    "dma200" : 278.74,
    "volume" : 70603.00
  }, {
    "date" : "2025-09-16",
    "price" : 262.55,
    "dma50" : 268.39,
    "dma100" : 284.49,
    "dma200" : 278.58,
    "volume" : 69152.00
  }, {
    "date" : "2025-09-17",
    "price" : 264.15,
    "dma50" : 268.23,
    "dma100" : 284.22,
    "dma200" : 278.44,
    "volume" : 24989.00
  }, {
    "date" : "2025-09-18",
    "price" : 269.10,
    "dma50" : 268.26,
    "dma100" : 283.99,
    "dma200" : 278.35,
    "volume" : 118497.00
  }, {
    "date" : "2025-09-19",
    "price" : 267.85,
    "dma50" : 268.24,
    "dma100" : 283.70,
    "dma200" : 278.24,
    "volume" : 29092.00
  }, {
    "date" : "2025-09-22",
    "price" : 263.40,
    "dma50" : 268.05,
    "dma100" : 283.49,
    "dma200" : 278.09,
    "volume" : 28137.00
  }, {
    "date" : "2025-09-23",
    "price" : 262.15,
    "dma50" : 267.82,
    "dma100" : 283.26,
    "dma200" : 277.93,
    "volume" : 26799.00
  }, {
    "date" : "2025-09-24",
    "price" : 255.70,
    "dma50" : 267.35,
    "dma100" : 282.96,
    "dma200" : 277.71,
    "volume" : 81900.00
  }, {
    "date" : "2025-09-25",
    "price" : 252.60,
    "dma50" : 266.77,
    "dma100" : 282.72,
    "dma200" : 277.46,
    "volume" : 30966.00
  }, {
    "date" : "2025-09-26",
    "price" : 245.00,
    "dma50" : 265.92,
    "dma100" : 282.46,
    "dma200" : 277.14,
    "volume" : 69183.00
  }, {
    "date" : "2025-09-29",
    "price" : 248.15,
    "dma50" : 265.22,
    "dma100" : 282.23,
    "dma200" : 276.85,
    "volume" : 46977.00
  }, {
    "date" : "2025-09-30",
    "price" : 246.10,
    "dma50" : 264.47,
    "dma100" : 281.94,
    "dma200" : 276.55,
    "volume" : 24066.00
  }, {
    "date" : "2025-10-01",
    "price" : 253.10,
    "dma50" : 264.02,
    "dma100" : 281.57,
    "dma200" : 276.31,
    "volume" : 37052.00
  }, {
    "date" : "2025-10-03",
    "price" : 257.06,
    "dma50" : 263.75,
    "dma100" : 281.20,
    "dma200" : 276.12,
    "volume" : 29541.00
  }, {
    "date" : "2025-10-06",
    "price" : 260.49,
    "dma50" : 263.62,
    "dma100" : 280.77,
    "dma200" : 275.97,
    "volume" : 46343.00
  }, {
    "date" : "2025-10-07",
    "price" : 259.16,
    "dma50" : 263.45,
    "dma100" : 280.23,
    "dma200" : 275.80,
    "volume" : 86993.00
  }, {
    "date" : "2025-10-08",
    "price" : 262.93,
    "dma50" : 263.43,
    "dma100" : 279.68,
    "dma200" : 275.67,
    "volume" : 78269.00
  }, {
    "date" : "2025-10-09",
    "price" : 261.70,
    "dma50" : 263.36,
    "dma100" : 279.04,
    "dma200" : 275.53,
    "volume" : 21202.00
  }, {
    "date" : "2025-10-10",
    "price" : 257.99,
    "dma50" : 263.15,
    "dma100" : 278.44,
    "dma200" : 275.36,
    "volume" : 33286.00
  }, {
    "date" : "2025-10-13",
    "price" : 258.89,
    "dma50" : 262.98,
    "dma100" : 277.83,
    "dma200" : 275.19,
    "volume" : 140226.00
  }, {
    "date" : "2025-10-14",
    "price" : 256.65,
    "dma50" : 262.73,
    "dma100" : 277.17,
    "dma200" : 275.01,
    "volume" : 26130.00
  }, {
    "date" : "2025-10-15",
    "price" : 255.51,
    "dma50" : 262.45,
    "dma100" : 276.46,
    "dma200" : 274.81,
    "volume" : 39415.00
  }, {
    "date" : "2025-10-16",
    "price" : 258.36,
    "dma50" : 262.29,
    "dma100" : 275.94,
    "dma200" : 274.65,
    "volume" : 16715.00
  }, {
    "date" : "2025-10-17",
    "price" : 247.86,
    "dma50" : 261.72,
    "dma100" : 275.34,
    "dma200" : 274.38,
    "volume" : 49572.00
  }, {
    "date" : "2025-10-20",
    "price" : 248.30,
    "dma50" : 261.20,
    "dma100" : 274.73,
    "dma200" : 274.12,
    "volume" : 75239.00
  }, {
    "date" : "2025-10-21",
    "price" : 249.82,
    "dma50" : 260.75,
    "dma100" : 274.13,
    "dma200" : 273.88,
    "volume" : 8249.00
  }, {
    "date" : "2025-10-23",
    "price" : 254.48,
    "dma50" : 260.51,
    "dma100" : 273.60,
    "dma200" : 273.69,
    "volume" : 57469.00
  }, {
    "date" : "2025-10-24",
    "price" : 251.34,
    "dma50" : 260.15,
    "dma100" : 272.98,
    "dma200" : 273.47,
    "volume" : 50755.00
  }, {
    "date" : "2025-10-27",
    "price" : 250.18,
    "dma50" : 259.76,
    "dma100" : 272.33,
    "dma200" : 273.24,
    "volume" : 24766.00
  }, {
    "date" : "2025-10-28",
    "price" : 250.17,
    "dma50" : 259.38,
    "dma100" : 271.69,
    "dma200" : 273.01,
    "volume" : 11302.00
  }, {
    "date" : "2025-10-29",
    "price" : 254.14,
    "dma50" : 259.17,
    "dma100" : 271.10,
    "dma200" : 272.82,
    "volume" : 65235.00
  }, {
    "date" : "2025-10-30",
    "price" : 250.65,
    "dma50" : 258.84,
    "dma100" : 270.48,
    "dma200" : 272.60,
    "volume" : 22459.00
  }, {
    "date" : "2025-10-31",
    "price" : 246.71,
    "dma50" : 258.36,
    "dma100" : 269.78,
    "dma200" : 272.34,
    "volume" : 31592.00
  }, {
    "date" : "2025-11-03",
    "price" : 245.30,
    "dma50" : 257.85,
    "dma100" : 269.05,
    "dma200" : 272.07,
    "volume" : 36449.00
  }, {
    "date" : "2025-11-04",
    "price" : 244.76,
    "dma50" : 257.34,
    "dma100" : 268.33,
    "dma200" : 271.80,
    "volume" : 11801.00
  }, {
    "date" : "2025-11-06",
    "price" : 238.98,
    "dma50" : 256.62,
    "dma100" : 267.63,
    "dma200" : 271.47,
    "volume" : 28144.00
  }, {
    "date" : "2025-11-07",
    "price" : 235.66,
    "dma50" : 255.80,
    "dma100" : 266.92,
    "dma200" : 271.12,
    "volume" : 23893.00
  }, {
    "date" : "2025-11-10",
    "price" : 242.94,
    "dma50" : 255.29,
    "dma100" : 266.34,
    "dma200" : 270.84,
    "volume" : 50559.00
  }, {
    "date" : "2025-11-11",
    "price" : 240.18,
    "dma50" : 254.70,
    "dma100" : 265.82,
    "dma200" : 270.53,
    "volume" : 9245.00
  }, {
    "date" : "2025-11-12",
    "price" : 239.43,
    "dma50" : 254.10,
    "dma100" : 265.36,
    "dma200" : 270.22,
    "volume" : 22681.00
  }, {
    "date" : "2025-11-13",
    "price" : 237.68,
    "dma50" : 253.46,
    "dma100" : 264.90,
    "dma200" : 269.90,
    "volume" : 16606.00
  }, {
    "date" : "2025-11-14",
    "price" : 238.19,
    "dma50" : 252.86,
    "dma100" : 264.36,
    "dma200" : 269.58,
    "volume" : 46256.00
  }, {
    "date" : "2025-11-17",
    "price" : 234.62,
    "dma50" : 252.14,
    "dma100" : 263.76,
    "dma200" : 269.23,
    "volume" : 27249.00
  }, {
    "date" : "2025-11-18",
    "price" : 231.46,
    "dma50" : 251.33,
    "dma100" : 263.12,
    "dma200" : 268.86,
    "volume" : 21575.00
  }, {
    "date" : "2025-11-19",
    "price" : 234.36,
    "dma50" : 250.67,
    "dma100" : 262.41,
    "dma200" : 268.52,
    "volume" : 33497.00
  }, {
    "date" : "2025-11-20",
    "price" : 232.35,
    "dma50" : 249.95,
    "dma100" : 261.74,
    "dma200" : 268.16,
    "volume" : 15703.00
  }, {
    "date" : "2025-11-21",
    "price" : 228.35,
    "dma50" : 249.10,
    "dma100" : 261.01,
    "dma200" : 267.76,
    "volume" : 26136.00
  }, {
    "date" : "2025-11-24",
    "price" : 228.39,
    "dma50" : 248.29,
    "dma100" : 260.27,
    "dma200" : 267.37,
    "volume" : 12635.00
  }, {
    "date" : "2025-11-25",
    "price" : 231.11,
    "dma50" : 247.62,
    "dma100" : 259.60,
    "dma200" : 267.01,
    "volume" : 16138.00
  }, {
    "date" : "2025-11-26",
    "price" : 237.14,
    "dma50" : 247.20,
    "dma100" : 259.02,
    "dma200" : 266.71,
    "volume" : 34942.00
  }, {
    "date" : "2025-11-27",
    "price" : 232.23,
    "dma50" : 246.62,
    "dma100" : 258.40,
    "dma200" : 266.37,
    "volume" : 23145.00
  }, {
    "date" : "2025-11-28",
    "price" : 229.97,
    "dma50" : 245.96,
    "dma100" : 257.79,
    "dma200" : 266.00,
    "volume" : 20392.00
  }, {
    "date" : "2025-12-01",
    "price" : 232.79,
    "dma50" : 245.45,
    "dma100" : 257.18,
    "dma200" : 265.67,
    "volume" : 22438.00
  }, {
    "date" : "2025-12-02",
    "price" : 231.80,
    "dma50" : 244.91,
    "dma100" : 256.58,
    "dma200" : 265.34,
    "volume" : 18615.00
  }, {
    "date" : "2025-12-03",
    "price" : 234.26,
    "dma50" : 244.49,
    "dma100" : 256.02,
    "dma200" : 265.03,
    "volume" : 25144.00
  }, {
    "date" : "2025-12-04",
    "price" : 230.90,
    "dma50" : 243.96,
    "dma100" : 255.39,
    "dma200" : 264.69,
    "volume" : 8515.00
  }, {
    "date" : "2025-12-05",
    "price" : 228.33,
    "dma50" : 243.35,
    "dma100" : 254.79,
    "dma200" : 264.33,
    "volume" : 19849.00
  }, {
    "date" : "2025-12-08",
    "price" : 221.18,
    "dma50" : 242.48,
    "dma100" : 254.13,
    "dma200" : 263.90,
    "volume" : 16608.00
  }, {
    "date" : "2025-12-09",
    "price" : 221.97,
    "dma50" : 241.67,
    "dma100" : 253.43,
    "dma200" : 263.48,
    "volume" : 34158.00
  }, {
    "date" : "2025-12-10",
    "price" : 241.76,
    "dma50" : 241.68,
    "dma100" : 252.93,
    "dma200" : 263.26,
    "volume" : 439108.00
  }, {
    "date" : "2025-12-11",
    "price" : 256.12,
    "dma50" : 242.24,
    "dma100" : 252.59,
    "dma200" : 263.19,
    "volume" : 298556.00
  }, {
    "date" : "2025-12-12",
    "price" : 253.52,
    "dma50" : 242.69,
    "dma100" : 252.27,
    "dma200" : 263.10,
    "volume" : 40428.00
  }, {
    "date" : "2025-12-15",
    "price" : 251.13,
    "dma50" : 243.02,
    "dma100" : 251.96,
    "dma200" : 262.98,
    "volume" : 55904.00
  }, {
    "date" : "2025-12-16",
    "price" : 251.52,
    "dma50" : 243.35,
    "dma100" : 251.66,
    "dma200" : 262.86,
    "volume" : 35490.00
  }, {
    "date" : "2025-12-17",
    "price" : 254.69,
    "dma50" : 243.80,
    "dma100" : 251.43,
    "dma200" : 262.78,
    "volume" : 55811.00
  }, {
    "date" : "2025-12-18",
    "price" : 266.35,
    "dma50" : 244.68,
    "dma100" : 251.34,
    "dma200" : 262.82,
    "volume" : 211998.00
  }, {
    "date" : "2025-12-19",
    "price" : 262.94,
    "dma50" : 245.40,
    "dma100" : 251.28,
    "dma200" : 262.82,
    "volume" : 143514.00
  }, {
    "date" : "2025-12-22",
    "price" : 268.53,
    "dma50" : 246.30,
    "dma100" : 251.29,
    "dma200" : 262.88,
    "volume" : 61782.00
  } ],
  "latestTechnicalAttributes" : {
    "date" : "2025-12-22",
    "price" : 268.53,
    "dma50" : 246.30,
    "dma100" : 251.29,
    "dma200" : 262.88,
    "volume" : 61782.00
  },
  "quarterlyResults" : [ {
    "date" : "2005-06-30",
    "sales" : 43.96,
    "salesGrowthYoY" : null,
    "grossProfitMargin" : 35.60,
    "grossProfit" : 15.65,
    "operatingProfitMargin" : 30.23,
    "operatingProfit" : 13.29,
    "netProfitMargin" : 14.08,
    "netProfit" : 6.19
  }, {
    "date" : "2005-09-30",
    "sales" : 80.60,
    "salesGrowthYoY" : null,
    "grossProfitMargin" : 34.91,
    "grossProfit" : 28.14,
    "operatingProfitMargin" : 28.85,
    "operatingProfit" : 23.25,
    "netProfitMargin" : 20.83,
    "netProfit" : 16.79
  }, {
    "date" : "2005-12-31",
    "sales" : 24.44,
    "salesGrowthYoY" : null,
    "grossProfitMargin" : 41.78,
    "grossProfit" : 10.21,
    "operatingProfitMargin" : 18.99,
    "operatingProfit" : 4.64,
    "netProfitMargin" : 3.76,
    "netProfit" : 0.92
  }, {
    "date" : "2006-03-31",
    "sales" : 63.16,
    "salesGrowthYoY" : null,
    "grossProfitMargin" : 42.50,
    "grossProfit" : 26.84,
    "operatingProfitMargin" : 31.02,
    "operatingProfit" : 19.59,
    "netProfitMargin" : 9.97,
    "netProfit" : 6.30
  }, {
    "date" : "2006-06-30",
    "sales" : 34.95,
    "salesGrowthYoY" : -20.50,
    "grossProfitMargin" : 44.78,
    "grossProfit" : 15.65,
    "operatingProfitMargin" : 31.10,
    "operatingProfit" : 10.87,
    "netProfitMargin" : 7.07,
    "netProfit" : 2.47
  }, {
    "date" : "2006-09-30",
    "sales" : 92.01,
    "salesGrowthYoY" : 14.16,
    "grossProfitMargin" : 29.52,
    "grossProfit" : 27.16,
    "operatingProfitMargin" : 21.81,
    "operatingProfit" : 20.07,
    "netProfitMargin" : 13.65,
    "netProfit" : 12.56
  }, {
    "date" : "2006-12-31",
    "sales" : 27.88,
    "salesGrowthYoY" : 14.08,
    "grossProfitMargin" : 61.48,
    "grossProfit" : 17.14,
    "operatingProfitMargin" : 24.64,
    "operatingProfit" : 6.87,
    "netProfitMargin" : 0.86,
    "netProfit" : 0.24
  }, {
    "date" : "2007-03-31",
    "sales" : 47.56,
    "salesGrowthYoY" : -24.70,
    "grossProfitMargin" : 36.48,
    "grossProfit" : 17.35,
    "operatingProfitMargin" : -0.57,
    "operatingProfit" : -0.27,
    "netProfitMargin" : -33.45,
    "netProfit" : -15.91
  }, {
    "date" : "2007-06-30",
    "sales" : 104.61,
    "salesGrowthYoY" : 199.31,
    "grossProfitMargin" : 7.51,
    "grossProfit" : 7.86,
    "operatingProfitMargin" : -3.03,
    "operatingProfit" : -3.17,
    "netProfitMargin" : -14.51,
    "netProfit" : -15.18
  }, {
    "date" : "2007-09-30",
    "sales" : 98.82,
    "salesGrowthYoY" : 7.40,
    "grossProfitMargin" : 26.19,
    "grossProfit" : 25.88,
    "operatingProfitMargin" : 18.62,
    "operatingProfit" : 18.40,
    "netProfitMargin" : 3.85,
    "netProfit" : 3.80
  }, {
    "date" : "2007-12-31",
    "sales" : 59.74,
    "salesGrowthYoY" : 114.28,
    "grossProfitMargin" : 23.13,
    "grossProfit" : 13.82,
    "operatingProfitMargin" : 1.94,
    "operatingProfit" : 1.16,
    "netProfitMargin" : -0.90,
    "netProfit" : -0.54
  }, {
    "date" : "2008-03-31",
    "sales" : 83.32,
    "salesGrowthYoY" : 75.19,
    "grossProfitMargin" : 58.71,
    "grossProfit" : 48.92,
    "operatingProfitMargin" : 34.27,
    "operatingProfit" : 28.55,
    "netProfitMargin" : 3.41,
    "netProfit" : 2.84
  }, {
    "date" : "2008-06-30",
    "sales" : 49.96,
    "salesGrowthYoY" : -52.24,
    "grossProfitMargin" : -6.14,
    "grossProfit" : -3.07,
    "operatingProfitMargin" : -22.96,
    "operatingProfit" : -11.47,
    "netProfitMargin" : -29.56,
    "netProfit" : -14.77
  }, {
    "date" : "2008-09-30",
    "sales" : 90.02,
    "salesGrowthYoY" : -8.91,
    "grossProfitMargin" : 38.90,
    "grossProfit" : 35.02,
    "operatingProfitMargin" : 27.36,
    "operatingProfit" : 24.63,
    "netProfitMargin" : 7.35,
    "netProfit" : 6.62
  }, {
    "date" : "2008-12-31",
    "sales" : 93.06,
    "salesGrowthYoY" : 55.78,
    "grossProfitMargin" : 16.28,
    "grossProfit" : 15.15,
    "operatingProfitMargin" : -0.57,
    "operatingProfit" : -0.53,
    "netProfitMargin" : -12.19,
    "netProfit" : -11.34
  }, {
    "date" : "2009-03-31",
    "sales" : 92.28,
    "salesGrowthYoY" : 10.75,
    "grossProfitMargin" : 31.49,
    "grossProfit" : 29.06,
    "operatingProfitMargin" : 16.22,
    "operatingProfit" : 14.97,
    "netProfitMargin" : -1.42,
    "netProfit" : -1.31
  }, {
    "date" : "2009-06-30",
    "sales" : 41.02,
    "salesGrowthYoY" : -17.89,
    "grossProfitMargin" : 31.01,
    "grossProfit" : 12.72,
    "operatingProfitMargin" : 14.68,
    "operatingProfit" : 6.02,
    "netProfitMargin" : -22.21,
    "netProfit" : -9.11
  }, {
    "date" : "2009-09-30",
    "sales" : 66.91,
    "salesGrowthYoY" : -25.67,
    "grossProfitMargin" : 35.15,
    "grossProfit" : 23.52,
    "operatingProfitMargin" : 22.63,
    "operatingProfit" : 15.14,
    "netProfitMargin" : -3.35,
    "netProfit" : -2.24
  }, {
    "date" : "2009-12-31",
    "sales" : 226.22,
    "salesGrowthYoY" : 143.09,
    "grossProfitMargin" : 37.52,
    "grossProfit" : 84.88,
    "operatingProfitMargin" : 30.09,
    "operatingProfit" : 68.07,
    "netProfitMargin" : 17.37,
    "netProfit" : 39.29
  }, {
    "date" : "2010-03-31",
    "sales" : 65.50,
    "salesGrowthYoY" : -29.02,
    "grossProfitMargin" : -60.11,
    "grossProfit" : -39.37,
    "operatingProfitMargin" : -93.57,
    "operatingProfit" : -61.29,
    "netProfitMargin" : -107.95,
    "netProfit" : -70.71
  }, {
    "date" : "2010-06-30",
    "sales" : 129.06,
    "salesGrowthYoY" : 214.63,
    "grossProfitMargin" : 27.13,
    "grossProfit" : 35.01,
    "operatingProfitMargin" : 18.60,
    "operatingProfit" : 24.01,
    "netProfitMargin" : 1.05,
    "netProfit" : 1.36
  }, {
    "date" : "2010-09-30",
    "sales" : 141.35,
    "salesGrowthYoY" : 111.25,
    "grossProfitMargin" : 6.01,
    "grossProfit" : 8.50,
    "operatingProfitMargin" : -1.97,
    "operatingProfit" : -2.78,
    "netProfitMargin" : -19.77,
    "netProfit" : -27.94
  }, {
    "date" : "2010-12-31",
    "sales" : 234.09,
    "salesGrowthYoY" : 3.48,
    "grossProfitMargin" : 17.56,
    "grossProfit" : 41.11,
    "operatingProfitMargin" : 6.08,
    "operatingProfit" : 14.23,
    "netProfitMargin" : -3.32,
    "netProfit" : -7.77
  }, {
    "date" : "2011-03-31",
    "sales" : 181.29,
    "salesGrowthYoY" : 176.78,
    "grossProfitMargin" : 37.14,
    "grossProfit" : 67.33,
    "operatingProfitMargin" : 23.72,
    "operatingProfit" : 43.00,
    "netProfitMargin" : 10.92,
    "netProfit" : 19.80
  }, {
    "date" : "2011-06-30",
    "sales" : 127.83,
    "salesGrowthYoY" : -0.95,
    "grossProfitMargin" : 16.20,
    "grossProfit" : 20.71,
    "operatingProfitMargin" : 7.39,
    "operatingProfit" : 9.45,
    "netProfitMargin" : -11.98,
    "netProfit" : -15.31
  }, {
    "date" : "2011-09-30",
    "sales" : 181.19,
    "salesGrowthYoY" : 28.19,
    "grossProfitMargin" : 13.17,
    "grossProfit" : 23.86,
    "operatingProfitMargin" : 6.48,
    "operatingProfit" : 11.74,
    "netProfitMargin" : -7.12,
    "netProfit" : -12.90
  }, {
    "date" : "2011-12-31",
    "sales" : 188.34,
    "salesGrowthYoY" : -19.54,
    "grossProfitMargin" : 8.85,
    "grossProfit" : 16.67,
    "operatingProfitMargin" : -5.73,
    "operatingProfit" : -10.79,
    "netProfitMargin" : -15.07,
    "netProfit" : -28.38
  }, {
    "date" : "2012-03-31",
    "sales" : 185.54,
    "salesGrowthYoY" : 2.34,
    "grossProfitMargin" : 20.11,
    "grossProfit" : 37.31,
    "operatingProfitMargin" : 6.27,
    "operatingProfit" : 11.63,
    "netProfitMargin" : 4.14,
    "netProfit" : 7.68
  }, {
    "date" : "2012-06-30",
    "sales" : 158.48,
    "salesGrowthYoY" : 23.98,
    "grossProfitMargin" : 23.03,
    "grossProfit" : 36.50,
    "operatingProfitMargin" : 15.82,
    "operatingProfit" : 25.07,
    "netProfitMargin" : -0.90,
    "netProfit" : -1.43
  }, {
    "date" : "2012-09-30",
    "sales" : 178.34,
    "salesGrowthYoY" : -1.57,
    "grossProfitMargin" : 19.18,
    "grossProfit" : 34.21,
    "operatingProfitMargin" : 11.18,
    "operatingProfit" : 19.94,
    "netProfitMargin" : -3.40,
    "netProfit" : -6.06
  }, {
    "date" : "2012-12-31",
    "sales" : 173.32,
    "salesGrowthYoY" : -7.97,
    "grossProfitMargin" : 16.26,
    "grossProfit" : 28.18,
    "operatingProfitMargin" : 0.24,
    "operatingProfit" : 0.42,
    "netProfitMargin" : -8.14,
    "netProfit" : -14.11
  }, {
    "date" : "2013-03-31",
    "sales" : 135.29,
    "salesGrowthYoY" : -27.08,
    "grossProfitMargin" : 71.39,
    "grossProfit" : 96.58,
    "operatingProfitMargin" : 48.16,
    "operatingProfit" : 65.16,
    "netProfitMargin" : 19.99,
    "netProfit" : 27.04
  }, {
    "date" : "2013-06-30",
    "sales" : 193.08,
    "salesGrowthYoY" : 21.83,
    "grossProfitMargin" : 13.89,
    "grossProfit" : 26.82,
    "operatingProfitMargin" : 4.25,
    "operatingProfit" : 8.21,
    "netProfitMargin" : -9.78,
    "netProfit" : -18.88
  }, {
    "date" : "2013-09-30",
    "sales" : 174.43,
    "salesGrowthYoY" : -2.19,
    "grossProfitMargin" : 3.65,
    "grossProfit" : 6.37,
    "operatingProfitMargin" : -5.23,
    "operatingProfit" : -9.12,
    "netProfitMargin" : -20.31,
    "netProfit" : -35.43
  }, {
    "date" : "2013-12-31",
    "sales" : 208.02,
    "salesGrowthYoY" : 20.02,
    "grossProfitMargin" : 9.72,
    "grossProfit" : 20.22,
    "operatingProfitMargin" : -2.28,
    "operatingProfit" : -4.74,
    "netProfitMargin" : -12.50,
    "netProfit" : -26.00
  }, {
    "date" : "2014-03-31",
    "sales" : 145.80,
    "salesGrowthYoY" : 7.77,
    "grossProfitMargin" : 46.27,
    "grossProfit" : 67.46,
    "operatingProfitMargin" : 22.57,
    "operatingProfit" : 32.91,
    "netProfitMargin" : 9.16,
    "netProfit" : 13.36
  }, {
    "date" : "2014-06-30",
    "sales" : 150.28,
    "salesGrowthYoY" : -22.17,
    "grossProfitMargin" : 24.75,
    "grossProfit" : 37.19,
    "operatingProfitMargin" : 13.71,
    "operatingProfit" : 20.60,
    "netProfitMargin" : 7.77,
    "netProfit" : 11.68
  }, {
    "date" : "2014-09-30",
    "sales" : 128.54,
    "salesGrowthYoY" : -26.31,
    "grossProfitMargin" : -20.77,
    "grossProfit" : -26.70,
    "operatingProfitMargin" : -31.36,
    "operatingProfit" : -40.31,
    "netProfitMargin" : -50.38,
    "netProfit" : -64.76
  }, {
    "date" : "2014-12-31",
    "sales" : 247.02,
    "salesGrowthYoY" : 18.75,
    "grossProfitMargin" : 4.43,
    "grossProfit" : 10.94,
    "operatingProfitMargin" : -6.95,
    "operatingProfit" : -17.17,
    "netProfitMargin" : -17.23,
    "netProfit" : -42.56
  }, {
    "date" : "2015-03-31",
    "sales" : 196.17,
    "salesGrowthYoY" : 34.55,
    "grossProfitMargin" : 38.49,
    "grossProfit" : 75.51,
    "operatingProfitMargin" : 21.67,
    "operatingProfit" : 42.51,
    "netProfitMargin" : 11.65,
    "netProfit" : 22.85
  }, {
    "date" : "2015-06-30",
    "sales" : 187.88,
    "salesGrowthYoY" : 25.02,
    "grossProfitMargin" : 14.83,
    "grossProfit" : 27.86,
    "operatingProfitMargin" : 0.13,
    "operatingProfit" : 0.24,
    "netProfitMargin" : -1.46,
    "netProfit" : -2.74
  }, {
    "date" : "2015-09-30",
    "sales" : 158.33,
    "salesGrowthYoY" : 23.18,
    "grossProfitMargin" : 6.57,
    "grossProfit" : 10.40,
    "operatingProfitMargin" : -6.09,
    "operatingProfit" : -9.64,
    "netProfitMargin" : -22.51,
    "netProfit" : -35.64
  }, {
    "date" : "2015-12-31",
    "sales" : 238.79,
    "salesGrowthYoY" : -3.33,
    "grossProfitMargin" : 15.85,
    "grossProfit" : 37.85,
    "operatingProfitMargin" : 2.81,
    "operatingProfit" : 6.71,
    "netProfitMargin" : -6.87,
    "netProfit" : -16.40
  }, {
    "date" : "2016-03-31",
    "sales" : 415.68,
    "salesGrowthYoY" : 111.90,
    "grossProfitMargin" : 30.55,
    "grossProfit" : 126.99,
    "operatingProfitMargin" : 20.60,
    "operatingProfit" : 85.63,
    "netProfitMargin" : 16.24,
    "netProfit" : 67.51
  }, {
    "date" : "2016-06-30",
    "sales" : 235.36,
    "salesGrowthYoY" : 25.27,
    "grossProfitMargin" : 27.36,
    "grossProfit" : 64.39,
    "operatingProfitMargin" : 15.26,
    "operatingProfit" : 35.92,
    "netProfitMargin" : 5.14,
    "netProfit" : 12.10
  }, {
    "date" : "2016-09-30",
    "sales" : 208.10,
    "salesGrowthYoY" : 31.43,
    "grossProfitMargin" : 23.12,
    "grossProfit" : 48.11,
    "operatingProfitMargin" : 12.90,
    "operatingProfit" : 26.84,
    "netProfitMargin" : 1.38,
    "netProfit" : 2.87
  }, {
    "date" : "2016-12-31",
    "sales" : 227.88,
    "salesGrowthYoY" : -4.57,
    "grossProfitMargin" : 39.40,
    "grossProfit" : 89.78,
    "operatingProfitMargin" : 23.38,
    "operatingProfit" : 53.28,
    "netProfitMargin" : 15.07,
    "netProfit" : 34.34
  }, {
    "date" : "2017-03-31",
    "sales" : 414.03,
    "salesGrowthYoY" : -0.40,
    "grossProfitMargin" : 37.14,
    "grossProfit" : 153.77,
    "operatingProfitMargin" : 24.29,
    "operatingProfit" : 100.57,
    "netProfitMargin" : 14.87,
    "netProfit" : 61.57
  }, {
    "date" : "2017-06-30",
    "sales" : 353.50,
    "salesGrowthYoY" : 50.20,
    "grossProfitMargin" : 26.41,
    "grossProfit" : 93.36,
    "operatingProfitMargin" : 16.23,
    "operatingProfit" : 57.37,
    "netProfitMargin" : 6.53,
    "netProfit" : 23.08
  }, {
    "date" : "2017-09-30",
    "sales" : 334.41,
    "salesGrowthYoY" : 60.70,
    "grossProfitMargin" : 18.11,
    "grossProfit" : 60.56,
    "operatingProfitMargin" : 10.79,
    "operatingProfit" : 36.08,
    "netProfitMargin" : 3.19,
    "netProfit" : 10.67
  }, {
    "date" : "2017-12-31",
    "sales" : 292.78,
    "salesGrowthYoY" : 28.48,
    "grossProfitMargin" : 27.64,
    "grossProfit" : 80.92,
    "operatingProfitMargin" : 12.74,
    "operatingProfit" : 37.30,
    "netProfitMargin" : 4.30,
    "netProfit" : 12.59
  }, {
    "date" : "2018-03-31",
    "sales" : 262.79,
    "salesGrowthYoY" : -36.53,
    "grossProfitMargin" : 16.35,
    "grossProfit" : 42.97,
    "operatingProfitMargin" : -5.31,
    "operatingProfit" : -13.95,
    "netProfitMargin" : -11.16,
    "netProfit" : -29.33
  }, {
    "date" : "2018-06-30",
    "sales" : 270.94,
    "salesGrowthYoY" : -23.36,
    "grossProfitMargin" : 46.89,
    "grossProfit" : 127.04,
    "operatingProfitMargin" : 31.97,
    "operatingProfit" : 86.62,
    "netProfitMargin" : 17.88,
    "netProfit" : 48.44
  }, {
    "date" : "2018-09-30",
    "sales" : 247.94,
    "salesGrowthYoY" : -25.86,
    "grossProfitMargin" : 7.14,
    "grossProfit" : 17.70,
    "operatingProfitMargin" : -5.18,
    "operatingProfit" : -12.84,
    "netProfitMargin" : -9.84,
    "netProfit" : -24.40
  }, {
    "date" : "2018-12-31",
    "sales" : 376.60,
    "salesGrowthYoY" : 28.63,
    "grossProfitMargin" : 21.38,
    "grossProfit" : 80.52,
    "operatingProfitMargin" : 8.64,
    "operatingProfit" : 32.54,
    "netProfitMargin" : 1.93,
    "netProfit" : 7.27
  }, {
    "date" : "2019-03-31",
    "sales" : 339.59,
    "salesGrowthYoY" : 29.22,
    "grossProfitMargin" : 38.96,
    "grossProfit" : 132.30,
    "operatingProfitMargin" : 19.36,
    "operatingProfit" : 65.74,
    "netProfitMargin" : 7.89,
    "netProfit" : 26.79
  }, {
    "date" : "2019-06-30",
    "sales" : 360.75,
    "salesGrowthYoY" : 33.15,
    "grossProfitMargin" : 27.70,
    "grossProfit" : 99.93,
    "operatingProfitMargin" : 13.87,
    "operatingProfit" : 50.04,
    "netProfitMargin" : 4.19,
    "netProfit" : 15.12
  }, {
    "date" : "2019-09-30",
    "sales" : 300.68,
    "salesGrowthYoY" : 21.27,
    "grossProfitMargin" : 20.67,
    "grossProfit" : 62.15,
    "operatingProfitMargin" : 2.69,
    "operatingProfit" : 8.09,
    "netProfitMargin" : -3.91,
    "netProfit" : -11.76
  }, {
    "date" : "2019-12-31",
    "sales" : 426.68,
    "salesGrowthYoY" : 13.30,
    "grossProfitMargin" : 23.84,
    "grossProfit" : 101.72,
    "operatingProfitMargin" : 10.16,
    "operatingProfit" : 43.35,
    "netProfitMargin" : 3.12,
    "netProfit" : 13.31
  }, {
    "date" : "2020-03-31",
    "sales" : 556.72,
    "salesGrowthYoY" : 63.94,
    "grossProfitMargin" : 28.35,
    "grossProfit" : 157.83,
    "operatingProfitMargin" : 14.50,
    "operatingProfit" : 80.72,
    "netProfitMargin" : 6.27,
    "netProfit" : 34.91
  }, {
    "date" : "2020-06-30",
    "sales" : 409.46,
    "salesGrowthYoY" : 13.50,
    "grossProfitMargin" : 32.19,
    "grossProfit" : 131.81,
    "operatingProfitMargin" : 17.70,
    "operatingProfit" : 72.47,
    "netProfitMargin" : 7.01,
    "netProfit" : 28.70
  }, {
    "date" : "2020-09-30",
    "sales" : 422.51,
    "salesGrowthYoY" : 40.52,
    "grossProfitMargin" : 14.85,
    "grossProfit" : 62.74,
    "operatingProfitMargin" : 3.69,
    "operatingProfit" : 15.59,
    "netProfitMargin" : -2.00,
    "netProfit" : -8.45
  }, {
    "date" : "2020-12-31",
    "sales" : 433.26,
    "salesGrowthYoY" : 1.54,
    "grossProfitMargin" : 23.67,
    "grossProfit" : 102.55,
    "operatingProfitMargin" : 10.20,
    "operatingProfit" : 44.19,
    "netProfitMargin" : 2.70,
    "netProfit" : 11.70
  }, {
    "date" : "2021-03-31",
    "sales" : 553.36,
    "salesGrowthYoY" : -0.60,
    "grossProfitMargin" : 31.96,
    "grossProfit" : 176.85,
    "operatingProfitMargin" : 15.13,
    "operatingProfit" : 83.72,
    "netProfitMargin" : 5.03,
    "netProfit" : 27.83
  }, {
    "date" : "2021-06-30",
    "sales" : 449.92,
    "salesGrowthYoY" : 9.88,
    "grossProfitMargin" : 29.24,
    "grossProfit" : 131.56,
    "operatingProfitMargin" : 16.16,
    "operatingProfit" : 72.71,
    "netProfitMargin" : 7.60,
    "netProfit" : 34.19
  }, {
    "date" : "2021-09-30",
    "sales" : 476.40,
    "salesGrowthYoY" : 12.75,
    "grossProfitMargin" : 16.81,
    "grossProfit" : 80.08,
    "operatingProfitMargin" : 5.52,
    "operatingProfit" : 26.30,
    "netProfitMargin" : 0.09,
    "netProfit" : 0.43
  }, {
    "date" : "2021-12-31",
    "sales" : 617.62,
    "salesGrowthYoY" : 42.55,
    "grossProfitMargin" : 24.97,
    "grossProfit" : 154.22,
    "operatingProfitMargin" : 12.01,
    "operatingProfit" : 74.18,
    "netProfitMargin" : 6.35,
    "netProfit" : 39.22
  }, {
    "date" : "2022-03-31",
    "sales" : 490.40,
    "salesGrowthYoY" : -11.38,
    "grossProfitMargin" : 36.36,
    "grossProfit" : 178.31,
    "operatingProfitMargin" : 19.66,
    "operatingProfit" : 96.41,
    "netProfitMargin" : 12.45,
    "netProfit" : 61.05
  }, {
    "date" : "2022-06-30",
    "sales" : 605.31,
    "salesGrowthYoY" : 34.54,
    "grossProfitMargin" : 25.44,
    "grossProfit" : 153.99,
    "operatingProfitMargin" : 12.55,
    "operatingProfit" : 75.97,
    "netProfitMargin" : 6.21,
    "netProfit" : 37.59
  }, {
    "date" : "2022-09-30",
    "sales" : 454.53,
    "salesGrowthYoY" : -4.59,
    "grossProfitMargin" : 13.30,
    "grossProfit" : 60.45,
    "operatingProfitMargin" : 1.31,
    "operatingProfit" : 5.95,
    "netProfitMargin" : -2.21,
    "netProfit" : -10.05
  }, {
    "date" : "2022-12-31",
    "sales" : 471.61,
    "salesGrowthYoY" : -23.64,
    "grossProfitMargin" : 25.00,
    "grossProfit" : 117.90,
    "operatingProfitMargin" : 10.85,
    "operatingProfit" : 51.17,
    "netProfitMargin" : 5.53,
    "netProfit" : 26.08
  }, {
    "date" : "2023-03-31",
    "sales" : 527.42,
    "salesGrowthYoY" : 7.55,
    "grossProfitMargin" : 36.54,
    "grossProfit" : 192.72,
    "operatingProfitMargin" : 21.18,
    "operatingProfit" : 111.71,
    "netProfitMargin" : 13.27,
    "netProfit" : 69.99
  }, {
    "date" : "2023-06-30",
    "sales" : 460.05,
    "salesGrowthYoY" : -24.00,
    "grossProfitMargin" : 29.26,
    "grossProfit" : 134.61,
    "operatingProfitMargin" : 14.45,
    "operatingProfit" : 66.48,
    "netProfitMargin" : 6.73,
    "netProfit" : 30.96
  }, {
    "date" : "2023-09-30",
    "sales" : 604.03,
    "salesGrowthYoY" : 32.89,
    "grossProfitMargin" : 16.94,
    "grossProfit" : 102.32,
    "operatingProfitMargin" : 7.10,
    "operatingProfit" : 42.89,
    "netProfitMargin" : 2.59,
    "netProfit" : 15.64
  }, {
    "date" : "2023-12-31",
    "sales" : 517.74,
    "salesGrowthYoY" : 9.78,
    "grossProfitMargin" : 28.53,
    "grossProfit" : 147.71,
    "operatingProfitMargin" : 14.28,
    "operatingProfit" : 73.93,
    "netProfitMargin" : 8.40,
    "netProfit" : 43.49
  }, {
    "date" : "2024-03-31",
    "sales" : 465.15,
    "salesGrowthYoY" : -11.81,
    "grossProfitMargin" : 36.08,
    "grossProfit" : 167.83,
    "operatingProfitMargin" : 17.73,
    "operatingProfit" : 82.47,
    "netProfitMargin" : 9.06,
    "netProfit" : 42.14
  }, {
    "date" : "2024-06-30",
    "sales" : 453.82,
    "salesGrowthYoY" : -1.35,
    "grossProfitMargin" : 20.48,
    "grossProfit" : 92.94,
    "operatingProfitMargin" : 7.75,
    "operatingProfit" : 35.17,
    "netProfitMargin" : 1.42,
    "netProfit" : 6.44
  }, {
    "date" : "2024-09-30",
    "sales" : 385.73,
    "salesGrowthYoY" : -36.14,
    "grossProfitMargin" : 14.30,
    "grossProfit" : 55.16,
    "operatingProfitMargin" : 0.94,
    "operatingProfit" : 3.63,
    "netProfitMargin" : -4.05,
    "netProfit" : -15.62
  }, {
    "date" : "2024-12-31",
    "sales" : 403.88,
    "salesGrowthYoY" : -21.99,
    "grossProfitMargin" : 33.24,
    "grossProfit" : 134.25,
    "operatingProfitMargin" : 15.31,
    "operatingProfit" : 61.83,
    "netProfitMargin" : 8.05,
    "netProfit" : 32.51
  }, {
    "date" : "2025-03-31",
    "sales" : 549.98,
    "salesGrowthYoY" : 18.24,
    "grossProfitMargin" : 37.73,
    "grossProfit" : 207.51,
    "operatingProfitMargin" : 20.84,
    "operatingProfit" : 114.62,
    "netProfitMargin" : 12.35,
    "netProfit" : 67.92
  }, {
    "date" : "2025-06-30",
    "sales" : 604.76,
    "salesGrowthYoY" : 33.26,
    "grossProfitMargin" : 19.54,
    "grossProfit" : 118.17,
    "operatingProfitMargin" : 8.40,
    "operatingProfit" : 50.80,
    "netProfitMargin" : 2.64,
    "netProfit" : 15.97
  }, {
    "date" : "2025-09-30",
    "sales" : 559.77,
    "salesGrowthYoY" : 45.12,
    "grossProfitMargin" : 15.62,
    "grossProfit" : 87.44,
    "operatingProfitMargin" : 4.18,
    "operatingProfit" : 23.40,
    "netProfitMargin" : 0.26,
    "netProfit" : 1.46
  } ],
  "latestQuarterlyResult" : {
    "date" : "2025-09-30",
    "sales" : 559.77,
    "salesGrowthYoY" : 45.12,
    "grossProfitMargin" : 15.62,
    "grossProfit" : 87.44,
    "operatingProfitMargin" : 4.18,
    "operatingProfit" : 23.40,
    "netProfitMargin" : 0.26,
    "netProfit" : 1.46
  },
  "companyScore" : {
    "priceHigherThanDma50" : 5.00,
    "priceHigherThanDma100" : 5.00,
    "priceHigherThanDma200" : 5.00,
    "dma50HigherThanDma100" : 0.00,
    "dma50HigherThanDma200" : 0.00,
    "dma100HigherThanDma200" : 0.00,
    "pricePercentageAboveDma50" : 4.55,
    "pricePercentageAboveDma100" : 4.66,
    "pricePercentageAboveDma200" : 4.89,
    "weeklyVolumeHigherThanYearlyVolume" : 5.00,
    "salesGrowthPercentile" : 16.92,
    "operatingProfitMarginPercentile" : 13.79,
    "netProfitMarginPercentile" : 8.40,
    "totalTechnicalScore" : 34.10,
    "totalFundamentalScore" : 39.12,
    "totalScore" : 73.22
  }
}