{
  "metadata" : {
    "screenerCompanyId" : "3584",
    "companyCode" : "V2RETAIL",
    "companyName" : "V2 Retail",
    "screenerCompanyLink" : "https://www.screener.in/company/V2RETAIL/consolidated/",
    "screenerTechnicalHistoryLink" : "https://www.screener.in/api/company/3584/chart/?q=Price-DMA50-DMA200-Volume&days=365",
    "screenerQuarterlyResultsLink" : "https://www.screener.in/api/company/3584/chart/?q=GPM-OPM-NPM-Quarter+Sales&days=10000",
    "attributes" : {
      "companyCode" : "V2RETAIL",
      "companyName" : "V2 Retail",
      "marketCap" : 6911.00,
      "peRatio" : 69.40,
      "description" : "Company primarily operates in Tier-II and Tier-III cities, with a chain of “V2 Retail” stores offering apparel and general merchandise, catering to the entire family.[1]"
    },
    "companyScore" : {
      "priceHigherThanDma50" : 0.00,
      "priceHigherThanDma100" : 0.00,
      "priceHigherThanDma200" : 0.00,
      "dma50HigherThanDma100" : 0.00,
      "dma50HigherThanDma200" : 5.00,
      "dma100HigherThanDma200" : 5.00,
      "pricePercentageAboveDma50" : 5.63,
      "pricePercentageAboveDma100" : 5.64,
      "pricePercentageAboveDma200" : 5.24,
      "weeklyVolumeHigherThanYearlyVolume" : 5.00,
      "salesGrowthPercentile" : 16.81,
      "operatingProfitMarginPercentile" : 19.11,
      "netProfitMarginPercentile" : 9.69,
      "totalTechnicalScore" : 31.52,
      "totalFundamentalScore" : 45.62,
      "totalScore" : 77.14
    }
  },
  "attributes" : {
    "companyCode" : "V2RETAIL",
    "companyName" : "V2 Retail",
    "marketCap" : 6911.00,
    "peRatio" : 69.40,
    "description" : "Company primarily operates in Tier-II and Tier-III cities, with a chain of “V2 Retail” stores offering apparel and general merchandise, catering to the entire family.[1]"
  },
  "technicalHistory" : [ {
    "date" : "2025-01-29",
    "price" : 1871.40,
    "dma50" : 1609.62,
    "dma100" : null,
    "dma200" : 1144.50,
    "volume" : 77733.00
  }, {
    "date" : "2025-01-30",
    "price" : 1876.25,
    "dma50" : 1620.08,
    "dma100" : null,
    "dma200" : 1151.78,
    "volume" : 34361.00
  }, {
    "date" : "2025-01-31",
    "price" : 1858.05,
    "dma50" : 1629.41,
    "dma100" : null,
    "dma200" : 1158.81,
    "volume" : 29338.00
  }, {
    "date" : "2025-02-01",
    "price" : 1915.70,
    "dma50" : 1640.64,
    "dma100" : null,
    "dma200" : 1166.34,
    "volume" : 115733.00
  }, {
    "date" : "2025-02-03",
    "price" : 1997.90,
    "dma50" : 1654.65,
    "dma100" : null,
    "dma200" : 1174.62,
    "volume" : 109246.00
  }, {
    "date" : "2025-02-04",
    "price" : 2031.65,
    "dma50" : 1669.43,
    "dma100" : null,
    "dma200" : 1183.14,
    "volume" : 104508.00
  }, {
    "date" : "2025-02-05",
    "price" : 1993.75,
    "dma50" : 1682.15,
    "dma100" : null,
    "dma200" : 1191.21,
    "volume" : 45645.00
  }, {
    "date" : "2025-02-06",
    "price" : 1982.45,
    "dma50" : 1693.93,
    "dma100" : null,
    "dma200" : 1199.08,
    "volume" : 43664.00
  }, {
    "date" : "2025-02-07",
    "price" : 1942.10,
    "dma50" : 1703.66,
    "dma100" : null,
    "dma200" : 1206.48,
    "volume" : 30599.00
  }, {
    "date" : "2025-02-10",
    "price" : 1845.00,
    "dma50" : 1709.20,
    "dma100" : null,
    "dma200" : 1212.83,
    "volume" : 42996.00
  }, {
    "date" : "2025-02-11",
    "price" : 1752.75,
    "dma50" : 1710.91,
    "dma100" : null,
    "dma200" : 1218.20,
    "volume" : 19738.00
  }, {
    "date" : "2025-02-12",
    "price" : 1762.10,
    "dma50" : 1712.92,
    "dma100" : null,
    "dma200" : 1223.61,
    "volume" : 186078.00
  }, {
    "date" : "2025-02-13",
    "price" : 1715.05,
    "dma50" : 1713.00,
    "dma100" : null,
    "dma200" : 1228.50,
    "volume" : 52431.00
  }, {
    "date" : "2025-02-14",
    "price" : 1629.30,
    "dma50" : 1709.72,
    "dma100" : null,
    "dma200" : 1232.49,
    "volume" : 59983.00
  }, {
    "date" : "2025-02-17",
    "price" : 1582.80,
    "dma50" : 1704.74,
    "dma100" : null,
    "dma200" : 1235.98,
    "volume" : 88354.00
  }, {
    "date" : "2025-02-18",
    "price" : 1503.70,
    "dma50" : 1696.86,
    "dma100" : null,
    "dma200" : 1238.64,
    "volume" : 94423.00
  }, {
    "date" : "2025-02-19",
    "price" : 1453.90,
    "dma50" : 1687.33,
    "dma100" : null,
    "dma200" : 1240.78,
    "volume" : 123869.00
  }, {
    "date" : "2025-02-20",
    "price" : 1510.05,
    "dma50" : 1680.38,
    "dma100" : null,
    "dma200" : 1243.46,
    "volume" : 103700.00
  }, {
    "date" : "2025-02-21",
    "price" : 1585.55,
    "dma50" : 1676.66,
    "dma100" : null,
    "dma200" : 1246.87,
    "volume" : 66710.00
  }, {
    "date" : "2025-02-24",
    "price" : 1664.80,
    "dma50" : 1676.19,
    "dma100" : null,
    "dma200" : 1251.03,
    "volume" : 75592.00
  }, {
    "date" : "2025-02-25",
    "price" : 1746.05,
    "dma50" : 1678.93,
    "dma100" : null,
    "dma200" : 1255.95,
    "volume" : 74281.00
  }, {
    "date" : "2025-02-27",
    "price" : 1658.75,
    "dma50" : 1678.14,
    "dma100" : null,
    "dma200" : 1259.96,
    "volume" : 45991.00
  }, {
    "date" : "2025-02-28",
    "price" : 1575.85,
    "dma50" : 1674.13,
    "dma100" : null,
    "dma200" : 1263.10,
    "volume" : 223286.00
  }, {
    "date" : "2025-03-03",
    "price" : 1536.85,
    "dma50" : 1668.75,
    "dma100" : null,
    "dma200" : 1265.83,
    "volume" : 121324.00
  }, {
    "date" : "2025-03-04",
    "price" : 1513.00,
    "dma50" : 1662.64,
    "dma100" : null,
    "dma200" : 1268.29,
    "volume" : 53264.00
  }, {
    "date" : "2025-03-05",
    "price" : 1588.65,
    "dma50" : 1659.74,
    "dma100" : null,
    "dma200" : 1271.47,
    "volume" : 58673.00
  }, {
    "date" : "2025-03-06",
    "price" : 1668.05,
    "dma50" : 1660.06,
    "dma100" : null,
    "dma200" : 1275.42,
    "volume" : 55848.00
  }, {
    "date" : "2025-03-07",
    "price" : 1709.70,
    "dma50" : 1662.01,
    "dma100" : null,
    "dma200" : 1279.74,
    "volume" : 109640.00
  }, {
    "date" : "2025-03-10",
    "price" : 1711.70,
    "dma50" : 1663.96,
    "dma100" : null,
    "dma200" : 1284.04,
    "volume" : 40942.00
  }, {
    "date" : "2025-03-11",
    "price" : 1632.50,
    "dma50" : 1662.73,
    "dma100" : null,
    "dma200" : 1287.51,
    "volume" : 20287.00
  }, {
    "date" : "2025-03-12",
    "price" : 1674.50,
    "dma50" : 1663.19,
    "dma100" : null,
    "dma200" : 1291.36,
    "volume" : 29693.00
  }, {
    "date" : "2025-03-13",
    "price" : 1692.50,
    "dma50" : 1664.34,
    "dma100" : null,
    "dma200" : 1295.35,
    "volume" : 21987.00
  }, {
    "date" : "2025-03-17",
    "price" : 1699.45,
    "dma50" : 1665.71,
    "dma100" : null,
    "dma200" : 1299.37,
    "volume" : 28809.00
  }, {
    "date" : "2025-03-18",
    "price" : 1690.90,
    "dma50" : 1666.70,
    "dma100" : null,
    "dma200" : 1303.26,
    "volume" : 13001.00
  }, {
    "date" : "2025-03-19",
    "price" : 1689.40,
    "dma50" : 1667.59,
    "dma100" : null,
    "dma200" : 1307.11,
    "volume" : 33685.00
  }, {
    "date" : "2025-03-20",
    "price" : 1618.80,
    "dma50" : 1665.68,
    "dma100" : null,
    "dma200" : 1310.21,
    "volume" : 34446.00
  }, {
    "date" : "2025-03-21",
    "price" : 1617.60,
    "dma50" : 1663.79,
    "dma100" : null,
    "dma200" : 1313.27,
    "volume" : 38749.00
  }, {
    "date" : "2025-03-24",
    "price" : 1698.45,
    "dma50" : 1665.15,
    "dma100" : null,
    "dma200" : 1317.10,
    "volume" : 31793.00
  }, {
    "date" : "2025-03-25",
    "price" : 1744.65,
    "dma50" : 1668.27,
    "dma100" : null,
    "dma200" : 1321.35,
    "volume" : 77417.00
  }, {
    "date" : "2025-03-26",
    "price" : 1704.95,
    "dma50" : 1669.71,
    "dma100" : null,
    "dma200" : 1325.17,
    "volume" : 46233.00
  }, {
    "date" : "2025-03-27",
    "price" : 1692.65,
    "dma50" : 1670.61,
    "dma100" : null,
    "dma200" : 1328.83,
    "volume" : 87822.00
  }, {
    "date" : "2025-03-28",
    "price" : 1718.55,
    "dma50" : 1672.49,
    "dma100" : null,
    "dma200" : 1332.71,
    "volume" : 57539.00
  }, {
    "date" : "2025-04-01",
    "price" : 1723.75,
    "dma50" : 1674.50,
    "dma100" : null,
    "dma200" : 1336.60,
    "volume" : 35040.00
  }, {
    "date" : "2025-04-02",
    "price" : 1809.90,
    "dma50" : 1679.81,
    "dma100" : null,
    "dma200" : 1341.31,
    "volume" : 298966.00
  }, {
    "date" : "2025-04-03",
    "price" : 1870.85,
    "dma50" : 1687.30,
    "dma100" : null,
    "dma200" : 1346.57,
    "volume" : 157469.00
  }, {
    "date" : "2025-04-04",
    "price" : 1804.05,
    "dma50" : 1691.88,
    "dma100" : null,
    "dma200" : 1351.13,
    "volume" : 166140.00
  }, {
    "date" : "2025-04-07",
    "price" : 1713.85,
    "dma50" : 1692.74,
    "dma100" : null,
    "dma200" : 1354.74,
    "volume" : 65316.00
  }, {
    "date" : "2025-04-08",
    "price" : 1746.70,
    "dma50" : 1694.86,
    "dma100" : null,
    "dma200" : 1358.64,
    "volume" : 57475.00
  }, {
    "date" : "2025-04-09",
    "price" : 1697.75,
    "dma50" : 1694.97,
    "dma100" : null,
    "dma200" : 1362.01,
    "volume" : 29603.00
  }, {
    "date" : "2025-04-11",
    "price" : 1693.15,
    "dma50" : 1694.90,
    "dma100" : null,
    "dma200" : 1365.31,
    "volume" : 53034.00
  }, {
    "date" : "2025-04-15",
    "price" : 1746.50,
    "dma50" : 1696.92,
    "dma100" : null,
    "dma200" : 1369.10,
    "volume" : 123260.00
  }, {
    "date" : "2025-04-16",
    "price" : 1758.20,
    "dma50" : 1699.32,
    "dma100" : null,
    "dma200" : 1372.97,
    "volume" : 26717.00
  }, {
    "date" : "2025-04-17",
    "price" : 1733.50,
    "dma50" : 1700.66,
    "dma100" : null,
    "dma200" : 1376.56,
    "volume" : 25203.00
  }, {
    "date" : "2025-04-21",
    "price" : 1820.10,
    "dma50" : 1705.35,
    "dma100" : null,
    "dma200" : 1380.97,
    "volume" : 51190.00
  }, {
    "date" : "2025-04-22",
    "price" : 1911.10,
    "dma50" : 1713.42,
    "dma100" : null,
    "dma200" : 1386.25,
    "volume" : 54249.00
  }, {
    "date" : "2025-04-23",
    "price" : 1904.00,
    "dma50" : 1720.89,
    "dma100" : null,
    "dma200" : 1391.40,
    "volume" : 41560.00
  }, {
    "date" : "2025-04-24",
    "price" : 1850.80,
    "dma50" : 1725.99,
    "dma100" : null,
    "dma200" : 1395.97,
    "volume" : 35235.00
  }, {
    "date" : "2025-04-25",
    "price" : 1838.40,
    "dma50" : 1730.39,
    "dma100" : null,
    "dma200" : 1400.37,
    "volume" : 74509.00
  }, {
    "date" : "2025-04-28",
    "price" : 1746.50,
    "dma50" : 1731.03,
    "dma100" : null,
    "dma200" : 1403.81,
    "volume" : 63115.00
  }, {
    "date" : "2025-04-29",
    "price" : 1659.20,
    "dma50" : 1728.21,
    "dma100" : null,
    "dma200" : 1406.36,
    "volume" : 118650.00
  }, {
    "date" : "2025-04-30",
    "price" : 1687.40,
    "dma50" : 1726.61,
    "dma100" : null,
    "dma200" : 1409.15,
    "volume" : 173497.00
  }, {
    "date" : "2025-05-02",
    "price" : 1668.70,
    "dma50" : 1724.34,
    "dma100" : null,
    "dma200" : 1411.74,
    "volume" : 56098.00
  }, {
    "date" : "2025-05-05",
    "price" : 1697.80,
    "dma50" : 1723.30,
    "dma100" : null,
    "dma200" : 1414.58,
    "volume" : 27689.00
  }, {
    "date" : "2025-05-06",
    "price" : 1687.80,
    "dma50" : 1721.90,
    "dma100" : null,
    "dma200" : 1417.30,
    "volume" : 53933.00
  }, {
    "date" : "2025-05-07",
    "price" : 1707.90,
    "dma50" : 1721.36,
    "dma100" : null,
    "dma200" : 1420.19,
    "volume" : 26793.00
  }, {
    "date" : "2025-05-08",
    "price" : 1660.90,
    "dma50" : 1718.98,
    "dma100" : null,
    "dma200" : 1422.59,
    "volume" : 25267.00
  }, {
    "date" : "2025-05-09",
    "price" : 1659.50,
    "dma50" : 1716.65,
    "dma100" : null,
    "dma200" : 1424.94,
    "volume" : 25292.00
  }, {
    "date" : "2025-05-12",
    "price" : 1706.10,
    "dma50" : 1716.24,
    "dma100" : null,
    "dma200" : 1427.74,
    "volume" : 68043.00
  }, {
    "date" : "2025-05-13",
    "price" : 1684.30,
    "dma50" : 1714.99,
    "dma100" : null,
    "dma200" : 1430.29,
    "volume" : 25832.00
  }, {
    "date" : "2025-05-14",
    "price" : 1673.30,
    "dma50" : 1713.35,
    "dma100" : null,
    "dma200" : 1432.71,
    "volume" : 23446.00
  }, {
    "date" : "2025-05-15",
    "price" : 1756.90,
    "dma50" : 1715.06,
    "dma100" : null,
    "dma200" : 1435.94,
    "volume" : 57210.00
  }, {
    "date" : "2025-05-16",
    "price" : 1844.70,
    "dma50" : 1720.14,
    "dma100" : null,
    "dma200" : 1440.01,
    "volume" : 53781.00
  }, {
    "date" : "2025-05-19",
    "price" : 1881.70,
    "dma50" : 1726.48,
    "dma100" : null,
    "dma200" : 1444.40,
    "volume" : 69723.00
  }, {
    "date" : "2025-05-20",
    "price" : 1896.50,
    "dma50" : 1733.15,
    "dma100" : null,
    "dma200" : 1448.90,
    "volume" : 62262.00
  }, {
    "date" : "2025-05-21",
    "price" : 1875.20,
    "dma50" : 1738.72,
    "dma100" : null,
    "dma200" : 1453.14,
    "volume" : 24191.00
  }, {
    "date" : "2025-05-22",
    "price" : 1873.70,
    "dma50" : 1744.01,
    "dma100" : null,
    "dma200" : 1457.33,
    "volume" : 12844.00
  }, {
    "date" : "2025-05-23",
    "price" : 1893.00,
    "dma50" : 1749.85,
    "dma100" : null,
    "dma200" : 1461.66,
    "volume" : 42642.00
  }, {
    "date" : "2025-05-26",
    "price" : 1987.60,
    "dma50" : 1759.18,
    "dma100" : null,
    "dma200" : 1466.89,
    "volume" : 108436.00
  }, {
    "date" : "2025-05-27",
    "price" : 1975.30,
    "dma50" : 1767.65,
    "dma100" : null,
    "dma200" : 1471.95,
    "volume" : 116158.00
  }, {
    "date" : "2025-05-28",
    "price" : 1876.60,
    "dma50" : 1771.92,
    "dma100" : null,
    "dma200" : 1475.98,
    "volume" : 156106.00
  }, {
    "date" : "2025-05-29",
    "price" : 1786.90,
    "dma50" : 1772.51,
    "dma100" : null,
    "dma200" : 1479.07,
    "volume" : 97636.00
  }, {
    "date" : "2025-05-30",
    "price" : 1860.10,
    "dma50" : 1775.95,
    "dma100" : null,
    "dma200" : 1482.86,
    "volume" : 74475.00
  }, {
    "date" : "2025-06-02",
    "price" : 1865.90,
    "dma50" : 1779.47,
    "dma100" : null,
    "dma200" : 1486.68,
    "volume" : 68665.00
  }, {
    "date" : "2025-06-03",
    "price" : 1856.90,
    "dma50" : 1782.51,
    "dma100" : null,
    "dma200" : 1490.36,
    "volume" : 46115.00
  }, {
    "date" : "2025-06-04",
    "price" : 1854.20,
    "dma50" : 1785.32,
    "dma100" : null,
    "dma200" : 1493.98,
    "volume" : 36514.00
  }, {
    "date" : "2025-06-05",
    "price" : 1842.10,
    "dma50" : 1787.55,
    "dma100" : null,
    "dma200" : 1497.44,
    "volume" : 30886.00
  }, {
    "date" : "2025-06-06",
    "price" : 1820.80,
    "dma50" : 1788.85,
    "dma100" : null,
    "dma200" : 1500.66,
    "volume" : 27946.00
  }, {
    "date" : "2025-06-09",
    "price" : 1863.40,
    "dma50" : 1791.78,
    "dma100" : null,
    "dma200" : 1504.27,
    "volume" : 43089.00
  }, {
    "date" : "2025-06-10",
    "price" : 1812.20,
    "dma50" : 1792.58,
    "dma100" : null,
    "dma200" : 1507.33,
    "volume" : 32658.00
  }, {
    "date" : "2025-06-11",
    "price" : 1829.40,
    "dma50" : 1794.02,
    "dma100" : null,
    "dma200" : 1510.54,
    "volume" : 30165.00
  }, {
    "date" : "2025-06-12",
    "price" : 1805.20,
    "dma50" : 1794.46,
    "dma100" : null,
    "dma200" : 1513.47,
    "volume" : 28431.00
  }, {
    "date" : "2025-06-13",
    "price" : 1833.40,
    "dma50" : 1795.99,
    "dma100" : null,
    "dma200" : 1516.65,
    "volume" : 17385.00
  }, {
    "date" : "2025-06-16",
    "price" : 1829.40,
    "dma50" : 1797.30,
    "dma100" : null,
    "dma200" : 1519.77,
    "volume" : 20426.00
  }, {
    "date" : "2025-06-17",
    "price" : 1885.70,
    "dma50" : 1800.76,
    "dma100" : null,
    "dma200" : 1523.41,
    "volume" : 66780.00
  }, {
    "date" : "2025-06-18",
    "price" : 1848.70,
    "dma50" : 1802.64,
    "dma100" : null,
    "dma200" : 1526.64,
    "volume" : 33053.00
  }, {
    "date" : "2025-06-19",
    "price" : 1806.60,
    "dma50" : 1802.80,
    "dma100" : null,
    "dma200" : 1529.43,
    "volume" : 47876.00
  }, {
    "date" : "2025-06-20",
    "price" : 1836.90,
    "dma50" : 1804.14,
    "dma100" : null,
    "dma200" : 1532.49,
    "volume" : 39863.00
  }, {
    "date" : "2025-06-23",
    "price" : 1864.00,
    "dma50" : 1806.48,
    "dma100" : null,
    "dma200" : 1535.79,
    "volume" : 32748.00
  }, {
    "date" : "2025-06-24",
    "price" : 1873.80,
    "dma50" : 1809.12,
    "dma100" : null,
    "dma200" : 1539.15,
    "volume" : 25797.00
  }, {
    "date" : "2025-06-25",
    "price" : 1854.60,
    "dma50" : 1810.91,
    "dma100" : null,
    "dma200" : 1542.29,
    "volume" : 43679.00
  }, {
    "date" : "2025-06-26",
    "price" : 1809.40,
    "dma50" : 1810.85,
    "dma100" : 1765.49,
    "dma200" : 1544.95,
    "volume" : 71557.00
  }, {
    "date" : "2025-06-27",
    "price" : 1781.50,
    "dma50" : 1809.70,
    "dma100" : 1764.54,
    "dma200" : 1547.30,
    "volume" : 49513.00
  }, {
    "date" : "2025-06-30",
    "price" : 1814.50,
    "dma50" : 1809.88,
    "dma100" : 1764.11,
    "dma200" : 1549.96,
    "volume" : 61516.00
  }, {
    "date" : "2025-07-01",
    "price" : 1853.10,
    "dma50" : 1811.58,
    "dma100" : 1763.48,
    "dma200" : 1552.98,
    "volume" : 37899.00
  }, {
    "date" : "2025-07-02",
    "price" : 1823.60,
    "dma50" : 1812.05,
    "dma100" : 1761.74,
    "dma200" : 1555.67,
    "volume" : 114193.00
  }, {
    "date" : "2025-07-03",
    "price" : 1832.30,
    "dma50" : 1812.85,
    "dma100" : 1759.75,
    "dma200" : 1558.42,
    "volume" : 199065.00
  }, {
    "date" : "2025-07-04",
    "price" : 1923.90,
    "dma50" : 1817.20,
    "dma100" : 1759.05,
    "dma200" : 1562.06,
    "volume" : 137653.00
  }, {
    "date" : "2025-07-07",
    "price" : 1992.60,
    "dma50" : 1824.08,
    "dma100" : 1759.15,
    "dma200" : 1566.34,
    "volume" : 154120.00
  }, {
    "date" : "2025-07-08",
    "price" : 1973.90,
    "dma50" : 1829.95,
    "dma100" : 1759.47,
    "dma200" : 1570.40,
    "volume" : 40565.00
  }, {
    "date" : "2025-07-09",
    "price" : 1962.70,
    "dma50" : 1835.16,
    "dma100" : 1760.64,
    "dma200" : 1574.30,
    "volume" : 28727.00
  }, {
    "date" : "2025-07-10",
    "price" : 1964.30,
    "dma50" : 1840.22,
    "dma100" : 1762.76,
    "dma200" : 1578.18,
    "volume" : 25692.00
  }, {
    "date" : "2025-07-11",
    "price" : 1915.20,
    "dma50" : 1843.16,
    "dma100" : 1764.29,
    "dma200" : 1581.53,
    "volume" : 32636.00
  }, {
    "date" : "2025-07-14",
    "price" : 1892.50,
    "dma50" : 1845.10,
    "dma100" : 1766.07,
    "dma200" : 1584.63,
    "volume" : 48474.00
  }, {
    "date" : "2025-07-15",
    "price" : 1906.00,
    "dma50" : 1847.49,
    "dma100" : 1768.83,
    "dma200" : 1587.83,
    "volume" : 21136.00
  }, {
    "date" : "2025-07-16",
    "price" : 1886.00,
    "dma50" : 1849.00,
    "dma100" : 1771.86,
    "dma200" : 1590.79,
    "volume" : 28016.00
  }, {
    "date" : "2025-07-17",
    "price" : 1865.00,
    "dma50" : 1849.63,
    "dma100" : 1775.48,
    "dma200" : 1593.52,
    "volume" : 22672.00
  }, {
    "date" : "2025-07-18",
    "price" : 1883.60,
    "dma50" : 1850.96,
    "dma100" : 1779.77,
    "dma200" : 1596.41,
    "volume" : 24069.00
  }, {
    "date" : "2025-07-21",
    "price" : 1880.50,
    "dma50" : 1852.12,
    "dma100" : 1783.48,
    "dma200" : 1599.24,
    "volume" : 17217.00
  }, {
    "date" : "2025-07-22",
    "price" : 1864.70,
    "dma50" : 1852.61,
    "dma100" : 1786.27,
    "dma200" : 1601.88,
    "volume" : 58335.00
  }, {
    "date" : "2025-07-23",
    "price" : 1901.20,
    "dma50" : 1854.52,
    "dma100" : 1788.63,
    "dma200" : 1604.85,
    "volume" : 30064.00
  }, {
    "date" : "2025-07-24",
    "price" : 1945.90,
    "dma50" : 1858.10,
    "dma100" : 1790.63,
    "dma200" : 1608.25,
    "volume" : 51272.00
  }, {
    "date" : "2025-07-25",
    "price" : 1929.80,
    "dma50" : 1860.91,
    "dma100" : 1793.34,
    "dma200" : 1611.45,
    "volume" : 29286.00
  }, {
    "date" : "2025-07-28",
    "price" : 1892.50,
    "dma50" : 1862.15,
    "dma100" : 1796.51,
    "dma200" : 1614.24,
    "volume" : 48113.00
  }, {
    "date" : "2025-07-29",
    "price" : 1936.60,
    "dma50" : 1865.07,
    "dma100" : 1800.51,
    "dma200" : 1617.45,
    "volume" : 38146.00
  }, {
    "date" : "2025-07-30",
    "price" : 1955.70,
    "dma50" : 1868.62,
    "dma100" : 1804.93,
    "dma200" : 1620.82,
    "volume" : 123741.00
  }, {
    "date" : "2025-07-31",
    "price" : 1858.00,
    "dma50" : 1868.21,
    "dma100" : 1807.63,
    "dma200" : 1623.18,
    "volume" : 331316.00
  }, {
    "date" : "2025-08-01",
    "price" : 1765.10,
    "dma50" : 1864.16,
    "dma100" : 1808.60,
    "dma200" : 1624.59,
    "volume" : 39347.00
  }, {
    "date" : "2025-08-04",
    "price" : 1679.20,
    "dma50" : 1856.91,
    "dma100" : 1808.29,
    "dma200" : 1625.13,
    "volume" : 541464.00
  }, {
    "date" : "2025-08-05",
    "price" : 1709.70,
    "dma50" : 1851.14,
    "dma100" : 1808.27,
    "dma200" : 1625.97,
    "volume" : 132705.00
  }, {
    "date" : "2025-08-06",
    "price" : 1682.70,
    "dma50" : 1844.53,
    "dma100" : 1808.78,
    "dma200" : 1626.54,
    "volume" : 64209.00
  }, {
    "date" : "2025-08-07",
    "price" : 1693.90,
    "dma50" : 1838.62,
    "dma100" : 1808.97,
    "dma200" : 1627.21,
    "volume" : 76800.00
  }, {
    "date" : "2025-08-08",
    "price" : 1726.10,
    "dma50" : 1834.21,
    "dma100" : 1809.31,
    "dma200" : 1628.19,
    "volume" : 56046.00
  }, {
    "date" : "2025-08-11",
    "price" : 1730.70,
    "dma50" : 1830.15,
    "dma100" : 1809.62,
    "dma200" : 1629.21,
    "volume" : 41578.00
  }, {
    "date" : "2025-08-12",
    "price" : 1731.80,
    "dma50" : 1826.30,
    "dma100" : 1810.03,
    "dma200" : 1630.23,
    "volume" : 44627.00
  }, {
    "date" : "2025-08-13",
    "price" : 1720.40,
    "dma50" : 1822.14,
    "dma100" : 1810.34,
    "dma200" : 1631.13,
    "volume" : 26314.00
  }, {
    "date" : "2025-08-14",
    "price" : 1717.70,
    "dma50" : 1818.05,
    "dma100" : 1811.33,
    "dma200" : 1631.99,
    "volume" : 43199.00
  }, {
    "date" : "2025-08-18",
    "price" : 1820.60,
    "dma50" : 1818.15,
    "dma100" : 1813.36,
    "dma200" : 1633.87,
    "volume" : 106478.00
  }, {
    "date" : "2025-08-19",
    "price" : 1815.20,
    "dma50" : 1818.03,
    "dma100" : 1814.52,
    "dma200" : 1635.67,
    "volume" : 56435.00
  }, {
    "date" : "2025-08-20",
    "price" : 1781.40,
    "dma50" : 1816.59,
    "dma100" : 1814.89,
    "dma200" : 1637.12,
    "volume" : 78903.00
  }, {
    "date" : "2025-08-21",
    "price" : 1698.30,
    "dma50" : 1811.96,
    "dma100" : 1814.82,
    "dma200" : 1637.73,
    "volume" : 170653.00
  }, {
    "date" : "2025-08-22",
    "price" : 1720.80,
    "dma50" : 1808.38,
    "dma100" : 1815.11,
    "dma200" : 1638.56,
    "volume" : 54019.00
  }, {
    "date" : "2025-08-25",
    "price" : 1740.80,
    "dma50" : 1805.73,
    "dma100" : 1815.33,
    "dma200" : 1639.58,
    "volume" : 56420.00
  }, {
    "date" : "2025-08-26",
    "price" : 1716.10,
    "dma50" : 1802.22,
    "dma100" : 1815.25,
    "dma200" : 1640.34,
    "volume" : 76573.00
  }, {
    "date" : "2025-08-28",
    "price" : 1736.50,
    "dma50" : 1799.64,
    "dma100" : 1814.52,
    "dma200" : 1641.29,
    "volume" : 59085.00
  }, {
    "date" : "2025-08-29",
    "price" : 1726.70,
    "dma50" : 1796.78,
    "dma100" : 1813.08,
    "dma200" : 1642.14,
    "volume" : 92930.00
  }, {
    "date" : "2025-09-01",
    "price" : 1722.60,
    "dma50" : 1793.87,
    "dma100" : 1812.26,
    "dma200" : 1642.94,
    "volume" : 41355.00
  }, {
    "date" : "2025-09-02",
    "price" : 1659.00,
    "dma50" : 1788.58,
    "dma100" : 1811.71,
    "dma200" : 1643.10,
    "volume" : 104166.00
  }, {
    "date" : "2025-09-03",
    "price" : 1687.70,
    "dma50" : 1784.62,
    "dma100" : 1811.12,
    "dma200" : 1643.55,
    "volume" : 63032.00
  }, {
    "date" : "2025-09-04",
    "price" : 1666.90,
    "dma50" : 1780.01,
    "dma100" : 1810.81,
    "dma200" : 1643.78,
    "volume" : 175398.00
  }, {
    "date" : "2025-09-05",
    "price" : 1636.50,
    "dma50" : 1774.38,
    "dma100" : 1810.25,
    "dma200" : 1643.71,
    "volume" : 94269.00
  }, {
    "date" : "2025-09-08",
    "price" : 1643.70,
    "dma50" : 1769.26,
    "dma100" : 1809.22,
    "dma200" : 1643.71,
    "volume" : 85231.00
  }, {
    "date" : "2025-09-09",
    "price" : 1600.90,
    "dma50" : 1762.65,
    "dma100" : 1807.65,
    "dma200" : 1643.28,
    "volume" : 83386.00
  }, {
    "date" : "2025-09-10",
    "price" : 1596.80,
    "dma50" : 1756.15,
    "dma100" : 1806.28,
    "dma200" : 1642.82,
    "volume" : 126355.00
  }, {
    "date" : "2025-09-11",
    "price" : 1597.40,
    "dma50" : 1749.92,
    "dma100" : 1804.05,
    "dma200" : 1642.37,
    "volume" : 58610.00
  }, {
    "date" : "2025-09-12",
    "price" : 1613.70,
    "dma50" : 1744.58,
    "dma100" : 1801.08,
    "dma200" : 1642.08,
    "volume" : 52709.00
  }, {
    "date" : "2025-09-15",
    "price" : 1614.50,
    "dma50" : 1739.48,
    "dma100" : 1798.18,
    "dma200" : 1641.81,
    "volume" : 66631.00
  }, {
    "date" : "2025-09-16",
    "price" : 1653.70,
    "dma50" : 1736.12,
    "dma100" : 1796.21,
    "dma200" : 1641.93,
    "volume" : 59026.00
  }, {
    "date" : "2025-09-17",
    "price" : 1791.80,
    "dma50" : 1738.30,
    "dma100" : 1795.75,
    "dma200" : 1643.42,
    "volume" : 261279.00
  }, {
    "date" : "2025-09-18",
    "price" : 1851.70,
    "dma50" : 1742.75,
    "dma100" : 1796.80,
    "dma200" : 1645.49,
    "volume" : 186385.00
  }, {
    "date" : "2025-09-19",
    "price" : 1858.10,
    "dma50" : 1747.27,
    "dma100" : 1798.79,
    "dma200" : 1647.61,
    "volume" : 90877.00
  }, {
    "date" : "2025-09-22",
    "price" : 1989.00,
    "dma50" : 1756.75,
    "dma100" : 1801.80,
    "dma200" : 1651.00,
    "volume" : 279888.00
  }, {
    "date" : "2025-09-23",
    "price" : 1987.60,
    "dma50" : 1765.80,
    "dma100" : 1804.99,
    "dma200" : 1654.35,
    "volume" : 79215.00
  }, {
    "date" : "2025-09-24",
    "price" : 1969.00,
    "dma50" : 1773.77,
    "dma100" : 1807.71,
    "dma200" : 1657.48,
    "volume" : 94446.00
  }, {
    "date" : "2025-09-25",
    "price" : 1928.60,
    "dma50" : 1779.84,
    "dma100" : 1810.11,
    "dma200" : 1660.18,
    "volume" : 80623.00
  }, {
    "date" : "2025-09-26",
    "price" : 1885.90,
    "dma50" : 1784.00,
    "dma100" : 1811.89,
    "dma200" : 1662.43,
    "volume" : 73526.00
  }, {
    "date" : "2025-09-29",
    "price" : 2074.00,
    "dma50" : 1795.37,
    "dma100" : 1816.02,
    "dma200" : 1666.52,
    "volume" : 437711.00
  }, {
    "date" : "2025-09-30",
    "price" : 2081.40,
    "dma50" : 1806.59,
    "dma100" : 1820.24,
    "dma200" : 1670.65,
    "volume" : 500068.00
  }, {
    "date" : "2025-10-01",
    "price" : 2168.50,
    "dma50" : 1820.78,
    "dma100" : 1824.87,
    "dma200" : 1675.60,
    "volume" : 148040.00
  }, {
    "date" : "2025-10-03",
    "price" : 2222.90,
    "dma50" : 1836.55,
    "dma100" : 1830.25,
    "dma200" : 1681.05,
    "volume" : 594606.00
  }, {
    "date" : "2025-10-06",
    "price" : 2303.80,
    "dma50" : 1854.88,
    "dma100" : 1836.56,
    "dma200" : 1687.25,
    "volume" : 269507.00
  }, {
    "date" : "2025-10-07",
    "price" : 2327.60,
    "dma50" : 1873.41,
    "dma100" : 1842.27,
    "dma200" : 1693.62,
    "volume" : 174001.00
  }, {
    "date" : "2025-10-08",
    "price" : 2363.30,
    "dma50" : 1892.63,
    "dma100" : 1847.45,
    "dma200" : 1700.28,
    "volume" : 277820.00
  }, {
    "date" : "2025-10-09",
    "price" : 2445.50,
    "dma50" : 1914.31,
    "dma100" : 1853.09,
    "dma200" : 1707.70,
    "volume" : 314974.00
  }, {
    "date" : "2025-10-10",
    "price" : 2376.30,
    "dma50" : 1932.42,
    "dma100" : 1857.89,
    "dma200" : 1714.35,
    "volume" : 147235.00
  }, {
    "date" : "2025-10-13",
    "price" : 2360.30,
    "dma50" : 1949.20,
    "dma100" : 1862.74,
    "dma200" : 1720.78,
    "volume" : 277675.00
  }, {
    "date" : "2025-10-14",
    "price" : 2333.20,
    "dma50" : 1964.26,
    "dma100" : 1867.33,
    "dma200" : 1726.87,
    "volume" : 66594.00
  }, {
    "date" : "2025-10-15",
    "price" : 2401.70,
    "dma50" : 1981.42,
    "dma100" : 1872.42,
    "dma200" : 1733.58,
    "volume" : 222461.00
  }, {
    "date" : "2025-10-16",
    "price" : 2282.60,
    "dma50" : 1993.23,
    "dma100" : 1875.37,
    "dma200" : 1739.05,
    "volume" : 154144.00
  }, {
    "date" : "2025-10-17",
    "price" : 2309.30,
    "dma50" : 2005.62,
    "dma100" : 1878.71,
    "dma200" : 1744.72,
    "volume" : 222608.00
  }, {
    "date" : "2025-10-20",
    "price" : 2258.10,
    "dma50" : 2015.52,
    "dma100" : 1882.53,
    "dma200" : 1749.83,
    "volume" : 104758.00
  }, {
    "date" : "2025-10-21",
    "price" : 2213.50,
    "dma50" : 2023.29,
    "dma100" : 1886.79,
    "dma200" : 1754.44,
    "volume" : 163864.00
  }, {
    "date" : "2025-10-23",
    "price" : 2212.40,
    "dma50" : 2030.70,
    "dma100" : 1890.31,
    "dma200" : 1759.00,
    "volume" : 85044.00
  }, {
    "date" : "2025-10-24",
    "price" : 2247.60,
    "dma50" : 2039.21,
    "dma100" : 1894.13,
    "dma200" : 1763.86,
    "volume" : 57701.00
  }, {
    "date" : "2025-10-27",
    "price" : 2246.70,
    "dma50" : 2047.35,
    "dma100" : 1898.03,
    "dma200" : 1768.67,
    "volume" : 152361.00
  }, {
    "date" : "2025-10-28",
    "price" : 2247.80,
    "dma50" : 2055.21,
    "dma100" : 1901.97,
    "dma200" : 1773.43,
    "volume" : 113330.00
  }, {
    "date" : "2025-10-29",
    "price" : 2215.10,
    "dma50" : 2061.48,
    "dma100" : 1905.70,
    "dma200" : 1777.83,
    "volume" : 219876.00
  }, {
    "date" : "2025-10-30",
    "price" : 2325.80,
    "dma50" : 2071.84,
    "dma100" : 1910.75,
    "dma200" : 1783.28,
    "volume" : 152494.00
  }, {
    "date" : "2025-10-31",
    "price" : 2442.00,
    "dma50" : 2086.36,
    "dma100" : 1916.53,
    "dma200" : 1789.84,
    "volume" : 181073.00
  }, {
    "date" : "2025-11-03",
    "price" : 2495.60,
    "dma50" : 2102.41,
    "dma100" : 1923.37,
    "dma200" : 1796.86,
    "volume" : 417053.00
  }, {
    "date" : "2025-11-04",
    "price" : 2451.60,
    "dma50" : 2116.10,
    "dma100" : 1929.59,
    "dma200" : 1803.37,
    "volume" : 97876.00
  }, {
    "date" : "2025-11-06",
    "price" : 2329.10,
    "dma50" : 2124.45,
    "dma100" : 1934.83,
    "dma200" : 1808.60,
    "volume" : 133927.00
  }, {
    "date" : "2025-11-07",
    "price" : 2236.20,
    "dma50" : 2128.84,
    "dma100" : 1938.85,
    "dma200" : 1812.86,
    "volume" : 397063.00
  }, {
    "date" : "2025-11-10",
    "price" : 2240.10,
    "dma50" : 2133.20,
    "dma100" : 1942.96,
    "dma200" : 1817.11,
    "volume" : 117479.00
  }, {
    "date" : "2025-11-11",
    "price" : 2284.50,
    "dma50" : 2139.13,
    "dma100" : 1946.95,
    "dma200" : 1821.76,
    "volume" : 146182.00
  }, {
    "date" : "2025-11-12",
    "price" : 2309.90,
    "dma50" : 2145.83,
    "dma100" : 1951.56,
    "dma200" : 1826.62,
    "volume" : 106431.00
  }, {
    "date" : "2025-11-13",
    "price" : 2336.10,
    "dma50" : 2153.29,
    "dma100" : 1956.86,
    "dma200" : 1831.69,
    "volume" : 104943.00
  }, {
    "date" : "2025-11-14",
    "price" : 2374.50,
    "dma50" : 2161.97,
    "dma100" : 1962.23,
    "dma200" : 1837.09,
    "volume" : 123244.00
  }, {
    "date" : "2025-11-17",
    "price" : 2397.20,
    "dma50" : 2171.19,
    "dma100" : 1967.56,
    "dma200" : 1842.66,
    "volume" : 458523.00
  }, {
    "date" : "2025-11-18",
    "price" : 2321.50,
    "dma50" : 2177.09,
    "dma100" : 1972.04,
    "dma200" : 1847.43,
    "volume" : 67075.00
  }, {
    "date" : "2025-11-19",
    "price" : 2318.90,
    "dma50" : 2182.65,
    "dma100" : 1976.68,
    "dma200" : 1852.12,
    "volume" : 57036.00
  }, {
    "date" : "2025-11-20",
    "price" : 2391.60,
    "dma50" : 2190.84,
    "dma100" : 1982.51,
    "dma200" : 1857.49,
    "volume" : 351377.00
  }, {
    "date" : "2025-11-21",
    "price" : 2331.50,
    "dma50" : 2196.36,
    "dma100" : 1988.01,
    "dma200" : 1862.20,
    "volume" : 102357.00
  }, {
    "date" : "2025-11-24",
    "price" : 2349.80,
    "dma50" : 2202.37,
    "dma100" : 1993.36,
    "dma200" : 1867.05,
    "volume" : 104333.00
  }, {
    "date" : "2025-11-25",
    "price" : 2402.70,
    "dma50" : 2210.23,
    "dma100" : 1998.86,
    "dma200" : 1872.38,
    "volume" : 135206.00
  }, {
    "date" : "2025-11-26",
    "price" : 2492.50,
    "dma50" : 2221.30,
    "dma100" : 2005.54,
    "dma200" : 1878.55,
    "volume" : 163569.00
  }, {
    "date" : "2025-11-27",
    "price" : 2432.40,
    "dma50" : 2229.58,
    "dma100" : 2011.55,
    "dma200" : 1884.06,
    "volume" : 77157.00
  }, {
    "date" : "2025-11-28",
    "price" : 2449.80,
    "dma50" : 2238.21,
    "dma100" : 2016.80,
    "dma200" : 1889.69,
    "volume" : 42659.00
  }, {
    "date" : "2025-12-01",
    "price" : 2477.20,
    "dma50" : 2247.59,
    "dma100" : 2021.65,
    "dma200" : 1895.54,
    "volume" : 112131.00
  }, {
    "date" : "2025-12-02",
    "price" : 2395.20,
    "dma50" : 2253.38,
    "dma100" : 2025.86,
    "dma200" : 1900.51,
    "volume" : 110807.00
  }, {
    "date" : "2025-12-03",
    "price" : 2340.70,
    "dma50" : 2256.80,
    "dma100" : 2029.64,
    "dma200" : 1904.89,
    "volume" : 92443.00
  }, {
    "date" : "2025-12-04",
    "price" : 2260.40,
    "dma50" : 2256.94,
    "dma100" : 2032.60,
    "dma200" : 1908.43,
    "volume" : 103364.00
  }, {
    "date" : "2025-12-05",
    "price" : 2246.30,
    "dma50" : 2256.52,
    "dma100" : 2035.92,
    "dma200" : 1911.79,
    "volume" : 87173.00
  }, {
    "date" : "2025-12-08",
    "price" : 2177.40,
    "dma50" : 2253.42,
    "dma100" : 2038.76,
    "dma200" : 1914.43,
    "volume" : 116056.00
  }, {
    "date" : "2025-12-09",
    "price" : 2230.30,
    "dma50" : 2252.51,
    "dma100" : 2042.01,
    "dma200" : 1917.58,
    "volume" : 102844.00
  }, {
    "date" : "2025-12-10",
    "price" : 2181.70,
    "dma50" : 2249.74,
    "dma100" : 2044.96,
    "dma200" : 1920.20,
    "volume" : 68056.00
  }, {
    "date" : "2025-12-11",
    "price" : 2207.30,
    "dma50" : 2248.07,
    "dma100" : 2048.39,
    "dma200" : 1923.06,
    "volume" : 56978.00
  }, {
    "date" : "2025-12-12",
    "price" : 2229.30,
    "dma50" : 2247.34,
    "dma100" : 2051.84,
    "dma200" : 1926.11,
    "volume" : 48436.00
  }, {
    "date" : "2025-12-15",
    "price" : 2237.20,
    "dma50" : 2246.94,
    "dma100" : 2055.41,
    "dma200" : 1929.20,
    "volume" : 43605.00
  }, {
    "date" : "2025-12-16",
    "price" : 2211.00,
    "dma50" : 2245.53,
    "dma100" : 2058.87,
    "dma200" : 1932.01,
    "volume" : 30863.00
  }, {
    "date" : "2025-12-17",
    "price" : 2178.40,
    "dma50" : 2242.90,
    "dma100" : 2061.65,
    "dma200" : 1934.46,
    "volume" : 42913.00
  }, {
    "date" : "2025-12-18",
    "price" : 2191.20,
    "dma50" : 2240.87,
    "dma100" : 2064.10,
    "dma200" : 1937.01,
    "volume" : 46047.00
  }, {
    "date" : "2025-12-19",
    "price" : 2222.30,
    "dma50" : 2240.14,
    "dma100" : 2067.02,
    "dma200" : 1939.85,
    "volume" : 25521.00
  }, {
    "date" : "2025-12-22",
    "price" : 2320.90,
    "dma50" : 2243.31,
    "dma100" : 2071.31,
    "dma200" : 1943.64,
    "volume" : 96471.00
  }, {
    "date" : "2025-12-23",
    "price" : 2390.00,
    "dma50" : 2249.06,
    "dma100" : 2075.84,
    "dma200" : 1948.09,
    "volume" : 84774.00
  }, {
    "date" : "2025-12-24",
    "price" : 2413.10,
    "dma50" : 2255.49,
    "dma100" : 2080.42,
    "dma200" : 1952.71,
    "volume" : 80716.00
  }, {
    "date" : "2025-12-26",
    "price" : 2387.40,
    "dma50" : 2260.67,
    "dma100" : 2085.71,
    "dma200" : 1957.04,
    "volume" : 46399.00
  }, {
    "date" : "2025-12-29",
    "price" : 2398.10,
    "dma50" : 2266.06,
    "dma100" : 2092.04,
    "dma200" : 1961.43,
    "volume" : 56135.00
  }, {
    "date" : "2025-12-30",
    "price" : 2389.20,
    "dma50" : 2270.89,
    "dma100" : 2099.14,
    "dma200" : 1965.68,
    "volume" : 66941.00
  }, {
    "date" : "2025-12-31",
    "price" : 2447.80,
    "dma50" : 2277.82,
    "dma100" : 2106.52,
    "dma200" : 1970.48,
    "volume" : 116112.00
  }, {
    "date" : "2026-01-01",
    "price" : 2449.70,
    "dma50" : 2284.56,
    "dma100" : 2114.19,
    "dma200" : 1975.25,
    "volume" : 65847.00
  }, {
    "date" : "2026-01-02",
    "price" : 2438.50,
    "dma50" : 2290.60,
    "dma100" : 2121.64,
    "dma200" : 1979.86,
    "volume" : 70565.00
  }, {
    "date" : "2026-01-05",
    "price" : 2390.90,
    "dma50" : 2294.53,
    "dma100" : 2128.29,
    "dma200" : 1983.95,
    "volume" : 175433.00
  }, {
    "date" : "2026-01-06",
    "price" : 2295.90,
    "dma50" : 2294.59,
    "dma100" : 2133.94,
    "dma200" : 1987.05,
    "volume" : 114059.00
  }, {
    "date" : "2026-01-07",
    "price" : 2244.40,
    "dma50" : 2292.62,
    "dma100" : 2139.06,
    "dma200" : 1989.61,
    "volume" : 135273.00
  }, {
    "date" : "2026-01-08",
    "price" : 2255.50,
    "dma50" : 2291.16,
    "dma100" : 2144.41,
    "dma200" : 1992.26,
    "volume" : 111160.00
  }, {
    "date" : "2026-01-09",
    "price" : 2200.40,
    "dma50" : 2287.60,
    "dma100" : 2149.24,
    "dma200" : 1994.33,
    "volume" : 100913.00
  }, {
    "date" : "2026-01-12",
    "price" : 2123.00,
    "dma50" : 2281.15,
    "dma100" : 2152.27,
    "dma200" : 1995.61,
    "volume" : 232592.00
  }, {
    "date" : "2026-01-13",
    "price" : 2131.60,
    "dma50" : 2275.28,
    "dma100" : 2155.43,
    "dma200" : 1996.96,
    "volume" : 90780.00
  }, {
    "date" : "2026-01-14",
    "price" : 2130.80,
    "dma50" : 2269.62,
    "dma100" : 2158.92,
    "dma200" : 1998.29,
    "volume" : 72742.00
  }, {
    "date" : "2026-01-16",
    "price" : 2044.30,
    "dma50" : 2260.78,
    "dma100" : 2162.38,
    "dma200" : 1998.75,
    "volume" : 104533.00
  }, {
    "date" : "2026-01-19",
    "price" : 1991.30,
    "dma50" : 2250.21,
    "dma100" : 2165.09,
    "dma200" : 1998.68,
    "volume" : 153153.00
  }, {
    "date" : "2026-01-20",
    "price" : 1905.70,
    "dma50" : 2236.70,
    "dma100" : 2166.74,
    "dma200" : 1997.75,
    "volume" : 145468.00
  }, {
    "date" : "2026-01-21",
    "price" : 1853.40,
    "dma50" : 2221.67,
    "dma100" : 2168.11,
    "dma200" : 1996.32,
    "volume" : 266903.00
  }, {
    "date" : "2026-01-22",
    "price" : 1929.50,
    "dma50" : 2210.21,
    "dma100" : 2170.04,
    "dma200" : 1995.65,
    "volume" : 124281.00
  }, {
    "date" : "2026-01-23",
    "price" : 1826.00,
    "dma50" : 2195.15,
    "dma100" : 2171.03,
    "dma200" : 1993.96,
    "volume" : 186579.00
  }, {
    "date" : "2026-01-27",
    "price" : 1810.60,
    "dma50" : 2180.07,
    "dma100" : 2171.91,
    "dma200" : 1992.14,
    "volume" : 113173.00
  }, {
    "date" : "2026-01-28",
    "price" : 1893.80,
    "dma50" : 2168.84,
    "dma100" : 2174.26,
    "dma200" : 1991.16,
    "volume" : 71524.00
  } ],
  "latestTechnicalAttributes" : {
    "date" : "2026-01-28",
    "price" : 1893.80,
    "dma50" : 2168.84,
    "dma100" : 2174.26,
    "dma200" : 1991.16,
    "volume" : 71524.00
  },
  "quarterlyResults" : [ {
    "date" : "2006-06-30",
    "sales" : 129.76,
    "salesGrowthYoY" : null,
    "grossProfitMargin" : 34.86,
    "grossProfit" : 45.23,
    "operatingProfitMargin" : 8.06,
    "operatingProfit" : 10.46,
    "netProfitMargin" : 3.67,
    "netProfit" : 4.76
  }, {
    "date" : "2007-12-31",
    "sales" : 301.74,
    "salesGrowthYoY" : null,
    "grossProfitMargin" : 44.21,
    "grossProfit" : 133.40,
    "operatingProfitMargin" : 13.62,
    "operatingProfit" : 41.10,
    "netProfitMargin" : 5.16,
    "netProfit" : 15.57
  }, {
    "date" : "2008-03-31",
    "sales" : 334.52,
    "salesGrowthYoY" : null,
    "grossProfitMargin" : 47.47,
    "grossProfit" : 158.80,
    "operatingProfitMargin" : 10.36,
    "operatingProfit" : 34.66,
    "netProfitMargin" : 3.11,
    "netProfit" : 10.40
  }, {
    "date" : "2008-06-30",
    "sales" : 376.55,
    "salesGrowthYoY" : null,
    "grossProfitMargin" : 42.88,
    "grossProfit" : 161.46,
    "operatingProfitMargin" : 13.04,
    "operatingProfit" : 49.10,
    "netProfitMargin" : 3.72,
    "netProfit" : 14.01
  }, {
    "date" : "2008-09-30",
    "sales" : 358.34,
    "salesGrowthYoY" : 176.16,
    "grossProfitMargin" : 42.55,
    "grossProfit" : 152.47,
    "operatingProfitMargin" : 11.73,
    "operatingProfit" : 42.03,
    "netProfitMargin" : 1.14,
    "netProfit" : 4.09
  }, {
    "date" : "2008-12-31",
    "sales" : 355.45,
    "salesGrowthYoY" : 17.80,
    "grossProfitMargin" : 41.81,
    "grossProfit" : 148.61,
    "operatingProfitMargin" : 12.32,
    "operatingProfit" : 43.79,
    "netProfitMargin" : 1.63,
    "netProfit" : 5.79
  }, {
    "date" : "2009-03-31",
    "sales" : 232.89,
    "salesGrowthYoY" : -30.38,
    "grossProfitMargin" : -22.82,
    "grossProfit" : -53.15,
    "operatingProfitMargin" : -58.77,
    "operatingProfit" : -136.87,
    "netProfitMargin" : -48.07,
    "netProfit" : -111.95
  }, {
    "date" : "2009-06-30",
    "sales" : 265.37,
    "salesGrowthYoY" : -29.53,
    "grossProfitMargin" : 18.86,
    "grossProfit" : 50.05,
    "operatingProfitMargin" : -11.82,
    "operatingProfit" : -31.37,
    "netProfitMargin" : -15.02,
    "netProfit" : -39.86
  }, {
    "date" : "2009-09-30",
    "sales" : 284.03,
    "salesGrowthYoY" : -20.74,
    "grossProfitMargin" : -10.66,
    "grossProfit" : -30.28,
    "operatingProfitMargin" : -37.80,
    "operatingProfit" : -107.36,
    "netProfitMargin" : -33.60,
    "netProfit" : -95.43
  }, {
    "date" : "2009-12-31",
    "sales" : 300.79,
    "salesGrowthYoY" : -15.38,
    "grossProfitMargin" : -26.37,
    "grossProfit" : -79.32,
    "operatingProfitMargin" : -50.21,
    "operatingProfit" : -151.03,
    "netProfitMargin" : -39.87,
    "netProfit" : -119.92
  }, {
    "date" : "2010-03-31",
    "sales" : 300.79,
    "salesGrowthYoY" : 29.16,
    "grossProfitMargin" : -26.37,
    "grossProfit" : -79.32,
    "operatingProfitMargin" : -50.21,
    "operatingProfit" : -151.03,
    "netProfitMargin" : -39.87,
    "netProfit" : -119.92
  }, {
    "date" : "2010-06-30",
    "sales" : 334.64,
    "salesGrowthYoY" : 26.10,
    "grossProfitMargin" : 23.09,
    "grossProfit" : 77.27,
    "operatingProfitMargin" : -0.67,
    "operatingProfit" : -2.24,
    "netProfitMargin" : -5.82,
    "netProfit" : -19.48
  }, {
    "date" : "2010-09-30",
    "sales" : 269.42,
    "salesGrowthYoY" : -5.14,
    "grossProfitMargin" : 22.43,
    "grossProfit" : 60.43,
    "operatingProfitMargin" : -6.27,
    "operatingProfit" : -16.89,
    "netProfitMargin" : -11.40,
    "netProfit" : -30.71
  }, {
    "date" : "2010-12-31",
    "sales" : 302.71,
    "salesGrowthYoY" : 0.64,
    "grossProfitMargin" : 26.54,
    "grossProfit" : 80.34,
    "operatingProfitMargin" : 0.17,
    "operatingProfit" : 0.51,
    "netProfitMargin" : -6.27,
    "netProfit" : -18.98
  }, {
    "date" : "2011-03-31",
    "sales" : 157.88,
    "salesGrowthYoY" : -47.51,
    "grossProfitMargin" : 9.79,
    "grossProfit" : 15.46,
    "operatingProfitMargin" : -23.84,
    "operatingProfit" : -37.64,
    "netProfitMargin" : -52.95,
    "netProfit" : -83.60
  }, {
    "date" : "2011-06-30",
    "sales" : 1.74,
    "salesGrowthYoY" : -99.48,
    "grossProfitMargin" : 27.01,
    "grossProfit" : 0.47,
    "operatingProfitMargin" : -129.89,
    "operatingProfit" : -2.26,
    "netProfitMargin" : -183.33,
    "netProfit" : -3.19
  }, {
    "date" : "2011-09-30",
    "sales" : 10.11,
    "salesGrowthYoY" : -96.25,
    "grossProfitMargin" : 30.07,
    "grossProfit" : 3.04,
    "operatingProfitMargin" : -20.18,
    "operatingProfit" : -2.04,
    "netProfitMargin" : -240.95,
    "netProfit" : -24.36
  }, {
    "date" : "2011-12-31",
    "sales" : 16.03,
    "salesGrowthYoY" : -94.70,
    "grossProfitMargin" : 22.58,
    "grossProfit" : 3.62,
    "operatingProfitMargin" : -8.55,
    "operatingProfit" : -1.37,
    "netProfitMargin" : -12.66,
    "netProfit" : -2.03
  }, {
    "date" : "2012-03-31",
    "sales" : 12.29,
    "salesGrowthYoY" : -92.22,
    "grossProfitMargin" : 16.11,
    "grossProfit" : 1.98,
    "operatingProfitMargin" : -19.61,
    "operatingProfit" : -2.41,
    "netProfitMargin" : -21.56,
    "netProfit" : -2.65
  }, {
    "date" : "2012-06-30",
    "sales" : 21.52,
    "salesGrowthYoY" : 1136.78,
    "grossProfitMargin" : 24.49,
    "grossProfit" : 5.27,
    "operatingProfitMargin" : 0.70,
    "operatingProfit" : 0.15,
    "netProfitMargin" : -5.07,
    "netProfit" : -1.09
  }, {
    "date" : "2012-09-30",
    "sales" : 22.34,
    "salesGrowthYoY" : 120.97,
    "grossProfitMargin" : 23.81,
    "grossProfit" : 5.32,
    "operatingProfitMargin" : -2.78,
    "operatingProfit" : -0.62,
    "netProfitMargin" : -6.36,
    "netProfit" : -1.42
  }, {
    "date" : "2012-12-31",
    "sales" : 35.79,
    "salesGrowthYoY" : 123.27,
    "grossProfitMargin" : 28.11,
    "grossProfit" : 10.06,
    "operatingProfitMargin" : 8.77,
    "operatingProfit" : 3.14,
    "netProfitMargin" : 2.71,
    "netProfit" : 0.97
  }, {
    "date" : "2013-03-31",
    "sales" : 26.02,
    "salesGrowthYoY" : 111.72,
    "grossProfitMargin" : 23.21,
    "grossProfit" : 6.04,
    "operatingProfitMargin" : -7.46,
    "operatingProfit" : -1.94,
    "netProfitMargin" : -9.76,
    "netProfit" : -2.54
  }, {
    "date" : "2013-06-30",
    "sales" : 57.44,
    "salesGrowthYoY" : 166.91,
    "grossProfitMargin" : 27.61,
    "grossProfit" : 15.86,
    "operatingProfitMargin" : 5.00,
    "operatingProfit" : 2.87,
    "netProfitMargin" : 1.64,
    "netProfit" : 0.94
  }, {
    "date" : "2013-09-30",
    "sales" : 48.85,
    "salesGrowthYoY" : 118.67,
    "grossProfitMargin" : 24.85,
    "grossProfit" : 12.14,
    "operatingProfitMargin" : 1.54,
    "operatingProfit" : 0.75,
    "netProfitMargin" : -1.94,
    "netProfit" : -0.95
  }, {
    "date" : "2013-12-31",
    "sales" : 70.20,
    "salesGrowthYoY" : 96.14,
    "grossProfitMargin" : 26.50,
    "grossProfit" : 18.60,
    "operatingProfitMargin" : 10.10,
    "operatingProfit" : 7.09,
    "netProfitMargin" : 4.64,
    "netProfit" : 3.26
  }, {
    "date" : "2014-03-31",
    "sales" : 52.40,
    "salesGrowthYoY" : 101.38,
    "grossProfitMargin" : 19.31,
    "grossProfit" : 10.12,
    "operatingProfitMargin" : -12.35,
    "operatingProfit" : -6.47,
    "netProfitMargin" : -19.27,
    "netProfit" : -10.10
  }, {
    "date" : "2014-06-30",
    "sales" : 71.34,
    "salesGrowthYoY" : 24.20,
    "grossProfitMargin" : 26.58,
    "grossProfit" : 18.96,
    "operatingProfitMargin" : 8.14,
    "operatingProfit" : 5.81,
    "netProfitMargin" : 2.03,
    "netProfit" : 1.45
  }, {
    "date" : "2014-09-30",
    "sales" : 70.64,
    "salesGrowthYoY" : 44.61,
    "grossProfitMargin" : 29.05,
    "grossProfit" : 20.52,
    "operatingProfitMargin" : 9.57,
    "operatingProfit" : 6.76,
    "netProfitMargin" : 3.13,
    "netProfit" : 2.21
  }, {
    "date" : "2014-12-31",
    "sales" : 79.16,
    "salesGrowthYoY" : 12.76,
    "grossProfitMargin" : 30.96,
    "grossProfit" : 24.51,
    "operatingProfitMargin" : 14.11,
    "operatingProfit" : 11.17,
    "netProfitMargin" : 6.51,
    "netProfit" : 5.15
  }, {
    "date" : "2015-03-31",
    "sales" : 65.63,
    "salesGrowthYoY" : 25.25,
    "grossProfitMargin" : 26.53,
    "grossProfit" : 17.41,
    "operatingProfitMargin" : 6.13,
    "operatingProfit" : 4.02,
    "netProfitMargin" : 1.43,
    "netProfit" : 0.94
  }, {
    "date" : "2015-06-30",
    "sales" : 76.45,
    "salesGrowthYoY" : 7.16,
    "grossProfitMargin" : 33.45,
    "grossProfit" : 25.57,
    "operatingProfitMargin" : 15.13,
    "operatingProfit" : 11.57,
    "netProfitMargin" : 6.24,
    "netProfit" : 4.77
  }, {
    "date" : "2015-09-30",
    "sales" : 65.96,
    "salesGrowthYoY" : -6.63,
    "grossProfitMargin" : 31.72,
    "grossProfit" : 20.92,
    "operatingProfitMargin" : 8.10,
    "operatingProfit" : 5.34,
    "netProfitMargin" : 0.32,
    "netProfit" : 0.21
  }, {
    "date" : "2015-12-31",
    "sales" : 98.14,
    "salesGrowthYoY" : 23.98,
    "grossProfitMargin" : 31.29,
    "grossProfit" : 30.71,
    "operatingProfitMargin" : 5.54,
    "operatingProfit" : 5.44,
    "netProfitMargin" : 8.79,
    "netProfit" : 8.63
  }, {
    "date" : "2016-03-31",
    "sales" : 79.39,
    "salesGrowthYoY" : 20.97,
    "grossProfitMargin" : 23.14,
    "grossProfit" : 18.37,
    "operatingProfitMargin" : 1.46,
    "operatingProfit" : 1.16,
    "netProfitMargin" : -3.12,
    "netProfit" : -2.48
  }, {
    "date" : "2016-06-30",
    "sales" : 108.22,
    "salesGrowthYoY" : 41.56,
    "grossProfitMargin" : 28.88,
    "grossProfit" : 31.25,
    "operatingProfitMargin" : 11.13,
    "operatingProfit" : 12.04,
    "netProfitMargin" : 4.32,
    "netProfit" : 4.68
  }, {
    "date" : "2016-09-30",
    "sales" : 103.19,
    "salesGrowthYoY" : 56.44,
    "grossProfitMargin" : 28.06,
    "grossProfit" : 28.96,
    "operatingProfitMargin" : 6.75,
    "operatingProfit" : 6.97,
    "netProfitMargin" : 1.24,
    "netProfit" : 1.28
  }, {
    "date" : "2016-12-31",
    "sales" : 152.81,
    "salesGrowthYoY" : 55.71,
    "grossProfitMargin" : 31.55,
    "grossProfit" : 48.21,
    "operatingProfitMargin" : 11.90,
    "operatingProfit" : 18.18,
    "netProfitMargin" : 8.81,
    "netProfit" : 13.46
  }, {
    "date" : "2017-03-31",
    "sales" : 107.39,
    "salesGrowthYoY" : 35.27,
    "grossProfitMargin" : 27.88,
    "grossProfit" : 29.94,
    "operatingProfitMargin" : 3.63,
    "operatingProfit" : 3.90,
    "netProfitMargin" : -0.91,
    "netProfit" : -0.98
  }, {
    "date" : "2017-06-30",
    "sales" : 142.26,
    "salesGrowthYoY" : 31.45,
    "grossProfitMargin" : 31.31,
    "grossProfit" : 44.54,
    "operatingProfitMargin" : 10.80,
    "operatingProfit" : 15.36,
    "netProfitMargin" : 6.10,
    "netProfit" : 8.68
  }, {
    "date" : "2017-09-30",
    "sales" : 137.55,
    "salesGrowthYoY" : 33.30,
    "grossProfitMargin" : 31.20,
    "grossProfit" : 42.92,
    "operatingProfitMargin" : 7.26,
    "operatingProfit" : 9.99,
    "netProfitMargin" : 3.63,
    "netProfit" : 4.99
  }, {
    "date" : "2017-12-31",
    "sales" : 152.35,
    "salesGrowthYoY" : -0.30,
    "grossProfitMargin" : 35.35,
    "grossProfit" : 53.86,
    "operatingProfitMargin" : 14.89,
    "operatingProfit" : 22.68,
    "netProfitMargin" : 8.97,
    "netProfit" : 13.67
  }, {
    "date" : "2018-03-31",
    "sales" : 126.58,
    "salesGrowthYoY" : 17.87,
    "grossProfitMargin" : 30.34,
    "grossProfit" : 38.40,
    "operatingProfitMargin" : 2.39,
    "operatingProfit" : 3.03,
    "netProfitMargin" : 2.95,
    "netProfit" : 3.73
  }, {
    "date" : "2018-06-30",
    "sales" : 187.75,
    "salesGrowthYoY" : 31.98,
    "grossProfitMargin" : 33.53,
    "grossProfit" : 62.95,
    "operatingProfitMargin" : 10.59,
    "operatingProfit" : 19.88,
    "netProfitMargin" : 5.98,
    "netProfit" : 11.23
  }, {
    "date" : "2018-09-30",
    "sales" : 155.67,
    "salesGrowthYoY" : 13.17,
    "grossProfitMargin" : 29.76,
    "grossProfit" : 46.33,
    "operatingProfitMargin" : -5.09,
    "operatingProfit" : -7.92,
    "netProfitMargin" : 4.35,
    "netProfit" : 6.77
  }, {
    "date" : "2018-12-31",
    "sales" : 241.08,
    "salesGrowthYoY" : 58.24,
    "grossProfitMargin" : 35.15,
    "grossProfit" : 84.74,
    "operatingProfitMargin" : 12.68,
    "operatingProfit" : 30.57,
    "netProfitMargin" : 10.25,
    "netProfit" : 24.71
  }, {
    "date" : "2019-03-31",
    "sales" : 163.92,
    "salesGrowthYoY" : 29.50,
    "grossProfitMargin" : 29.34,
    "grossProfit" : 48.09,
    "operatingProfitMargin" : 2.64,
    "operatingProfit" : 4.33,
    "netProfitMargin" : 2.56,
    "netProfit" : 4.20
  }, {
    "date" : "2019-06-30",
    "sales" : 202.35,
    "salesGrowthYoY" : 7.78,
    "grossProfitMargin" : 29.20,
    "grossProfit" : 59.09,
    "operatingProfitMargin" : 13.63,
    "operatingProfit" : 27.58,
    "netProfitMargin" : 5.66,
    "netProfit" : 11.45
  }, {
    "date" : "2019-09-30",
    "sales" : 150.68,
    "salesGrowthYoY" : -3.21,
    "grossProfitMargin" : 27.71,
    "grossProfit" : 41.75,
    "operatingProfitMargin" : 7.73,
    "operatingProfit" : 11.65,
    "netProfitMargin" : -6.94,
    "netProfit" : -10.46
  }, {
    "date" : "2019-12-31",
    "sales" : 219.03,
    "salesGrowthYoY" : -9.15,
    "grossProfitMargin" : 29.94,
    "grossProfit" : 65.58,
    "operatingProfitMargin" : 15.40,
    "operatingProfit" : 33.73,
    "netProfitMargin" : 5.22,
    "netProfit" : 11.43
  }, {
    "date" : "2020-03-31",
    "sales" : 129.16,
    "salesGrowthYoY" : -21.21,
    "grossProfitMargin" : 22.86,
    "grossProfit" : 29.53,
    "operatingProfitMargin" : 2.35,
    "operatingProfit" : 3.04,
    "netProfitMargin" : -8.99,
    "netProfit" : -11.61
  }, {
    "date" : "2020-06-30",
    "sales" : 36.98,
    "salesGrowthYoY" : -81.72,
    "grossProfitMargin" : 29.69,
    "grossProfit" : 10.98,
    "operatingProfitMargin" : -0.43,
    "operatingProfit" : -0.16,
    "netProfitMargin" : -24.12,
    "netProfit" : -8.92
  }, {
    "date" : "2020-09-30",
    "sales" : 85.00,
    "salesGrowthYoY" : -43.59,
    "grossProfitMargin" : 31.78,
    "grossProfit" : 27.01,
    "operatingProfitMargin" : 4.96,
    "operatingProfit" : 4.22,
    "netProfitMargin" : -8.61,
    "netProfit" : -7.32
  }, {
    "date" : "2020-12-31",
    "sales" : 227.36,
    "salesGrowthYoY" : 3.80,
    "grossProfitMargin" : 34.56,
    "grossProfit" : 78.58,
    "operatingProfitMargin" : 17.95,
    "operatingProfit" : 40.81,
    "netProfitMargin" : 6.07,
    "netProfit" : 13.80
  }, {
    "date" : "2021-03-31",
    "sales" : 189.32,
    "salesGrowthYoY" : 46.58,
    "grossProfitMargin" : 22.07,
    "grossProfit" : 41.78,
    "operatingProfitMargin" : 2.05,
    "operatingProfit" : 3.88,
    "netProfitMargin" : -4.55,
    "netProfit" : -8.61
  }, {
    "date" : "2021-06-30",
    "sales" : 82.55,
    "salesGrowthYoY" : 123.23,
    "grossProfitMargin" : 31.68,
    "grossProfit" : 26.15,
    "operatingProfitMargin" : 1.95,
    "operatingProfit" : 1.61,
    "netProfitMargin" : -12.33,
    "netProfit" : -10.18
  }, {
    "date" : "2021-09-30",
    "sales" : 149.53,
    "salesGrowthYoY" : 75.92,
    "grossProfitMargin" : 30.76,
    "grossProfit" : 46.00,
    "operatingProfitMargin" : 9.72,
    "operatingProfit" : 14.53,
    "netProfitMargin" : -3.46,
    "netProfit" : -5.17
  }, {
    "date" : "2021-12-31",
    "sales" : 238.89,
    "salesGrowthYoY" : 5.07,
    "grossProfitMargin" : 31.94,
    "grossProfit" : 76.30,
    "operatingProfitMargin" : 16.26,
    "operatingProfit" : 38.84,
    "netProfitMargin" : 4.99,
    "netProfit" : 11.92
  }, {
    "date" : "2022-03-31",
    "sales" : 158.25,
    "salesGrowthYoY" : -16.41,
    "grossProfitMargin" : 25.35,
    "grossProfit" : 40.12,
    "operatingProfitMargin" : 3.62,
    "operatingProfit" : 5.73,
    "netProfitMargin" : -5.98,
    "netProfit" : -9.46
  }, {
    "date" : "2022-06-30",
    "sales" : 211.28,
    "salesGrowthYoY" : 155.94,
    "grossProfitMargin" : 29.08,
    "grossProfit" : 61.44,
    "operatingProfitMargin" : 10.25,
    "operatingProfit" : 21.66,
    "netProfitMargin" : -0.99,
    "netProfit" : -2.09
  }, {
    "date" : "2022-09-30",
    "sales" : 194.51,
    "salesGrowthYoY" : 30.08,
    "grossProfitMargin" : 25.30,
    "grossProfit" : 49.21,
    "operatingProfitMargin" : 3.76,
    "operatingProfit" : 7.31,
    "netProfitMargin" : -6.88,
    "netProfit" : -13.38
  }, {
    "date" : "2022-12-31",
    "sales" : 239.66,
    "salesGrowthYoY" : 0.32,
    "grossProfitMargin" : 34.08,
    "grossProfit" : 81.68,
    "operatingProfitMargin" : 15.55,
    "operatingProfit" : 37.27,
    "netProfitMargin" : 3.88,
    "netProfit" : 9.30
  }, {
    "date" : "2023-03-31",
    "sales" : 193.43,
    "salesGrowthYoY" : 22.23,
    "grossProfitMargin" : 26.39,
    "grossProfit" : 51.05,
    "operatingProfitMargin" : 6.50,
    "operatingProfit" : 12.57,
    "netProfitMargin" : -4.22,
    "netProfit" : -8.16
  }, {
    "date" : "2023-06-30",
    "sales" : 263.61,
    "salesGrowthYoY" : 24.77,
    "grossProfitMargin" : 27.95,
    "grossProfit" : 73.68,
    "operatingProfitMargin" : 12.39,
    "operatingProfit" : 32.66,
    "netProfitMargin" : 1.87,
    "netProfit" : 4.93
  }, {
    "date" : "2023-09-30",
    "sales" : 231.32,
    "salesGrowthYoY" : 18.92,
    "grossProfitMargin" : 25.68,
    "grossProfit" : 59.40,
    "operatingProfitMargin" : 8.13,
    "operatingProfit" : 18.81,
    "netProfitMargin" : -2.46,
    "netProfit" : -5.69
  }, {
    "date" : "2023-12-31",
    "sales" : 373.76,
    "salesGrowthYoY" : 55.95,
    "grossProfitMargin" : 29.74,
    "grossProfit" : 111.16,
    "operatingProfitMargin" : 16.21,
    "operatingProfit" : 60.59,
    "netProfitMargin" : 6.45,
    "netProfit" : 24.11
  }, {
    "date" : "2024-03-31",
    "sales" : 296.04,
    "salesGrowthYoY" : 53.05,
    "grossProfitMargin" : 25.48,
    "grossProfit" : 75.43,
    "operatingProfitMargin" : 10.24,
    "operatingProfit" : 30.31,
    "netProfitMargin" : 1.31,
    "netProfit" : 3.88
  }, {
    "date" : "2024-06-30",
    "sales" : 415.03,
    "salesGrowthYoY" : 57.44,
    "grossProfitMargin" : 26.59,
    "grossProfit" : 110.36,
    "operatingProfitMargin" : 12.86,
    "operatingProfit" : 53.37,
    "netProfitMargin" : 3.82,
    "netProfit" : 15.85
  }, {
    "date" : "2024-09-30",
    "sales" : 380.01,
    "salesGrowthYoY" : 64.28,
    "grossProfitMargin" : 24.57,
    "grossProfit" : 93.37,
    "operatingProfitMargin" : 8.10,
    "operatingProfit" : 30.78,
    "netProfitMargin" : -0.66,
    "netProfit" : -2.51
  }, {
    "date" : "2024-12-31",
    "sales" : 590.94,
    "salesGrowthYoY" : 58.11,
    "grossProfitMargin" : 30.80,
    "grossProfit" : 182.01,
    "operatingProfitMargin" : 18.76,
    "operatingProfit" : 110.86,
    "netProfitMargin" : 8.61,
    "netProfit" : 50.88
  }, {
    "date" : "2025-03-31",
    "sales" : 498.51,
    "salesGrowthYoY" : 68.39,
    "grossProfitMargin" : 26.45,
    "grossProfit" : 131.86,
    "operatingProfitMargin" : 11.49,
    "operatingProfit" : 57.28,
    "netProfitMargin" : 1.34,
    "netProfit" : 6.68
  }, {
    "date" : "2025-06-30",
    "sales" : 629.70,
    "salesGrowthYoY" : 51.72,
    "grossProfitMargin" : 29.08,
    "grossProfit" : 183.12,
    "operatingProfitMargin" : 14.37,
    "operatingProfit" : 90.49,
    "netProfitMargin" : 4.41,
    "netProfit" : 27.77
  }, {
    "date" : "2025-09-30",
    "sales" : 704.89,
    "salesGrowthYoY" : 85.49,
    "grossProfitMargin" : 27.99,
    "grossProfit" : 197.30,
    "operatingProfitMargin" : 12.18,
    "operatingProfit" : 85.86,
    "netProfitMargin" : 2.56,
    "netProfit" : 18.05
  } ],
  "latestQuarterlyResult" : {
    "date" : "2025-09-30",
    "sales" : 704.89,
    "salesGrowthYoY" : 85.49,
    "grossProfitMargin" : 27.99,
    "grossProfit" : 197.30,
    "operatingProfitMargin" : 12.18,
    "operatingProfit" : 85.86,
    "netProfitMargin" : 2.56,
    "netProfit" : 18.05
  },
  "companyScore" : {
    "priceHigherThanDma50" : 0.00,
    "priceHigherThanDma100" : 0.00,
    "priceHigherThanDma200" : 0.00,
    "dma50HigherThanDma100" : 0.00,
    "dma50HigherThanDma200" : 5.00,
    "dma100HigherThanDma200" : 5.00,
    "pricePercentageAboveDma50" : 5.63,
    "pricePercentageAboveDma100" : 5.64,
    "pricePercentageAboveDma200" : 5.24,
    "weeklyVolumeHigherThanYearlyVolume" : 5.00,
    "salesGrowthPercentile" : 16.81,
    "operatingProfitMarginPercentile" : 19.11,
    "netProfitMarginPercentile" : 9.69,
    "totalTechnicalScore" : 31.52,
    "totalFundamentalScore" : 45.62,
    "totalScore" : 77.14
  }
}