{
  "metadata" : {
    "screenerCompanyId" : "2943",
    "companyCode" : "VEDL",
    "companyName" : "Vedanta",
    "screenerCompanyLink" : "https://www.screener.in/company/VEDL/consolidated/",
    "screenerTechnicalHistoryLink" : "https://www.screener.in/api/company/2943/chart/?q=Price-DMA50-DMA200-Volume&days=365",
    "screenerQuarterlyResultsLink" : "https://www.screener.in/api/company/2943/chart/?q=GPM-OPM-NPM-Quarter+Sales&days=10000",
    "attributes" : {
      "companyCode" : "VEDL",
      "companyName" : "Vedanta",
      "marketCap" : 266864.00,
      "peRatio" : 24.30,
      "description" : "Vedanta Ltd is a diversified natural resource group engaged in exploring, extracting and processing minerals and oil & gas. The group engages in the exploration, production and sale of zinc, lead, silver, copper, aluminium, iron ore and oil & gas. It has presence across India, South Africa, Namibia, Ireland, Liberia & UAE. Its other businesses includes commercial power generation, steel manufacturing & port operations in India and manufacturing of glass substrate in South Korea and Taiwan.[1] Presently, India accounts for ~65% of total revenues, followed by Malaysia (9%), China (3%), UAE (1%) and others (22%).[2]"
    },
    "companyScore" : {
      "priceHigherThanDma50" : 5.00,
      "priceHigherThanDma100" : 5.00,
      "priceHigherThanDma200" : 5.00,
      "dma50HigherThanDma100" : 5.00,
      "dma50HigherThanDma200" : 5.00,
      "dma100HigherThanDma200" : 5.00,
      "pricePercentageAboveDma50" : 4.68,
      "pricePercentageAboveDma100" : 4.03,
      "pricePercentageAboveDma200" : 3.64,
      "weeklyVolumeHigherThanYearlyVolume" : 0.00,
      "salesGrowthPercentile" : 16.75,
      "operatingProfitMarginPercentile" : 8.09,
      "netProfitMarginPercentile" : 3.02,
      "totalTechnicalScore" : 42.36,
      "totalFundamentalScore" : 27.87,
      "totalScore" : 70.23
    }
  },
  "attributes" : {
    "companyCode" : "VEDL",
    "companyName" : "Vedanta",
    "marketCap" : 266864.00,
    "peRatio" : 24.30,
    "description" : "Vedanta Ltd is a diversified natural resource group engaged in exploring, extracting and processing minerals and oil & gas. The group engages in the exploration, production and sale of zinc, lead, silver, copper, aluminium, iron ore and oil & gas. It has presence across India, South Africa, Namibia, Ireland, Liberia & UAE. Its other businesses includes commercial power generation, steel manufacturing & port operations in India and manufacturing of glass substrate in South Korea and Taiwan.[1] Presently, India accounts for ~65% of total revenues, followed by Malaysia (9%), China (3%), UAE (1%) and others (22%).[2]"
  },
  "technicalHistory" : [ {
    "date" : "2025-02-24",
    "price" : 422.85,
    "dma50" : 441.11,
    "dma100" : null,
    "dma200" : 431.23,
    "volume" : 6772643.00
  }, {
    "date" : "2025-02-25",
    "price" : 409.25,
    "dma50" : 439.86,
    "dma100" : null,
    "dma200" : 431.01,
    "volume" : 16885755.00
  }, {
    "date" : "2025-02-27",
    "price" : 404.55,
    "dma50" : 438.47,
    "dma100" : null,
    "dma200" : 430.75,
    "volume" : 10189860.00
  }, {
    "date" : "2025-02-28",
    "price" : 394.75,
    "dma50" : 436.76,
    "dma100" : null,
    "dma200" : 430.39,
    "volume" : 14109020.00
  }, {
    "date" : "2025-03-03",
    "price" : 409.15,
    "dma50" : 435.68,
    "dma100" : null,
    "dma200" : 430.18,
    "volume" : 12040481.00
  }, {
    "date" : "2025-03-04",
    "price" : 406.75,
    "dma50" : 434.54,
    "dma100" : null,
    "dma200" : 429.95,
    "volume" : 7645453.00
  }, {
    "date" : "2025-03-05",
    "price" : 428.95,
    "dma50" : 434.32,
    "dma100" : null,
    "dma200" : 429.94,
    "volume" : 14797691.00
  }, {
    "date" : "2025-03-06",
    "price" : 442.95,
    "dma50" : 434.66,
    "dma100" : null,
    "dma200" : 430.07,
    "volume" : 13872178.00
  }, {
    "date" : "2025-03-07",
    "price" : 445.45,
    "dma50" : 435.08,
    "dma100" : null,
    "dma200" : 430.22,
    "volume" : 8084244.00
  }, {
    "date" : "2025-03-10",
    "price" : 437.40,
    "dma50" : 435.17,
    "dma100" : null,
    "dma200" : 430.29,
    "volume" : 6661146.00
  }, {
    "date" : "2025-03-11",
    "price" : 441.55,
    "dma50" : 435.42,
    "dma100" : null,
    "dma200" : 430.40,
    "volume" : 6512836.00
  }, {
    "date" : "2025-03-12",
    "price" : 444.95,
    "dma50" : 435.80,
    "dma100" : null,
    "dma200" : 430.55,
    "volume" : 5763602.00
  }, {
    "date" : "2025-03-13",
    "price" : 442.95,
    "dma50" : 436.08,
    "dma100" : null,
    "dma200" : 430.67,
    "volume" : 5184131.00
  }, {
    "date" : "2025-03-17",
    "price" : 446.95,
    "dma50" : 436.51,
    "dma100" : null,
    "dma200" : 430.83,
    "volume" : 5190988.00
  }, {
    "date" : "2025-03-18",
    "price" : 460.00,
    "dma50" : 437.43,
    "dma100" : null,
    "dma200" : 431.12,
    "volume" : 8298700.00
  }, {
    "date" : "2025-03-19",
    "price" : 460.55,
    "dma50" : 438.33,
    "dma100" : null,
    "dma200" : 431.41,
    "volume" : 5928380.00
  }, {
    "date" : "2025-03-20",
    "price" : 470.75,
    "dma50" : 439.60,
    "dma100" : null,
    "dma200" : 431.81,
    "volume" : 10633062.00
  }, {
    "date" : "2025-03-21",
    "price" : 467.30,
    "dma50" : 440.69,
    "dma100" : null,
    "dma200" : 432.16,
    "volume" : 12595474.00
  }, {
    "date" : "2025-03-24",
    "price" : 472.25,
    "dma50" : 441.93,
    "dma100" : null,
    "dma200" : 432.56,
    "volume" : 7503600.00
  }, {
    "date" : "2025-03-25",
    "price" : 461.80,
    "dma50" : 442.71,
    "dma100" : null,
    "dma200" : 432.85,
    "volume" : 7215149.00
  }, {
    "date" : "2025-03-26",
    "price" : 464.15,
    "dma50" : 443.55,
    "dma100" : null,
    "dma200" : 433.16,
    "volume" : 9481119.00
  }, {
    "date" : "2025-03-27",
    "price" : 472.35,
    "dma50" : 444.68,
    "dma100" : null,
    "dma200" : 433.55,
    "volume" : 7790091.00
  }, {
    "date" : "2025-03-28",
    "price" : 463.40,
    "dma50" : 445.41,
    "dma100" : null,
    "dma200" : 433.85,
    "volume" : 7251488.00
  }, {
    "date" : "2025-04-01",
    "price" : 457.40,
    "dma50" : 445.88,
    "dma100" : null,
    "dma200" : 434.08,
    "volume" : 4809941.00
  }, {
    "date" : "2025-04-02",
    "price" : 457.65,
    "dma50" : 446.34,
    "dma100" : null,
    "dma200" : 434.32,
    "volume" : 4343884.00
  }, {
    "date" : "2025-04-03",
    "price" : 439.50,
    "dma50" : 446.08,
    "dma100" : null,
    "dma200" : 434.37,
    "volume" : 13495464.00
  }, {
    "date" : "2025-04-04",
    "price" : 401.45,
    "dma50" : 444.33,
    "dma100" : null,
    "dma200" : 434.04,
    "volume" : 34238164.00
  }, {
    "date" : "2025-04-07",
    "price" : 374.05,
    "dma50" : 441.57,
    "dma100" : null,
    "dma200" : 433.44,
    "volume" : 28934091.00
  }, {
    "date" : "2025-04-08",
    "price" : 376.10,
    "dma50" : 439.00,
    "dma100" : null,
    "dma200" : 432.87,
    "volume" : 18153577.00
  }, {
    "date" : "2025-04-09",
    "price" : 370.55,
    "dma50" : 436.32,
    "dma100" : null,
    "dma200" : 432.25,
    "volume" : 14386617.00
  }, {
    "date" : "2025-04-11",
    "price" : 380.15,
    "dma50" : 434.11,
    "dma100" : null,
    "dma200" : 431.73,
    "volume" : 13681255.00
  }, {
    "date" : "2025-04-15",
    "price" : 395.80,
    "dma50" : 432.61,
    "dma100" : null,
    "dma200" : 431.38,
    "volume" : 11419086.00
  }, {
    "date" : "2025-04-16",
    "price" : 398.70,
    "dma50" : 431.28,
    "dma100" : null,
    "dma200" : 431.05,
    "volume" : 10253239.00
  }, {
    "date" : "2025-04-17",
    "price" : 400.05,
    "dma50" : 430.06,
    "dma100" : null,
    "dma200" : 430.74,
    "volume" : 8477082.00
  }, {
    "date" : "2025-04-21",
    "price" : 411.95,
    "dma50" : 429.35,
    "dma100" : null,
    "dma200" : 430.56,
    "volume" : 8344488.00
  }, {
    "date" : "2025-04-22",
    "price" : 413.05,
    "dma50" : 428.71,
    "dma100" : null,
    "dma200" : 430.38,
    "volume" : 7986037.00
  }, {
    "date" : "2025-04-23",
    "price" : 418.20,
    "dma50" : 428.30,
    "dma100" : null,
    "dma200" : 430.26,
    "volume" : 9111193.00
  }, {
    "date" : "2025-04-24",
    "price" : 420.25,
    "dma50" : 427.98,
    "dma100" : null,
    "dma200" : 430.16,
    "volume" : 14965785.00
  }, {
    "date" : "2025-04-25",
    "price" : 413.30,
    "dma50" : 427.41,
    "dma100" : null,
    "dma200" : 429.99,
    "volume" : 11815715.00
  }, {
    "date" : "2025-04-28",
    "price" : 416.10,
    "dma50" : 426.96,
    "dma100" : null,
    "dma200" : 429.86,
    "volume" : 7234564.00
  }, {
    "date" : "2025-04-29",
    "price" : 416.30,
    "dma50" : 426.54,
    "dma100" : null,
    "dma200" : 429.72,
    "volume" : 7733062.00
  }, {
    "date" : "2025-04-30",
    "price" : 419.20,
    "dma50" : 426.26,
    "dma100" : null,
    "dma200" : 429.62,
    "volume" : 14869170.00
  }, {
    "date" : "2025-05-02",
    "price" : 415.10,
    "dma50" : 425.82,
    "dma100" : null,
    "dma200" : 429.47,
    "volume" : 16656044.00
  }, {
    "date" : "2025-05-05",
    "price" : 419.50,
    "dma50" : 425.57,
    "dma100" : null,
    "dma200" : 429.37,
    "volume" : 7823394.00
  }, {
    "date" : "2025-05-06",
    "price" : 410.95,
    "dma50" : 425.00,
    "dma100" : null,
    "dma200" : 429.19,
    "volume" : 8247301.00
  }, {
    "date" : "2025-05-07",
    "price" : 416.00,
    "dma50" : 424.64,
    "dma100" : null,
    "dma200" : 429.06,
    "volume" : 9114754.00
  }, {
    "date" : "2025-05-08",
    "price" : 407.10,
    "dma50" : 423.96,
    "dma100" : null,
    "dma200" : 428.84,
    "volume" : 11068577.00
  }, {
    "date" : "2025-05-09",
    "price" : 407.90,
    "dma50" : 423.33,
    "dma100" : null,
    "dma200" : 428.63,
    "volume" : 7434102.00
  }, {
    "date" : "2025-05-12",
    "price" : 436.05,
    "dma50" : 423.83,
    "dma100" : null,
    "dma200" : 428.70,
    "volume" : 17364583.00
  }, {
    "date" : "2025-05-13",
    "price" : 435.40,
    "dma50" : 424.28,
    "dma100" : null,
    "dma200" : 428.77,
    "volume" : 8256268.00
  }, {
    "date" : "2025-05-14",
    "price" : 442.70,
    "dma50" : 425.00,
    "dma100" : null,
    "dma200" : 428.91,
    "volume" : 11991896.00
  }, {
    "date" : "2025-05-15",
    "price" : 443.80,
    "dma50" : 425.74,
    "dma100" : null,
    "dma200" : 429.06,
    "volume" : 7905079.00
  }, {
    "date" : "2025-05-16",
    "price" : 441.20,
    "dma50" : 426.35,
    "dma100" : null,
    "dma200" : 429.18,
    "volume" : 6112107.00
  }, {
    "date" : "2025-05-19",
    "price" : 442.05,
    "dma50" : 426.96,
    "dma100" : null,
    "dma200" : 429.31,
    "volume" : 5208528.00
  }, {
    "date" : "2025-05-20",
    "price" : 435.35,
    "dma50" : 427.29,
    "dma100" : null,
    "dma200" : 429.37,
    "volume" : 6530083.00
  }, {
    "date" : "2025-05-21",
    "price" : 437.75,
    "dma50" : 427.70,
    "dma100" : null,
    "dma200" : 429.45,
    "volume" : 5763360.00
  }, {
    "date" : "2025-05-22",
    "price" : 435.10,
    "dma50" : 427.99,
    "dma100" : null,
    "dma200" : 429.51,
    "volume" : 5705784.00
  }, {
    "date" : "2025-05-23",
    "price" : 440.05,
    "dma50" : 428.46,
    "dma100" : null,
    "dma200" : 429.61,
    "volume" : 4869766.00
  }, {
    "date" : "2025-05-26",
    "price" : 445.55,
    "dma50" : 429.13,
    "dma100" : null,
    "dma200" : 429.77,
    "volume" : 4823091.00
  }, {
    "date" : "2025-05-27",
    "price" : 448.00,
    "dma50" : 429.87,
    "dma100" : null,
    "dma200" : 429.95,
    "volume" : 7692408.00
  }, {
    "date" : "2025-05-28",
    "price" : 446.85,
    "dma50" : 430.54,
    "dma100" : null,
    "dma200" : 430.12,
    "volume" : 5541248.00
  }, {
    "date" : "2025-05-29",
    "price" : 451.65,
    "dma50" : 431.37,
    "dma100" : null,
    "dma200" : 430.33,
    "volume" : 8897838.00
  }, {
    "date" : "2025-05-30",
    "price" : 435.55,
    "dma50" : 431.53,
    "dma100" : null,
    "dma200" : 430.39,
    "volume" : 14753982.00
  }, {
    "date" : "2025-06-02",
    "price" : 432.40,
    "dma50" : 431.57,
    "dma100" : null,
    "dma200" : 430.41,
    "volume" : 9648269.00
  }, {
    "date" : "2025-06-03",
    "price" : 434.00,
    "dma50" : 431.66,
    "dma100" : null,
    "dma200" : 430.44,
    "volume" : 7098755.00
  }, {
    "date" : "2025-06-04",
    "price" : 436.85,
    "dma50" : 431.86,
    "dma100" : null,
    "dma200" : 430.51,
    "volume" : 4946470.00
  }, {
    "date" : "2025-06-05",
    "price" : 439.15,
    "dma50" : 432.15,
    "dma100" : null,
    "dma200" : 430.59,
    "volume" : 6074636.00
  }, {
    "date" : "2025-06-06",
    "price" : 448.05,
    "dma50" : 432.77,
    "dma100" : null,
    "dma200" : 430.77,
    "volume" : 11445583.00
  }, {
    "date" : "2025-06-09",
    "price" : 457.90,
    "dma50" : 433.76,
    "dma100" : null,
    "dma200" : 431.04,
    "volume" : 9496995.00
  }, {
    "date" : "2025-06-10",
    "price" : 461.55,
    "dma50" : 434.85,
    "dma100" : null,
    "dma200" : 431.34,
    "volume" : 8972719.00
  }, {
    "date" : "2025-06-11",
    "price" : 469.30,
    "dma50" : 436.20,
    "dma100" : null,
    "dma200" : 431.72,
    "volume" : 16279459.00
  }, {
    "date" : "2025-06-12",
    "price" : 460.50,
    "dma50" : 437.15,
    "dma100" : null,
    "dma200" : 432.00,
    "volume" : 7823685.00
  }, {
    "date" : "2025-06-13",
    "price" : 458.10,
    "dma50" : 437.97,
    "dma100" : null,
    "dma200" : 432.26,
    "volume" : 6997078.00
  }, {
    "date" : "2025-06-16",
    "price" : 463.90,
    "dma50" : 438.99,
    "dma100" : null,
    "dma200" : 432.58,
    "volume" : 8604353.00
  }, {
    "date" : "2025-06-17",
    "price" : 458.95,
    "dma50" : 439.77,
    "dma100" : null,
    "dma200" : 432.84,
    "volume" : 6053425.00
  }, {
    "date" : "2025-06-18",
    "price" : 456.50,
    "dma50" : 440.43,
    "dma100" : null,
    "dma200" : 433.08,
    "volume" : 16337595.00
  }, {
    "date" : "2025-06-19",
    "price" : 439.50,
    "dma50" : 440.39,
    "dma100" : null,
    "dma200" : 433.14,
    "volume" : 13009842.00
  }, {
    "date" : "2025-06-20",
    "price" : 447.10,
    "dma50" : 440.66,
    "dma100" : null,
    "dma200" : 433.28,
    "volume" : 11745688.00
  }, {
    "date" : "2025-06-23",
    "price" : 449.85,
    "dma50" : 441.02,
    "dma100" : null,
    "dma200" : 433.44,
    "volume" : 7586363.00
  }, {
    "date" : "2025-06-24",
    "price" : 445.80,
    "dma50" : 441.20,
    "dma100" : null,
    "dma200" : 433.57,
    "volume" : 7022250.00
  }, {
    "date" : "2025-06-25",
    "price" : 441.95,
    "dma50" : 441.23,
    "dma100" : null,
    "dma200" : 433.65,
    "volume" : 6603063.00
  }, {
    "date" : "2025-06-26",
    "price" : 455.50,
    "dma50" : 441.79,
    "dma100" : null,
    "dma200" : 433.87,
    "volume" : 11446249.00
  }, {
    "date" : "2025-06-27",
    "price" : 463.75,
    "dma50" : 442.65,
    "dma100" : null,
    "dma200" : 434.16,
    "volume" : 24840946.00
  }, {
    "date" : "2025-06-30",
    "price" : 460.85,
    "dma50" : 443.37,
    "dma100" : null,
    "dma200" : 434.43,
    "volume" : 6781094.00
  }, {
    "date" : "2025-07-01",
    "price" : 465.90,
    "dma50" : 444.25,
    "dma100" : null,
    "dma200" : 434.74,
    "volume" : 11802967.00
  }, {
    "date" : "2025-07-02",
    "price" : 469.45,
    "dma50" : 445.24,
    "dma100" : null,
    "dma200" : 435.09,
    "volume" : 12366053.00
  }, {
    "date" : "2025-07-03",
    "price" : 458.30,
    "dma50" : 445.75,
    "dma100" : null,
    "dma200" : 435.32,
    "volume" : 18330994.00
  }, {
    "date" : "2025-07-04",
    "price" : 459.05,
    "dma50" : 446.27,
    "dma100" : null,
    "dma200" : 435.56,
    "volume" : 5083134.00
  }, {
    "date" : "2025-07-07",
    "price" : 454.20,
    "dma50" : 446.58,
    "dma100" : null,
    "dma200" : 435.74,
    "volume" : 4664350.00
  }, {
    "date" : "2025-07-08",
    "price" : 456.30,
    "dma50" : 446.96,
    "dma100" : null,
    "dma200" : 435.95,
    "volume" : 4434057.00
  }, {
    "date" : "2025-07-09",
    "price" : 440.75,
    "dma50" : 446.72,
    "dma100" : null,
    "dma200" : 435.99,
    "volume" : 40072473.00
  }, {
    "date" : "2025-07-10",
    "price" : 439.20,
    "dma50" : 446.43,
    "dma100" : null,
    "dma200" : 436.02,
    "volume" : 14358438.00
  }, {
    "date" : "2025-07-11",
    "price" : 442.75,
    "dma50" : 446.28,
    "dma100" : null,
    "dma200" : 436.09,
    "volume" : 9308063.00
  }, {
    "date" : "2025-07-14",
    "price" : 448.20,
    "dma50" : 446.36,
    "dma100" : null,
    "dma200" : 436.21,
    "volume" : 5893762.00
  }, {
    "date" : "2025-07-15",
    "price" : 450.00,
    "dma50" : 446.50,
    "dma100" : null,
    "dma200" : 436.35,
    "volume" : 5878674.00
  }, {
    "date" : "2025-07-16",
    "price" : 447.45,
    "dma50" : 446.54,
    "dma100" : null,
    "dma200" : 436.46,
    "volume" : 3686580.00
  }, {
    "date" : "2025-07-17",
    "price" : 444.35,
    "dma50" : 446.45,
    "dma100" : null,
    "dma200" : 436.54,
    "volume" : 2811072.00
  }, {
    "date" : "2025-07-18",
    "price" : 445.80,
    "dma50" : 446.43,
    "dma100" : null,
    "dma200" : 436.63,
    "volume" : 3582211.00
  }, {
    "date" : "2025-07-21",
    "price" : 453.85,
    "dma50" : 446.72,
    "dma100" : null,
    "dma200" : 436.80,
    "volume" : 6669788.00
  }, {
    "date" : "2025-07-22",
    "price" : 450.60,
    "dma50" : 446.87,
    "dma100" : null,
    "dma200" : 436.94,
    "volume" : 3011612.00
  }, {
    "date" : "2025-07-23",
    "price" : 455.65,
    "dma50" : 447.21,
    "dma100" : 437.85,
    "dma200" : 437.13,
    "volume" : 3200636.00
  }, {
    "date" : "2025-07-24",
    "price" : 451.35,
    "dma50" : 447.38,
    "dma100" : 438.27,
    "dma200" : 437.27,
    "volume" : 4956129.00
  }, {
    "date" : "2025-07-25",
    "price" : 443.55,
    "dma50" : 447.23,
    "dma100" : 438.66,
    "dma200" : 437.33,
    "volume" : 2774137.00
  }, {
    "date" : "2025-07-28",
    "price" : 437.95,
    "dma50" : 446.86,
    "dma100" : 439.09,
    "dma200" : 437.34,
    "volume" : 4026452.00
  }, {
    "date" : "2025-07-29",
    "price" : 439.50,
    "dma50" : 446.57,
    "dma100" : 439.39,
    "dma200" : 437.36,
    "volume" : 3372469.00
  }, {
    "date" : "2025-07-30",
    "price" : 434.60,
    "dma50" : 446.10,
    "dma100" : 439.67,
    "dma200" : 437.33,
    "volume" : 3096642.00
  }, {
    "date" : "2025-07-31",
    "price" : 425.65,
    "dma50" : 445.30,
    "dma100" : 439.64,
    "dma200" : 437.21,
    "volume" : 8332348.00
  }, {
    "date" : "2025-08-01",
    "price" : 424.45,
    "dma50" : 444.48,
    "dma100" : 439.45,
    "dma200" : 437.09,
    "volume" : 4463473.00
  }, {
    "date" : "2025-08-04",
    "price" : 431.45,
    "dma50" : 443.97,
    "dma100" : 439.31,
    "dma200" : 437.03,
    "volume" : 3768309.00
  }, {
    "date" : "2025-08-05",
    "price" : 438.45,
    "dma50" : 443.76,
    "dma100" : 439.32,
    "dma200" : 437.04,
    "volume" : 5821123.00
  }, {
    "date" : "2025-08-06",
    "price" : 440.55,
    "dma50" : 443.63,
    "dma100" : 439.31,
    "dma200" : 437.08,
    "volume" : 4154842.00
  }, {
    "date" : "2025-08-07",
    "price" : 437.80,
    "dma50" : 443.40,
    "dma100" : 439.24,
    "dma200" : 437.09,
    "volume" : 4433892.00
  }, {
    "date" : "2025-08-08",
    "price" : 431.45,
    "dma50" : 442.93,
    "dma100" : 439.13,
    "dma200" : 437.03,
    "volume" : 2685568.00
  }, {
    "date" : "2025-08-11",
    "price" : 430.10,
    "dma50" : 442.43,
    "dma100" : 438.96,
    "dma200" : 436.96,
    "volume" : 5272795.00
  }, {
    "date" : "2025-08-12",
    "price" : 433.25,
    "dma50" : 442.07,
    "dma100" : 438.69,
    "dma200" : 436.92,
    "volume" : 5626688.00
  }, {
    "date" : "2025-08-13",
    "price" : 438.75,
    "dma50" : 441.94,
    "dma100" : 438.47,
    "dma200" : 436.94,
    "volume" : 6291181.00
  }, {
    "date" : "2025-08-14",
    "price" : 430.20,
    "dma50" : 441.48,
    "dma100" : 438.07,
    "dma200" : 436.88,
    "volume" : 5801682.00
  }, {
    "date" : "2025-08-18",
    "price" : 438.20,
    "dma50" : 441.35,
    "dma100" : 437.78,
    "dma200" : 436.89,
    "volume" : 5780946.00
  }, {
    "date" : "2025-08-19",
    "price" : 450.20,
    "dma50" : 441.70,
    "dma100" : 437.56,
    "dma200" : 437.02,
    "volume" : 12612436.00
  }, {
    "date" : "2025-08-20",
    "price" : 445.50,
    "dma50" : 441.85,
    "dma100" : 437.39,
    "dma200" : 437.11,
    "volume" : 20425373.00
  }, {
    "date" : "2025-08-21",
    "price" : 446.90,
    "dma50" : 442.05,
    "dma100" : 437.22,
    "dma200" : 437.20,
    "volume" : 8900416.00
  }, {
    "date" : "2025-08-22",
    "price" : 444.25,
    "dma50" : 442.13,
    "dma100" : 436.94,
    "dma200" : 437.27,
    "volume" : 17311683.00
  }, {
    "date" : "2025-08-25",
    "price" : 450.30,
    "dma50" : 442.45,
    "dma100" : 436.81,
    "dma200" : 437.40,
    "volume" : 14880893.00
  }, {
    "date" : "2025-08-26",
    "price" : 428.20,
    "dma50" : 441.89,
    "dma100" : 436.52,
    "dma200" : 437.31,
    "volume" : 11394171.00
  }, {
    "date" : "2025-08-28",
    "price" : 424.50,
    "dma50" : 441.21,
    "dma100" : 436.19,
    "dma200" : 437.18,
    "volume" : 7994154.00
  }, {
    "date" : "2025-08-29",
    "price" : 420.65,
    "dma50" : 440.40,
    "dma100" : 436.00,
    "dma200" : 437.02,
    "volume" : 7986216.00
  }, {
    "date" : "2025-09-01",
    "price" : 431.00,
    "dma50" : 440.04,
    "dma100" : 436.29,
    "dma200" : 436.96,
    "volume" : 8144877.00
  }, {
    "date" : "2025-09-02",
    "price" : 431.60,
    "dma50" : 439.70,
    "dma100" : 436.87,
    "dma200" : 436.91,
    "volume" : 6914920.00
  }, {
    "date" : "2025-09-03",
    "price" : 439.45,
    "dma50" : 439.69,
    "dma100" : 437.50,
    "dma200" : 436.93,
    "volume" : 10772938.00
  }, {
    "date" : "2025-09-04",
    "price" : 435.70,
    "dma50" : 439.54,
    "dma100" : 438.15,
    "dma200" : 436.92,
    "volume" : 8367426.00
  }, {
    "date" : "2025-09-05",
    "price" : 445.50,
    "dma50" : 439.77,
    "dma100" : 438.81,
    "dma200" : 437.00,
    "volume" : 8751481.00
  }, {
    "date" : "2025-09-08",
    "price" : 434.40,
    "dma50" : 439.56,
    "dma100" : 439.19,
    "dma200" : 436.98,
    "volume" : 12379882.00
  }, {
    "date" : "2025-09-09",
    "price" : 432.80,
    "dma50" : 439.30,
    "dma100" : 439.53,
    "dma200" : 436.94,
    "volume" : 6824457.00
  }, {
    "date" : "2025-09-10",
    "price" : 433.70,
    "dma50" : 439.08,
    "dma100" : 439.87,
    "dma200" : 436.90,
    "volume" : 6266136.00
  }, {
    "date" : "2025-09-11",
    "price" : 437.70,
    "dma50" : 439.02,
    "dma100" : 440.13,
    "dma200" : 436.91,
    "volume" : 7770412.00
  }, {
    "date" : "2025-09-12",
    "price" : 450.90,
    "dma50" : 439.49,
    "dma100" : 440.51,
    "dma200" : 437.05,
    "volume" : 17056424.00
  }, {
    "date" : "2025-09-15",
    "price" : 454.40,
    "dma50" : 440.07,
    "dma100" : 440.87,
    "dma200" : 437.22,
    "volume" : 15424600.00
  }, {
    "date" : "2025-09-16",
    "price" : 461.30,
    "dma50" : 440.91,
    "dma100" : 441.28,
    "dma200" : 437.46,
    "volume" : 10619244.00
  }, {
    "date" : "2025-09-17",
    "price" : 456.15,
    "dma50" : 441.50,
    "dma100" : 441.71,
    "dma200" : 437.65,
    "volume" : 29348524.00
  }, {
    "date" : "2025-09-18",
    "price" : 455.65,
    "dma50" : 442.06,
    "dma100" : 442.10,
    "dma200" : 437.83,
    "volume" : 8493225.00
  }, {
    "date" : "2025-09-19",
    "price" : 455.60,
    "dma50" : 442.59,
    "dma100" : 442.50,
    "dma200" : 438.01,
    "volume" : 10755337.00
  }, {
    "date" : "2025-09-22",
    "price" : 458.45,
    "dma50" : 443.21,
    "dma100" : 442.89,
    "dma200" : 438.21,
    "volume" : 7067645.00
  }, {
    "date" : "2025-09-23",
    "price" : 457.20,
    "dma50" : 443.76,
    "dma100" : 443.31,
    "dma200" : 438.40,
    "volume" : 7078490.00
  }, {
    "date" : "2025-09-24",
    "price" : 448.45,
    "dma50" : 443.94,
    "dma100" : 443.60,
    "dma200" : 438.50,
    "volume" : 8976661.00
  }, {
    "date" : "2025-09-25",
    "price" : 461.65,
    "dma50" : 444.64,
    "dma100" : 444.11,
    "dma200" : 438.73,
    "volume" : 13531446.00
  }, {
    "date" : "2025-09-26",
    "price" : 447.95,
    "dma50" : 444.77,
    "dma100" : 444.43,
    "dma200" : 438.82,
    "volume" : 10878794.00
  }, {
    "date" : "2025-09-29",
    "price" : 452.25,
    "dma50" : 445.06,
    "dma100" : 444.88,
    "dma200" : 438.95,
    "volume" : 11952907.00
  }, {
    "date" : "2025-09-30",
    "price" : 465.80,
    "dma50" : 445.87,
    "dma100" : 445.46,
    "dma200" : 439.22,
    "volume" : 16956783.00
  }, {
    "date" : "2025-10-01",
    "price" : 464.85,
    "dma50" : 446.62,
    "dma100" : 445.74,
    "dma200" : 439.48,
    "volume" : 8224227.00
  }, {
    "date" : "2025-10-03",
    "price" : 470.95,
    "dma50" : 447.57,
    "dma100" : 446.10,
    "dma200" : 439.79,
    "volume" : 22267648.00
  }, {
    "date" : "2025-10-06",
    "price" : 470.80,
    "dma50" : 448.48,
    "dma100" : 446.38,
    "dma200" : 440.10,
    "volume" : 9637606.00
  }, {
    "date" : "2025-10-07",
    "price" : 471.85,
    "dma50" : 449.40,
    "dma100" : 446.66,
    "dma200" : 440.41,
    "volume" : 6471527.00
  }, {
    "date" : "2025-10-08",
    "price" : 472.70,
    "dma50" : 450.31,
    "dma100" : 446.98,
    "dma200" : 440.74,
    "volume" : 10553225.00
  }, {
    "date" : "2025-10-09",
    "price" : 484.20,
    "dma50" : 451.64,
    "dma100" : 447.40,
    "dma200" : 441.17,
    "volume" : 17475175.00
  }, {
    "date" : "2025-10-10",
    "price" : 482.20,
    "dma50" : 452.84,
    "dma100" : 447.87,
    "dma200" : 441.58,
    "volume" : 13768416.00
  }, {
    "date" : "2025-10-13",
    "price" : 479.30,
    "dma50" : 453.88,
    "dma100" : 448.28,
    "dma200" : 441.95,
    "volume" : 8516626.00
  }, {
    "date" : "2025-10-14",
    "price" : 480.05,
    "dma50" : 454.91,
    "dma100" : 448.73,
    "dma200" : 442.33,
    "volume" : 15117885.00
  }, {
    "date" : "2025-10-15",
    "price" : 483.05,
    "dma50" : 456.01,
    "dma100" : 449.16,
    "dma200" : 442.74,
    "volume" : 8162631.00
  }, {
    "date" : "2025-10-16",
    "price" : 479.10,
    "dma50" : 456.91,
    "dma100" : 449.50,
    "dma200" : 443.10,
    "volume" : 5421608.00
  }, {
    "date" : "2025-10-17",
    "price" : 474.05,
    "dma50" : 457.59,
    "dma100" : 449.76,
    "dma200" : 443.41,
    "volume" : 6108216.00
  }, {
    "date" : "2025-10-20",
    "price" : 473.90,
    "dma50" : 458.23,
    "dma100" : 450.03,
    "dma200" : 443.71,
    "volume" : 4125815.00
  }, {
    "date" : "2025-10-21",
    "price" : 475.65,
    "dma50" : 458.91,
    "dma100" : 450.27,
    "dma200" : 444.03,
    "volume" : 953352.00
  }, {
    "date" : "2025-10-23",
    "price" : 483.25,
    "dma50" : 459.86,
    "dma100" : 450.74,
    "dma200" : 444.42,
    "volume" : 12004762.00
  }, {
    "date" : "2025-10-24",
    "price" : 495.60,
    "dma50" : 461.27,
    "dma100" : 451.38,
    "dma200" : 444.93,
    "volume" : 27641214.00
  }, {
    "date" : "2025-10-27",
    "price" : 505.25,
    "dma50" : 462.99,
    "dma100" : 452.09,
    "dma200" : 445.53,
    "volume" : 14890628.00
  }, {
    "date" : "2025-10-28",
    "price" : 502.45,
    "dma50" : 464.54,
    "dma100" : 452.75,
    "dma200" : 446.09,
    "volume" : 11370587.00
  }, {
    "date" : "2025-10-29",
    "price" : 516.20,
    "dma50" : 466.56,
    "dma100" : 453.52,
    "dma200" : 446.79,
    "volume" : 26590426.00
  }, {
    "date" : "2025-10-30",
    "price" : 506.95,
    "dma50" : 468.15,
    "dma100" : 454.10,
    "dma200" : 447.39,
    "volume" : 8042224.00
  }, {
    "date" : "2025-10-31",
    "price" : 493.55,
    "dma50" : 469.14,
    "dma100" : 454.46,
    "dma200" : 447.85,
    "volume" : 13789091.00
  }, {
    "date" : "2025-11-03",
    "price" : 513.00,
    "dma50" : 470.86,
    "dma100" : 454.98,
    "dma200" : 448.50,
    "volume" : 17656211.00
  }, {
    "date" : "2025-11-04",
    "price" : 508.15,
    "dma50" : 472.33,
    "dma100" : 455.36,
    "dma200" : 449.09,
    "volume" : 9371853.00
  }, {
    "date" : "2025-11-06",
    "price" : 504.95,
    "dma50" : 473.61,
    "dma100" : 455.81,
    "dma200" : 449.65,
    "volume" : 7431556.00
  }, {
    "date" : "2025-11-07",
    "price" : 515.05,
    "dma50" : 475.23,
    "dma100" : 456.38,
    "dma200" : 450.30,
    "volume" : 9574127.00
  }, {
    "date" : "2025-11-10",
    "price" : 519.60,
    "dma50" : 476.97,
    "dma100" : 456.94,
    "dma200" : 450.99,
    "volume" : 9689203.00
  }, {
    "date" : "2025-11-11",
    "price" : 523.85,
    "dma50" : 478.81,
    "dma100" : 457.58,
    "dma200" : 451.71,
    "volume" : 7088282.00
  }, {
    "date" : "2025-11-12",
    "price" : 520.60,
    "dma50" : 480.45,
    "dma100" : 458.23,
    "dma200" : 452.40,
    "volume" : 8437615.00
  }, {
    "date" : "2025-11-13",
    "price" : 529.60,
    "dma50" : 482.38,
    "dma100" : 459.13,
    "dma200" : 453.17,
    "volume" : 14998493.00
  }, {
    "date" : "2025-11-14",
    "price" : 525.35,
    "dma50" : 484.06,
    "dma100" : 459.91,
    "dma200" : 453.88,
    "volume" : 7080744.00
  }, {
    "date" : "2025-11-17",
    "price" : 520.80,
    "dma50" : 485.50,
    "dma100" : 460.62,
    "dma200" : 454.55,
    "volume" : 4890405.00
  }, {
    "date" : "2025-11-18",
    "price" : 510.70,
    "dma50" : 486.49,
    "dma100" : 461.27,
    "dma200" : 455.11,
    "volume" : 8292549.00
  }, {
    "date" : "2025-11-19",
    "price" : 511.80,
    "dma50" : 487.48,
    "dma100" : 461.97,
    "dma200" : 455.67,
    "volume" : 4179513.00
  }, {
    "date" : "2025-11-20",
    "price" : 509.75,
    "dma50" : 488.36,
    "dma100" : 462.51,
    "dma200" : 456.21,
    "volume" : 6016996.00
  }, {
    "date" : "2025-11-21",
    "price" : 496.40,
    "dma50" : 488.67,
    "dma100" : 462.83,
    "dma200" : 456.61,
    "volume" : 8252149.00
  }, {
    "date" : "2025-11-24",
    "price" : 495.15,
    "dma50" : 488.92,
    "dma100" : 463.18,
    "dma200" : 456.99,
    "volume" : 11166270.00
  }, {
    "date" : "2025-11-25",
    "price" : 504.65,
    "dma50" : 489.54,
    "dma100" : 463.57,
    "dma200" : 457.47,
    "volume" : 8322176.00
  }, {
    "date" : "2025-11-26",
    "price" : 516.30,
    "dma50" : 490.59,
    "dma100" : 464.03,
    "dma200" : 458.05,
    "volume" : 8100224.00
  }, {
    "date" : "2025-11-27",
    "price" : 519.10,
    "dma50" : 491.71,
    "dma100" : 464.64,
    "dma200" : 458.66,
    "volume" : 6170885.00
  }, {
    "date" : "2025-11-28",
    "price" : 526.00,
    "dma50" : 493.05,
    "dma100" : 465.31,
    "dma200" : 459.33,
    "volume" : 10573683.00
  }, {
    "date" : "2025-12-01",
    "price" : 533.30,
    "dma50" : 494.63,
    "dma100" : 466.10,
    "dma200" : 460.07,
    "volume" : 10594865.00
  }, {
    "date" : "2025-12-02",
    "price" : 538.40,
    "dma50" : 496.35,
    "dma100" : 466.92,
    "dma200" : 460.85,
    "volume" : 9876403.00
  }, {
    "date" : "2025-12-03",
    "price" : 532.80,
    "dma50" : 497.78,
    "dma100" : 467.84,
    "dma200" : 461.56,
    "volume" : 9720695.00
  }, {
    "date" : "2025-12-04",
    "price" : 529.65,
    "dma50" : 499.03,
    "dma100" : 468.75,
    "dma200" : 462.24,
    "volume" : 15617843.00
  }, {
    "date" : "2025-12-05",
    "price" : 524.50,
    "dma50" : 500.03,
    "dma100" : 469.57,
    "dma200" : 462.86,
    "volume" : 15240979.00
  }, {
    "date" : "2025-12-08",
    "price" : 511.25,
    "dma50" : 500.47,
    "dma100" : 470.20,
    "dma200" : 463.34,
    "volume" : 7797605.00
  }, {
    "date" : "2025-12-09",
    "price" : 516.15,
    "dma50" : 501.08,
    "dma100" : 470.86,
    "dma200" : 463.87,
    "volume" : 7937054.00
  }, {
    "date" : "2025-12-10",
    "price" : 524.20,
    "dma50" : 501.99,
    "dma100" : 471.63,
    "dma200" : 464.47,
    "volume" : 15400369.00
  }, {
    "date" : "2025-12-11",
    "price" : 529.05,
    "dma50" : 503.05,
    "dma100" : 472.47,
    "dma200" : 465.11,
    "volume" : 11708181.00
  }, {
    "date" : "2025-12-12",
    "price" : 543.60,
    "dma50" : 504.64,
    "dma100" : 473.45,
    "dma200" : 465.89,
    "volume" : 20154591.00
  }, {
    "date" : "2025-12-15",
    "price" : 549.40,
    "dma50" : 506.40,
    "dma100" : 474.41,
    "dma200" : 466.72,
    "volume" : 14402292.00
  }, {
    "date" : "2025-12-16",
    "price" : 569.50,
    "dma50" : 508.87,
    "dma100" : 475.59,
    "dma200" : 467.74,
    "volume" : 35971221.00
  }, {
    "date" : "2025-12-17",
    "price" : 569.80,
    "dma50" : 511.26,
    "dma100" : 476.74,
    "dma200" : 468.76,
    "volume" : 31591329.00
  }, {
    "date" : "2025-12-18",
    "price" : 579.15,
    "dma50" : 513.92,
    "dma100" : 478.01,
    "dma200" : 469.86,
    "volume" : 15654512.00
  }, {
    "date" : "2025-12-19",
    "price" : 581.60,
    "dma50" : 516.58,
    "dma100" : 479.39,
    "dma200" : 470.97,
    "volume" : 17185021.00
  }, {
    "date" : "2025-12-22",
    "price" : 585.65,
    "dma50" : 519.28,
    "dma100" : 480.87,
    "dma200" : 472.11,
    "volume" : 16954043.00
  }, {
    "date" : "2025-12-23",
    "price" : 586.40,
    "dma50" : 521.92,
    "dma100" : 482.34,
    "dma200" : 473.25,
    "volume" : 8208776.00
  }, {
    "date" : "2025-12-24",
    "price" : 598.15,
    "dma50" : 524.91,
    "dma100" : 483.98,
    "dma200" : 474.49,
    "volume" : 16427342.00
  }, {
    "date" : "2025-12-26",
    "price" : 600.95,
    "dma50" : 527.89,
    "dma100" : 485.73,
    "dma200" : 475.75,
    "volume" : 12683341.00
  }, {
    "date" : "2025-12-29",
    "price" : 593.10,
    "dma50" : 530.45,
    "dma100" : 487.42,
    "dma200" : 476.92,
    "volume" : 26889239.00
  }, {
    "date" : "2025-12-30",
    "price" : 605.55,
    "dma50" : 533.39,
    "dma100" : 489.16,
    "dma200" : 478.20,
    "volume" : 14938629.00
  }, {
    "date" : "2025-12-31",
    "price" : 604.40,
    "dma50" : 536.18,
    "dma100" : 490.82,
    "dma200" : 479.45,
    "volume" : 9611022.00
  }, {
    "date" : "2026-01-01",
    "price" : 602.65,
    "dma50" : 538.78,
    "dma100" : 492.44,
    "dma200" : 480.68,
    "volume" : 4592047.00
  }, {
    "date" : "2026-01-02",
    "price" : 616.95,
    "dma50" : 541.85,
    "dma100" : 494.23,
    "dma200" : 482.03,
    "volume" : 9612775.00
  }, {
    "date" : "2026-01-05",
    "price" : 615.65,
    "dma50" : 544.74,
    "dma100" : 496.07,
    "dma200" : 483.36,
    "volume" : 8894922.00
  }, {
    "date" : "2026-01-06",
    "price" : 621.75,
    "dma50" : 547.76,
    "dma100" : 497.99,
    "dma200" : 484.74,
    "volume" : 11357273.00
  }, {
    "date" : "2026-01-07",
    "price" : 622.20,
    "dma50" : 550.68,
    "dma100" : 499.88,
    "dma200" : 486.11,
    "volume" : 10714747.00
  }, {
    "date" : "2026-01-08",
    "price" : 603.50,
    "dma50" : 552.75,
    "dma100" : 501.52,
    "dma200" : 487.28,
    "volume" : 19266956.00
  }, {
    "date" : "2026-01-09",
    "price" : 609.85,
    "dma50" : 554.99,
    "dma100" : 503.32,
    "dma200" : 488.50,
    "volume" : 11509092.00
  }, {
    "date" : "2026-01-12",
    "price" : 627.35,
    "dma50" : 557.83,
    "dma100" : 505.21,
    "dma200" : 489.88,
    "volume" : 14680718.00
  }, {
    "date" : "2026-01-13",
    "price" : 637.20,
    "dma50" : 560.94,
    "dma100" : 507.08,
    "dma200" : 491.34,
    "volume" : 18988164.00
  }, {
    "date" : "2026-01-14",
    "price" : 675.75,
    "dma50" : 565.44,
    "dma100" : 509.38,
    "dma200" : 493.18,
    "volume" : 48628461.00
  }, {
    "date" : "2026-01-16",
    "price" : 682.70,
    "dma50" : 570.04,
    "dma100" : 511.74,
    "dma200" : 495.06,
    "volume" : 28896486.00
  }, {
    "date" : "2026-01-19",
    "price" : 674.80,
    "dma50" : 574.15,
    "dma100" : 514.05,
    "dma200" : 496.85,
    "volume" : 17720403.00
  }, {
    "date" : "2026-01-20",
    "price" : 671.80,
    "dma50" : 577.98,
    "dma100" : 516.26,
    "dma200" : 498.59,
    "volume" : 19253388.00
  }, {
    "date" : "2026-01-21",
    "price" : 676.65,
    "dma50" : 581.85,
    "dma100" : 518.75,
    "dma200" : 500.36,
    "volume" : 17253564.00
  }, {
    "date" : "2026-01-22",
    "price" : 678.65,
    "dma50" : 585.65,
    "dma100" : 521.29,
    "dma200" : 502.14,
    "volume" : 20406420.00
  }, {
    "date" : "2026-01-23",
    "price" : 684.15,
    "dma50" : 589.51,
    "dma100" : 523.92,
    "dma200" : 503.95,
    "volume" : 22466122.00
  }, {
    "date" : "2026-01-27",
    "price" : 705.45,
    "dma50" : 594.05,
    "dma100" : 526.67,
    "dma200" : 505.95,
    "volume" : 22997703.00
  }, {
    "date" : "2026-01-28",
    "price" : 737.10,
    "dma50" : 599.66,
    "dma100" : 529.72,
    "dma200" : 508.25,
    "volume" : 28476751.00
  }, {
    "date" : "2026-01-29",
    "price" : 766.35,
    "dma50" : 606.20,
    "dma100" : 532.99,
    "dma200" : 510.82,
    "volume" : 32315582.00
  }, {
    "date" : "2026-01-30",
    "price" : 681.55,
    "dma50" : 609.16,
    "dma100" : 535.45,
    "dma200" : 512.52,
    "volume" : 57270904.00
  }, {
    "date" : "2026-02-01",
    "price" : 655.15,
    "dma50" : 610.96,
    "dma100" : 537.55,
    "dma200" : 513.94,
    "volume" : 52100423.00
  }, {
    "date" : "2026-02-02",
    "price" : 660.65,
    "dma50" : 612.91,
    "dma100" : 539.81,
    "dma200" : 515.40,
    "volume" : 37751663.00
  }, {
    "date" : "2026-02-03",
    "price" : 675.65,
    "dma50" : 615.37,
    "dma100" : 542.24,
    "dma200" : 517.00,
    "volume" : 22607281.00
  }, {
    "date" : "2026-02-04",
    "price" : 687.80,
    "dma50" : 618.21,
    "dma100" : 544.78,
    "dma200" : 518.69,
    "volume" : 14002400.00
  }, {
    "date" : "2026-02-05",
    "price" : 655.20,
    "dma50" : 619.66,
    "dma100" : 546.95,
    "dma200" : 520.05,
    "volume" : 19488586.00
  }, {
    "date" : "2026-02-06",
    "price" : 671.05,
    "dma50" : 621.68,
    "dma100" : 549.16,
    "dma200" : 521.56,
    "volume" : 17962867.00
  }, {
    "date" : "2026-02-09",
    "price" : 679.75,
    "dma50" : 623.95,
    "dma100" : 551.41,
    "dma200" : 523.13,
    "volume" : 11454216.00
  }, {
    "date" : "2026-02-10",
    "price" : 690.15,
    "dma50" : 626.55,
    "dma100" : 553.70,
    "dma200" : 524.79,
    "volume" : 11634111.00
  }, {
    "date" : "2026-02-11",
    "price" : 701.15,
    "dma50" : 629.47,
    "dma100" : 556.15,
    "dma200" : 526.55,
    "volume" : 11813961.00
  }, {
    "date" : "2026-02-12",
    "price" : 702.75,
    "dma50" : 632.35,
    "dma100" : 558.62,
    "dma200" : 528.30,
    "volume" : 9443891.00
  }, {
    "date" : "2026-02-13",
    "price" : 673.65,
    "dma50" : 633.97,
    "dma100" : 560.80,
    "dma200" : 529.75,
    "volume" : 16496945.00
  }, {
    "date" : "2026-02-16",
    "price" : 679.80,
    "dma50" : 635.76,
    "dma100" : 563.01,
    "dma200" : 531.24,
    "volume" : 6895832.00
  }, {
    "date" : "2026-02-17",
    "price" : 668.20,
    "dma50" : 637.04,
    "dma100" : 565.12,
    "dma200" : 532.60,
    "volume" : 10643876.00
  }, {
    "date" : "2026-02-18",
    "price" : 678.00,
    "dma50" : 638.64,
    "dma100" : 567.42,
    "dma200" : 534.05,
    "volume" : 8279661.00
  }, {
    "date" : "2026-02-19",
    "price" : 676.15,
    "dma50" : 640.11,
    "dma100" : 569.56,
    "dma200" : 535.46,
    "volume" : 8467961.00
  }, {
    "date" : "2026-02-20",
    "price" : 682.45,
    "dma50" : 641.77,
    "dma100" : 571.91,
    "dma200" : 536.92,
    "volume" : 7292841.00
  } ],
  "latestTechnicalAttributes" : {
    "date" : "2026-02-20",
    "price" : 682.45,
    "dma50" : 641.77,
    "dma100" : 571.91,
    "dma200" : 536.92,
    "volume" : 7292841.00
  },
  "quarterlyResults" : [ {
    "date" : "2005-03-31",
    "sales" : 768.29,
    "salesGrowthYoY" : null,
    "grossProfitMargin" : 74.26,
    "grossProfit" : 570.53,
    "operatingProfitMargin" : 50.26,
    "operatingProfit" : 386.14,
    "netProfitMargin" : 35.37,
    "netProfit" : 271.74
  }, {
    "date" : "2005-06-30",
    "sales" : 463.50,
    "salesGrowthYoY" : null,
    "grossProfitMargin" : 86.88,
    "grossProfit" : 402.69,
    "operatingProfitMargin" : 49.13,
    "operatingProfit" : 227.72,
    "netProfitMargin" : 34.12,
    "netProfit" : 158.15
  }, {
    "date" : "2005-09-30",
    "sales" : 164.42,
    "salesGrowthYoY" : null,
    "grossProfitMargin" : 90.59,
    "grossProfit" : 148.95,
    "operatingProfitMargin" : 22.49,
    "operatingProfit" : 36.98,
    "netProfitMargin" : 19.02,
    "netProfit" : 31.27
  }, {
    "date" : "2005-12-31",
    "sales" : 536.28,
    "salesGrowthYoY" : null,
    "grossProfitMargin" : 77.30,
    "grossProfit" : 414.54,
    "operatingProfitMargin" : 43.14,
    "operatingProfit" : 231.35,
    "netProfitMargin" : 29.43,
    "netProfit" : 157.83
  }, {
    "date" : "2006-03-31",
    "sales" : 607.57,
    "salesGrowthYoY" : -20.92,
    "grossProfitMargin" : 78.43,
    "grossProfit" : 476.52,
    "operatingProfitMargin" : 47.06,
    "operatingProfit" : 285.92,
    "netProfitMargin" : 31.62,
    "netProfit" : 192.11
  }, {
    "date" : "2006-06-30",
    "sales" : 434.55,
    "salesGrowthYoY" : -6.25,
    "grossProfitMargin" : 85.11,
    "grossProfit" : 369.85,
    "operatingProfitMargin" : 43.75,
    "operatingProfit" : 190.12,
    "netProfitMargin" : 31.17,
    "netProfit" : 135.45
  }, {
    "date" : "2006-09-30",
    "sales" : 226.24,
    "salesGrowthYoY" : 37.60,
    "grossProfitMargin" : 82.19,
    "grossProfit" : 185.95,
    "operatingProfitMargin" : 12.91,
    "operatingProfit" : 29.21,
    "netProfitMargin" : 11.45,
    "netProfit" : 25.90
  }, {
    "date" : "2006-12-31",
    "sales" : 587.89,
    "salesGrowthYoY" : 9.62,
    "grossProfitMargin" : 77.26,
    "grossProfit" : 454.20,
    "operatingProfitMargin" : 47.34,
    "operatingProfit" : 278.31,
    "netProfitMargin" : 33.16,
    "netProfit" : 194.94
  }, {
    "date" : "2007-03-31",
    "sales" : 775.15,
    "salesGrowthYoY" : 27.58,
    "grossProfitMargin" : 80.59,
    "grossProfit" : 624.69,
    "operatingProfitMargin" : 48.37,
    "operatingProfit" : 374.94,
    "netProfitMargin" : 32.55,
    "netProfit" : 252.31
  }, {
    "date" : "2007-06-30",
    "sales" : 454.18,
    "salesGrowthYoY" : 4.52,
    "grossProfitMargin" : 87.86,
    "grossProfit" : 399.04,
    "operatingProfitMargin" : 38.59,
    "operatingProfit" : 175.27,
    "netProfitMargin" : 26.17,
    "netProfit" : 118.86
  }, {
    "date" : "2007-09-30",
    "sales" : 331.11,
    "salesGrowthYoY" : 46.35,
    "grossProfitMargin" : 80.79,
    "grossProfit" : 267.50,
    "operatingProfitMargin" : 32.27,
    "operatingProfit" : 106.85,
    "netProfitMargin" : 24.81,
    "netProfit" : 82.15
  }, {
    "date" : "2007-12-31",
    "sales" : 1218.20,
    "salesGrowthYoY" : 107.22,
    "grossProfitMargin" : 84.52,
    "grossProfit" : 1029.62,
    "operatingProfitMargin" : 62.13,
    "operatingProfit" : 756.87,
    "netProfitMargin" : 41.66,
    "netProfit" : 507.50
  }, {
    "date" : "2008-03-31",
    "sales" : 1644.48,
    "salesGrowthYoY" : 112.15,
    "grossProfitMargin" : 92.93,
    "grossProfit" : 1528.22,
    "operatingProfitMargin" : 72.58,
    "operatingProfit" : 1193.56,
    "netProfitMargin" : 48.54,
    "netProfit" : 798.23
  }, {
    "date" : "2008-06-30",
    "sales" : 1251.68,
    "salesGrowthYoY" : 175.59,
    "grossProfitMargin" : 97.52,
    "grossProfit" : 1220.64,
    "operatingProfitMargin" : 64.05,
    "operatingProfit" : 801.70,
    "netProfitMargin" : 51.51,
    "netProfit" : 644.74
  }, {
    "date" : "2008-09-30",
    "sales" : 832.92,
    "salesGrowthYoY" : 151.55,
    "grossProfitMargin" : 95.84,
    "grossProfit" : 798.27,
    "operatingProfitMargin" : 44.80,
    "operatingProfit" : 373.15,
    "netProfitMargin" : 36.75,
    "netProfit" : 306.10
  }, {
    "date" : "2008-12-31",
    "sales" : 1340.87,
    "salesGrowthYoY" : 10.07,
    "grossProfitMargin" : 81.98,
    "grossProfit" : 1099.25,
    "operatingProfitMargin" : 41.23,
    "operatingProfit" : 552.84,
    "netProfitMargin" : 34.52,
    "netProfit" : 462.87
  }, {
    "date" : "2009-03-31",
    "sales" : 1353.61,
    "salesGrowthYoY" : -17.69,
    "grossProfitMargin" : 89.13,
    "grossProfit" : 1206.47,
    "operatingProfitMargin" : 54.00,
    "operatingProfit" : 730.95,
    "netProfitMargin" : 39.06,
    "netProfit" : 528.72
  }, {
    "date" : "2009-06-30",
    "sales" : 952.25,
    "salesGrowthYoY" : -23.92,
    "grossProfitMargin" : 87.57,
    "grossProfit" : 833.89,
    "operatingProfitMargin" : 45.11,
    "operatingProfit" : 429.56,
    "netProfitMargin" : 42.73,
    "netProfit" : 406.90
  }, {
    "date" : "2009-09-30",
    "sales" : 450.85,
    "salesGrowthYoY" : -45.87,
    "grossProfitMargin" : 100.81,
    "grossProfit" : 454.50,
    "operatingProfitMargin" : 23.65,
    "operatingProfit" : 106.63,
    "netProfitMargin" : 30.86,
    "netProfit" : 139.13
  }, {
    "date" : "2009-12-31",
    "sales" : 1398.49,
    "salesGrowthYoY" : 4.30,
    "grossProfitMargin" : 84.80,
    "grossProfit" : 1185.92,
    "operatingProfitMargin" : 54.68,
    "operatingProfit" : 764.69,
    "netProfitMargin" : 43.45,
    "netProfit" : 607.64
  }, {
    "date" : "2010-03-31",
    "sales" : 1858.74,
    "salesGrowthYoY" : 37.32,
    "grossProfitMargin" : 91.51,
    "grossProfit" : 1700.93,
    "operatingProfitMargin" : 63.37,
    "operatingProfit" : 1177.88,
    "netProfitMargin" : 51.88,
    "netProfit" : 964.31
  }, {
    "date" : "2010-06-30",
    "sales" : 1917.36,
    "salesGrowthYoY" : 101.35,
    "grossProfitMargin" : 92.04,
    "grossProfit" : 1764.74,
    "operatingProfitMargin" : 54.96,
    "operatingProfit" : 1053.78,
    "netProfitMargin" : 53.49,
    "netProfit" : 1025.60
  }, {
    "date" : "2010-09-30",
    "sales" : 814.40,
    "salesGrowthYoY" : 80.64,
    "grossProfitMargin" : 88.03,
    "grossProfit" : 716.92,
    "operatingProfitMargin" : 36.19,
    "operatingProfit" : 294.73,
    "netProfitMargin" : 43.34,
    "netProfit" : 352.96
  }, {
    "date" : "2010-12-31",
    "sales" : 1696.68,
    "salesGrowthYoY" : 21.32,
    "grossProfitMargin" : 85.79,
    "grossProfit" : 1455.58,
    "operatingProfitMargin" : 53.58,
    "operatingProfit" : 909.08,
    "netProfitMargin" : 49.74,
    "netProfit" : 843.93
  }, {
    "date" : "2011-03-31",
    "sales" : 3064.64,
    "salesGrowthYoY" : 64.88,
    "grossProfitMargin" : 85.96,
    "grossProfit" : 2634.36,
    "operatingProfitMargin" : 56.45,
    "operatingProfit" : 1729.99,
    "netProfitMargin" : 39.50,
    "netProfit" : 1210.53
  }, {
    "date" : "2011-06-30",
    "sales" : 1698.35,
    "salesGrowthYoY" : -11.42,
    "grossProfitMargin" : 93.84,
    "grossProfit" : 1593.73,
    "operatingProfitMargin" : 54.52,
    "operatingProfit" : 925.94,
    "netProfitMargin" : 39.63,
    "netProfit" : 673.06
  }, {
    "date" : "2011-09-30",
    "sales" : 756.66,
    "salesGrowthYoY" : -7.09,
    "grossProfitMargin" : 77.40,
    "grossProfit" : 585.65,
    "operatingProfitMargin" : 14.48,
    "operatingProfit" : 109.56,
    "netProfitMargin" : -1.56,
    "netProfit" : -11.80
  }, {
    "date" : "2011-12-31",
    "sales" : 2018.68,
    "salesGrowthYoY" : 18.98,
    "grossProfitMargin" : 75.93,
    "grossProfit" : 1532.78,
    "operatingProfitMargin" : 32.47,
    "operatingProfit" : 655.47,
    "netProfitMargin" : 18.36,
    "netProfit" : 370.63
  }, {
    "date" : "2012-03-31",
    "sales" : 2039.76,
    "salesGrowthYoY" : -33.44,
    "grossProfitMargin" : 88.91,
    "grossProfit" : 1813.55,
    "operatingProfitMargin" : 44.79,
    "operatingProfit" : 913.61,
    "netProfitMargin" : 34.06,
    "netProfit" : 694.74
  }, {
    "date" : "2012-06-30",
    "sales" : 1376.86,
    "salesGrowthYoY" : -18.93,
    "grossProfitMargin" : 85.70,
    "grossProfit" : 1179.97,
    "operatingProfitMargin" : 20.75,
    "operatingProfit" : 285.70,
    "netProfitMargin" : 17.12,
    "netProfit" : 235.72
  }, {
    "date" : "2012-09-30",
    "sales" : 285.77,
    "salesGrowthYoY" : -62.23,
    "grossProfitMargin" : 71.26,
    "grossProfit" : 203.64,
    "operatingProfitMargin" : 62.32,
    "operatingProfit" : 178.09,
    "netProfitMargin" : 17.58,
    "netProfit" : 50.24
  }, {
    "date" : "2012-12-31",
    "sales" : 234.78,
    "salesGrowthYoY" : -88.37,
    "grossProfitMargin" : 37.01,
    "grossProfit" : 86.89,
    "operatingProfitMargin" : -46.26,
    "operatingProfit" : -108.61,
    "netProfitMargin" : 7.59,
    "netProfit" : 17.82
  }, {
    "date" : "2013-03-31",
    "sales" : 292.10,
    "salesGrowthYoY" : -85.68,
    "grossProfitMargin" : 13.65,
    "grossProfit" : 39.87,
    "operatingProfitMargin" : -4.56,
    "operatingProfit" : -13.32,
    "netProfitMargin" : -59.89,
    "netProfit" : -174.94
  }, {
    "date" : "2013-06-30",
    "sales" : 366.22,
    "salesGrowthYoY" : -73.40,
    "grossProfitMargin" : 20.73,
    "grossProfit" : 75.92,
    "operatingProfitMargin" : -34.03,
    "operatingProfit" : -124.62,
    "netProfitMargin" : -52.41,
    "netProfit" : -191.94
  }, {
    "date" : "2013-09-30",
    "sales" : 10962.52,
    "salesGrowthYoY" : 3736.13,
    "grossProfitMargin" : 21.09,
    "grossProfit" : 2312.00,
    "operatingProfitMargin" : 11.06,
    "operatingProfit" : 1212.45,
    "netProfitMargin" : 6.73,
    "netProfit" : 737.78
  }, {
    "date" : "2013-12-31",
    "sales" : 8274.66,
    "salesGrowthYoY" : 3424.43,
    "grossProfitMargin" : 18.75,
    "grossProfit" : 1551.50,
    "operatingProfitMargin" : 11.87,
    "operatingProfit" : 982.20,
    "netProfitMargin" : 10.35,
    "netProfit" : 856.43
  }, {
    "date" : "2014-03-31",
    "sales" : 8933.13,
    "salesGrowthYoY" : 2958.24,
    "grossProfitMargin" : 19.20,
    "grossProfit" : 1715.16,
    "operatingProfitMargin" : 10.78,
    "operatingProfit" : 962.99,
    "netProfitMargin" : -2.19,
    "netProfit" : -195.64
  }, {
    "date" : "2014-06-30",
    "sales" : 7104.66,
    "salesGrowthYoY" : 1840.00,
    "grossProfitMargin" : 24.00,
    "grossProfit" : 1705.12,
    "operatingProfitMargin" : 12.48,
    "operatingProfit" : 886.66,
    "netProfitMargin" : 2.40,
    "netProfit" : 170.51
  }, {
    "date" : "2014-09-30",
    "sales" : 8735.25,
    "salesGrowthYoY" : -20.32,
    "grossProfitMargin" : 23.98,
    "grossProfit" : 2094.71,
    "operatingProfitMargin" : 14.81,
    "operatingProfit" : 1293.69,
    "netProfitMargin" : 10.60,
    "netProfit" : 925.94
  }, {
    "date" : "2014-12-31",
    "sales" : 8631.55,
    "salesGrowthYoY" : 4.31,
    "grossProfitMargin" : 25.63,
    "grossProfit" : 2212.27,
    "operatingProfitMargin" : 16.94,
    "operatingProfit" : 1462.18,
    "netProfitMargin" : 3.01,
    "netProfit" : 259.81
  }, {
    "date" : "2015-03-31",
    "sales" : 8030.95,
    "salesGrowthYoY" : -10.10,
    "grossProfitMargin" : 24.22,
    "grossProfit" : 1945.10,
    "operatingProfitMargin" : 12.34,
    "operatingProfit" : 991.02,
    "netProfitMargin" : 7.14,
    "netProfit" : 573.41
  }, {
    "date" : "2015-06-30",
    "sales" : 7879.25,
    "salesGrowthYoY" : 10.90,
    "grossProfitMargin" : 21.86,
    "grossProfit" : 1722.40,
    "operatingProfitMargin" : 12.31,
    "operatingProfit" : 969.94,
    "netProfitMargin" : 7.73,
    "netProfit" : 609.07
  }, {
    "date" : "2015-09-30",
    "sales" : 7277.28,
    "salesGrowthYoY" : -16.69,
    "grossProfitMargin" : 21.67,
    "grossProfit" : 1576.99,
    "operatingProfitMargin" : 11.81,
    "operatingProfit" : 859.45,
    "netProfitMargin" : 0.28,
    "netProfit" : 20.38
  }, {
    "date" : "2015-12-31",
    "sales" : 6818.76,
    "salesGrowthYoY" : -21.00,
    "grossProfitMargin" : 24.68,
    "grossProfit" : 1682.87,
    "operatingProfitMargin" : 13.76,
    "operatingProfit" : 938.26,
    "netProfitMargin" : 13.94,
    "netProfit" : 950.54
  }, {
    "date" : "2016-03-31",
    "sales" : 8682.93,
    "salesGrowthYoY" : 8.12,
    "grossProfitMargin" : 34.97,
    "grossProfit" : 3036.42,
    "operatingProfitMargin" : 16.54,
    "operatingProfit" : 1436.16,
    "netProfitMargin" : 139.63,
    "netProfit" : 12123.98
  }, {
    "date" : "2016-06-30",
    "sales" : 8145.00,
    "salesGrowthYoY" : 3.37,
    "grossProfitMargin" : 37.18,
    "grossProfit" : 3028.31,
    "operatingProfitMargin" : 17.19,
    "operatingProfit" : 1400.13,
    "netProfitMargin" : 2.74,
    "netProfit" : 223.17
  }, {
    "date" : "2016-09-30",
    "sales" : 7731.00,
    "salesGrowthYoY" : 6.23,
    "grossProfitMargin" : 35.33,
    "grossProfit" : 2731.36,
    "operatingProfitMargin" : 14.76,
    "operatingProfit" : 1141.10,
    "netProfitMargin" : 1.57,
    "netProfit" : 121.38
  }, {
    "date" : "2016-12-31",
    "sales" : 9685.00,
    "salesGrowthYoY" : 42.03,
    "grossProfitMargin" : 37.96,
    "grossProfit" : 3676.43,
    "operatingProfitMargin" : 19.86,
    "operatingProfit" : 1923.44,
    "netProfitMargin" : 12.61,
    "netProfit" : 1221.28
  }, {
    "date" : "2017-03-31",
    "sales" : 11102.00,
    "salesGrowthYoY" : 27.86,
    "grossProfitMargin" : 33.30,
    "grossProfit" : 3696.97,
    "operatingProfitMargin" : 17.56,
    "operatingProfit" : 1949.51,
    "netProfitMargin" : 73.67,
    "netProfit" : 8178.84
  }, {
    "date" : "2017-06-30",
    "sales" : 8928.00,
    "salesGrowthYoY" : 9.61,
    "grossProfitMargin" : 32.93,
    "grossProfit" : 2939.99,
    "operatingProfitMargin" : 14.42,
    "operatingProfit" : 1287.42,
    "netProfitMargin" : 0.38,
    "netProfit" : 33.93
  }, {
    "date" : "2017-09-30",
    "sales" : 10375.00,
    "salesGrowthYoY" : 34.20,
    "grossProfitMargin" : 27.50,
    "grossProfit" : 2853.12,
    "operatingProfitMargin" : 12.15,
    "operatingProfit" : 1260.56,
    "netProfitMargin" : -0.01,
    "netProfit" : -1.04
  }, {
    "date" : "2017-12-31",
    "sales" : 12185.00,
    "salesGrowthYoY" : 25.81,
    "grossProfitMargin" : 27.62,
    "grossProfit" : 3365.50,
    "operatingProfitMargin" : 12.90,
    "operatingProfit" : 1571.87,
    "netProfitMargin" : 5.85,
    "netProfit" : 712.82
  }, {
    "date" : "2018-03-31",
    "sales" : 14036.00,
    "salesGrowthYoY" : 26.43,
    "grossProfitMargin" : 29.20,
    "grossProfit" : 4098.51,
    "operatingProfitMargin" : 16.61,
    "operatingProfit" : 2331.38,
    "netProfitMargin" : 16.21,
    "netProfit" : 2275.24
  }, {
    "date" : "2018-06-30",
    "sales" : 9690.00,
    "salesGrowthYoY" : 8.53,
    "grossProfitMargin" : 39.44,
    "grossProfit" : 3821.74,
    "operatingProfitMargin" : 19.39,
    "operatingProfit" : 1878.89,
    "netProfitMargin" : 1.06,
    "netProfit" : 102.71
  }, {
    "date" : "2018-09-30",
    "sales" : 9690.00,
    "salesGrowthYoY" : -6.60,
    "grossProfitMargin" : 33.63,
    "grossProfit" : 3258.75,
    "operatingProfitMargin" : 14.66,
    "operatingProfit" : 1420.55,
    "netProfitMargin" : -2.45,
    "netProfit" : -237.41
  }, {
    "date" : "2018-12-31",
    "sales" : 10007.00,
    "salesGrowthYoY" : -17.87,
    "grossProfitMargin" : 29.67,
    "grossProfit" : 2969.08,
    "operatingProfitMargin" : 9.04,
    "operatingProfit" : 904.63,
    "netProfitMargin" : 49.23,
    "netProfit" : 4926.45
  }, {
    "date" : "2019-03-31",
    "sales" : 9256.00,
    "salesGrowthYoY" : -34.06,
    "grossProfitMargin" : 33.42,
    "grossProfit" : 3093.36,
    "operatingProfitMargin" : 13.66,
    "operatingProfit" : 1264.37,
    "netProfitMargin" : 0.42,
    "netProfit" : 38.88
  }, {
    "date" : "2019-06-30",
    "sales" : 8617.00,
    "salesGrowthYoY" : -11.07,
    "grossProfitMargin" : 37.10,
    "grossProfit" : 3196.91,
    "operatingProfitMargin" : 11.51,
    "operatingProfit" : 991.82,
    "netProfitMargin" : -2.90,
    "netProfit" : -249.89
  }, {
    "date" : "2019-09-30",
    "sales" : 9700.00,
    "salesGrowthYoY" : 0.10,
    "grossProfitMargin" : 29.89,
    "grossProfit" : 2899.33,
    "operatingProfitMargin" : 8.39,
    "operatingProfit" : 813.83,
    "netProfitMargin" : 30.03,
    "netProfit" : 2912.91
  }, {
    "date" : "2019-12-31",
    "sales" : 9085.00,
    "salesGrowthYoY" : -9.21,
    "grossProfitMargin" : 47.37,
    "grossProfit" : 4303.56,
    "operatingProfitMargin" : 25.62,
    "operatingProfit" : 2327.58,
    "netProfitMargin" : 8.53,
    "netProfit" : 774.95
  }, {
    "date" : "2020-03-31",
    "sales" : 8456.00,
    "salesGrowthYoY" : -8.64,
    "grossProfitMargin" : 41.82,
    "grossProfit" : 3536.30,
    "operatingProfitMargin" : 20.02,
    "operatingProfit" : 1692.89,
    "netProfitMargin" : 28.46,
    "netProfit" : 2406.58
  }, {
    "date" : "2020-06-30",
    "sales" : 6782.00,
    "salesGrowthYoY" : -21.30,
    "grossProfitMargin" : 42.16,
    "grossProfit" : 2859.29,
    "operatingProfitMargin" : 17.75,
    "operatingProfit" : 1203.81,
    "netProfitMargin" : 43.70,
    "netProfit" : 2963.73
  }, {
    "date" : "2020-09-30",
    "sales" : 8606.00,
    "salesGrowthYoY" : -11.28,
    "grossProfitMargin" : 40.66,
    "grossProfit" : 3499.20,
    "operatingProfitMargin" : 22.28,
    "operatingProfit" : 1917.42,
    "netProfitMargin" : 4.39,
    "netProfit" : 377.80
  }, {
    "date" : "2020-12-31",
    "sales" : 9661.00,
    "salesGrowthYoY" : 6.34,
    "grossProfitMargin" : 45.15,
    "grossProfit" : 4361.94,
    "operatingProfitMargin" : 25.64,
    "operatingProfit" : 2477.08,
    "netProfitMargin" : 59.21,
    "netProfit" : 5720.28
  }, {
    "date" : "2021-03-31",
    "sales" : 12391.00,
    "salesGrowthYoY" : 46.54,
    "grossProfitMargin" : 46.49,
    "grossProfit" : 5760.58,
    "operatingProfitMargin" : 24.71,
    "operatingProfit" : 3061.82,
    "netProfitMargin" : 12.80,
    "netProfit" : 1586.05
  }, {
    "date" : "2021-06-30",
    "sales" : 12958.00,
    "salesGrowthYoY" : 91.06,
    "grossProfitMargin" : 48.90,
    "grossProfit" : 6336.46,
    "operatingProfitMargin" : 29.08,
    "operatingProfit" : 3768.19,
    "netProfitMargin" : 25.74,
    "netProfit" : 3335.39
  }, {
    "date" : "2021-09-30",
    "sales" : 15123.00,
    "salesGrowthYoY" : 75.73,
    "grossProfitMargin" : 49.20,
    "grossProfit" : 7440.52,
    "operatingProfitMargin" : 31.35,
    "operatingProfit" : 4741.06,
    "netProfitMargin" : 21.96,
    "netProfit" : 3321.01
  }, {
    "date" : "2021-12-31",
    "sales" : 16187.00,
    "salesGrowthYoY" : 67.55,
    "grossProfitMargin" : 39.49,
    "grossProfit" : 6392.25,
    "operatingProfitMargin" : 23.68,
    "operatingProfit" : 3833.08,
    "netProfitMargin" : 40.37,
    "netProfit" : 6534.69
  }, {
    "date" : "2022-03-31",
    "sales" : 19009.00,
    "salesGrowthYoY" : 53.41,
    "grossProfitMargin" : 44.33,
    "grossProfit" : 8426.69,
    "operatingProfitMargin" : 27.57,
    "operatingProfit" : 5240.78,
    "netProfitMargin" : 22.29,
    "netProfit" : 4237.11
  }, {
    "date" : "2022-06-30",
    "sales" : 17913.00,
    "salesGrowthYoY" : 38.24,
    "grossProfitMargin" : 35.61,
    "grossProfit" : 6378.82,
    "operatingProfitMargin" : 16.17,
    "operatingProfit" : 2896.53,
    "netProfitMargin" : 9.35,
    "netProfit" : 1674.87
  }, {
    "date" : "2022-09-30",
    "sales" : 16998.00,
    "salesGrowthYoY" : 12.40,
    "grossProfitMargin" : 29.45,
    "grossProfit" : 5005.91,
    "operatingProfitMargin" : 10.97,
    "operatingProfit" : 1864.68,
    "netProfitMargin" : 26.81,
    "netProfit" : 4557.16
  }, {
    "date" : "2022-12-31",
    "sales" : 15832.00,
    "salesGrowthYoY" : -2.19,
    "grossProfitMargin" : 33.24,
    "grossProfit" : 5262.56,
    "operatingProfitMargin" : 12.28,
    "operatingProfit" : 1944.17,
    "netProfitMargin" : 28.67,
    "netProfit" : 4539.03
  }, {
    "date" : "2023-03-31",
    "sales" : 17337.00,
    "salesGrowthYoY" : -8.80,
    "grossProfitMargin" : 34.84,
    "grossProfit" : 6040.21,
    "operatingProfitMargin" : 15.77,
    "operatingProfit" : 2734.04,
    "netProfitMargin" : 67.13,
    "netProfit" : 11638.33
  }, {
    "date" : "2023-06-30",
    "sales" : 15907.00,
    "salesGrowthYoY" : -11.20,
    "grossProfitMargin" : 35.01,
    "grossProfit" : 5569.04,
    "operatingProfitMargin" : 11.32,
    "operatingProfit" : 1800.67,
    "netProfitMargin" : -1.65,
    "netProfit" : -262.47
  }, {
    "date" : "2023-09-30",
    "sales" : 19236.00,
    "salesGrowthYoY" : 13.17,
    "grossProfitMargin" : 44.28,
    "grossProfit" : 8517.70,
    "operatingProfitMargin" : 22.23,
    "operatingProfit" : 4276.16,
    "netProfitMargin" : 21.19,
    "netProfit" : 4076.11
  }, {
    "date" : "2023-12-31",
    "sales" : 17833.00,
    "salesGrowthYoY" : 12.64,
    "grossProfitMargin" : 38.34,
    "grossProfit" : 6837.17,
    "operatingProfitMargin" : 17.83,
    "operatingProfit" : 3179.62,
    "netProfitMargin" : 16.26,
    "netProfit" : 2899.65
  }, {
    "date" : "2024-03-31",
    "sales" : 17781.00,
    "salesGrowthYoY" : 2.56,
    "grossProfitMargin" : 39.72,
    "grossProfit" : 7062.61,
    "operatingProfitMargin" : 18.69,
    "operatingProfit" : 3323.27,
    "netProfitMargin" : 2.55,
    "netProfit" : 453.42
  }, {
    "date" : "2024-06-30",
    "sales" : 16715.00,
    "salesGrowthYoY" : 5.08,
    "grossProfitMargin" : 44.09,
    "grossProfit" : 7369.64,
    "operatingProfitMargin" : 22.52,
    "operatingProfit" : 3764.22,
    "netProfitMargin" : 25.03,
    "netProfit" : 4183.76
  }, {
    "date" : "2024-09-30",
    "sales" : 18288.00,
    "salesGrowthYoY" : -4.93,
    "grossProfitMargin" : 38.87,
    "grossProfit" : 7108.55,
    "operatingProfitMargin" : 20.36,
    "operatingProfit" : 3723.44,
    "netProfitMargin" : 42.84,
    "netProfit" : 7834.58
  }, {
    "date" : "2024-12-31",
    "sales" : 4362.00,
    "salesGrowthYoY" : -75.54,
    "grossProfitMargin" : 8.44,
    "grossProfit" : 368.15,
    "operatingProfitMargin" : -3.12,
    "operatingProfit" : -136.09,
    "netProfitMargin" : -6.99,
    "netProfit" : -304.90
  }, {
    "date" : "2025-03-31",
    "sales" : 20098.00,
    "salesGrowthYoY" : 13.03,
    "grossProfitMargin" : 38.52,
    "grossProfit" : 7741.75,
    "operatingProfitMargin" : 20.82,
    "operatingProfit" : 4184.40,
    "netProfitMargin" : 7.48,
    "netProfit" : 1503.33
  }, {
    "date" : "2025-06-30",
    "sales" : 18829.00,
    "salesGrowthYoY" : 12.65,
    "grossProfitMargin" : 39.74,
    "grossProfit" : 7482.64,
    "operatingProfitMargin" : 18.35,
    "operatingProfit" : 3455.12,
    "netProfitMargin" : 20.85,
    "netProfit" : 3925.85
  }, {
    "date" : "2025-09-30",
    "sales" : 5219.00,
    "salesGrowthYoY" : -71.46,
    "grossProfitMargin" : 8.76,
    "grossProfit" : 457.18,
    "operatingProfitMargin" : -4.10,
    "operatingProfit" : -213.98,
    "netProfitMargin" : -8.60,
    "netProfit" : -448.83
  }, {
    "date" : "2025-12-31",
    "sales" : 7215.00,
    "salesGrowthYoY" : 65.41,
    "grossProfitMargin" : 11.00,
    "grossProfit" : 793.65,
    "operatingProfitMargin" : 1.84,
    "operatingProfit" : 132.76,
    "netProfitMargin" : 0.46,
    "netProfit" : 33.19
  } ],
  "latestQuarterlyResult" : {
    "date" : "2025-12-31",
    "sales" : 7215.00,
    "salesGrowthYoY" : 65.41,
    "grossProfitMargin" : 11.00,
    "grossProfit" : 793.65,
    "operatingProfitMargin" : 1.84,
    "operatingProfit" : 132.76,
    "netProfitMargin" : 0.46,
    "netProfit" : 33.19
  },
  "companyScore" : {
    "priceHigherThanDma50" : 5.00,
    "priceHigherThanDma100" : 5.00,
    "priceHigherThanDma200" : 5.00,
    "dma50HigherThanDma100" : 5.00,
    "dma50HigherThanDma200" : 5.00,
    "dma100HigherThanDma200" : 5.00,
    "pricePercentageAboveDma50" : 4.68,
    "pricePercentageAboveDma100" : 4.03,
    "pricePercentageAboveDma200" : 3.64,
    "weeklyVolumeHigherThanYearlyVolume" : 0.00,
    "salesGrowthPercentile" : 16.75,
    "operatingProfitMarginPercentile" : 8.09,
    "netProfitMarginPercentile" : 3.02,
    "totalTechnicalScore" : 42.36,
    "totalFundamentalScore" : 27.87,
    "totalScore" : 70.23
  }
}