{
  "metadata" : {
    "screenerCompanyId" : "3664",
    "companyCode" : "VINDHYATEL",
    "companyName" : "Vindhya Telelink",
    "screenerCompanyLink" : "https://www.screener.in/company/VINDHYATEL",
    "screenerTechnicalHistoryLink" : "https://www.screener.in/api/company/3664/chart/?q=Price-DMA50-DMA200-Volume&days=365",
    "screenerQuarterlyResultsLink" : "https://www.screener.in/api/company/3664/chart/?q=GPM-OPM-NPM-Quarter+Sales&days=10000",
    "attributes" : {
      "companyCode" : "VINDHYATEL",
      "companyName" : "Vindhya Telelink",
      "marketCap" : 1743.00,
      "peRatio" : 14.80,
      "description" : "Vindhya Telelinks Ltd is engaged in manufacturing and sale of Cables (comprising of telecommunication cables, other types of wires & cables, FRP rods/ glass rovings, etc.) and Engineering, Procurement & Construction (EPC) business.[1]"
    },
    "companyScore" : {
      "priceHigherThanDma50" : 0.00,
      "priceHigherThanDma100" : 0.00,
      "priceHigherThanDma200" : 0.00,
      "dma50HigherThanDma100" : 0.00,
      "dma50HigherThanDma200" : 0.00,
      "dma100HigherThanDma200" : 0.00,
      "pricePercentageAboveDma50" : 5.04,
      "pricePercentageAboveDma100" : 5.09,
      "pricePercentageAboveDma200" : 5.34,
      "weeklyVolumeHigherThanYearlyVolume" : 0.00,
      "salesGrowthPercentile" : 6.84,
      "operatingProfitMarginPercentile" : 16.00,
      "netProfitMarginPercentile" : 5.50,
      "totalTechnicalScore" : 15.47,
      "totalFundamentalScore" : 28.34,
      "totalScore" : 43.81
    }
  },
  "attributes" : {
    "companyCode" : "VINDHYATEL",
    "companyName" : "Vindhya Telelink",
    "marketCap" : 1743.00,
    "peRatio" : 14.80,
    "description" : "Vindhya Telelinks Ltd is engaged in manufacturing and sale of Cables (comprising of telecommunication cables, other types of wires & cables, FRP rods/ glass rovings, etc.) and Engineering, Procurement & Construction (EPC) business.[1]"
  },
  "technicalHistory" : [ {
    "date" : "2024-12-09",
    "price" : 2071.15,
    "dma50" : 2087.68,
    "dma100" : null,
    "dma200" : 2272.77,
    "volume" : 11755.00
  }, {
    "date" : "2024-12-10",
    "price" : 2250.40,
    "dma50" : 2094.06,
    "dma100" : null,
    "dma200" : 2272.55,
    "volume" : 91666.00
  }, {
    "date" : "2024-12-11",
    "price" : 2218.05,
    "dma50" : 2098.92,
    "dma100" : null,
    "dma200" : 2272.01,
    "volume" : 23802.00
  }, {
    "date" : "2024-12-12",
    "price" : 2166.20,
    "dma50" : 2101.56,
    "dma100" : null,
    "dma200" : 2270.96,
    "volume" : 13823.00
  }, {
    "date" : "2024-12-13",
    "price" : 2104.70,
    "dma50" : 2101.68,
    "dma100" : null,
    "dma200" : 2269.30,
    "volume" : 24999.00
  }, {
    "date" : "2024-12-16",
    "price" : 2125.95,
    "dma50" : 2102.64,
    "dma100" : null,
    "dma200" : 2267.88,
    "volume" : 18752.00
  }, {
    "date" : "2024-12-17",
    "price" : 2070.35,
    "dma50" : 2101.37,
    "dma100" : null,
    "dma200" : 2265.91,
    "volume" : 17077.00
  }, {
    "date" : "2024-12-18",
    "price" : 2034.80,
    "dma50" : 2098.76,
    "dma100" : null,
    "dma200" : 2263.61,
    "volume" : 17994.00
  }, {
    "date" : "2024-12-19",
    "price" : 2003.05,
    "dma50" : 2095.01,
    "dma100" : null,
    "dma200" : 2261.02,
    "volume" : 16463.00
  }, {
    "date" : "2024-12-20",
    "price" : 1929.80,
    "dma50" : 2088.53,
    "dma100" : null,
    "dma200" : 2257.72,
    "volume" : 22518.00
  }, {
    "date" : "2024-12-23",
    "price" : 1913.85,
    "dma50" : 2081.68,
    "dma100" : null,
    "dma200" : 2254.30,
    "volume" : 11297.00
  }, {
    "date" : "2024-12-24",
    "price" : 1947.35,
    "dma50" : 2076.41,
    "dma100" : null,
    "dma200" : 2251.25,
    "volume" : 8297.00
  }, {
    "date" : "2024-12-26",
    "price" : 1946.05,
    "dma50" : 2071.30,
    "dma100" : null,
    "dma200" : 2248.21,
    "volume" : 7235.00
  }, {
    "date" : "2024-12-27",
    "price" : 1914.45,
    "dma50" : 2065.15,
    "dma100" : null,
    "dma200" : 2244.89,
    "volume" : 20843.00
  }, {
    "date" : "2024-12-30",
    "price" : 1849.25,
    "dma50" : 2056.68,
    "dma100" : null,
    "dma200" : 2240.95,
    "volume" : 32984.00
  }, {
    "date" : "2024-12-31",
    "price" : 1884.40,
    "dma50" : 2049.92,
    "dma100" : null,
    "dma200" : 2237.40,
    "volume" : 13940.00
  }, {
    "date" : "2025-01-01",
    "price" : 1898.25,
    "dma50" : 2043.98,
    "dma100" : null,
    "dma200" : 2234.03,
    "volume" : 13416.00
  }, {
    "date" : "2025-01-02",
    "price" : 1918.05,
    "dma50" : 2039.04,
    "dma100" : null,
    "dma200" : 2230.89,
    "volume" : 9348.00
  }, {
    "date" : "2025-01-03",
    "price" : 1932.15,
    "dma50" : 2034.85,
    "dma100" : null,
    "dma200" : 2227.91,
    "volume" : 20947.00
  }, {
    "date" : "2025-01-06",
    "price" : 1829.85,
    "dma50" : 2026.81,
    "dma100" : null,
    "dma200" : 2223.95,
    "volume" : 26867.00
  }, {
    "date" : "2025-01-07",
    "price" : 1856.30,
    "dma50" : 2020.12,
    "dma100" : null,
    "dma200" : 2220.29,
    "volume" : 12176.00
  }, {
    "date" : "2025-01-08",
    "price" : 1819.80,
    "dma50" : 2012.26,
    "dma100" : null,
    "dma200" : 2216.31,
    "volume" : 45855.00
  }, {
    "date" : "2025-01-09",
    "price" : 1821.50,
    "dma50" : 2004.78,
    "dma100" : null,
    "dma200" : 2212.38,
    "volume" : 11282.00
  }, {
    "date" : "2025-01-10",
    "price" : 1816.30,
    "dma50" : 1997.39,
    "dma100" : null,
    "dma200" : 2208.44,
    "volume" : 18675.00
  }, {
    "date" : "2025-01-13",
    "price" : 1759.25,
    "dma50" : 1988.05,
    "dma100" : null,
    "dma200" : 2203.97,
    "volume" : 25780.00
  }, {
    "date" : "2025-01-14",
    "price" : 1775.50,
    "dma50" : 1979.72,
    "dma100" : null,
    "dma200" : 2199.71,
    "volume" : 9902.00
  }, {
    "date" : "2025-01-15",
    "price" : 1837.25,
    "dma50" : 1974.13,
    "dma100" : null,
    "dma200" : 2196.10,
    "volume" : 12098.00
  }, {
    "date" : "2025-01-16",
    "price" : 1847.65,
    "dma50" : 1969.17,
    "dma100" : null,
    "dma200" : 2192.63,
    "volume" : 8040.00
  }, {
    "date" : "2025-01-17",
    "price" : 1843.05,
    "dma50" : 1964.22,
    "dma100" : null,
    "dma200" : 2189.15,
    "volume" : 7300.00
  }, {
    "date" : "2025-01-20",
    "price" : 1836.65,
    "dma50" : 1959.22,
    "dma100" : null,
    "dma200" : 2185.65,
    "volume" : 8721.00
  }, {
    "date" : "2025-01-21",
    "price" : 1830.25,
    "dma50" : 1954.16,
    "dma100" : null,
    "dma200" : 2182.11,
    "volume" : 9311.00
  }, {
    "date" : "2025-01-22",
    "price" : 1774.50,
    "dma50" : 1947.12,
    "dma100" : null,
    "dma200" : 2178.05,
    "volume" : 11904.00
  }, {
    "date" : "2025-01-23",
    "price" : 1795.15,
    "dma50" : 1941.16,
    "dma100" : null,
    "dma200" : 2174.24,
    "volume" : 11117.00
  }, {
    "date" : "2025-01-24",
    "price" : 1795.25,
    "dma50" : 1935.44,
    "dma100" : null,
    "dma200" : 2170.47,
    "volume" : 8767.00
  }, {
    "date" : "2025-01-27",
    "price" : 1691.35,
    "dma50" : 1925.86,
    "dma100" : null,
    "dma200" : 2165.71,
    "volume" : 17159.00
  }, {
    "date" : "2025-01-28",
    "price" : 1604.85,
    "dma50" : 1913.28,
    "dma100" : null,
    "dma200" : 2160.13,
    "volume" : 40391.00
  }, {
    "date" : "2025-01-29",
    "price" : 1629.50,
    "dma50" : 1902.15,
    "dma100" : null,
    "dma200" : 2154.85,
    "volume" : 21219.00
  }, {
    "date" : "2025-01-30",
    "price" : 1644.55,
    "dma50" : 1892.05,
    "dma100" : null,
    "dma200" : 2149.77,
    "volume" : 15033.00
  }, {
    "date" : "2025-01-31",
    "price" : 1674.30,
    "dma50" : 1883.51,
    "dma100" : null,
    "dma200" : 2145.04,
    "volume" : 17280.00
  }, {
    "date" : "2025-02-01",
    "price" : 1684.50,
    "dma50" : 1875.70,
    "dma100" : null,
    "dma200" : 2140.45,
    "volume" : 7619.00
  }, {
    "date" : "2025-02-03",
    "price" : 1662.10,
    "dma50" : 1867.33,
    "dma100" : null,
    "dma200" : 2135.69,
    "volume" : 13738.00
  }, {
    "date" : "2025-02-04",
    "price" : 1679.80,
    "dma50" : 1859.97,
    "dma100" : null,
    "dma200" : 2131.16,
    "volume" : 8074.00
  }, {
    "date" : "2025-02-05",
    "price" : 1681.15,
    "dma50" : 1852.96,
    "dma100" : null,
    "dma200" : 2126.68,
    "volume" : 11976.00
  }, {
    "date" : "2025-02-06",
    "price" : 1679.20,
    "dma50" : 1846.15,
    "dma100" : null,
    "dma200" : 2122.23,
    "volume" : 9752.00
  }, {
    "date" : "2025-02-07",
    "price" : 1675.45,
    "dma50" : 1839.45,
    "dma100" : null,
    "dma200" : 2117.78,
    "volume" : 4531.00
  }, {
    "date" : "2025-02-10",
    "price" : 1662.40,
    "dma50" : 1832.51,
    "dma100" : null,
    "dma200" : 2113.25,
    "volume" : 12549.00
  }, {
    "date" : "2025-02-11",
    "price" : 1586.30,
    "dma50" : 1822.85,
    "dma100" : null,
    "dma200" : 2108.01,
    "volume" : 20577.00
  }, {
    "date" : "2025-02-12",
    "price" : 1527.25,
    "dma50" : 1811.26,
    "dma100" : null,
    "dma200" : 2102.23,
    "volume" : 22042.00
  }, {
    "date" : "2025-02-13",
    "price" : 1536.35,
    "dma50" : 1800.48,
    "dma100" : null,
    "dma200" : 2096.60,
    "volume" : 27276.00
  }, {
    "date" : "2025-02-14",
    "price" : 1485.75,
    "dma50" : 1788.14,
    "dma100" : null,
    "dma200" : 2090.52,
    "volume" : 21306.00
  }, {
    "date" : "2025-02-17",
    "price" : 1441.70,
    "dma50" : 1774.55,
    "dma100" : null,
    "dma200" : 2084.06,
    "volume" : 36294.00
  }, {
    "date" : "2025-02-18",
    "price" : 1397.50,
    "dma50" : 1759.77,
    "dma100" : null,
    "dma200" : 2077.23,
    "volume" : 20977.00
  }, {
    "date" : "2025-02-19",
    "price" : 1468.05,
    "dma50" : 1748.33,
    "dma100" : null,
    "dma200" : 2071.17,
    "volume" : 56848.00
  }, {
    "date" : "2025-02-20",
    "price" : 1487.80,
    "dma50" : 1738.11,
    "dma100" : null,
    "dma200" : 2065.37,
    "volume" : 38022.00
  }, {
    "date" : "2025-02-21",
    "price" : 1472.50,
    "dma50" : 1727.69,
    "dma100" : null,
    "dma200" : 2059.47,
    "volume" : 21185.00
  }, {
    "date" : "2025-02-24",
    "price" : 1458.35,
    "dma50" : 1717.13,
    "dma100" : null,
    "dma200" : 2053.49,
    "volume" : 12793.00
  }, {
    "date" : "2025-02-25",
    "price" : 1444.75,
    "dma50" : 1706.45,
    "dma100" : null,
    "dma200" : 2047.43,
    "volume" : 20602.00
  }, {
    "date" : "2025-02-27",
    "price" : 1374.75,
    "dma50" : 1693.44,
    "dma100" : null,
    "dma200" : 2040.74,
    "volume" : 24472.00
  }, {
    "date" : "2025-02-28",
    "price" : 1350.20,
    "dma50" : 1679.98,
    "dma100" : null,
    "dma200" : 2033.87,
    "volume" : 27521.00
  }, {
    "date" : "2025-03-03",
    "price" : 1317.35,
    "dma50" : 1665.76,
    "dma100" : null,
    "dma200" : 2026.74,
    "volume" : 23760.00
  }, {
    "date" : "2025-03-04",
    "price" : 1345.80,
    "dma50" : 1653.21,
    "dma100" : null,
    "dma200" : 2019.96,
    "volume" : 25904.00
  }, {
    "date" : "2025-03-05",
    "price" : 1370.85,
    "dma50" : 1642.14,
    "dma100" : null,
    "dma200" : 2013.50,
    "volume" : 25188.00
  }, {
    "date" : "2025-03-06",
    "price" : 1384.00,
    "dma50" : 1632.02,
    "dma100" : null,
    "dma200" : 2007.24,
    "volume" : 33272.00
  }, {
    "date" : "2025-03-07",
    "price" : 1402.95,
    "dma50" : 1623.03,
    "dma100" : null,
    "dma200" : 2001.22,
    "volume" : 39795.00
  }, {
    "date" : "2025-03-10",
    "price" : 1351.65,
    "dma50" : 1612.39,
    "dma100" : null,
    "dma200" : 1994.76,
    "volume" : 49219.00
  }, {
    "date" : "2025-03-11",
    "price" : 1333.25,
    "dma50" : 1601.44,
    "dma100" : null,
    "dma200" : 1988.18,
    "volume" : 32319.00
  }, {
    "date" : "2025-03-12",
    "price" : 1281.25,
    "dma50" : 1588.89,
    "dma100" : null,
    "dma200" : 1981.15,
    "volume" : 55393.00
  }, {
    "date" : "2025-03-13",
    "price" : 1334.90,
    "dma50" : 1578.93,
    "dma100" : null,
    "dma200" : 1974.71,
    "volume" : 159085.00
  }, {
    "date" : "2025-03-17",
    "price" : 1276.75,
    "dma50" : 1567.08,
    "dma100" : null,
    "dma200" : 1967.77,
    "volume" : 69092.00
  }, {
    "date" : "2025-03-18",
    "price" : 1296.45,
    "dma50" : 1556.46,
    "dma100" : null,
    "dma200" : 1961.09,
    "volume" : 99936.00
  }, {
    "date" : "2025-03-19",
    "price" : 1340.50,
    "dma50" : 1547.99,
    "dma100" : null,
    "dma200" : 1954.92,
    "volume" : 44856.00
  }, {
    "date" : "2025-03-20",
    "price" : 1339.65,
    "dma50" : 1539.82,
    "dma100" : null,
    "dma200" : 1948.79,
    "volume" : 47499.00
  }, {
    "date" : "2025-03-21",
    "price" : 1355.50,
    "dma50" : 1532.60,
    "dma100" : null,
    "dma200" : 1942.89,
    "volume" : 58715.00
  }, {
    "date" : "2025-03-24",
    "price" : 1383.85,
    "dma50" : 1526.76,
    "dma100" : null,
    "dma200" : 1937.33,
    "volume" : 57931.00
  }, {
    "date" : "2025-03-25",
    "price" : 1329.05,
    "dma50" : 1519.01,
    "dma100" : null,
    "dma200" : 1931.27,
    "volume" : 55934.00
  }, {
    "date" : "2025-03-26",
    "price" : 1286.15,
    "dma50" : 1509.88,
    "dma100" : null,
    "dma200" : 1924.86,
    "volume" : 81102.00
  }, {
    "date" : "2025-03-27",
    "price" : 1301.95,
    "dma50" : 1501.72,
    "dma100" : null,
    "dma200" : 1918.66,
    "volume" : 99448.00
  }, {
    "date" : "2025-03-28",
    "price" : 1279.90,
    "dma50" : 1493.02,
    "dma100" : null,
    "dma200" : 1912.30,
    "volume" : 44923.00
  }, {
    "date" : "2025-04-01",
    "price" : 1331.50,
    "dma50" : 1486.69,
    "dma100" : null,
    "dma200" : 1906.52,
    "volume" : 34174.00
  }, {
    "date" : "2025-04-02",
    "price" : 1340.90,
    "dma50" : 1480.97,
    "dma100" : null,
    "dma200" : 1900.89,
    "volume" : 19485.00
  }, {
    "date" : "2025-04-03",
    "price" : 1347.05,
    "dma50" : 1475.72,
    "dma100" : null,
    "dma200" : 1895.38,
    "volume" : 24188.00
  }, {
    "date" : "2025-04-04",
    "price" : 1318.15,
    "dma50" : 1469.54,
    "dma100" : null,
    "dma200" : 1889.64,
    "volume" : 46619.00
  }, {
    "date" : "2025-04-07",
    "price" : 1242.70,
    "dma50" : 1460.65,
    "dma100" : null,
    "dma200" : 1883.20,
    "volume" : 45524.00
  }, {
    "date" : "2025-04-08",
    "price" : 1241.80,
    "dma50" : 1452.06,
    "dma100" : null,
    "dma200" : 1876.82,
    "volume" : 29210.00
  }, {
    "date" : "2025-04-09",
    "price" : 1171.45,
    "dma50" : 1441.06,
    "dma100" : null,
    "dma200" : 1869.80,
    "volume" : 58331.00
  }, {
    "date" : "2025-04-11",
    "price" : 1191.55,
    "dma50" : 1431.27,
    "dma100" : null,
    "dma200" : 1863.05,
    "volume" : 24083.00
  }, {
    "date" : "2025-04-15",
    "price" : 1286.00,
    "dma50" : 1425.58,
    "dma100" : null,
    "dma200" : 1857.31,
    "volume" : 45183.00
  }, {
    "date" : "2025-04-16",
    "price" : 1305.50,
    "dma50" : 1420.87,
    "dma100" : null,
    "dma200" : 1851.82,
    "volume" : 42514.00
  }, {
    "date" : "2025-04-17",
    "price" : 1311.80,
    "dma50" : 1416.59,
    "dma100" : null,
    "dma200" : 1846.45,
    "volume" : 24890.00
  }, {
    "date" : "2025-04-21",
    "price" : 1336.90,
    "dma50" : 1413.47,
    "dma100" : null,
    "dma200" : 1841.38,
    "volume" : 19941.00
  }, {
    "date" : "2025-04-22",
    "price" : 1386.00,
    "dma50" : 1412.39,
    "dma100" : null,
    "dma200" : 1836.85,
    "volume" : 38826.00
  }, {
    "date" : "2025-04-23",
    "price" : 1394.90,
    "dma50" : 1411.70,
    "dma100" : null,
    "dma200" : 1832.45,
    "volume" : 22735.00
  }, {
    "date" : "2025-04-24",
    "price" : 1429.50,
    "dma50" : 1412.40,
    "dma100" : null,
    "dma200" : 1828.44,
    "volume" : 36098.00
  }, {
    "date" : "2025-04-25",
    "price" : 1357.10,
    "dma50" : 1410.23,
    "dma100" : null,
    "dma200" : 1823.75,
    "volume" : 40100.00
  }, {
    "date" : "2025-04-28",
    "price" : 1369.50,
    "dma50" : 1408.64,
    "dma100" : null,
    "dma200" : 1819.23,
    "volume" : 19038.00
  }, {
    "date" : "2025-04-29",
    "price" : 1345.80,
    "dma50" : 1406.17,
    "dma100" : null,
    "dma200" : 1814.52,
    "volume" : 15623.00
  }, {
    "date" : "2025-04-30",
    "price" : 1318.50,
    "dma50" : 1402.73,
    "dma100" : null,
    "dma200" : 1809.58,
    "volume" : 11027.00
  }, {
    "date" : "2025-05-02",
    "price" : 1301.00,
    "dma50" : 1398.74,
    "dma100" : null,
    "dma200" : 1804.52,
    "volume" : 14688.00
  }, {
    "date" : "2025-05-05",
    "price" : 1351.50,
    "dma50" : 1396.89,
    "dma100" : null,
    "dma200" : 1800.01,
    "volume" : 13107.00
  }, {
    "date" : "2025-05-06",
    "price" : 1297.20,
    "dma50" : 1392.98,
    "dma100" : null,
    "dma200" : 1795.01,
    "volume" : 15610.00
  }, {
    "date" : "2025-05-07",
    "price" : 1323.40,
    "dma50" : 1390.25,
    "dma100" : 1579.57,
    "dma200" : 1790.32,
    "volume" : 19289.00
  }, {
    "date" : "2025-05-08",
    "price" : 1291.90,
    "dma50" : 1386.40,
    "dma100" : 1569.99,
    "dma200" : 1785.36,
    "volume" : 15638.00
  }, {
    "date" : "2025-05-09",
    "price" : 1296.90,
    "dma50" : 1382.89,
    "dma100" : 1560.78,
    "dma200" : 1780.50,
    "volume" : 8060.00
  }, {
    "date" : "2025-05-12",
    "price" : 1403.00,
    "dma50" : 1383.67,
    "dma100" : 1553.14,
    "dma200" : 1776.74,
    "volume" : 58856.00
  }, {
    "date" : "2025-05-13",
    "price" : 1477.40,
    "dma50" : 1387.35,
    "dma100" : 1546.87,
    "dma200" : 1773.76,
    "volume" : 55170.00
  }, {
    "date" : "2025-05-14",
    "price" : 1518.80,
    "dma50" : 1392.51,
    "dma100" : 1540.80,
    "dma200" : 1771.23,
    "volume" : 33393.00
  }, {
    "date" : "2025-05-15",
    "price" : 1532.00,
    "dma50" : 1397.98,
    "dma100" : 1535.42,
    "dma200" : 1768.85,
    "volume" : 27481.00
  }, {
    "date" : "2025-05-16",
    "price" : 1570.80,
    "dma50" : 1404.75,
    "dma100" : 1530.78,
    "dma200" : 1766.88,
    "volume" : 28315.00
  }, {
    "date" : "2025-05-19",
    "price" : 1596.10,
    "dma50" : 1412.26,
    "dma100" : 1526.71,
    "dma200" : 1765.18,
    "volume" : 33116.00
  }, {
    "date" : "2025-05-20",
    "price" : 1538.20,
    "dma50" : 1417.20,
    "dma100" : 1522.79,
    "dma200" : 1762.92,
    "volume" : 30726.00
  }, {
    "date" : "2025-05-21",
    "price" : 1543.20,
    "dma50" : 1422.14,
    "dma100" : 1519.08,
    "dma200" : 1760.73,
    "volume" : 12383.00
  }, {
    "date" : "2025-05-22",
    "price" : 1489.70,
    "dma50" : 1424.79,
    "dma100" : 1514.51,
    "dma200" : 1758.04,
    "volume" : 24570.00
  }, {
    "date" : "2025-05-23",
    "price" : 1610.80,
    "dma50" : 1432.08,
    "dma100" : 1511.15,
    "dma200" : 1756.57,
    "volume" : 204818.00
  }, {
    "date" : "2025-05-26",
    "price" : 1598.60,
    "dma50" : 1438.61,
    "dma100" : 1508.00,
    "dma200" : 1755.00,
    "volume" : 32533.00
  }, {
    "date" : "2025-05-27",
    "price" : 1628.40,
    "dma50" : 1446.05,
    "dma100" : 1505.79,
    "dma200" : 1753.74,
    "volume" : 17925.00
  }, {
    "date" : "2025-05-28",
    "price" : 1654.60,
    "dma50" : 1454.23,
    "dma100" : 1503.49,
    "dma200" : 1752.75,
    "volume" : 21705.00
  }, {
    "date" : "2025-05-29",
    "price" : 1681.00,
    "dma50" : 1463.13,
    "dma100" : 1501.32,
    "dma200" : 1752.04,
    "volume" : 24462.00
  }, {
    "date" : "2025-05-30",
    "price" : 1679.40,
    "dma50" : 1471.61,
    "dma100" : 1498.93,
    "dma200" : 1751.32,
    "volume" : 32207.00
  }, {
    "date" : "2025-06-02",
    "price" : 1678.20,
    "dma50" : 1479.71,
    "dma100" : 1496.39,
    "dma200" : 1750.59,
    "volume" : 18580.00
  }, {
    "date" : "2025-06-03",
    "price" : 1681.10,
    "dma50" : 1487.61,
    "dma100" : 1494.90,
    "dma200" : 1749.90,
    "volume" : 16821.00
  }, {
    "date" : "2025-06-04",
    "price" : 1679.80,
    "dma50" : 1495.14,
    "dma100" : 1493.14,
    "dma200" : 1749.20,
    "volume" : 15437.00
  }, {
    "date" : "2025-06-05",
    "price" : 1679.50,
    "dma50" : 1502.37,
    "dma100" : 1491.74,
    "dma200" : 1748.51,
    "volume" : 14090.00
  }, {
    "date" : "2025-06-06",
    "price" : 1684.00,
    "dma50" : 1509.50,
    "dma100" : 1490.36,
    "dma200" : 1747.86,
    "volume" : 13475.00
  }, {
    "date" : "2025-06-09",
    "price" : 1684.90,
    "dma50" : 1516.37,
    "dma100" : 1489.05,
    "dma200" : 1747.24,
    "volume" : 12807.00
  }, {
    "date" : "2025-06-10",
    "price" : 1713.30,
    "dma50" : 1524.10,
    "dma100" : 1488.59,
    "dma200" : 1746.90,
    "volume" : 24087.00
  }, {
    "date" : "2025-06-11",
    "price" : 1736.00,
    "dma50" : 1532.41,
    "dma100" : 1488.19,
    "dma200" : 1746.79,
    "volume" : 28836.00
  }, {
    "date" : "2025-06-12",
    "price" : 1700.50,
    "dma50" : 1539.00,
    "dma100" : 1486.82,
    "dma200" : 1746.33,
    "volume" : 17590.00
  }, {
    "date" : "2025-06-13",
    "price" : 1694.60,
    "dma50" : 1545.10,
    "dma100" : 1485.29,
    "dma200" : 1745.82,
    "volume" : 25801.00
  }, {
    "date" : "2025-06-16",
    "price" : 1735.70,
    "dma50" : 1552.57,
    "dma100" : 1484.22,
    "dma200" : 1745.72,
    "volume" : 17032.00
  }, {
    "date" : "2025-06-17",
    "price" : 1772.00,
    "dma50" : 1561.18,
    "dma100" : 1483.57,
    "dma200" : 1745.98,
    "volume" : 70435.00
  }, {
    "date" : "2025-06-18",
    "price" : 1746.90,
    "dma50" : 1568.46,
    "dma100" : 1482.74,
    "dma200" : 1745.99,
    "volume" : 14644.00
  }, {
    "date" : "2025-06-19",
    "price" : 1699.90,
    "dma50" : 1573.62,
    "dma100" : 1481.99,
    "dma200" : 1745.53,
    "volume" : 21818.00
  }, {
    "date" : "2025-06-20",
    "price" : 1701.60,
    "dma50" : 1578.64,
    "dma100" : 1481.06,
    "dma200" : 1745.09,
    "volume" : 12017.00
  }, {
    "date" : "2025-06-23",
    "price" : 1700.20,
    "dma50" : 1583.40,
    "dma100" : 1480.11,
    "dma200" : 1744.64,
    "volume" : 9117.00
  }, {
    "date" : "2025-06-24",
    "price" : 1700.70,
    "dma50" : 1588.00,
    "dma100" : 1480.20,
    "dma200" : 1744.21,
    "volume" : 7676.00
  }, {
    "date" : "2025-06-25",
    "price" : 1709.20,
    "dma50" : 1592.76,
    "dma100" : 1481.25,
    "dma200" : 1743.86,
    "volume" : 11441.00
  }, {
    "date" : "2025-06-26",
    "price" : 1706.60,
    "dma50" : 1597.22,
    "dma100" : 1482.02,
    "dma200" : 1743.49,
    "volume" : 10618.00
  }, {
    "date" : "2025-06-27",
    "price" : 1705.80,
    "dma50" : 1601.48,
    "dma100" : 1482.63,
    "dma200" : 1743.11,
    "volume" : 10401.00
  }, {
    "date" : "2025-06-30",
    "price" : 1711.40,
    "dma50" : 1605.79,
    "dma100" : 1483.00,
    "dma200" : 1742.80,
    "volume" : 8827.00
  }, {
    "date" : "2025-07-01",
    "price" : 1710.80,
    "dma50" : 1609.91,
    "dma100" : 1483.26,
    "dma200" : 1742.48,
    "volume" : 12664.00
  }, {
    "date" : "2025-07-02",
    "price" : 1702.40,
    "dma50" : 1613.53,
    "dma100" : 1483.67,
    "dma200" : 1742.08,
    "volume" : 10700.00
  }, {
    "date" : "2025-07-03",
    "price" : 1703.00,
    "dma50" : 1617.04,
    "dma100" : 1483.90,
    "dma200" : 1741.69,
    "volume" : 4282.00
  }, {
    "date" : "2025-07-04",
    "price" : 1704.50,
    "dma50" : 1620.47,
    "dma100" : 1484.13,
    "dma200" : 1741.32,
    "volume" : 7207.00
  }, {
    "date" : "2025-07-07",
    "price" : 1699.50,
    "dma50" : 1623.57,
    "dma100" : 1484.33,
    "dma200" : 1740.90,
    "volume" : 14884.00
  }, {
    "date" : "2025-07-08",
    "price" : 1703.00,
    "dma50" : 1626.69,
    "dma100" : 1484.61,
    "dma200" : 1740.53,
    "volume" : 11973.00
  }, {
    "date" : "2025-07-09",
    "price" : 1700.00,
    "dma50" : 1629.56,
    "dma100" : 1484.99,
    "dma200" : 1740.12,
    "volume" : 9050.00
  }, {
    "date" : "2025-07-10",
    "price" : 1699.20,
    "dma50" : 1632.29,
    "dma100" : 1486.12,
    "dma200" : 1739.72,
    "volume" : 11663.00
  }, {
    "date" : "2025-07-11",
    "price" : 1701.30,
    "dma50" : 1635.00,
    "dma100" : 1487.86,
    "dma200" : 1739.34,
    "volume" : 8484.00
  }, {
    "date" : "2025-07-14",
    "price" : 1700.70,
    "dma50" : 1637.58,
    "dma100" : 1489.50,
    "dma200" : 1738.95,
    "volume" : 8392.00
  }, {
    "date" : "2025-07-15",
    "price" : 1746.20,
    "dma50" : 1641.84,
    "dma100" : 1492.10,
    "dma200" : 1739.02,
    "volume" : 17382.00
  }, {
    "date" : "2025-07-16",
    "price" : 1722.10,
    "dma50" : 1644.98,
    "dma100" : 1494.91,
    "dma200" : 1738.85,
    "volume" : 16947.00
  }, {
    "date" : "2025-07-17",
    "price" : 1718.30,
    "dma50" : 1647.86,
    "dma100" : 1498.12,
    "dma200" : 1738.65,
    "volume" : 17471.00
  }, {
    "date" : "2025-07-18",
    "price" : 1702.90,
    "dma50" : 1650.02,
    "dma100" : 1500.46,
    "dma200" : 1738.29,
    "volume" : 8884.00
  }, {
    "date" : "2025-07-21",
    "price" : 1700.10,
    "dma50" : 1651.98,
    "dma100" : 1502.59,
    "dma200" : 1737.91,
    "volume" : 10103.00
  }, {
    "date" : "2025-07-22",
    "price" : 1700.00,
    "dma50" : 1653.86,
    "dma100" : 1504.86,
    "dma200" : 1737.54,
    "volume" : 10298.00
  }, {
    "date" : "2025-07-23",
    "price" : 1691.80,
    "dma50" : 1655.35,
    "dma100" : 1507.20,
    "dma200" : 1737.08,
    "volume" : 7760.00
  }, {
    "date" : "2025-07-24",
    "price" : 1666.10,
    "dma50" : 1655.77,
    "dma100" : 1509.41,
    "dma200" : 1736.38,
    "volume" : 10948.00
  }, {
    "date" : "2025-07-25",
    "price" : 1592.40,
    "dma50" : 1653.29,
    "dma100" : 1511.59,
    "dma200" : 1734.94,
    "volume" : 13729.00
  }, {
    "date" : "2025-07-28",
    "price" : 1568.50,
    "dma50" : 1649.96,
    "dma100" : 1513.77,
    "dma200" : 1733.29,
    "volume" : 9904.00
  }, {
    "date" : "2025-07-29",
    "price" : 1596.90,
    "dma50" : 1647.88,
    "dma100" : 1516.57,
    "dma200" : 1731.93,
    "volume" : 9079.00
  }, {
    "date" : "2025-07-30",
    "price" : 1582.00,
    "dma50" : 1645.30,
    "dma100" : 1518.93,
    "dma200" : 1730.44,
    "volume" : 6435.00
  }, {
    "date" : "2025-07-31",
    "price" : 1593.10,
    "dma50" : 1643.25,
    "dma100" : 1521.15,
    "dma200" : 1729.07,
    "volume" : 7061.00
  }, {
    "date" : "2025-08-01",
    "price" : 1561.20,
    "dma50" : 1640.03,
    "dma100" : 1522.92,
    "dma200" : 1727.40,
    "volume" : 3769.00
  }, {
    "date" : "2025-08-04",
    "price" : 1551.00,
    "dma50" : 1636.54,
    "dma100" : 1524.40,
    "dma200" : 1725.65,
    "volume" : 3754.00
  }, {
    "date" : "2025-08-05",
    "price" : 1553.20,
    "dma50" : 1633.27,
    "dma100" : 1526.42,
    "dma200" : 1723.93,
    "volume" : 5090.00
  }, {
    "date" : "2025-08-06",
    "price" : 1526.40,
    "dma50" : 1629.08,
    "dma100" : 1528.35,
    "dma200" : 1721.96,
    "volume" : 6330.00
  }, {
    "date" : "2025-08-07",
    "price" : 1523.80,
    "dma50" : 1624.95,
    "dma100" : 1530.77,
    "dma200" : 1719.99,
    "volume" : 5494.00
  }, {
    "date" : "2025-08-08",
    "price" : 1496.20,
    "dma50" : 1619.90,
    "dma100" : 1532.39,
    "dma200" : 1717.77,
    "volume" : 7314.00
  }, {
    "date" : "2025-08-11",
    "price" : 1570.80,
    "dma50" : 1617.98,
    "dma100" : 1535.33,
    "dma200" : 1716.30,
    "volume" : 30409.00
  }, {
    "date" : "2025-08-12",
    "price" : 1555.90,
    "dma50" : 1615.54,
    "dma100" : 1537.92,
    "dma200" : 1714.71,
    "volume" : 5311.00
  }, {
    "date" : "2025-08-13",
    "price" : 1524.30,
    "dma50" : 1611.97,
    "dma100" : 1539.76,
    "dma200" : 1712.81,
    "volume" : 9379.00
  }, {
    "date" : "2025-08-14",
    "price" : 1487.80,
    "dma50" : 1607.10,
    "dma100" : 1541.24,
    "dma200" : 1710.57,
    "volume" : 9001.00
  }, {
    "date" : "2025-08-18",
    "price" : 1496.30,
    "dma50" : 1602.75,
    "dma100" : 1542.65,
    "dma200" : 1708.44,
    "volume" : 8029.00
  }, {
    "date" : "2025-08-19",
    "price" : 1535.50,
    "dma50" : 1600.11,
    "dma100" : 1544.17,
    "dma200" : 1706.72,
    "volume" : 22302.00
  }, {
    "date" : "2025-08-20",
    "price" : 1571.20,
    "dma50" : 1598.98,
    "dma100" : 1546.59,
    "dma200" : 1705.37,
    "volume" : 16094.00
  }, {
    "date" : "2025-08-21",
    "price" : 1549.90,
    "dma50" : 1597.06,
    "dma100" : 1549.23,
    "dma200" : 1703.83,
    "volume" : 7631.00
  }, {
    "date" : "2025-08-22",
    "price" : 1517.50,
    "dma50" : 1593.94,
    "dma100" : 1551.38,
    "dma200" : 1701.97,
    "volume" : 9638.00
  }, {
    "date" : "2025-08-25",
    "price" : 1502.80,
    "dma50" : 1590.36,
    "dma100" : 1553.61,
    "dma200" : 1699.99,
    "volume" : 9105.00
  }, {
    "date" : "2025-08-26",
    "price" : 1480.00,
    "dma50" : 1586.03,
    "dma100" : 1555.10,
    "dma200" : 1697.80,
    "volume" : 8910.00
  }, {
    "date" : "2025-08-28",
    "price" : 1474.40,
    "dma50" : 1581.66,
    "dma100" : 1556.43,
    "dma200" : 1695.58,
    "volume" : 3523.00
  }, {
    "date" : "2025-08-29",
    "price" : 1480.20,
    "dma50" : 1577.68,
    "dma100" : 1557.76,
    "dma200" : 1693.43,
    "volume" : 6332.00
  }, {
    "date" : "2025-09-01",
    "price" : 1493.20,
    "dma50" : 1574.36,
    "dma100" : 1559.51,
    "dma200" : 1691.44,
    "volume" : 4052.00
  }, {
    "date" : "2025-09-02",
    "price" : 1508.20,
    "dma50" : 1571.77,
    "dma100" : 1562.17,
    "dma200" : 1689.62,
    "volume" : 4166.00
  }, {
    "date" : "2025-09-03",
    "price" : 1528.30,
    "dma50" : 1570.07,
    "dma100" : 1565.03,
    "dma200" : 1688.01,
    "volume" : 5266.00
  }, {
    "date" : "2025-09-04",
    "price" : 1508.00,
    "dma50" : 1567.63,
    "dma100" : 1568.40,
    "dma200" : 1686.22,
    "volume" : 7298.00
  }, {
    "date" : "2025-09-05",
    "price" : 1505.80,
    "dma50" : 1565.21,
    "dma100" : 1571.54,
    "dma200" : 1684.43,
    "volume" : 2268.00
  }, {
    "date" : "2025-09-08",
    "price" : 1503.70,
    "dma50" : 1562.79,
    "dma100" : 1573.72,
    "dma200" : 1682.63,
    "volume" : 4335.00
  }, {
    "date" : "2025-09-09",
    "price" : 1489.70,
    "dma50" : 1559.93,
    "dma100" : 1575.56,
    "dma200" : 1680.71,
    "volume" : 2848.00
  }, {
    "date" : "2025-09-10",
    "price" : 1485.50,
    "dma50" : 1557.01,
    "dma100" : 1577.30,
    "dma200" : 1678.77,
    "volume" : 5746.00
  }, {
    "date" : "2025-09-11",
    "price" : 1476.60,
    "dma50" : 1553.86,
    "dma100" : 1578.69,
    "dma200" : 1676.76,
    "volume" : 4889.00
  }, {
    "date" : "2025-09-12",
    "price" : 1488.70,
    "dma50" : 1551.30,
    "dma100" : 1579.72,
    "dma200" : 1674.88,
    "volume" : 4644.00
  }, {
    "date" : "2025-09-15",
    "price" : 1501.00,
    "dma50" : 1549.33,
    "dma100" : 1580.78,
    "dma200" : 1673.15,
    "volume" : 7738.00
  }, {
    "date" : "2025-09-16",
    "price" : 1491.80,
    "dma50" : 1547.07,
    "dma100" : 1581.40,
    "dma200" : 1671.35,
    "volume" : 11973.00
  }, {
    "date" : "2025-09-17",
    "price" : 1500.00,
    "dma50" : 1545.23,
    "dma100" : 1582.83,
    "dma200" : 1669.64,
    "volume" : 17122.00
  }, {
    "date" : "2025-09-18",
    "price" : 1501.80,
    "dma50" : 1543.52,
    "dma100" : 1584.16,
    "dma200" : 1667.97,
    "volume" : 7182.00
  }, {
    "date" : "2025-09-19",
    "price" : 1520.60,
    "dma50" : 1542.62,
    "dma100" : 1585.90,
    "dma200" : 1666.51,
    "volume" : 11113.00
  }, {
    "date" : "2025-09-22",
    "price" : 1488.80,
    "dma50" : 1540.51,
    "dma100" : 1587.61,
    "dma200" : 1664.74,
    "volume" : 7149.00
  }, {
    "date" : "2025-09-23",
    "price" : 1488.20,
    "dma50" : 1538.46,
    "dma100" : 1589.48,
    "dma200" : 1662.98,
    "volume" : 4935.00
  }, {
    "date" : "2025-09-24",
    "price" : 1474.20,
    "dma50" : 1535.94,
    "dma100" : 1590.71,
    "dma200" : 1661.10,
    "volume" : 7258.00
  }, {
    "date" : "2025-09-25",
    "price" : 1452.20,
    "dma50" : 1532.66,
    "dma100" : 1592.26,
    "dma200" : 1659.03,
    "volume" : 7353.00
  }, {
    "date" : "2025-09-26",
    "price" : 1428.30,
    "dma50" : 1528.57,
    "dma100" : 1593.31,
    "dma200" : 1656.73,
    "volume" : 9659.00
  }, {
    "date" : "2025-09-29",
    "price" : 1402.90,
    "dma50" : 1523.64,
    "dma100" : 1594.42,
    "dma200" : 1654.20,
    "volume" : 5982.00
  }, {
    "date" : "2025-09-30",
    "price" : 1384.80,
    "dma50" : 1518.19,
    "dma100" : 1595.29,
    "dma200" : 1651.52,
    "volume" : 7566.00
  }, {
    "date" : "2025-10-01",
    "price" : 1414.10,
    "dma50" : 1514.11,
    "dma100" : 1595.41,
    "dma200" : 1649.16,
    "volume" : 8567.00
  }, {
    "date" : "2025-10-03",
    "price" : 1439.10,
    "dma50" : 1511.17,
    "dma100" : 1595.02,
    "dma200" : 1647.07,
    "volume" : 4493.00
  }, {
    "date" : "2025-10-06",
    "price" : 1397.00,
    "dma50" : 1506.69,
    "dma100" : 1593.80,
    "dma200" : 1644.58,
    "volume" : 11338.00
  }, {
    "date" : "2025-10-07",
    "price" : 1373.70,
    "dma50" : 1501.48,
    "dma100" : 1592.22,
    "dma200" : 1641.89,
    "volume" : 9144.00
  }, {
    "date" : "2025-10-08",
    "price" : 1371.30,
    "dma50" : 1496.37,
    "dma100" : 1590.23,
    "dma200" : 1639.20,
    "volume" : 4921.00
  }, {
    "date" : "2025-10-09",
    "price" : 1383.90,
    "dma50" : 1491.96,
    "dma100" : 1588.10,
    "dma200" : 1636.66,
    "volume" : 8575.00
  }, {
    "date" : "2025-10-10",
    "price" : 1382.00,
    "dma50" : 1487.65,
    "dma100" : 1586.54,
    "dma200" : 1634.12,
    "volume" : 7093.00
  }, {
    "date" : "2025-10-13",
    "price" : 1381.40,
    "dma50" : 1483.48,
    "dma100" : 1584.92,
    "dma200" : 1631.61,
    "volume" : 3435.00
  }, {
    "date" : "2025-10-14",
    "price" : 1365.60,
    "dma50" : 1478.86,
    "dma100" : 1583.68,
    "dma200" : 1628.96,
    "volume" : 7373.00
  }, {
    "date" : "2025-10-15",
    "price" : 1383.70,
    "dma50" : 1475.13,
    "dma100" : 1581.41,
    "dma200" : 1626.52,
    "volume" : 4891.00
  }, {
    "date" : "2025-10-16",
    "price" : 1416.70,
    "dma50" : 1472.84,
    "dma100" : 1579.59,
    "dma200" : 1624.43,
    "volume" : 11854.00
  }, {
    "date" : "2025-10-17",
    "price" : 1419.80,
    "dma50" : 1470.76,
    "dma100" : 1577.51,
    "dma200" : 1622.40,
    "volume" : 8468.00
  }, {
    "date" : "2025-10-20",
    "price" : 1417.90,
    "dma50" : 1468.68,
    "dma100" : 1575.14,
    "dma200" : 1620.36,
    "volume" : 4248.00
  }, {
    "date" : "2025-10-21",
    "price" : 1421.90,
    "dma50" : 1466.85,
    "dma100" : 1572.55,
    "dma200" : 1618.39,
    "volume" : 2052.00
  }, {
    "date" : "2025-10-23",
    "price" : 1411.20,
    "dma50" : 1464.67,
    "dma100" : 1569.87,
    "dma200" : 1616.32,
    "volume" : 6905.00
  }, {
    "date" : "2025-10-24",
    "price" : 1401.00,
    "dma50" : 1462.17,
    "dma100" : 1567.10,
    "dma200" : 1614.18,
    "volume" : 6290.00
  }, {
    "date" : "2025-10-27",
    "price" : 1406.90,
    "dma50" : 1460.00,
    "dma100" : 1564.35,
    "dma200" : 1612.12,
    "volume" : 5530.00
  }, {
    "date" : "2025-10-28",
    "price" : 1395.90,
    "dma50" : 1457.49,
    "dma100" : 1561.51,
    "dma200" : 1609.97,
    "volume" : 3851.00
  }, {
    "date" : "2025-10-29",
    "price" : 1429.10,
    "dma50" : 1456.38,
    "dma100" : 1559.01,
    "dma200" : 1608.17,
    "volume" : 7585.00
  }, {
    "date" : "2025-10-30",
    "price" : 1364.60,
    "dma50" : 1452.78,
    "dma100" : 1555.82,
    "dma200" : 1605.74,
    "volume" : 24038.00
  }, {
    "date" : "2025-10-31",
    "price" : 1365.80,
    "dma50" : 1449.37,
    "dma100" : 1552.63,
    "dma200" : 1603.36,
    "volume" : 9308.00
  }, {
    "date" : "2025-11-03",
    "price" : 1387.70,
    "dma50" : 1446.95,
    "dma100" : 1549.37,
    "dma200" : 1601.21,
    "volume" : 7559.00
  }, {
    "date" : "2025-11-04",
    "price" : 1368.70,
    "dma50" : 1443.88,
    "dma100" : 1545.70,
    "dma200" : 1598.90,
    "volume" : 9699.00
  }, {
    "date" : "2025-11-06",
    "price" : 1354.60,
    "dma50" : 1440.38,
    "dma100" : 1542.24,
    "dma200" : 1596.47,
    "volume" : 7116.00
  }, {
    "date" : "2025-11-07",
    "price" : 1356.70,
    "dma50" : 1437.10,
    "dma100" : 1538.86,
    "dma200" : 1594.08,
    "volume" : 5660.00
  }, {
    "date" : "2025-11-10",
    "price" : 1344.40,
    "dma50" : 1433.46,
    "dma100" : 1534.95,
    "dma200" : 1591.60,
    "volume" : 5074.00
  }, {
    "date" : "2025-11-11",
    "price" : 1337.80,
    "dma50" : 1429.71,
    "dma100" : 1530.60,
    "dma200" : 1589.07,
    "volume" : 6041.00
  }, {
    "date" : "2025-11-12",
    "price" : 1370.50,
    "dma50" : 1427.39,
    "dma100" : 1526.84,
    "dma200" : 1586.90,
    "volume" : 9245.00
  }, {
    "date" : "2025-11-13",
    "price" : 1572.40,
    "dma50" : 1433.07,
    "dma100" : 1525.56,
    "dma200" : 1586.75,
    "volume" : 689071.00
  }, {
    "date" : "2025-11-14",
    "price" : 1572.40,
    "dma50" : 1438.54,
    "dma100" : 1524.27,
    "dma200" : 1586.61,
    "volume" : 127908.00
  }, {
    "date" : "2025-11-17",
    "price" : 1611.90,
    "dma50" : 1445.34,
    "dma100" : 1523.39,
    "dma200" : 1586.86,
    "volume" : 62583.00
  }, {
    "date" : "2025-11-18",
    "price" : 1615.20,
    "dma50" : 1452.00,
    "dma100" : 1522.53,
    "dma200" : 1587.14,
    "volume" : 35695.00
  }, {
    "date" : "2025-11-19",
    "price" : 1577.90,
    "dma50" : 1456.94,
    "dma100" : 1521.22,
    "dma200" : 1587.05,
    "volume" : 21453.00
  }, {
    "date" : "2025-11-20",
    "price" : 1541.00,
    "dma50" : 1460.23,
    "dma100" : 1519.57,
    "dma200" : 1586.59,
    "volume" : 24241.00
  }, {
    "date" : "2025-11-21",
    "price" : 1528.40,
    "dma50" : 1462.91,
    "dma100" : 1517.79,
    "dma200" : 1586.01,
    "volume" : 14487.00
  }, {
    "date" : "2025-11-24",
    "price" : 1527.90,
    "dma50" : 1465.45,
    "dma100" : 1515.96,
    "dma200" : 1585.44,
    "volume" : 14783.00
  }, {
    "date" : "2025-11-25",
    "price" : 1512.70,
    "dma50" : 1467.31,
    "dma100" : 1513.98,
    "dma200" : 1584.71,
    "volume" : 6399.00
  }, {
    "date" : "2025-11-26",
    "price" : 1523.00,
    "dma50" : 1469.49,
    "dma100" : 1512.18,
    "dma200" : 1584.10,
    "volume" : 15187.00
  }, {
    "date" : "2025-11-27",
    "price" : 1522.90,
    "dma50" : 1471.59,
    "dma100" : 1510.38,
    "dma200" : 1583.49,
    "volume" : 7488.00
  }, {
    "date" : "2025-11-28",
    "price" : 1516.20,
    "dma50" : 1473.33,
    "dma100" : 1508.50,
    "dma200" : 1582.82,
    "volume" : 4396.00
  }, {
    "date" : "2025-12-01",
    "price" : 1546.80,
    "dma50" : 1476.22,
    "dma100" : 1506.97,
    "dma200" : 1582.46,
    "volume" : 20152.00
  }, {
    "date" : "2025-12-02",
    "price" : 1564.20,
    "dma50" : 1479.67,
    "dma100" : 1505.58,
    "dma200" : 1582.28,
    "volume" : 18684.00
  }, {
    "date" : "2025-12-03",
    "price" : 1518.20,
    "dma50" : 1481.18,
    "dma100" : 1503.76,
    "dma200" : 1581.64,
    "volume" : 8269.00
  }, {
    "date" : "2025-12-04",
    "price" : 1505.60,
    "dma50" : 1482.14,
    "dma100" : 1501.83,
    "dma200" : 1580.89,
    "volume" : 3923.00
  }, {
    "date" : "2025-12-05",
    "price" : 1471.30,
    "dma50" : 1481.71,
    "dma100" : 1499.53,
    "dma200" : 1579.79,
    "volume" : 8504.00
  } ],
  "latestTechnicalAttributes" : {
    "date" : "2025-12-05",
    "price" : 1471.30,
    "dma50" : 1481.71,
    "dma100" : 1499.53,
    "dma200" : 1579.79,
    "volume" : 8504.00
  },
  "quarterlyResults" : [ {
    "date" : "2005-03-31",
    "sales" : 21.60,
    "salesGrowthYoY" : null,
    "grossProfitMargin" : 13.61,
    "grossProfit" : 2.94,
    "operatingProfitMargin" : -11.62,
    "operatingProfit" : -2.51,
    "netProfitMargin" : 4.72,
    "netProfit" : 1.02
  }, {
    "date" : "2005-06-30",
    "sales" : 11.07,
    "salesGrowthYoY" : null,
    "grossProfitMargin" : 15.18,
    "grossProfit" : 1.68,
    "operatingProfitMargin" : -22.04,
    "operatingProfit" : -2.44,
    "netProfitMargin" : -3.25,
    "netProfit" : -0.36
  }, {
    "date" : "2005-09-30",
    "sales" : 31.60,
    "salesGrowthYoY" : null,
    "grossProfitMargin" : 17.94,
    "grossProfit" : 5.67,
    "operatingProfitMargin" : -0.73,
    "operatingProfit" : -0.23,
    "netProfitMargin" : 3.29,
    "netProfit" : 1.04
  }, {
    "date" : "2005-12-31",
    "sales" : 53.07,
    "salesGrowthYoY" : null,
    "grossProfitMargin" : 19.20,
    "grossProfit" : 10.19,
    "operatingProfitMargin" : 2.75,
    "operatingProfit" : 1.46,
    "netProfitMargin" : 0.47,
    "netProfit" : 0.25
  }, {
    "date" : "2006-03-31",
    "sales" : 36.63,
    "salesGrowthYoY" : 69.58,
    "grossProfitMargin" : 19.08,
    "grossProfit" : 6.99,
    "operatingProfitMargin" : 1.88,
    "operatingProfit" : 0.69,
    "netProfitMargin" : 0.98,
    "netProfit" : 0.36
  }, {
    "date" : "2006-06-30",
    "sales" : 3.80,
    "salesGrowthYoY" : -65.67,
    "grossProfitMargin" : 38.95,
    "grossProfit" : 1.48,
    "operatingProfitMargin" : -46.32,
    "operatingProfit" : -1.76,
    "netProfitMargin" : -6.32,
    "netProfit" : -0.24
  }, {
    "date" : "2006-09-30",
    "sales" : 16.60,
    "salesGrowthYoY" : -47.47,
    "grossProfitMargin" : 35.42,
    "grossProfit" : 5.88,
    "operatingProfitMargin" : 10.36,
    "operatingProfit" : 1.72,
    "netProfitMargin" : 19.16,
    "netProfit" : 3.18
  }, {
    "date" : "2006-12-31",
    "sales" : 14.42,
    "salesGrowthYoY" : -72.83,
    "grossProfitMargin" : 27.25,
    "grossProfit" : 3.93,
    "operatingProfitMargin" : 0.00,
    "operatingProfit" : 0.00,
    "netProfitMargin" : 1.73,
    "netProfit" : 0.25
  }, {
    "date" : "2007-03-31",
    "sales" : 14.69,
    "salesGrowthYoY" : -59.90,
    "grossProfitMargin" : 13.21,
    "grossProfit" : 1.94,
    "operatingProfitMargin" : -12.19,
    "operatingProfit" : -1.79,
    "netProfitMargin" : -1.84,
    "netProfit" : -0.27
  }, {
    "date" : "2007-06-30",
    "sales" : 15.97,
    "salesGrowthYoY" : 320.26,
    "grossProfitMargin" : 14.72,
    "grossProfit" : 2.35,
    "operatingProfitMargin" : -12.09,
    "operatingProfit" : -1.93,
    "netProfitMargin" : -3.76,
    "netProfit" : -0.60
  }, {
    "date" : "2007-09-30",
    "sales" : 39.15,
    "salesGrowthYoY" : 135.84,
    "grossProfitMargin" : 14.89,
    "grossProfit" : 5.83,
    "operatingProfitMargin" : 0.05,
    "operatingProfit" : 0.02,
    "netProfitMargin" : 8.22,
    "netProfit" : 3.22
  }, {
    "date" : "2007-12-31",
    "sales" : 73.67,
    "salesGrowthYoY" : 410.89,
    "grossProfitMargin" : 15.76,
    "grossProfit" : 11.61,
    "operatingProfitMargin" : 4.53,
    "operatingProfit" : 3.34,
    "netProfitMargin" : 2.55,
    "netProfit" : 1.88
  }, {
    "date" : "2008-03-31",
    "sales" : 78.61,
    "salesGrowthYoY" : 435.13,
    "grossProfitMargin" : 11.54,
    "grossProfit" : 9.07,
    "operatingProfitMargin" : -0.04,
    "operatingProfit" : -0.03,
    "netProfitMargin" : -2.07,
    "netProfit" : -1.63
  }, {
    "date" : "2008-06-30",
    "sales" : 42.20,
    "salesGrowthYoY" : 164.25,
    "grossProfitMargin" : 11.80,
    "grossProfit" : 4.98,
    "operatingProfitMargin" : -5.17,
    "operatingProfit" : -2.18,
    "netProfitMargin" : -8.84,
    "netProfit" : -3.73
  }, {
    "date" : "2008-09-30",
    "sales" : 76.25,
    "salesGrowthYoY" : 94.76,
    "grossProfitMargin" : 13.13,
    "grossProfit" : 10.01,
    "operatingProfitMargin" : 0.28,
    "operatingProfit" : 0.21,
    "netProfitMargin" : 2.09,
    "netProfit" : 1.59
  }, {
    "date" : "2008-12-31",
    "sales" : 78.42,
    "salesGrowthYoY" : 6.45,
    "grossProfitMargin" : 5.48,
    "grossProfit" : 4.30,
    "operatingProfitMargin" : -13.01,
    "operatingProfit" : -10.20,
    "netProfitMargin" : -16.00,
    "netProfit" : -12.55
  }, {
    "date" : "2009-03-31",
    "sales" : 55.39,
    "salesGrowthYoY" : -29.54,
    "grossProfitMargin" : 53.20,
    "grossProfit" : 29.47,
    "operatingProfitMargin" : 13.38,
    "operatingProfit" : 7.41,
    "netProfitMargin" : 9.64,
    "netProfit" : 5.34
  }, {
    "date" : "2009-06-30",
    "sales" : 34.12,
    "salesGrowthYoY" : -19.15,
    "grossProfitMargin" : 48.21,
    "grossProfit" : 16.45,
    "operatingProfitMargin" : 5.92,
    "operatingProfit" : 2.02,
    "netProfitMargin" : 0.41,
    "netProfit" : 0.14
  }, {
    "date" : "2009-09-30",
    "sales" : 45.44,
    "salesGrowthYoY" : -40.41,
    "grossProfitMargin" : 53.70,
    "grossProfit" : 24.40,
    "operatingProfitMargin" : 8.74,
    "operatingProfit" : 3.97,
    "netProfitMargin" : 6.47,
    "netProfit" : 2.94
  }, {
    "date" : "2009-12-31",
    "sales" : 53.78,
    "salesGrowthYoY" : -31.42,
    "grossProfitMargin" : 64.82,
    "grossProfit" : 34.86,
    "operatingProfitMargin" : 6.23,
    "operatingProfit" : 3.35,
    "netProfitMargin" : 11.44,
    "netProfit" : 6.15
  }, {
    "date" : "2010-03-31",
    "sales" : 69.68,
    "salesGrowthYoY" : 25.80,
    "grossProfitMargin" : 57.61,
    "grossProfit" : 40.14,
    "operatingProfitMargin" : 5.67,
    "operatingProfit" : 3.95,
    "netProfitMargin" : 3.37,
    "netProfit" : 2.35
  }, {
    "date" : "2010-06-30",
    "sales" : 41.45,
    "salesGrowthYoY" : 21.48,
    "grossProfitMargin" : 66.06,
    "grossProfit" : 27.38,
    "operatingProfitMargin" : -0.97,
    "operatingProfit" : -0.40,
    "netProfitMargin" : 2.70,
    "netProfit" : 1.12
  }, {
    "date" : "2010-09-30",
    "sales" : 47.04,
    "salesGrowthYoY" : 3.52,
    "grossProfitMargin" : 51.72,
    "grossProfit" : 24.33,
    "operatingProfitMargin" : -0.26,
    "operatingProfit" : -0.12,
    "netProfitMargin" : 0.83,
    "netProfit" : 0.39
  }, {
    "date" : "2010-12-31",
    "sales" : 44.89,
    "salesGrowthYoY" : -16.53,
    "grossProfitMargin" : 68.10,
    "grossProfit" : 30.57,
    "operatingProfitMargin" : -1.80,
    "operatingProfit" : -0.81,
    "netProfitMargin" : -2.94,
    "netProfit" : -1.32
  }, {
    "date" : "2011-03-31",
    "sales" : 68.22,
    "salesGrowthYoY" : -2.10,
    "grossProfitMargin" : 64.32,
    "grossProfit" : 43.88,
    "operatingProfitMargin" : 9.06,
    "operatingProfit" : 6.18,
    "netProfitMargin" : 5.32,
    "netProfit" : 3.63
  }, {
    "date" : "2011-06-30",
    "sales" : 36.04,
    "salesGrowthYoY" : -13.05,
    "grossProfitMargin" : 80.74,
    "grossProfit" : 29.10,
    "operatingProfitMargin" : -12.07,
    "operatingProfit" : -4.35,
    "netProfitMargin" : -10.74,
    "netProfit" : -3.87
  }, {
    "date" : "2011-09-30",
    "sales" : 49.05,
    "salesGrowthYoY" : 4.27,
    "grossProfitMargin" : 62.41,
    "grossProfit" : 30.61,
    "operatingProfitMargin" : -4.42,
    "operatingProfit" : -2.17,
    "netProfitMargin" : -10.91,
    "netProfit" : -5.35
  }, {
    "date" : "2011-12-31",
    "sales" : 76.18,
    "salesGrowthYoY" : 69.70,
    "grossProfitMargin" : 60.61,
    "grossProfit" : 46.17,
    "operatingProfitMargin" : 0.35,
    "operatingProfit" : 0.27,
    "netProfitMargin" : -2.13,
    "netProfit" : -1.62
  }, {
    "date" : "2012-03-31",
    "sales" : 89.24,
    "salesGrowthYoY" : 30.81,
    "grossProfitMargin" : 41.30,
    "grossProfit" : 36.86,
    "operatingProfitMargin" : 3.56,
    "operatingProfit" : 3.18,
    "netProfitMargin" : -2.47,
    "netProfit" : -2.20
  }, {
    "date" : "2012-06-30",
    "sales" : 67.95,
    "salesGrowthYoY" : 88.54,
    "grossProfitMargin" : 59.76,
    "grossProfit" : 40.61,
    "operatingProfitMargin" : 4.08,
    "operatingProfit" : 2.77,
    "netProfitMargin" : 0.01,
    "netProfit" : 0.01
  }, {
    "date" : "2012-09-30",
    "sales" : 87.09,
    "salesGrowthYoY" : 77.55,
    "grossProfitMargin" : 51.19,
    "grossProfit" : 44.58,
    "operatingProfitMargin" : 5.70,
    "operatingProfit" : 4.96,
    "netProfitMargin" : 1.53,
    "netProfit" : 1.33
  }, {
    "date" : "2012-12-31",
    "sales" : 90.39,
    "salesGrowthYoY" : 18.65,
    "grossProfitMargin" : 42.16,
    "grossProfit" : 38.11,
    "operatingProfitMargin" : 4.41,
    "operatingProfit" : 3.99,
    "netProfitMargin" : 0.18,
    "netProfit" : 0.16
  }, {
    "date" : "2013-03-31",
    "sales" : 92.48,
    "salesGrowthYoY" : 3.63,
    "grossProfitMargin" : 65.72,
    "grossProfit" : 60.78,
    "operatingProfitMargin" : 9.62,
    "operatingProfit" : 8.90,
    "netProfitMargin" : 4.57,
    "netProfit" : 4.23
  }, {
    "date" : "2013-06-30",
    "sales" : 58.55,
    "salesGrowthYoY" : -13.83,
    "grossProfitMargin" : 44.82,
    "grossProfit" : 26.24,
    "operatingProfitMargin" : 2.51,
    "operatingProfit" : 1.47,
    "netProfitMargin" : -7.12,
    "netProfit" : -4.17
  }, {
    "date" : "2013-09-30",
    "sales" : 92.83,
    "salesGrowthYoY" : 6.59,
    "grossProfitMargin" : 52.87,
    "grossProfit" : 49.08,
    "operatingProfitMargin" : 13.12,
    "operatingProfit" : 12.18,
    "netProfitMargin" : 9.38,
    "netProfit" : 8.71
  }, {
    "date" : "2013-12-31",
    "sales" : 130.20,
    "salesGrowthYoY" : 44.04,
    "grossProfitMargin" : 50.71,
    "grossProfit" : 66.02,
    "operatingProfitMargin" : 10.68,
    "operatingProfit" : 13.91,
    "netProfitMargin" : 5.17,
    "netProfit" : 6.73
  }, {
    "date" : "2014-03-31",
    "sales" : 142.57,
    "salesGrowthYoY" : 54.16,
    "grossProfitMargin" : 53.36,
    "grossProfit" : 76.08,
    "operatingProfitMargin" : 13.71,
    "operatingProfit" : 19.55,
    "netProfitMargin" : 6.73,
    "netProfit" : 9.59
  }, {
    "date" : "2014-06-30",
    "sales" : 121.81,
    "salesGrowthYoY" : 108.04,
    "grossProfitMargin" : 24.69,
    "grossProfit" : 30.07,
    "operatingProfitMargin" : 12.01,
    "operatingProfit" : 14.63,
    "netProfitMargin" : 4.56,
    "netProfit" : 5.55
  }, {
    "date" : "2014-09-30",
    "sales" : 116.14,
    "salesGrowthYoY" : 25.11,
    "grossProfitMargin" : 48.94,
    "grossProfit" : 56.84,
    "operatingProfitMargin" : 9.40,
    "operatingProfit" : 10.92,
    "netProfitMargin" : 5.59,
    "netProfit" : 6.49
  }, {
    "date" : "2014-12-31",
    "sales" : 159.99,
    "salesGrowthYoY" : 22.88,
    "grossProfitMargin" : 27.83,
    "grossProfit" : 44.53,
    "operatingProfitMargin" : 13.83,
    "operatingProfit" : 22.13,
    "netProfitMargin" : 5.99,
    "netProfit" : 9.58
  }, {
    "date" : "2015-03-31",
    "sales" : 253.59,
    "salesGrowthYoY" : 77.87,
    "grossProfitMargin" : 33.72,
    "grossProfit" : 85.51,
    "operatingProfitMargin" : 20.10,
    "operatingProfit" : 50.97,
    "netProfitMargin" : 14.28,
    "netProfit" : 36.21
  }, {
    "date" : "2015-06-30",
    "sales" : 204.64,
    "salesGrowthYoY" : 68.00,
    "grossProfitMargin" : 33.10,
    "grossProfit" : 67.74,
    "operatingProfitMargin" : 20.95,
    "operatingProfit" : 42.87,
    "netProfitMargin" : 9.87,
    "netProfit" : 20.20
  }, {
    "date" : "2015-09-30",
    "sales" : 233.32,
    "salesGrowthYoY" : 100.90,
    "grossProfitMargin" : 33.82,
    "grossProfit" : 78.91,
    "operatingProfitMargin" : 20.65,
    "operatingProfit" : 48.18,
    "netProfitMargin" : 11.09,
    "netProfit" : 25.88
  }, {
    "date" : "2015-12-31",
    "sales" : 249.62,
    "salesGrowthYoY" : 56.02,
    "grossProfitMargin" : 27.13,
    "grossProfit" : 67.72,
    "operatingProfitMargin" : 14.53,
    "operatingProfit" : 36.27,
    "netProfitMargin" : 6.23,
    "netProfit" : 15.55
  }, {
    "date" : "2016-03-31",
    "sales" : 296.28,
    "salesGrowthYoY" : 16.83,
    "grossProfitMargin" : 27.28,
    "grossProfit" : 80.83,
    "operatingProfitMargin" : 13.99,
    "operatingProfit" : 41.45,
    "netProfitMargin" : 6.90,
    "netProfit" : 20.44
  }, {
    "date" : "2016-06-30",
    "sales" : 213.08,
    "salesGrowthYoY" : 4.12,
    "grossProfitMargin" : 87.65,
    "grossProfit" : 186.76,
    "operatingProfitMargin" : 13.38,
    "operatingProfit" : 28.51,
    "netProfitMargin" : 6.46,
    "netProfit" : 13.76
  }, {
    "date" : "2016-09-30",
    "sales" : 240.12,
    "salesGrowthYoY" : 2.91,
    "grossProfitMargin" : 27.48,
    "grossProfit" : 65.98,
    "operatingProfitMargin" : 13.69,
    "operatingProfit" : 32.87,
    "netProfitMargin" : 6.98,
    "netProfit" : 16.76
  }, {
    "date" : "2016-12-31",
    "sales" : 207.59,
    "salesGrowthYoY" : -16.84,
    "grossProfitMargin" : 30.10,
    "grossProfit" : 62.48,
    "operatingProfitMargin" : 13.78,
    "operatingProfit" : 28.61,
    "netProfitMargin" : 5.22,
    "netProfit" : 10.84
  }, {
    "date" : "2017-03-31",
    "sales" : 336.89,
    "salesGrowthYoY" : 13.71,
    "grossProfitMargin" : 84.93,
    "grossProfit" : 286.12,
    "operatingProfitMargin" : 11.47,
    "operatingProfit" : 38.64,
    "netProfitMargin" : 7.21,
    "netProfit" : 24.29
  }, {
    "date" : "2017-06-30",
    "sales" : 293.83,
    "salesGrowthYoY" : 37.90,
    "grossProfitMargin" : 102.78,
    "grossProfit" : 302.00,
    "operatingProfitMargin" : 13.35,
    "operatingProfit" : 39.23,
    "netProfitMargin" : 6.34,
    "netProfit" : 18.63
  }, {
    "date" : "2017-09-30",
    "sales" : 293.78,
    "salesGrowthYoY" : 22.35,
    "grossProfitMargin" : 76.34,
    "grossProfit" : 224.27,
    "operatingProfitMargin" : 13.33,
    "operatingProfit" : 39.16,
    "netProfitMargin" : 7.29,
    "netProfit" : 21.42
  }, {
    "date" : "2017-12-31",
    "sales" : 320.48,
    "salesGrowthYoY" : 54.38,
    "grossProfitMargin" : 79.40,
    "grossProfit" : 254.46,
    "operatingProfitMargin" : 12.94,
    "operatingProfit" : 41.47,
    "netProfitMargin" : 5.19,
    "netProfit" : 16.63
  }, {
    "date" : "2018-03-31",
    "sales" : 434.53,
    "salesGrowthYoY" : 28.98,
    "grossProfitMargin" : 91.93,
    "grossProfit" : 399.46,
    "operatingProfitMargin" : 13.23,
    "operatingProfit" : 57.49,
    "netProfitMargin" : 6.13,
    "netProfit" : 26.64
  }, {
    "date" : "2018-06-30",
    "sales" : 404.74,
    "salesGrowthYoY" : 37.75,
    "grossProfitMargin" : 126.18,
    "grossProfit" : 510.70,
    "operatingProfitMargin" : 16.60,
    "operatingProfit" : 67.19,
    "netProfitMargin" : 8.23,
    "netProfit" : 33.31
  }, {
    "date" : "2018-09-30",
    "sales" : 566.19,
    "salesGrowthYoY" : 92.73,
    "grossProfitMargin" : 84.18,
    "grossProfit" : 476.62,
    "operatingProfitMargin" : 17.90,
    "operatingProfit" : 101.35,
    "netProfitMargin" : 9.84,
    "netProfit" : 55.71
  }, {
    "date" : "2018-12-31",
    "sales" : 522.86,
    "salesGrowthYoY" : 63.15,
    "grossProfitMargin" : 88.08,
    "grossProfit" : 460.54,
    "operatingProfitMargin" : 15.61,
    "operatingProfit" : 81.62,
    "netProfitMargin" : 7.22,
    "netProfit" : 37.75
  }, {
    "date" : "2019-03-31",
    "sales" : 601.58,
    "salesGrowthYoY" : 38.44,
    "grossProfitMargin" : 24.46,
    "grossProfit" : 147.15,
    "operatingProfitMargin" : 14.89,
    "operatingProfit" : 89.58,
    "netProfitMargin" : 6.96,
    "netProfit" : 41.87
  }, {
    "date" : "2019-06-30",
    "sales" : 418.95,
    "salesGrowthYoY" : 3.51,
    "grossProfitMargin" : 27.04,
    "grossProfit" : 113.28,
    "operatingProfitMargin" : 15.16,
    "operatingProfit" : 63.51,
    "netProfitMargin" : 7.89,
    "netProfit" : 33.06
  }, {
    "date" : "2019-09-30",
    "sales" : 431.91,
    "salesGrowthYoY" : -23.72,
    "grossProfitMargin" : 93.24,
    "grossProfit" : 402.71,
    "operatingProfitMargin" : 13.68,
    "operatingProfit" : 59.09,
    "netProfitMargin" : 6.89,
    "netProfit" : 29.76
  }, {
    "date" : "2019-12-31",
    "sales" : 572.30,
    "salesGrowthYoY" : 9.46,
    "grossProfitMargin" : 21.67,
    "grossProfit" : 124.02,
    "operatingProfitMargin" : 12.88,
    "operatingProfit" : 73.71,
    "netProfitMargin" : 6.26,
    "netProfit" : 35.83
  }, {
    "date" : "2020-03-31",
    "sales" : 459.09,
    "salesGrowthYoY" : -23.69,
    "grossProfitMargin" : 24.87,
    "grossProfit" : 114.18,
    "operatingProfitMargin" : 13.68,
    "operatingProfit" : 62.80,
    "netProfitMargin" : 6.15,
    "netProfit" : 28.23
  }, {
    "date" : "2020-06-30",
    "sales" : 280.45,
    "salesGrowthYoY" : -33.06,
    "grossProfitMargin" : 24.91,
    "grossProfit" : 69.86,
    "operatingProfitMargin" : 12.61,
    "operatingProfit" : 35.36,
    "netProfitMargin" : 7.99,
    "netProfit" : 22.41
  }, {
    "date" : "2020-09-30",
    "sales" : 327.89,
    "salesGrowthYoY" : -24.08,
    "grossProfitMargin" : 25.44,
    "grossProfit" : 83.42,
    "operatingProfitMargin" : 13.93,
    "operatingProfit" : 45.68,
    "netProfitMargin" : 6.85,
    "netProfit" : 22.46
  }, {
    "date" : "2020-12-31",
    "sales" : 337.16,
    "salesGrowthYoY" : -41.09,
    "grossProfitMargin" : 24.54,
    "grossProfit" : 82.74,
    "operatingProfitMargin" : 12.67,
    "operatingProfit" : 42.72,
    "netProfitMargin" : 4.05,
    "netProfit" : 13.65
  }, {
    "date" : "2021-03-31",
    "sales" : 556.56,
    "salesGrowthYoY" : 21.23,
    "grossProfitMargin" : 26.19,
    "grossProfit" : 145.76,
    "operatingProfitMargin" : 15.53,
    "operatingProfit" : 86.43,
    "netProfitMargin" : 8.09,
    "netProfit" : 45.03
  }, {
    "date" : "2021-06-30",
    "sales" : 342.27,
    "salesGrowthYoY" : 22.04,
    "grossProfitMargin" : 31.90,
    "grossProfit" : 109.18,
    "operatingProfitMargin" : 17.09,
    "operatingProfit" : 58.49,
    "netProfitMargin" : 7.89,
    "netProfit" : 27.01
  }, {
    "date" : "2021-09-30",
    "sales" : 321.66,
    "salesGrowthYoY" : -1.90,
    "grossProfitMargin" : 23.28,
    "grossProfit" : 74.88,
    "operatingProfitMargin" : 10.24,
    "operatingProfit" : 32.94,
    "netProfitMargin" : 5.87,
    "netProfit" : 18.88
  }, {
    "date" : "2021-12-31",
    "sales" : 302.18,
    "salesGrowthYoY" : -10.37,
    "grossProfitMargin" : 25.47,
    "grossProfit" : 76.97,
    "operatingProfitMargin" : 11.92,
    "operatingProfit" : 36.02,
    "netProfitMargin" : 6.08,
    "netProfit" : 18.37
  }, {
    "date" : "2022-03-31",
    "sales" : 357.83,
    "salesGrowthYoY" : -35.71,
    "grossProfitMargin" : 20.29,
    "grossProfit" : 72.60,
    "operatingProfitMargin" : 9.11,
    "operatingProfit" : 32.60,
    "netProfitMargin" : 5.68,
    "netProfit" : 20.32
  }, {
    "date" : "2022-06-30",
    "sales" : 313.98,
    "salesGrowthYoY" : -8.27,
    "grossProfitMargin" : 26.46,
    "grossProfit" : 83.08,
    "operatingProfitMargin" : 11.91,
    "operatingProfit" : 37.40,
    "netProfitMargin" : 5.49,
    "netProfit" : 17.24
  }, {
    "date" : "2022-09-30",
    "sales" : 572.93,
    "salesGrowthYoY" : 78.12,
    "grossProfitMargin" : 18.73,
    "grossProfit" : 107.31,
    "operatingProfitMargin" : 8.97,
    "operatingProfit" : 51.39,
    "netProfitMargin" : 5.33,
    "netProfit" : 30.54
  }, {
    "date" : "2022-12-31",
    "sales" : 638.27,
    "salesGrowthYoY" : 111.22,
    "grossProfitMargin" : 19.75,
    "grossProfit" : 126.06,
    "operatingProfitMargin" : 10.03,
    "operatingProfit" : 64.02,
    "netProfitMargin" : 5.16,
    "netProfit" : 32.93
  }, {
    "date" : "2023-03-31",
    "sales" : 1374.93,
    "salesGrowthYoY" : 284.24,
    "grossProfitMargin" : 14.70,
    "grossProfit" : 202.11,
    "operatingProfitMargin" : 9.29,
    "operatingProfit" : 127.73,
    "netProfitMargin" : 5.35,
    "netProfit" : 73.56
  }, {
    "date" : "2023-06-30",
    "sales" : 850.82,
    "salesGrowthYoY" : 170.98,
    "grossProfitMargin" : 16.55,
    "grossProfit" : 140.81,
    "operatingProfitMargin" : 8.34,
    "operatingProfit" : 70.96,
    "netProfitMargin" : 4.45,
    "netProfit" : 37.86
  }, {
    "date" : "2023-09-30",
    "sales" : 861.99,
    "salesGrowthYoY" : 50.45,
    "grossProfitMargin" : 15.73,
    "grossProfit" : 135.59,
    "operatingProfitMargin" : 6.98,
    "operatingProfit" : 60.17,
    "netProfitMargin" : 3.72,
    "netProfit" : 32.07
  }, {
    "date" : "2023-12-31",
    "sales" : 1083.74,
    "salesGrowthYoY" : 69.79,
    "grossProfitMargin" : 14.48,
    "grossProfit" : 156.93,
    "operatingProfitMargin" : 6.95,
    "operatingProfit" : 75.32,
    "netProfitMargin" : 3.31,
    "netProfit" : 35.87
  }, {
    "date" : "2024-03-31",
    "sales" : 1291.83,
    "salesGrowthYoY" : -6.04,
    "grossProfitMargin" : 13.59,
    "grossProfit" : 175.56,
    "operatingProfitMargin" : 6.97,
    "operatingProfit" : 90.04,
    "netProfitMargin" : 3.81,
    "netProfit" : 49.22
  }, {
    "date" : "2024-06-30",
    "sales" : 833.40,
    "salesGrowthYoY" : -2.05,
    "grossProfitMargin" : 16.47,
    "grossProfit" : 137.26,
    "operatingProfitMargin" : 5.89,
    "operatingProfit" : 49.09,
    "netProfitMargin" : 2.36,
    "netProfit" : 19.67
  }, {
    "date" : "2024-09-30",
    "sales" : 952.67,
    "salesGrowthYoY" : 10.52,
    "grossProfitMargin" : 15.03,
    "grossProfit" : 143.19,
    "operatingProfitMargin" : 5.93,
    "operatingProfit" : 56.49,
    "netProfitMargin" : 3.23,
    "netProfit" : 30.77
  }, {
    "date" : "2024-12-31",
    "sales" : 1037.12,
    "salesGrowthYoY" : -4.30,
    "grossProfitMargin" : 14.51,
    "grossProfit" : 150.49,
    "operatingProfitMargin" : 6.27,
    "operatingProfit" : 65.03,
    "netProfitMargin" : 2.60,
    "netProfit" : 26.97
  }, {
    "date" : "2025-03-31",
    "sales" : 1230.65,
    "salesGrowthYoY" : -4.74,
    "grossProfitMargin" : 15.15,
    "grossProfit" : 186.44,
    "operatingProfitMargin" : 7.15,
    "operatingProfit" : 87.99,
    "netProfitMargin" : 3.10,
    "netProfit" : 38.15
  }, {
    "date" : "2025-06-30",
    "sales" : 901.61,
    "salesGrowthYoY" : 8.18,
    "grossProfitMargin" : 16.46,
    "grossProfit" : 148.41,
    "operatingProfitMargin" : 6.59,
    "operatingProfit" : 59.42,
    "netProfitMargin" : 2.32,
    "netProfit" : 20.92
  }, {
    "date" : "2025-09-30",
    "sales" : 949.10,
    "salesGrowthYoY" : -0.37,
    "grossProfitMargin" : 17.34,
    "grossProfit" : 164.57,
    "operatingProfitMargin" : 7.50,
    "operatingProfit" : 71.18,
    "netProfitMargin" : 3.34,
    "netProfit" : 31.70
  } ],
  "latestQuarterlyResult" : {
    "date" : "2025-09-30",
    "sales" : 949.10,
    "salesGrowthYoY" : -0.37,
    "grossProfitMargin" : 17.34,
    "grossProfit" : 164.57,
    "operatingProfitMargin" : 7.50,
    "operatingProfit" : 71.18,
    "netProfitMargin" : 3.34,
    "netProfit" : 31.70
  },
  "companyScore" : {
    "priceHigherThanDma50" : 0.00,
    "priceHigherThanDma100" : 0.00,
    "priceHigherThanDma200" : 0.00,
    "dma50HigherThanDma100" : 0.00,
    "dma50HigherThanDma200" : 0.00,
    "dma100HigherThanDma200" : 0.00,
    "pricePercentageAboveDma50" : 5.04,
    "pricePercentageAboveDma100" : 5.09,
    "pricePercentageAboveDma200" : 5.34,
    "weeklyVolumeHigherThanYearlyVolume" : 0.00,
    "salesGrowthPercentile" : 6.84,
    "operatingProfitMarginPercentile" : 16.00,
    "netProfitMarginPercentile" : 5.50,
    "totalTechnicalScore" : 15.47,
    "totalFundamentalScore" : 28.34,
    "totalScore" : 43.81
  }
}