{
  "metadata" : {
    "screenerCompanyId" : "2938",
    "companyCode" : "VIYASH",
    "companyName" : "Viyash Scientific",
    "screenerCompanyLink" : "https://www.screener.in/company/VIYASH/consolidated/",
    "screenerTechnicalHistoryLink" : "https://www.screener.in/api/company/2938/chart/?q=Price-DMA50-DMA200-Volume&days=365",
    "screenerQuarterlyResultsLink" : "https://www.screener.in/api/company/2938/chart/?q=GPM-OPM-NPM-Quarter+Sales&days=10000",
    "attributes" : {
      "companyCode" : "VIYASH",
      "companyName" : "Viyash Scientific",
      "marketCap" : 9316.00,
      "peRatio" : 215.00,
      "description" : "Sequent Scientific is India's leading animal health company, with presence in 5+ continents across 100 countries. Sequent Scientific Limited provides a wide-ranging portfolio of animal health products, including Finished Dose Formulations, APIs, as well as analytical services to the pharmaceutical and life sciences industries."
    },
    "companyScore" : {
      "priceHigherThanDma50" : 5.00,
      "priceHigherThanDma100" : 5.00,
      "priceHigherThanDma200" : 5.00,
      "dma50HigherThanDma100" : 0.00,
      "dma50HigherThanDma200" : 5.00,
      "dma100HigherThanDma200" : 5.00,
      "pricePercentageAboveDma50" : 4.84,
      "pricePercentageAboveDma100" : 4.89,
      "pricePercentageAboveDma200" : 4.54,
      "weeklyVolumeHigherThanYearlyVolume" : 0.00,
      "salesGrowthPercentile" : 3.72,
      "operatingProfitMarginPercentile" : 7.19,
      "netProfitMarginPercentile" : 8.07,
      "totalTechnicalScore" : 39.27,
      "totalFundamentalScore" : 18.99,
      "totalScore" : 58.26
    }
  },
  "attributes" : {
    "companyCode" : "VIYASH",
    "companyName" : "Viyash Scientific",
    "marketCap" : 9316.00,
    "peRatio" : 215.00,
    "description" : "Sequent Scientific is India's leading animal health company, with presence in 5+ continents across 100 countries. Sequent Scientific Limited provides a wide-ranging portfolio of animal health products, including Finished Dose Formulations, APIs, as well as analytical services to the pharmaceutical and life sciences industries."
  },
  "technicalHistory" : [ {
    "date" : "2025-02-04",
    "price" : 163.74,
    "dma50" : 178.07,
    "dma100" : null,
    "dma200" : 165.23,
    "volume" : 219888.00
  }, {
    "date" : "2025-02-05",
    "price" : 164.36,
    "dma50" : 177.53,
    "dma100" : null,
    "dma200" : 165.22,
    "volume" : 299978.00
  }, {
    "date" : "2025-02-06",
    "price" : 163.02,
    "dma50" : 176.96,
    "dma100" : null,
    "dma200" : 165.20,
    "volume" : 282190.00
  }, {
    "date" : "2025-02-07",
    "price" : 158.10,
    "dma50" : 176.22,
    "dma100" : null,
    "dma200" : 165.13,
    "volume" : 417552.00
  }, {
    "date" : "2025-02-10",
    "price" : 156.58,
    "dma50" : 175.45,
    "dma100" : null,
    "dma200" : 165.05,
    "volume" : 294972.00
  }, {
    "date" : "2025-02-11",
    "price" : 151.87,
    "dma50" : 174.53,
    "dma100" : null,
    "dma200" : 164.91,
    "volume" : 677781.00
  }, {
    "date" : "2025-02-12",
    "price" : 151.74,
    "dma50" : 173.63,
    "dma100" : null,
    "dma200" : 164.78,
    "volume" : 1048740.00
  }, {
    "date" : "2025-02-13",
    "price" : 157.71,
    "dma50" : 173.01,
    "dma100" : null,
    "dma200" : 164.71,
    "volume" : 798756.00
  }, {
    "date" : "2025-02-14",
    "price" : 146.52,
    "dma50" : 171.97,
    "dma100" : null,
    "dma200" : 164.53,
    "volume" : 531812.00
  }, {
    "date" : "2025-02-17",
    "price" : 150.77,
    "dma50" : 171.14,
    "dma100" : null,
    "dma200" : 164.40,
    "volume" : 499506.00
  }, {
    "date" : "2025-02-18",
    "price" : 147.79,
    "dma50" : 170.22,
    "dma100" : null,
    "dma200" : 164.23,
    "volume" : 448826.00
  }, {
    "date" : "2025-02-19",
    "price" : 150.08,
    "dma50" : 169.43,
    "dma100" : null,
    "dma200" : 164.09,
    "volume" : 479751.00
  }, {
    "date" : "2025-02-20",
    "price" : 158.71,
    "dma50" : 169.01,
    "dma100" : null,
    "dma200" : 164.04,
    "volume" : 642735.00
  }, {
    "date" : "2025-02-21",
    "price" : 159.51,
    "dma50" : 168.64,
    "dma100" : null,
    "dma200" : 163.99,
    "volume" : 409750.00
  }, {
    "date" : "2025-02-24",
    "price" : 156.12,
    "dma50" : 168.15,
    "dma100" : null,
    "dma200" : 163.91,
    "volume" : 288859.00
  }, {
    "date" : "2025-02-25",
    "price" : 157.46,
    "dma50" : 167.73,
    "dma100" : null,
    "dma200" : 163.85,
    "volume" : 427671.00
  }, {
    "date" : "2025-02-27",
    "price" : 151.12,
    "dma50" : 167.08,
    "dma100" : null,
    "dma200" : 163.72,
    "volume" : 304020.00
  }, {
    "date" : "2025-02-28",
    "price" : 148.61,
    "dma50" : 166.36,
    "dma100" : null,
    "dma200" : 163.57,
    "volume" : 564911.00
  }, {
    "date" : "2025-03-03",
    "price" : 141.47,
    "dma50" : 165.38,
    "dma100" : null,
    "dma200" : 163.35,
    "volume" : 530628.00
  }, {
    "date" : "2025-03-04",
    "price" : 146.68,
    "dma50" : 164.65,
    "dma100" : null,
    "dma200" : 163.19,
    "volume" : 958005.00
  }, {
    "date" : "2025-03-05",
    "price" : 152.05,
    "dma50" : 164.15,
    "dma100" : null,
    "dma200" : 163.07,
    "volume" : 403700.00
  }, {
    "date" : "2025-03-06",
    "price" : 154.83,
    "dma50" : 163.79,
    "dma100" : null,
    "dma200" : 162.99,
    "volume" : 405323.00
  }, {
    "date" : "2025-03-07",
    "price" : 155.35,
    "dma50" : 163.46,
    "dma100" : null,
    "dma200" : 162.92,
    "volume" : 379553.00
  }, {
    "date" : "2025-03-10",
    "price" : 144.77,
    "dma50" : 162.72,
    "dma100" : null,
    "dma200" : 162.74,
    "volume" : 463286.00
  }, {
    "date" : "2025-03-11",
    "price" : 142.81,
    "dma50" : 161.94,
    "dma100" : null,
    "dma200" : 162.54,
    "volume" : 611376.00
  }, {
    "date" : "2025-03-12",
    "price" : 141.33,
    "dma50" : 161.13,
    "dma100" : null,
    "dma200" : 162.33,
    "volume" : 448239.00
  }, {
    "date" : "2025-03-13",
    "price" : 136.22,
    "dma50" : 160.16,
    "dma100" : null,
    "dma200" : 162.07,
    "volume" : 625349.00
  }, {
    "date" : "2025-03-17",
    "price" : 131.12,
    "dma50" : 159.02,
    "dma100" : null,
    "dma200" : 161.76,
    "volume" : 931674.00
  }, {
    "date" : "2025-03-18",
    "price" : 139.18,
    "dma50" : 158.24,
    "dma100" : null,
    "dma200" : 161.53,
    "volume" : 826509.00
  }, {
    "date" : "2025-03-19",
    "price" : 144.56,
    "dma50" : 157.70,
    "dma100" : null,
    "dma200" : 161.37,
    "volume" : 744330.00
  }, {
    "date" : "2025-03-20",
    "price" : 143.36,
    "dma50" : 157.14,
    "dma100" : null,
    "dma200" : 161.19,
    "volume" : 535347.00
  }, {
    "date" : "2025-03-21",
    "price" : 144.70,
    "dma50" : 156.65,
    "dma100" : null,
    "dma200" : 161.02,
    "volume" : 597738.00
  }, {
    "date" : "2025-03-24",
    "price" : 144.85,
    "dma50" : 156.19,
    "dma100" : null,
    "dma200" : 160.86,
    "volume" : 726859.00
  }, {
    "date" : "2025-03-25",
    "price" : 136.79,
    "dma50" : 155.43,
    "dma100" : null,
    "dma200" : 160.62,
    "volume" : 992765.00
  }, {
    "date" : "2025-03-26",
    "price" : 133.45,
    "dma50" : 154.57,
    "dma100" : null,
    "dma200" : 160.35,
    "volume" : 1174628.00
  }, {
    "date" : "2025-03-27",
    "price" : 132.79,
    "dma50" : 153.71,
    "dma100" : null,
    "dma200" : 160.08,
    "volume" : 1663347.00
  }, {
    "date" : "2025-03-28",
    "price" : 130.82,
    "dma50" : 152.82,
    "dma100" : null,
    "dma200" : 159.79,
    "volume" : 786467.00
  }, {
    "date" : "2025-04-01",
    "price" : 135.81,
    "dma50" : 152.15,
    "dma100" : null,
    "dma200" : 159.55,
    "volume" : 569706.00
  }, {
    "date" : "2025-04-02",
    "price" : 137.13,
    "dma50" : 151.56,
    "dma100" : null,
    "dma200" : 159.32,
    "volume" : 550308.00
  }, {
    "date" : "2025-04-03",
    "price" : 142.68,
    "dma50" : 151.21,
    "dma100" : null,
    "dma200" : 159.16,
    "volume" : 679298.00
  }, {
    "date" : "2025-04-04",
    "price" : 133.77,
    "dma50" : 150.53,
    "dma100" : null,
    "dma200" : 158.91,
    "volume" : 716090.00
  }, {
    "date" : "2025-04-07",
    "price" : 126.68,
    "dma50" : 149.59,
    "dma100" : null,
    "dma200" : 158.59,
    "volume" : 1484283.00
  }, {
    "date" : "2025-04-08",
    "price" : 136.92,
    "dma50" : 149.10,
    "dma100" : null,
    "dma200" : 158.37,
    "volume" : 996610.00
  }, {
    "date" : "2025-04-09",
    "price" : 132.09,
    "dma50" : 148.43,
    "dma100" : null,
    "dma200" : 158.11,
    "volume" : 424947.00
  }, {
    "date" : "2025-04-11",
    "price" : 137.18,
    "dma50" : 147.99,
    "dma100" : null,
    "dma200" : 157.90,
    "volume" : 590088.00
  }, {
    "date" : "2025-04-15",
    "price" : 144.11,
    "dma50" : 147.84,
    "dma100" : null,
    "dma200" : 157.76,
    "volume" : 721733.00
  }, {
    "date" : "2025-04-16",
    "price" : 145.02,
    "dma50" : 147.72,
    "dma100" : null,
    "dma200" : 157.64,
    "volume" : 708856.00
  }, {
    "date" : "2025-04-17",
    "price" : 147.34,
    "dma50" : 147.71,
    "dma100" : null,
    "dma200" : 157.53,
    "volume" : 1017188.00
  }, {
    "date" : "2025-04-21",
    "price" : 148.17,
    "dma50" : 147.73,
    "dma100" : null,
    "dma200" : 157.44,
    "volume" : 565257.00
  }, {
    "date" : "2025-04-22",
    "price" : 146.23,
    "dma50" : 147.67,
    "dma100" : null,
    "dma200" : 157.33,
    "volume" : 297413.00
  }, {
    "date" : "2025-04-23",
    "price" : 148.72,
    "dma50" : 147.71,
    "dma100" : null,
    "dma200" : 157.24,
    "volume" : 416900.00
  }, {
    "date" : "2025-04-24",
    "price" : 154.04,
    "dma50" : 147.96,
    "dma100" : null,
    "dma200" : 157.21,
    "volume" : 1291039.00
  }, {
    "date" : "2025-04-25",
    "price" : 148.12,
    "dma50" : 147.96,
    "dma100" : null,
    "dma200" : 157.12,
    "volume" : 680937.00
  }, {
    "date" : "2025-04-28",
    "price" : 150.12,
    "dma50" : 148.05,
    "dma100" : null,
    "dma200" : 157.05,
    "volume" : 440954.00
  }, {
    "date" : "2025-04-29",
    "price" : 147.38,
    "dma50" : 148.02,
    "dma100" : null,
    "dma200" : 156.96,
    "volume" : 424532.00
  }, {
    "date" : "2025-04-30",
    "price" : 144.10,
    "dma50" : 147.87,
    "dma100" : null,
    "dma200" : 156.83,
    "volume" : 368322.00
  }, {
    "date" : "2025-05-02",
    "price" : 143.21,
    "dma50" : 147.69,
    "dma100" : null,
    "dma200" : 156.69,
    "volume" : 429045.00
  }, {
    "date" : "2025-05-05",
    "price" : 156.33,
    "dma50" : 148.03,
    "dma100" : null,
    "dma200" : 156.69,
    "volume" : 2488929.00
  }, {
    "date" : "2025-05-06",
    "price" : 153.15,
    "dma50" : 148.23,
    "dma100" : null,
    "dma200" : 156.65,
    "volume" : 769136.00
  }, {
    "date" : "2025-05-07",
    "price" : 152.68,
    "dma50" : 148.40,
    "dma100" : null,
    "dma200" : 156.61,
    "volume" : 634787.00
  }, {
    "date" : "2025-05-08",
    "price" : 155.16,
    "dma50" : 148.67,
    "dma100" : null,
    "dma200" : 156.60,
    "volume" : 1792515.00
  }, {
    "date" : "2025-05-09",
    "price" : 161.13,
    "dma50" : 149.16,
    "dma100" : null,
    "dma200" : 156.64,
    "volume" : 1672217.00
  }, {
    "date" : "2025-05-12",
    "price" : 169.22,
    "dma50" : 149.94,
    "dma100" : null,
    "dma200" : 156.77,
    "volume" : 1155425.00
  }, {
    "date" : "2025-05-13",
    "price" : 167.52,
    "dma50" : 150.63,
    "dma100" : null,
    "dma200" : 156.88,
    "volume" : 1054713.00
  }, {
    "date" : "2025-05-14",
    "price" : 174.34,
    "dma50" : 151.56,
    "dma100" : null,
    "dma200" : 157.05,
    "volume" : 1197814.00
  }, {
    "date" : "2025-05-15",
    "price" : 176.34,
    "dma50" : 152.53,
    "dma100" : null,
    "dma200" : 157.24,
    "volume" : 1088699.00
  }, {
    "date" : "2025-05-16",
    "price" : 181.92,
    "dma50" : 153.69,
    "dma100" : null,
    "dma200" : 157.49,
    "volume" : 2398150.00
  }, {
    "date" : "2025-05-19",
    "price" : 177.29,
    "dma50" : 154.61,
    "dma100" : null,
    "dma200" : 157.68,
    "volume" : 978056.00
  }, {
    "date" : "2025-05-20",
    "price" : 169.39,
    "dma50" : 155.19,
    "dma100" : null,
    "dma200" : 157.80,
    "volume" : 3145003.00
  }, {
    "date" : "2025-05-21",
    "price" : 178.73,
    "dma50" : 156.11,
    "dma100" : null,
    "dma200" : 158.01,
    "volume" : 2626113.00
  }, {
    "date" : "2025-05-22",
    "price" : 180.09,
    "dma50" : 157.05,
    "dma100" : null,
    "dma200" : 158.23,
    "volume" : 888808.00
  }, {
    "date" : "2025-05-23",
    "price" : 179.93,
    "dma50" : 157.95,
    "dma100" : null,
    "dma200" : 158.44,
    "volume" : 1596863.00
  }, {
    "date" : "2025-05-26",
    "price" : 183.75,
    "dma50" : 158.96,
    "dma100" : null,
    "dma200" : 158.70,
    "volume" : 770310.00
  }, {
    "date" : "2025-05-27",
    "price" : 196.08,
    "dma50" : 160.42,
    "dma100" : null,
    "dma200" : 159.07,
    "volume" : 2901118.00
  }, {
    "date" : "2025-05-28",
    "price" : 185.98,
    "dma50" : 161.42,
    "dma100" : null,
    "dma200" : 159.34,
    "volume" : 1033476.00
  }, {
    "date" : "2025-05-29",
    "price" : 194.43,
    "dma50" : 162.72,
    "dma100" : null,
    "dma200" : 159.69,
    "volume" : 1891729.00
  }, {
    "date" : "2025-05-30",
    "price" : 191.84,
    "dma50" : 163.86,
    "dma100" : null,
    "dma200" : 160.01,
    "volume" : 722701.00
  }, {
    "date" : "2025-06-02",
    "price" : 197.70,
    "dma50" : 165.18,
    "dma100" : null,
    "dma200" : 160.38,
    "volume" : 1444404.00
  }, {
    "date" : "2025-06-03",
    "price" : 192.41,
    "dma50" : 166.25,
    "dma100" : null,
    "dma200" : 160.70,
    "volume" : 724877.00
  }, {
    "date" : "2025-06-04",
    "price" : 192.30,
    "dma50" : 167.27,
    "dma100" : null,
    "dma200" : 161.01,
    "volume" : 526719.00
  }, {
    "date" : "2025-06-05",
    "price" : 192.63,
    "dma50" : 168.27,
    "dma100" : null,
    "dma200" : 161.33,
    "volume" : 452431.00
  }, {
    "date" : "2025-06-06",
    "price" : 187.85,
    "dma50" : 169.04,
    "dma100" : null,
    "dma200" : 161.59,
    "volume" : 474962.00
  }, {
    "date" : "2025-06-09",
    "price" : 189.30,
    "dma50" : 169.83,
    "dma100" : null,
    "dma200" : 161.87,
    "volume" : 477254.00
  }, {
    "date" : "2025-06-10",
    "price" : 189.10,
    "dma50" : 170.59,
    "dma100" : null,
    "dma200" : 162.14,
    "volume" : 443352.00
  }, {
    "date" : "2025-06-11",
    "price" : 199.85,
    "dma50" : 171.73,
    "dma100" : null,
    "dma200" : 162.51,
    "volume" : 2175969.00
  }, {
    "date" : "2025-06-12",
    "price" : 194.60,
    "dma50" : 172.63,
    "dma100" : null,
    "dma200" : 162.83,
    "volume" : 996229.00
  }, {
    "date" : "2025-06-13",
    "price" : 197.26,
    "dma50" : 173.60,
    "dma100" : null,
    "dma200" : 163.18,
    "volume" : 917856.00
  }, {
    "date" : "2025-06-16",
    "price" : 198.25,
    "dma50" : 174.56,
    "dma100" : null,
    "dma200" : 163.52,
    "volume" : 778421.00
  }, {
    "date" : "2025-06-17",
    "price" : 194.73,
    "dma50" : 175.35,
    "dma100" : null,
    "dma200" : 163.84,
    "volume" : 843845.00
  }, {
    "date" : "2025-06-18",
    "price" : 193.96,
    "dma50" : 176.08,
    "dma100" : null,
    "dma200" : 164.14,
    "volume" : 785259.00
  }, {
    "date" : "2025-06-19",
    "price" : 188.08,
    "dma50" : 176.55,
    "dma100" : null,
    "dma200" : 164.37,
    "volume" : 526489.00
  }, {
    "date" : "2025-06-20",
    "price" : 187.09,
    "dma50" : 176.97,
    "dma100" : null,
    "dma200" : 164.60,
    "volume" : 901805.00
  }, {
    "date" : "2025-06-23",
    "price" : 184.41,
    "dma50" : 177.26,
    "dma100" : null,
    "dma200" : 164.80,
    "volume" : 887176.00
  }, {
    "date" : "2025-06-24",
    "price" : 183.21,
    "dma50" : 177.49,
    "dma100" : null,
    "dma200" : 164.98,
    "volume" : 527368.00
  }, {
    "date" : "2025-06-25",
    "price" : 193.99,
    "dma50" : 178.14,
    "dma100" : null,
    "dma200" : 165.27,
    "volume" : 1336274.00
  }, {
    "date" : "2025-06-26",
    "price" : 189.06,
    "dma50" : 178.57,
    "dma100" : null,
    "dma200" : 165.51,
    "volume" : 579289.00
  }, {
    "date" : "2025-06-27",
    "price" : 190.05,
    "dma50" : 179.02,
    "dma100" : null,
    "dma200" : 165.75,
    "volume" : 476282.00
  }, {
    "date" : "2025-06-30",
    "price" : 192.75,
    "dma50" : 179.56,
    "dma100" : null,
    "dma200" : 166.02,
    "volume" : 485244.00
  }, {
    "date" : "2025-07-01",
    "price" : 187.53,
    "dma50" : 179.87,
    "dma100" : null,
    "dma200" : 166.23,
    "volume" : 452848.00
  }, {
    "date" : "2025-07-02",
    "price" : 185.31,
    "dma50" : 180.08,
    "dma100" : null,
    "dma200" : 166.42,
    "volume" : 418400.00
  }, {
    "date" : "2025-07-03",
    "price" : 185.89,
    "dma50" : 180.31,
    "dma100" : 162.49,
    "dma200" : 166.62,
    "volume" : 324324.00
  }, {
    "date" : "2025-07-04",
    "price" : 188.38,
    "dma50" : 180.63,
    "dma100" : 162.73,
    "dma200" : 166.83,
    "volume" : 436826.00
  }, {
    "date" : "2025-07-07",
    "price" : 184.08,
    "dma50" : 180.76,
    "dma100" : 162.94,
    "dma200" : 167.00,
    "volume" : 367284.00
  }, {
    "date" : "2025-07-08",
    "price" : 185.49,
    "dma50" : 180.95,
    "dma100" : 163.21,
    "dma200" : 167.19,
    "volume" : 562507.00
  }, {
    "date" : "2025-07-09",
    "price" : 185.27,
    "dma50" : 181.12,
    "dma100" : 163.50,
    "dma200" : 167.37,
    "volume" : 276597.00
  }, {
    "date" : "2025-07-10",
    "price" : 188.24,
    "dma50" : 181.40,
    "dma100" : 163.86,
    "dma200" : 167.58,
    "volume" : 391298.00
  }, {
    "date" : "2025-07-11",
    "price" : 184.32,
    "dma50" : 181.51,
    "dma100" : 164.19,
    "dma200" : 167.74,
    "volume" : 358860.00
  }, {
    "date" : "2025-07-14",
    "price" : 185.55,
    "dma50" : 181.67,
    "dma100" : 164.47,
    "dma200" : 167.92,
    "volume" : 350656.00
  }, {
    "date" : "2025-07-15",
    "price" : 181.37,
    "dma50" : 181.66,
    "dma100" : 164.81,
    "dma200" : 168.05,
    "volume" : 863498.00
  }, {
    "date" : "2025-07-16",
    "price" : 187.45,
    "dma50" : 181.88,
    "dma100" : 165.18,
    "dma200" : 168.25,
    "volume" : 609511.00
  }, {
    "date" : "2025-07-17",
    "price" : 189.46,
    "dma50" : 182.18,
    "dma100" : 165.60,
    "dma200" : 168.46,
    "volume" : 1278256.00
  }, {
    "date" : "2025-07-18",
    "price" : 187.85,
    "dma50" : 182.40,
    "dma100" : 165.98,
    "dma200" : 168.65,
    "volume" : 571535.00
  }, {
    "date" : "2025-07-21",
    "price" : 187.70,
    "dma50" : 182.61,
    "dma100" : 166.27,
    "dma200" : 168.84,
    "volume" : 340698.00
  }, {
    "date" : "2025-07-22",
    "price" : 188.92,
    "dma50" : 182.86,
    "dma100" : 166.56,
    "dma200" : 169.04,
    "volume" : 365599.00
  }, {
    "date" : "2025-07-23",
    "price" : 187.37,
    "dma50" : 183.04,
    "dma100" : 166.87,
    "dma200" : 169.22,
    "volume" : 289286.00
  }, {
    "date" : "2025-07-24",
    "price" : 182.92,
    "dma50" : 183.03,
    "dma100" : 167.13,
    "dma200" : 169.36,
    "volume" : 337882.00
  }, {
    "date" : "2025-07-25",
    "price" : 173.72,
    "dma50" : 182.67,
    "dma100" : 167.35,
    "dma200" : 169.40,
    "volume" : 717142.00
  }, {
    "date" : "2025-07-28",
    "price" : 175.43,
    "dma50" : 182.38,
    "dma100" : 167.62,
    "dma200" : 169.46,
    "volume" : 609003.00
  }, {
    "date" : "2025-07-29",
    "price" : 176.88,
    "dma50" : 182.17,
    "dma100" : 167.97,
    "dma200" : 169.54,
    "volume" : 283481.00
  }, {
    "date" : "2025-07-30",
    "price" : 175.86,
    "dma50" : 181.92,
    "dma100" : 168.27,
    "dma200" : 169.60,
    "volume" : 278037.00
  }, {
    "date" : "2025-07-31",
    "price" : 171.97,
    "dma50" : 181.53,
    "dma100" : 168.47,
    "dma200" : 169.62,
    "volume" : 383417.00
  }, {
    "date" : "2025-08-01",
    "price" : 168.61,
    "dma50" : 181.02,
    "dma100" : 168.60,
    "dma200" : 169.61,
    "volume" : 229988.00
  }, {
    "date" : "2025-08-04",
    "price" : 172.70,
    "dma50" : 180.70,
    "dma100" : 168.78,
    "dma200" : 169.64,
    "volume" : 413604.00
  }, {
    "date" : "2025-08-05",
    "price" : 178.91,
    "dma50" : 180.63,
    "dma100" : 169.12,
    "dma200" : 169.73,
    "volume" : 951144.00
  }, {
    "date" : "2025-08-06",
    "price" : 177.92,
    "dma50" : 180.52,
    "dma100" : 169.47,
    "dma200" : 169.82,
    "volume" : 964394.00
  }, {
    "date" : "2025-08-07",
    "price" : 174.98,
    "dma50" : 180.30,
    "dma100" : 169.81,
    "dma200" : 169.87,
    "volume" : 414185.00
  }, {
    "date" : "2025-08-08",
    "price" : 168.04,
    "dma50" : 179.82,
    "dma100" : 170.12,
    "dma200" : 169.85,
    "volume" : 2659476.00
  }, {
    "date" : "2025-08-11",
    "price" : 176.83,
    "dma50" : 179.70,
    "dma100" : 170.58,
    "dma200" : 169.92,
    "volume" : 1081029.00
  }, {
    "date" : "2025-08-12",
    "price" : 174.22,
    "dma50" : 179.49,
    "dma100" : 170.93,
    "dma200" : 169.96,
    "volume" : 369013.00
  }, {
    "date" : "2025-08-13",
    "price" : 171.51,
    "dma50" : 179.18,
    "dma100" : 171.20,
    "dma200" : 169.98,
    "volume" : 243120.00
  }, {
    "date" : "2025-08-14",
    "price" : 175.77,
    "dma50" : 179.04,
    "dma100" : 171.53,
    "dma200" : 170.03,
    "volume" : 603047.00
  }, {
    "date" : "2025-08-18",
    "price" : 175.64,
    "dma50" : 178.91,
    "dma100" : 171.83,
    "dma200" : 170.09,
    "volume" : 379061.00
  }, {
    "date" : "2025-08-19",
    "price" : 176.20,
    "dma50" : 178.80,
    "dma100" : 172.15,
    "dma200" : 170.15,
    "volume" : 361213.00
  }, {
    "date" : "2025-08-20",
    "price" : 177.04,
    "dma50" : 178.73,
    "dma100" : 172.55,
    "dma200" : 170.22,
    "volume" : 293701.00
  }, {
    "date" : "2025-08-21",
    "price" : 176.12,
    "dma50" : 178.63,
    "dma100" : 172.98,
    "dma200" : 170.28,
    "volume" : 373840.00
  }, {
    "date" : "2025-08-22",
    "price" : 175.85,
    "dma50" : 178.52,
    "dma100" : 173.41,
    "dma200" : 170.33,
    "volume" : 259197.00
  }, {
    "date" : "2025-08-25",
    "price" : 174.83,
    "dma50" : 178.38,
    "dma100" : 173.85,
    "dma200" : 170.38,
    "volume" : 296627.00
  }, {
    "date" : "2025-08-26",
    "price" : 173.92,
    "dma50" : 178.20,
    "dma100" : 174.23,
    "dma200" : 170.41,
    "volume" : 209912.00
  }, {
    "date" : "2025-08-28",
    "price" : 170.08,
    "dma50" : 177.88,
    "dma100" : 174.56,
    "dma200" : 170.41,
    "volume" : 300396.00
  }, {
    "date" : "2025-08-29",
    "price" : 169.37,
    "dma50" : 177.55,
    "dma100" : 174.83,
    "dma200" : 170.40,
    "volume" : 203659.00
  }, {
    "date" : "2025-09-01",
    "price" : 170.46,
    "dma50" : 177.27,
    "dma100" : 175.19,
    "dma200" : 170.40,
    "volume" : 244976.00
  }, {
    "date" : "2025-09-02",
    "price" : 171.81,
    "dma50" : 177.06,
    "dma100" : 175.64,
    "dma200" : 170.41,
    "volume" : 369930.00
  }, {
    "date" : "2025-09-03",
    "price" : 176.41,
    "dma50" : 177.03,
    "dma100" : 176.04,
    "dma200" : 170.47,
    "volume" : 578120.00
  }, {
    "date" : "2025-09-04",
    "price" : 177.12,
    "dma50" : 177.04,
    "dma100" : 176.49,
    "dma200" : 170.54,
    "volume" : 304987.00
  }, {
    "date" : "2025-09-05",
    "price" : 183.81,
    "dma50" : 177.30,
    "dma100" : 176.96,
    "dma200" : 170.67,
    "volume" : 1057443.00
  }, {
    "date" : "2025-09-08",
    "price" : 185.67,
    "dma50" : 177.63,
    "dma100" : 177.37,
    "dma200" : 170.82,
    "volume" : 664308.00
  }, {
    "date" : "2025-09-09",
    "price" : 187.59,
    "dma50" : 178.02,
    "dma100" : 177.80,
    "dma200" : 170.99,
    "volume" : 717976.00
  }, {
    "date" : "2025-09-10",
    "price" : 183.17,
    "dma50" : 178.22,
    "dma100" : 178.16,
    "dma200" : 171.11,
    "volume" : 452856.00
  }, {
    "date" : "2025-09-11",
    "price" : 183.52,
    "dma50" : 178.43,
    "dma100" : 178.51,
    "dma200" : 171.23,
    "volume" : 386892.00
  }, {
    "date" : "2025-09-12",
    "price" : 182.51,
    "dma50" : 178.59,
    "dma100" : 178.87,
    "dma200" : 171.35,
    "volume" : 250408.00
  }, {
    "date" : "2025-09-15",
    "price" : 181.42,
    "dma50" : 178.70,
    "dma100" : 179.20,
    "dma200" : 171.45,
    "volume" : 448255.00
  }, {
    "date" : "2025-09-16",
    "price" : 186.72,
    "dma50" : 179.02,
    "dma100" : 179.53,
    "dma200" : 171.60,
    "volume" : 602499.00
  }, {
    "date" : "2025-09-17",
    "price" : 191.20,
    "dma50" : 179.49,
    "dma100" : 179.96,
    "dma200" : 171.79,
    "volume" : 4503556.00
  }, {
    "date" : "2025-09-18",
    "price" : 198.59,
    "dma50" : 180.24,
    "dma100" : 180.44,
    "dma200" : 172.06,
    "volume" : 2627948.00
  }, {
    "date" : "2025-09-19",
    "price" : 200.64,
    "dma50" : 181.04,
    "dma100" : 180.97,
    "dma200" : 172.34,
    "volume" : 1829819.00
  }, {
    "date" : "2025-09-22",
    "price" : 203.59,
    "dma50" : 181.93,
    "dma100" : 181.57,
    "dma200" : 172.65,
    "volume" : 2354861.00
  }, {
    "date" : "2025-09-23",
    "price" : 203.42,
    "dma50" : 182.77,
    "dma100" : 182.17,
    "dma200" : 172.96,
    "volume" : 972696.00
  }, {
    "date" : "2025-09-24",
    "price" : 197.55,
    "dma50" : 183.35,
    "dma100" : 182.58,
    "dma200" : 173.21,
    "volume" : 991054.00
  }, {
    "date" : "2025-09-25",
    "price" : 194.36,
    "dma50" : 183.78,
    "dma100" : 182.99,
    "dma200" : 173.42,
    "volume" : 660015.00
  }, {
    "date" : "2025-09-26",
    "price" : 189.53,
    "dma50" : 184.01,
    "dma100" : 183.36,
    "dma200" : 173.58,
    "volume" : 1253561.00
  }, {
    "date" : "2025-09-29",
    "price" : 184.18,
    "dma50" : 184.01,
    "dma100" : 183.65,
    "dma200" : 173.68,
    "volume" : 677290.00
  }, {
    "date" : "2025-09-30",
    "price" : 186.29,
    "dma50" : 184.10,
    "dma100" : 183.90,
    "dma200" : 173.81,
    "volume" : 459528.00
  }, {
    "date" : "2025-10-01",
    "price" : 194.90,
    "dma50" : 184.53,
    "dma100" : 184.16,
    "dma200" : 174.02,
    "volume" : 693579.00
  }, {
    "date" : "2025-10-03",
    "price" : 201.84,
    "dma50" : 185.20,
    "dma100" : 184.50,
    "dma200" : 174.29,
    "volume" : 1101009.00
  }, {
    "date" : "2025-10-06",
    "price" : 202.29,
    "dma50" : 185.87,
    "dma100" : 184.78,
    "dma200" : 174.57,
    "volume" : 728989.00
  }, {
    "date" : "2025-10-07",
    "price" : 202.60,
    "dma50" : 186.53,
    "dma100" : 185.05,
    "dma200" : 174.85,
    "volume" : 728984.00
  }, {
    "date" : "2025-10-08",
    "price" : 215.49,
    "dma50" : 187.67,
    "dma100" : 185.38,
    "dma200" : 175.26,
    "volume" : 7579969.00
  }, {
    "date" : "2025-10-09",
    "price" : 214.28,
    "dma50" : 188.71,
    "dma100" : 185.75,
    "dma200" : 175.64,
    "volume" : 1580980.00
  }, {
    "date" : "2025-10-10",
    "price" : 216.04,
    "dma50" : 189.78,
    "dma100" : 186.22,
    "dma200" : 176.05,
    "volume" : 1327224.00
  }, {
    "date" : "2025-10-13",
    "price" : 216.43,
    "dma50" : 190.83,
    "dma100" : 186.60,
    "dma200" : 176.45,
    "volume" : 1104111.00
  }, {
    "date" : "2025-10-14",
    "price" : 208.98,
    "dma50" : 191.54,
    "dma100" : 186.88,
    "dma200" : 176.77,
    "volume" : 1286795.00
  }, {
    "date" : "2025-10-15",
    "price" : 213.32,
    "dma50" : 192.39,
    "dma100" : 187.22,
    "dma200" : 177.14,
    "volume" : 788751.00
  }, {
    "date" : "2025-10-16",
    "price" : 215.14,
    "dma50" : 193.28,
    "dma100" : 187.53,
    "dma200" : 177.51,
    "volume" : 899192.00
  }, {
    "date" : "2025-10-17",
    "price" : 202.36,
    "dma50" : 193.64,
    "dma100" : 187.60,
    "dma200" : 177.76,
    "volume" : 1178086.00
  }, {
    "date" : "2025-10-20",
    "price" : 198.67,
    "dma50" : 193.84,
    "dma100" : 187.72,
    "dma200" : 177.97,
    "volume" : 908972.00
  }, {
    "date" : "2025-10-21",
    "price" : 205.68,
    "dma50" : 194.30,
    "dma100" : 187.83,
    "dma200" : 178.24,
    "volume" : 315985.00
  }, {
    "date" : "2025-10-23",
    "price" : 203.62,
    "dma50" : 194.67,
    "dma100" : 187.95,
    "dma200" : 178.50,
    "volume" : 804847.00
  }, {
    "date" : "2025-10-24",
    "price" : 202.06,
    "dma50" : 194.96,
    "dma100" : 188.00,
    "dma200" : 178.73,
    "volume" : 516652.00
  }, {
    "date" : "2025-10-27",
    "price" : 203.64,
    "dma50" : 195.30,
    "dma100" : 188.11,
    "dma200" : 178.98,
    "volume" : 710201.00
  }, {
    "date" : "2025-10-28",
    "price" : 206.17,
    "dma50" : 195.72,
    "dma100" : 188.25,
    "dma200" : 179.25,
    "volume" : 1184244.00
  }, {
    "date" : "2025-10-29",
    "price" : 212.67,
    "dma50" : 196.39,
    "dma100" : 188.45,
    "dma200" : 179.58,
    "volume" : 1312351.00
  }, {
    "date" : "2025-10-30",
    "price" : 213.28,
    "dma50" : 197.05,
    "dma100" : 188.70,
    "dma200" : 179.92,
    "volume" : 1412219.00
  }, {
    "date" : "2025-10-31",
    "price" : 214.61,
    "dma50" : 197.74,
    "dma100" : 188.96,
    "dma200" : 180.26,
    "volume" : 1120296.00
  }, {
    "date" : "2025-11-03",
    "price" : 217.84,
    "dma50" : 198.53,
    "dma100" : 189.24,
    "dma200" : 180.64,
    "volume" : 4602441.00
  }, {
    "date" : "2025-11-04",
    "price" : 219.10,
    "dma50" : 199.34,
    "dma100" : 189.44,
    "dma200" : 181.02,
    "volume" : 1209659.00
  }, {
    "date" : "2025-11-06",
    "price" : 216.44,
    "dma50" : 200.01,
    "dma100" : 189.65,
    "dma200" : 181.37,
    "volume" : 890267.00
  }, {
    "date" : "2025-11-07",
    "price" : 214.79,
    "dma50" : 200.59,
    "dma100" : 189.83,
    "dma200" : 181.70,
    "volume" : 650980.00
  }, {
    "date" : "2025-11-10",
    "price" : 224.15,
    "dma50" : 201.51,
    "dma100" : 190.09,
    "dma200" : 182.13,
    "volume" : 1646371.00
  }, {
    "date" : "2025-11-11",
    "price" : 228.72,
    "dma50" : 202.58,
    "dma100" : 190.43,
    "dma200" : 182.59,
    "volume" : 2674393.00
  }, {
    "date" : "2025-11-12",
    "price" : 238.21,
    "dma50" : 203.97,
    "dma100" : 190.87,
    "dma200" : 183.14,
    "volume" : 3121195.00
  }, {
    "date" : "2025-11-13",
    "price" : 227.81,
    "dma50" : 204.91,
    "dma100" : 191.27,
    "dma200" : 183.59,
    "volume" : 2521601.00
  }, {
    "date" : "2025-11-14",
    "price" : 229.08,
    "dma50" : 205.86,
    "dma100" : 191.69,
    "dma200" : 184.04,
    "volume" : 2666308.00
  }, {
    "date" : "2025-11-17",
    "price" : 231.14,
    "dma50" : 206.85,
    "dma100" : 192.15,
    "dma200" : 184.51,
    "volume" : 2986383.00
  }, {
    "date" : "2025-11-18",
    "price" : 247.56,
    "dma50" : 208.44,
    "dma100" : 192.80,
    "dma200" : 185.14,
    "volume" : 9662150.00
  }, {
    "date" : "2025-11-19",
    "price" : 252.00,
    "dma50" : 210.15,
    "dma100" : 193.38,
    "dma200" : 185.80,
    "volume" : 9589132.00
  }, {
    "date" : "2025-11-20",
    "price" : 239.62,
    "dma50" : 211.31,
    "dma100" : 193.88,
    "dma200" : 186.34,
    "volume" : 3707036.00
  }, {
    "date" : "2025-11-21",
    "price" : 238.73,
    "dma50" : 212.38,
    "dma100" : 194.37,
    "dma200" : 186.86,
    "volume" : 1806370.00
  }, {
    "date" : "2025-11-24",
    "price" : 221.99,
    "dma50" : 212.76,
    "dma100" : 194.66,
    "dma200" : 187.21,
    "volume" : 2045962.00
  }, {
    "date" : "2025-11-25",
    "price" : 221.96,
    "dma50" : 213.12,
    "dma100" : 195.01,
    "dma200" : 187.55,
    "volume" : 1821418.00
  }, {
    "date" : "2025-11-26",
    "price" : 219.28,
    "dma50" : 213.36,
    "dma100" : 195.35,
    "dma200" : 187.87,
    "volume" : 1153223.00
  }, {
    "date" : "2025-11-27",
    "price" : 226.39,
    "dma50" : 213.87,
    "dma100" : 195.75,
    "dma200" : 188.25,
    "volume" : 3973549.00
  }, {
    "date" : "2025-11-28",
    "price" : 223.46,
    "dma50" : 214.25,
    "dma100" : 196.10,
    "dma200" : 188.60,
    "volume" : 1280400.00
  }, {
    "date" : "2025-12-01",
    "price" : 221.41,
    "dma50" : 214.53,
    "dma100" : 196.48,
    "dma200" : 188.93,
    "volume" : 916916.00
  }, {
    "date" : "2025-12-02",
    "price" : 216.12,
    "dma50" : 214.59,
    "dma100" : 196.78,
    "dma200" : 189.20,
    "volume" : 1226877.00
  }, {
    "date" : "2025-12-03",
    "price" : 212.63,
    "dma50" : 214.52,
    "dma100" : 197.06,
    "dma200" : 189.43,
    "volume" : 1062072.00
  }, {
    "date" : "2025-12-04",
    "price" : 207.43,
    "dma50" : 214.24,
    "dma100" : 197.25,
    "dma200" : 189.61,
    "volume" : 1727285.00
  }, {
    "date" : "2025-12-05",
    "price" : 199.70,
    "dma50" : 213.67,
    "dma100" : 197.40,
    "dma200" : 189.71,
    "volume" : 2297014.00
  }, {
    "date" : "2025-12-08",
    "price" : 195.19,
    "dma50" : 212.94,
    "dma100" : 197.50,
    "dma200" : 189.77,
    "volume" : 1585697.00
  }, {
    "date" : "2025-12-09",
    "price" : 203.51,
    "dma50" : 212.57,
    "dma100" : 197.72,
    "dma200" : 189.90,
    "volume" : 1342430.00
  }, {
    "date" : "2025-12-10",
    "price" : 200.69,
    "dma50" : 212.11,
    "dma100" : 197.85,
    "dma200" : 190.01,
    "volume" : 793986.00
  }, {
    "date" : "2025-12-11",
    "price" : 205.92,
    "dma50" : 211.86,
    "dma100" : 198.02,
    "dma200" : 190.17,
    "volume" : 919872.00
  }, {
    "date" : "2025-12-12",
    "price" : 209.68,
    "dma50" : 211.78,
    "dma100" : 198.23,
    "dma200" : 190.36,
    "volume" : 979170.00
  }, {
    "date" : "2025-12-15",
    "price" : 210.68,
    "dma50" : 211.74,
    "dma100" : 198.46,
    "dma200" : 190.57,
    "volume" : 733982.00
  }, {
    "date" : "2025-12-16",
    "price" : 210.68,
    "dma50" : 211.69,
    "dma100" : 198.68,
    "dma200" : 190.77,
    "volume" : 539184.00
  }, {
    "date" : "2025-12-17",
    "price" : 211.30,
    "dma50" : 211.68,
    "dma100" : 198.92,
    "dma200" : 190.97,
    "volume" : 793404.00
  }, {
    "date" : "2025-12-18",
    "price" : 209.36,
    "dma50" : 211.59,
    "dma100" : 199.19,
    "dma200" : 191.15,
    "volume" : 537734.00
  }, {
    "date" : "2025-12-19",
    "price" : 210.32,
    "dma50" : 211.54,
    "dma100" : 199.55,
    "dma200" : 191.34,
    "volume" : 633757.00
  }, {
    "date" : "2025-12-22",
    "price" : 218.33,
    "dma50" : 211.80,
    "dma100" : 199.98,
    "dma200" : 191.61,
    "volume" : 1733961.00
  }, {
    "date" : "2025-12-23",
    "price" : 216.68,
    "dma50" : 212.00,
    "dma100" : 200.38,
    "dma200" : 191.86,
    "volume" : 793295.00
  }, {
    "date" : "2025-12-24",
    "price" : 213.86,
    "dma50" : 212.07,
    "dma100" : 200.76,
    "dma200" : 192.08,
    "volume" : 455095.00
  }, {
    "date" : "2025-12-26",
    "price" : 213.54,
    "dma50" : 212.13,
    "dma100" : 201.17,
    "dma200" : 192.29,
    "volume" : 537910.00
  }, {
    "date" : "2025-12-29",
    "price" : 209.28,
    "dma50" : 212.01,
    "dma100" : 201.58,
    "dma200" : 192.46,
    "volume" : 388865.00
  }, {
    "date" : "2025-12-30",
    "price" : 206.40,
    "dma50" : 211.79,
    "dma100" : 201.92,
    "dma200" : 192.60,
    "volume" : 744004.00
  }, {
    "date" : "2025-12-31",
    "price" : 208.54,
    "dma50" : 211.67,
    "dma100" : 202.21,
    "dma200" : 192.76,
    "volume" : 500977.00
  }, {
    "date" : "2026-01-01",
    "price" : 208.38,
    "dma50" : 211.54,
    "dma100" : 202.52,
    "dma200" : 192.92,
    "volume" : 416353.00
  }, {
    "date" : "2026-01-02",
    "price" : 210.49,
    "dma50" : 211.50,
    "dma100" : 202.87,
    "dma200" : 193.09,
    "volume" : 541663.00
  }, {
    "date" : "2026-01-05",
    "price" : 206.94,
    "dma50" : 211.32,
    "dma100" : 203.26,
    "dma200" : 193.23,
    "volume" : 546917.00
  }, {
    "date" : "2026-01-06",
    "price" : 206.93,
    "dma50" : 211.15,
    "dma100" : 203.56,
    "dma200" : 193.37,
    "volume" : 412255.00
  }, {
    "date" : "2026-01-07",
    "price" : 209.08,
    "dma50" : 211.07,
    "dma100" : 203.91,
    "dma200" : 193.52,
    "volume" : 348046.00
  }, {
    "date" : "2026-01-08",
    "price" : 199.95,
    "dma50" : 210.63,
    "dma100" : 204.20,
    "dma200" : 193.59,
    "volume" : 946549.00
  }, {
    "date" : "2026-01-09",
    "price" : 198.57,
    "dma50" : 210.16,
    "dma100" : 204.43,
    "dma200" : 193.64,
    "volume" : 1039560.00
  }, {
    "date" : "2026-01-12",
    "price" : 192.49,
    "dma50" : 209.46,
    "dma100" : 204.59,
    "dma200" : 193.62,
    "volume" : 769809.00
  }, {
    "date" : "2026-01-13",
    "price" : 190.05,
    "dma50" : 208.70,
    "dma100" : 204.73,
    "dma200" : 193.59,
    "volume" : 464389.00
  }, {
    "date" : "2026-01-14",
    "price" : 192.57,
    "dma50" : 208.07,
    "dma100" : 204.89,
    "dma200" : 193.58,
    "volume" : 489734.00
  }, {
    "date" : "2026-01-16",
    "price" : 193.73,
    "dma50" : 207.51,
    "dma100" : 205.06,
    "dma200" : 193.58,
    "volume" : 425575.00
  }, {
    "date" : "2026-01-19",
    "price" : 205.68,
    "dma50" : 207.44,
    "dma100" : 205.36,
    "dma200" : 193.70,
    "volume" : 2472197.00
  }, {
    "date" : "2026-01-20",
    "price" : 199.43,
    "dma50" : 207.12,
    "dma100" : 205.61,
    "dma200" : 193.76,
    "volume" : 937366.00
  }, {
    "date" : "2026-01-21",
    "price" : 193.98,
    "dma50" : 206.61,
    "dma100" : 205.81,
    "dma200" : 193.76,
    "volume" : 732560.00
  }, {
    "date" : "2026-01-22",
    "price" : 201.17,
    "dma50" : 206.39,
    "dma100" : 206.12,
    "dma200" : 193.83,
    "volume" : 380721.00
  }, {
    "date" : "2026-01-23",
    "price" : 207.16,
    "dma50" : 206.42,
    "dma100" : 206.50,
    "dma200" : 193.97,
    "volume" : 983576.00
  }, {
    "date" : "2026-01-27",
    "price" : 203.85,
    "dma50" : 206.32,
    "dma100" : 206.83,
    "dma200" : 194.06,
    "volume" : 425646.00
  }, {
    "date" : "2026-01-28",
    "price" : 203.99,
    "dma50" : 206.23,
    "dma100" : 207.15,
    "dma200" : 194.16,
    "volume" : 376402.00
  }, {
    "date" : "2026-01-29",
    "price" : 202.15,
    "dma50" : 206.07,
    "dma100" : 207.41,
    "dma200" : 194.24,
    "volume" : 392642.00
  }, {
    "date" : "2026-01-30",
    "price" : 203.61,
    "dma50" : 205.97,
    "dma100" : 207.68,
    "dma200" : 194.34,
    "volume" : 521294.00
  }, {
    "date" : "2026-02-01",
    "price" : 201.67,
    "dma50" : 205.81,
    "dma100" : 207.85,
    "dma200" : 194.41,
    "volume" : 320662.00
  }, {
    "date" : "2026-02-02",
    "price" : 204.23,
    "dma50" : 205.74,
    "dma100" : 208.04,
    "dma200" : 194.51,
    "volume" : 423858.00
  }, {
    "date" : "2026-02-03",
    "price" : 212.70,
    "dma50" : 206.02,
    "dma100" : 208.29,
    "dma200" : 194.69,
    "volume" : 1386792.00
  } ],
  "latestTechnicalAttributes" : {
    "date" : "2026-02-03",
    "price" : 212.70,
    "dma50" : 206.02,
    "dma100" : 208.29,
    "dma200" : 194.69,
    "volume" : 1386792.00
  },
  "quarterlyResults" : [ {
    "date" : "2005-03-31",
    "sales" : 5.39,
    "salesGrowthYoY" : null,
    "grossProfitMargin" : 49.72,
    "grossProfit" : 2.68,
    "operatingProfitMargin" : 14.47,
    "operatingProfit" : 0.78,
    "netProfitMargin" : 7.98,
    "netProfit" : 0.43
  }, {
    "date" : "2005-06-30",
    "sales" : 6.39,
    "salesGrowthYoY" : null,
    "grossProfitMargin" : 42.72,
    "grossProfit" : 2.73,
    "operatingProfitMargin" : 13.77,
    "operatingProfit" : 0.88,
    "netProfitMargin" : 13.93,
    "netProfit" : 0.89
  }, {
    "date" : "2005-09-30",
    "sales" : 6.86,
    "salesGrowthYoY" : null,
    "grossProfitMargin" : 51.31,
    "grossProfit" : 3.52,
    "operatingProfitMargin" : 20.41,
    "operatingProfit" : 1.40,
    "netProfitMargin" : 20.55,
    "netProfit" : 1.41
  }, {
    "date" : "2005-12-31",
    "sales" : 8.92,
    "salesGrowthYoY" : null,
    "grossProfitMargin" : 42.04,
    "grossProfit" : 3.75,
    "operatingProfitMargin" : 14.69,
    "operatingProfit" : 1.31,
    "netProfitMargin" : 11.66,
    "netProfit" : 1.04
  }, {
    "date" : "2006-03-31",
    "sales" : 9.66,
    "salesGrowthYoY" : 79.22,
    "grossProfitMargin" : 46.38,
    "grossProfit" : 4.48,
    "operatingProfitMargin" : 11.90,
    "operatingProfit" : 1.15,
    "netProfitMargin" : 4.04,
    "netProfit" : 0.39
  }, {
    "date" : "2006-06-30",
    "sales" : 8.56,
    "salesGrowthYoY" : 33.96,
    "grossProfitMargin" : 31.07,
    "grossProfit" : 2.66,
    "operatingProfitMargin" : 15.65,
    "operatingProfit" : 1.34,
    "netProfitMargin" : 12.85,
    "netProfit" : 1.10
  }, {
    "date" : "2006-09-30",
    "sales" : 8.69,
    "salesGrowthYoY" : 26.68,
    "grossProfitMargin" : 34.06,
    "grossProfit" : 2.96,
    "operatingProfitMargin" : 18.18,
    "operatingProfit" : 1.58,
    "netProfitMargin" : 15.88,
    "netProfit" : 1.38
  }, {
    "date" : "2006-12-31",
    "sales" : 10.61,
    "salesGrowthYoY" : 18.95,
    "grossProfitMargin" : 31.95,
    "grossProfit" : 3.39,
    "operatingProfitMargin" : 13.20,
    "operatingProfit" : 1.40,
    "netProfitMargin" : 11.78,
    "netProfit" : 1.25
  }, {
    "date" : "2007-03-31",
    "sales" : 9.11,
    "salesGrowthYoY" : -5.69,
    "grossProfitMargin" : 58.95,
    "grossProfit" : 5.37,
    "operatingProfitMargin" : 32.93,
    "operatingProfit" : 3.00,
    "netProfitMargin" : 18.99,
    "netProfit" : 1.73
  }, {
    "date" : "2007-06-30",
    "sales" : 11.14,
    "salesGrowthYoY" : 30.14,
    "grossProfitMargin" : 35.01,
    "grossProfit" : 3.90,
    "operatingProfitMargin" : 15.71,
    "operatingProfit" : 1.75,
    "netProfitMargin" : 10.41,
    "netProfit" : 1.16
  }, {
    "date" : "2007-09-30",
    "sales" : 15.55,
    "salesGrowthYoY" : 78.94,
    "grossProfitMargin" : 48.94,
    "grossProfit" : 7.61,
    "operatingProfitMargin" : 18.46,
    "operatingProfit" : 2.87,
    "netProfitMargin" : 9.84,
    "netProfit" : 1.53
  }, {
    "date" : "2007-12-31",
    "sales" : 17.96,
    "salesGrowthYoY" : 69.27,
    "grossProfitMargin" : 41.93,
    "grossProfit" : 7.53,
    "operatingProfitMargin" : -0.78,
    "operatingProfit" : -0.14,
    "netProfitMargin" : -6.07,
    "netProfit" : -1.09
  }, {
    "date" : "2008-03-31",
    "sales" : 23.23,
    "salesGrowthYoY" : 154.99,
    "grossProfitMargin" : 41.67,
    "grossProfit" : 9.68,
    "operatingProfitMargin" : 9.17,
    "operatingProfit" : 2.13,
    "netProfitMargin" : 1.85,
    "netProfit" : 0.43
  }, {
    "date" : "2008-06-30",
    "sales" : 23.27,
    "salesGrowthYoY" : 108.89,
    "grossProfitMargin" : 52.51,
    "grossProfit" : 12.22,
    "operatingProfitMargin" : 7.35,
    "operatingProfit" : 1.71,
    "netProfitMargin" : 0.90,
    "netProfit" : 0.21
  }, {
    "date" : "2008-09-30",
    "sales" : 48.12,
    "salesGrowthYoY" : 209.45,
    "grossProfitMargin" : 64.15,
    "grossProfit" : 30.87,
    "operatingProfitMargin" : 17.58,
    "operatingProfit" : 8.46,
    "netProfitMargin" : 4.61,
    "netProfit" : 2.22
  }, {
    "date" : "2008-12-31",
    "sales" : 42.71,
    "salesGrowthYoY" : 137.81,
    "grossProfitMargin" : 51.56,
    "grossProfit" : 22.02,
    "operatingProfitMargin" : 14.33,
    "operatingProfit" : 6.12,
    "netProfitMargin" : 7.19,
    "netProfit" : 3.07
  }, {
    "date" : "2009-03-31",
    "sales" : 25.27,
    "salesGrowthYoY" : 8.78,
    "grossProfitMargin" : 52.47,
    "grossProfit" : 13.26,
    "operatingProfitMargin" : 13.26,
    "operatingProfit" : 3.35,
    "netProfitMargin" : 2.77,
    "netProfit" : 0.70
  }, {
    "date" : "2009-06-30",
    "sales" : 51.65,
    "salesGrowthYoY" : 121.96,
    "grossProfitMargin" : 61.12,
    "grossProfit" : 31.57,
    "operatingProfitMargin" : 25.87,
    "operatingProfit" : 13.36,
    "netProfitMargin" : 9.16,
    "netProfit" : 4.73
  }, {
    "date" : "2009-09-30",
    "sales" : 77.10,
    "salesGrowthYoY" : 60.22,
    "grossProfitMargin" : 65.62,
    "grossProfit" : 50.59,
    "operatingProfitMargin" : 32.31,
    "operatingProfit" : 24.91,
    "netProfitMargin" : 14.93,
    "netProfit" : 11.51
  }, {
    "date" : "2009-12-31",
    "sales" : 64.73,
    "salesGrowthYoY" : 51.56,
    "grossProfitMargin" : 55.03,
    "grossProfit" : 35.62,
    "operatingProfitMargin" : 18.37,
    "operatingProfit" : 11.89,
    "netProfitMargin" : 6.10,
    "netProfit" : 3.95
  }, {
    "date" : "2010-03-31",
    "sales" : 54.07,
    "salesGrowthYoY" : 113.97,
    "grossProfitMargin" : 50.23,
    "grossProfit" : 27.16,
    "operatingProfitMargin" : 17.26,
    "operatingProfit" : 9.33,
    "netProfitMargin" : 7.84,
    "netProfit" : 4.24
  }, {
    "date" : "2010-06-30",
    "sales" : 62.75,
    "salesGrowthYoY" : 21.49,
    "grossProfitMargin" : 48.69,
    "grossProfit" : 30.55,
    "operatingProfitMargin" : 15.08,
    "operatingProfit" : 9.46,
    "netProfitMargin" : 4.19,
    "netProfit" : 2.63
  }, {
    "date" : "2010-09-30",
    "sales" : 70.80,
    "salesGrowthYoY" : -8.17,
    "grossProfitMargin" : 46.20,
    "grossProfit" : 32.71,
    "operatingProfitMargin" : 17.03,
    "operatingProfit" : 12.06,
    "netProfitMargin" : 5.96,
    "netProfit" : 4.22
  }, {
    "date" : "2010-12-31",
    "sales" : 67.98,
    "salesGrowthYoY" : 5.02,
    "grossProfitMargin" : 57.69,
    "grossProfit" : 39.22,
    "operatingProfitMargin" : 19.96,
    "operatingProfit" : 13.57,
    "netProfitMargin" : 5.93,
    "netProfit" : 4.03
  }, {
    "date" : "2011-03-31",
    "sales" : 76.22,
    "salesGrowthYoY" : 40.97,
    "grossProfitMargin" : 45.92,
    "grossProfit" : 35.00,
    "operatingProfitMargin" : 16.91,
    "operatingProfit" : 12.89,
    "netProfitMargin" : 2.62,
    "netProfit" : 2.00
  }, {
    "date" : "2011-06-30",
    "sales" : 68.62,
    "salesGrowthYoY" : 9.35,
    "grossProfitMargin" : 42.90,
    "grossProfit" : 29.44,
    "operatingProfitMargin" : 10.06,
    "operatingProfit" : 6.90,
    "netProfitMargin" : 0.73,
    "netProfit" : 0.50
  }, {
    "date" : "2011-09-30",
    "sales" : 89.19,
    "salesGrowthYoY" : 25.97,
    "grossProfitMargin" : 40.07,
    "grossProfit" : 35.74,
    "operatingProfitMargin" : 0.15,
    "operatingProfit" : 0.13,
    "netProfitMargin" : -11.77,
    "netProfit" : -10.50
  }, {
    "date" : "2011-12-31",
    "sales" : 74.92,
    "salesGrowthYoY" : 10.21,
    "grossProfitMargin" : 43.71,
    "grossProfit" : 32.75,
    "operatingProfitMargin" : 8.37,
    "operatingProfit" : 6.27,
    "netProfitMargin" : -3.82,
    "netProfit" : -2.86
  }, {
    "date" : "2012-03-31",
    "sales" : 99.70,
    "salesGrowthYoY" : 30.81,
    "grossProfitMargin" : 44.77,
    "grossProfit" : 44.64,
    "operatingProfitMargin" : 21.17,
    "operatingProfit" : 21.11,
    "netProfitMargin" : 14.38,
    "netProfit" : 14.34
  }, {
    "date" : "2012-06-30",
    "sales" : 71.81,
    "salesGrowthYoY" : 4.65,
    "grossProfitMargin" : 45.84,
    "grossProfit" : 32.92,
    "operatingProfitMargin" : -5.75,
    "operatingProfit" : -4.13,
    "netProfitMargin" : -21.14,
    "netProfit" : -15.18
  }, {
    "date" : "2012-09-30",
    "sales" : 63.00,
    "salesGrowthYoY" : -29.36,
    "grossProfitMargin" : 47.76,
    "grossProfit" : 30.09,
    "operatingProfitMargin" : -3.29,
    "operatingProfit" : -2.07,
    "netProfitMargin" : -6.63,
    "netProfit" : -4.18
  }, {
    "date" : "2012-12-31",
    "sales" : 82.73,
    "salesGrowthYoY" : 10.42,
    "grossProfitMargin" : 47.38,
    "grossProfit" : 39.20,
    "operatingProfitMargin" : 1.43,
    "operatingProfit" : 1.18,
    "netProfitMargin" : -13.63,
    "netProfit" : -11.28
  }, {
    "date" : "2013-03-31",
    "sales" : 96.52,
    "salesGrowthYoY" : -3.19,
    "grossProfitMargin" : 37.05,
    "grossProfit" : 35.76,
    "operatingProfitMargin" : -11.27,
    "operatingProfit" : -10.88,
    "netProfitMargin" : -24.72,
    "netProfit" : -23.86
  }, {
    "date" : "2013-06-30",
    "sales" : 113.62,
    "salesGrowthYoY" : 58.22,
    "grossProfitMargin" : 43.04,
    "grossProfit" : 48.90,
    "operatingProfitMargin" : 4.08,
    "operatingProfit" : 4.64,
    "netProfitMargin" : -8.19,
    "netProfit" : -9.31
  }, {
    "date" : "2013-09-30",
    "sales" : 114.17,
    "salesGrowthYoY" : 81.22,
    "grossProfitMargin" : 49.61,
    "grossProfit" : 56.64,
    "operatingProfitMargin" : 5.46,
    "operatingProfit" : 6.23,
    "netProfitMargin" : -7.44,
    "netProfit" : -8.49
  }, {
    "date" : "2013-12-31",
    "sales" : 113.64,
    "salesGrowthYoY" : 37.36,
    "grossProfitMargin" : 42.95,
    "grossProfit" : 48.81,
    "operatingProfitMargin" : -0.58,
    "operatingProfit" : -0.66,
    "netProfitMargin" : -13.39,
    "netProfit" : -15.22
  }, {
    "date" : "2014-03-31",
    "sales" : 103.66,
    "salesGrowthYoY" : 7.40,
    "grossProfitMargin" : 43.54,
    "grossProfit" : 45.13,
    "operatingProfitMargin" : -5.01,
    "operatingProfit" : -5.19,
    "netProfitMargin" : -19.60,
    "netProfit" : -20.32
  }, {
    "date" : "2014-06-30",
    "sales" : 113.03,
    "salesGrowthYoY" : -0.52,
    "grossProfitMargin" : 42.48,
    "grossProfit" : 48.02,
    "operatingProfitMargin" : 5.92,
    "operatingProfit" : 6.69,
    "netProfitMargin" : -11.05,
    "netProfit" : -12.49
  }, {
    "date" : "2014-09-30",
    "sales" : 115.04,
    "salesGrowthYoY" : 0.76,
    "grossProfitMargin" : 47.03,
    "grossProfit" : 54.10,
    "operatingProfitMargin" : 8.43,
    "operatingProfit" : 9.70,
    "netProfitMargin" : -7.40,
    "netProfit" : -8.51
  }, {
    "date" : "2014-12-31",
    "sales" : 110.90,
    "salesGrowthYoY" : -2.41,
    "grossProfitMargin" : 55.60,
    "grossProfit" : 61.66,
    "operatingProfitMargin" : 20.87,
    "operatingProfit" : 23.14,
    "netProfitMargin" : 5.11,
    "netProfit" : 5.67
  }, {
    "date" : "2015-03-31",
    "sales" : 105.85,
    "salesGrowthYoY" : 2.11,
    "grossProfitMargin" : 47.71,
    "grossProfit" : 50.50,
    "operatingProfitMargin" : 19.34,
    "operatingProfit" : 20.47,
    "netProfitMargin" : 1.83,
    "netProfit" : 1.94
  }, {
    "date" : "2015-06-30",
    "sales" : 107.11,
    "salesGrowthYoY" : -5.24,
    "grossProfitMargin" : 39.73,
    "grossProfit" : 42.55,
    "operatingProfitMargin" : 11.98,
    "operatingProfit" : 12.83,
    "netProfitMargin" : 3.41,
    "netProfit" : 3.65
  }, {
    "date" : "2015-09-30",
    "sales" : 111.30,
    "salesGrowthYoY" : -3.25,
    "grossProfitMargin" : 39.85,
    "grossProfit" : 44.35,
    "operatingProfitMargin" : 6.56,
    "operatingProfit" : 7.30,
    "netProfitMargin" : 4.02,
    "netProfit" : 4.47
  }, {
    "date" : "2015-12-31",
    "sales" : 85.17,
    "salesGrowthYoY" : -23.20,
    "grossProfitMargin" : 52.82,
    "grossProfit" : 44.99,
    "operatingProfitMargin" : 9.33,
    "operatingProfit" : 7.95,
    "netProfitMargin" : 3.03,
    "netProfit" : 2.58
  }, {
    "date" : "2016-03-31",
    "sales" : 91.02,
    "salesGrowthYoY" : -14.01,
    "grossProfitMargin" : 48.23,
    "grossProfit" : 43.90,
    "operatingProfitMargin" : 8.19,
    "operatingProfit" : 7.45,
    "netProfitMargin" : -0.35,
    "netProfit" : -0.32
  }, {
    "date" : "2016-06-30",
    "sales" : 86.57,
    "salesGrowthYoY" : -19.18,
    "grossProfitMargin" : 44.84,
    "grossProfit" : 38.82,
    "operatingProfitMargin" : 2.26,
    "operatingProfit" : 1.96,
    "netProfitMargin" : -2.22,
    "netProfit" : -1.92
  }, {
    "date" : "2016-09-30",
    "sales" : 91.81,
    "salesGrowthYoY" : -17.51,
    "grossProfitMargin" : 44.62,
    "grossProfit" : 40.97,
    "operatingProfitMargin" : 2.41,
    "operatingProfit" : 2.21,
    "netProfitMargin" : -0.71,
    "netProfit" : -0.65
  }, {
    "date" : "2016-12-31",
    "sales" : 29.39,
    "salesGrowthYoY" : -65.49,
    "grossProfitMargin" : 17.11,
    "grossProfit" : 5.03,
    "operatingProfitMargin" : -30.62,
    "operatingProfit" : -9.00,
    "netProfitMargin" : -2.31,
    "netProfit" : -0.68
  }, {
    "date" : "2017-03-31",
    "sales" : 26.65,
    "salesGrowthYoY" : -70.72,
    "grossProfitMargin" : 13.96,
    "grossProfit" : 3.72,
    "operatingProfitMargin" : -29.72,
    "operatingProfit" : -7.92,
    "netProfitMargin" : 12.12,
    "netProfit" : 3.23
  }, {
    "date" : "2017-06-30",
    "sales" : 26.05,
    "salesGrowthYoY" : -69.91,
    "grossProfitMargin" : 29.25,
    "grossProfit" : 7.62,
    "operatingProfitMargin" : -23.95,
    "operatingProfit" : -6.24,
    "netProfitMargin" : 21.23,
    "netProfit" : 5.53
  }, {
    "date" : "2017-09-30",
    "sales" : 26.44,
    "salesGrowthYoY" : -71.20,
    "grossProfitMargin" : 5.11,
    "grossProfit" : 1.35,
    "operatingProfitMargin" : -22.58,
    "operatingProfit" : -5.97,
    "netProfitMargin" : 46.14,
    "netProfit" : 12.20
  }, {
    "date" : "2017-12-31",
    "sales" : 26.72,
    "salesGrowthYoY" : -9.08,
    "grossProfitMargin" : 41.24,
    "grossProfit" : 11.02,
    "operatingProfitMargin" : -20.21,
    "operatingProfit" : -5.40,
    "netProfitMargin" : -9.13,
    "netProfit" : -2.44
  }, {
    "date" : "2018-03-31",
    "sales" : 26.80,
    "salesGrowthYoY" : 0.56,
    "grossProfitMargin" : 24.81,
    "grossProfit" : 6.65,
    "operatingProfitMargin" : -16.49,
    "operatingProfit" : -4.42,
    "netProfitMargin" : 8.73,
    "netProfit" : 2.34
  }, {
    "date" : "2018-06-30",
    "sales" : 26.29,
    "salesGrowthYoY" : 0.92,
    "grossProfitMargin" : 32.22,
    "grossProfit" : 8.47,
    "operatingProfitMargin" : -3.23,
    "operatingProfit" : -0.85,
    "netProfitMargin" : 9.97,
    "netProfit" : 2.62
  }, {
    "date" : "2018-09-30",
    "sales" : 36.24,
    "salesGrowthYoY" : 37.07,
    "grossProfitMargin" : 48.10,
    "grossProfit" : 17.43,
    "operatingProfitMargin" : -0.03,
    "operatingProfit" : -0.01,
    "netProfitMargin" : 7.48,
    "netProfit" : 2.71
  }, {
    "date" : "2018-12-31",
    "sales" : 48.14,
    "salesGrowthYoY" : 80.16,
    "grossProfitMargin" : 46.90,
    "grossProfit" : 22.58,
    "operatingProfitMargin" : 3.03,
    "operatingProfit" : 1.46,
    "netProfitMargin" : 1.81,
    "netProfit" : 0.87
  }, {
    "date" : "2019-03-31",
    "sales" : 55.59,
    "salesGrowthYoY" : 107.43,
    "grossProfitMargin" : 41.66,
    "grossProfit" : 23.16,
    "operatingProfitMargin" : 4.50,
    "operatingProfit" : 2.50,
    "netProfitMargin" : 2.50,
    "netProfit" : 1.39
  }, {
    "date" : "2019-06-30",
    "sales" : 51.72,
    "salesGrowthYoY" : 96.73,
    "grossProfitMargin" : 45.51,
    "grossProfit" : 23.54,
    "operatingProfitMargin" : 5.88,
    "operatingProfit" : 3.04,
    "netProfitMargin" : 2.75,
    "netProfit" : 1.42
  }, {
    "date" : "2019-09-30",
    "sales" : 51.52,
    "salesGrowthYoY" : 42.16,
    "grossProfitMargin" : 46.72,
    "grossProfit" : 24.07,
    "operatingProfitMargin" : 5.43,
    "operatingProfit" : 2.80,
    "netProfitMargin" : 19.76,
    "netProfit" : 10.18
  }, {
    "date" : "2019-12-31",
    "sales" : 61.80,
    "salesGrowthYoY" : 28.38,
    "grossProfitMargin" : 49.61,
    "grossProfit" : 30.66,
    "operatingProfitMargin" : 9.48,
    "operatingProfit" : 5.86,
    "netProfitMargin" : 4.72,
    "netProfit" : 2.92
  }, {
    "date" : "2020-03-31",
    "sales" : 62.29,
    "salesGrowthYoY" : 12.05,
    "grossProfitMargin" : 57.83,
    "grossProfit" : 36.02,
    "operatingProfitMargin" : 16.92,
    "operatingProfit" : 10.54,
    "netProfitMargin" : 10.95,
    "netProfit" : 6.82
  }, {
    "date" : "2020-06-30",
    "sales" : 55.35,
    "salesGrowthYoY" : 7.02,
    "grossProfitMargin" : 56.22,
    "grossProfit" : 31.12,
    "operatingProfitMargin" : 15.65,
    "operatingProfit" : 8.66,
    "netProfitMargin" : 10.89,
    "netProfit" : 6.03
  }, {
    "date" : "2020-09-30",
    "sales" : 72.17,
    "salesGrowthYoY" : 40.08,
    "grossProfitMargin" : 59.14,
    "grossProfit" : 42.68,
    "operatingProfitMargin" : 15.38,
    "operatingProfit" : 11.10,
    "netProfitMargin" : 16.52,
    "netProfit" : 11.92
  }, {
    "date" : "2020-12-31",
    "sales" : 68.46,
    "salesGrowthYoY" : 10.78,
    "grossProfitMargin" : 63.31,
    "grossProfit" : 43.34,
    "operatingProfitMargin" : 18.48,
    "operatingProfit" : 12.65,
    "netProfitMargin" : 17.13,
    "netProfit" : 11.73
  }, {
    "date" : "2021-03-31",
    "sales" : 69.48,
    "salesGrowthYoY" : 11.54,
    "grossProfitMargin" : 56.79,
    "grossProfit" : 39.46,
    "operatingProfitMargin" : 4.15,
    "operatingProfit" : 2.88,
    "netProfitMargin" : 6.58,
    "netProfit" : 4.57
  }, {
    "date" : "2021-06-30",
    "sales" : 46.66,
    "salesGrowthYoY" : -15.70,
    "grossProfitMargin" : 66.70,
    "grossProfit" : 31.12,
    "operatingProfitMargin" : -8.89,
    "operatingProfit" : -4.15,
    "netProfitMargin" : -1.31,
    "netProfit" : -0.61
  }, {
    "date" : "2021-09-30",
    "sales" : 50.11,
    "salesGrowthYoY" : -30.57,
    "grossProfitMargin" : 53.70,
    "grossProfit" : 26.91,
    "operatingProfitMargin" : -9.14,
    "operatingProfit" : -4.58,
    "netProfitMargin" : 8.56,
    "netProfit" : 4.29
  }, {
    "date" : "2021-12-31",
    "sales" : 59.19,
    "salesGrowthYoY" : -13.54,
    "grossProfitMargin" : 38.93,
    "grossProfit" : 23.04,
    "operatingProfitMargin" : 4.70,
    "operatingProfit" : 2.78,
    "netProfitMargin" : 7.55,
    "netProfit" : 4.47
  }, {
    "date" : "2022-03-31",
    "sales" : 63.67,
    "salesGrowthYoY" : -8.36,
    "grossProfitMargin" : 46.96,
    "grossProfit" : 29.90,
    "operatingProfitMargin" : 8.20,
    "operatingProfit" : 5.22,
    "netProfitMargin" : 10.44,
    "netProfit" : 6.65
  }, {
    "date" : "2022-06-30",
    "sales" : 64.86,
    "salesGrowthYoY" : 39.01,
    "grossProfitMargin" : 41.61,
    "grossProfit" : 26.99,
    "operatingProfitMargin" : -3.07,
    "operatingProfit" : -1.99,
    "netProfitMargin" : 1.30,
    "netProfit" : 0.84
  }, {
    "date" : "2022-09-30",
    "sales" : 54.23,
    "salesGrowthYoY" : 8.22,
    "grossProfitMargin" : 38.54,
    "grossProfit" : 20.90,
    "operatingProfitMargin" : -17.67,
    "operatingProfit" : -9.58,
    "netProfitMargin" : -7.47,
    "netProfit" : -4.05
  }, {
    "date" : "2022-12-31",
    "sales" : 57.00,
    "salesGrowthYoY" : -3.70,
    "grossProfitMargin" : 35.26,
    "grossProfit" : 20.10,
    "operatingProfitMargin" : -15.33,
    "operatingProfit" : -8.74,
    "netProfitMargin" : -2.16,
    "netProfit" : -1.23
  }, {
    "date" : "2023-03-31",
    "sales" : 46.60,
    "salesGrowthYoY" : -26.81,
    "grossProfitMargin" : 40.30,
    "grossProfit" : 18.78,
    "operatingProfitMargin" : -12.96,
    "operatingProfit" : -6.04,
    "netProfitMargin" : -3.54,
    "netProfit" : -1.65
  }, {
    "date" : "2023-06-30",
    "sales" : 40.42,
    "salesGrowthYoY" : -37.68,
    "grossProfitMargin" : 37.28,
    "grossProfit" : 15.07,
    "operatingProfitMargin" : -22.44,
    "operatingProfit" : -9.07,
    "netProfitMargin" : -1.36,
    "netProfit" : -0.55
  }, {
    "date" : "2023-09-30",
    "sales" : 49.12,
    "salesGrowthYoY" : -9.42,
    "grossProfitMargin" : 28.38,
    "grossProfit" : 13.94,
    "operatingProfitMargin" : -15.68,
    "operatingProfit" : -7.70,
    "netProfitMargin" : -1.87,
    "netProfit" : -0.92
  }, {
    "date" : "2023-12-31",
    "sales" : 42.21,
    "salesGrowthYoY" : -25.95,
    "grossProfitMargin" : 42.34,
    "grossProfit" : 17.87,
    "operatingProfitMargin" : -9.83,
    "operatingProfit" : -4.15,
    "netProfitMargin" : 10.85,
    "netProfit" : 4.58
  }, {
    "date" : "2024-03-31",
    "sales" : 36.77,
    "salesGrowthYoY" : -21.09,
    "grossProfitMargin" : 37.39,
    "grossProfit" : 13.75,
    "operatingProfitMargin" : -15.66,
    "operatingProfit" : -5.76,
    "netProfitMargin" : 10.23,
    "netProfit" : 3.76
  }, {
    "date" : "2024-06-30",
    "sales" : 57.67,
    "salesGrowthYoY" : 42.68,
    "grossProfitMargin" : 30.87,
    "grossProfit" : 17.80,
    "operatingProfitMargin" : -3.43,
    "operatingProfit" : -1.98,
    "netProfitMargin" : 7.80,
    "netProfit" : 4.50
  }, {
    "date" : "2024-09-30",
    "sales" : 41.99,
    "salesGrowthYoY" : -14.52,
    "grossProfitMargin" : 42.75,
    "grossProfit" : 17.95,
    "operatingProfitMargin" : -5.00,
    "operatingProfit" : -2.10,
    "netProfitMargin" : 16.98,
    "netProfit" : 7.13
  }, {
    "date" : "2024-12-31",
    "sales" : 36.27,
    "salesGrowthYoY" : -14.07,
    "grossProfitMargin" : 46.79,
    "grossProfit" : 16.97,
    "operatingProfitMargin" : -12.35,
    "operatingProfit" : -4.48,
    "netProfitMargin" : 8.41,
    "netProfit" : 3.05
  }, {
    "date" : "2025-03-31",
    "sales" : 42.33,
    "salesGrowthYoY" : 15.12,
    "grossProfitMargin" : 47.34,
    "grossProfit" : 20.04,
    "operatingProfitMargin" : -6.66,
    "operatingProfit" : -2.82,
    "netProfitMargin" : 10.42,
    "netProfit" : 4.41
  }, {
    "date" : "2025-06-30",
    "sales" : 41.07,
    "salesGrowthYoY" : -28.78,
    "grossProfitMargin" : 47.70,
    "grossProfit" : 19.59,
    "operatingProfitMargin" : -4.97,
    "operatingProfit" : -2.04,
    "netProfitMargin" : 10.35,
    "netProfit" : 4.25
  }, {
    "date" : "2025-09-30",
    "sales" : 34.03,
    "salesGrowthYoY" : -18.96,
    "grossProfitMargin" : 54.33,
    "grossProfit" : 18.49,
    "operatingProfitMargin" : -7.76,
    "operatingProfit" : -2.64,
    "netProfitMargin" : 11.46,
    "netProfit" : 3.90
  } ],
  "latestQuarterlyResult" : {
    "date" : "2025-09-30",
    "sales" : 34.03,
    "salesGrowthYoY" : -18.96,
    "grossProfitMargin" : 54.33,
    "grossProfit" : 18.49,
    "operatingProfitMargin" : -7.76,
    "operatingProfit" : -2.64,
    "netProfitMargin" : 11.46,
    "netProfit" : 3.90
  },
  "companyScore" : {
    "priceHigherThanDma50" : 5.00,
    "priceHigherThanDma100" : 5.00,
    "priceHigherThanDma200" : 5.00,
    "dma50HigherThanDma100" : 0.00,
    "dma50HigherThanDma200" : 5.00,
    "dma100HigherThanDma200" : 5.00,
    "pricePercentageAboveDma50" : 4.84,
    "pricePercentageAboveDma100" : 4.89,
    "pricePercentageAboveDma200" : 4.54,
    "weeklyVolumeHigherThanYearlyVolume" : 0.00,
    "salesGrowthPercentile" : 3.72,
    "operatingProfitMarginPercentile" : 7.19,
    "netProfitMarginPercentile" : 8.07,
    "totalTechnicalScore" : 39.27,
    "totalFundamentalScore" : 18.99,
    "totalScore" : 58.26
  }
}