{
  "metadata" : {
    "screenerCompanyId" : "3700",
    "companyCode" : "VLSFINANCE",
    "companyName" : "VLS Finance",
    "screenerCompanyLink" : "https://www.screener.in/company/VLSFINANCE",
    "screenerTechnicalHistoryLink" : "https://www.screener.in/api/company/3700/chart/?q=Price-DMA50-DMA200-Volume&days=365",
    "screenerQuarterlyResultsLink" : "https://www.screener.in/api/company/3700/chart/?q=GPM-OPM-NPM-Quarter+Sales&days=10000",
    "attributes" : {
      "companyCode" : "VLSFINANCE",
      "companyName" : "VLS Finance",
      "marketCap" : 1134.00,
      "peRatio" : 0.00,
      "description" : "Incorporated in 1986, VLS Finance Ltd is in the business of a stockbroker[1]"
    },
    "companyScore" : {
      "priceHigherThanDma50" : 5.00,
      "priceHigherThanDma100" : 5.00,
      "priceHigherThanDma200" : 5.00,
      "dma50HigherThanDma100" : 5.00,
      "dma50HigherThanDma200" : 5.00,
      "dma100HigherThanDma200" : 0.00,
      "pricePercentageAboveDma50" : 3.46,
      "pricePercentageAboveDma100" : 2.91,
      "pricePercentageAboveDma200" : 3.34,
      "weeklyVolumeHigherThanYearlyVolume" : 5.00,
      "salesGrowthPercentile" : 5.93,
      "operatingProfitMarginPercentile" : 19.25,
      "netProfitMarginPercentile" : 9.00,
      "totalTechnicalScore" : 39.71,
      "totalFundamentalScore" : 34.17,
      "totalScore" : 73.88
    }
  },
  "attributes" : {
    "companyCode" : "VLSFINANCE",
    "companyName" : "VLS Finance",
    "marketCap" : 1134.00,
    "peRatio" : 0.00,
    "description" : "Incorporated in 1986, VLS Finance Ltd is in the business of a stockbroker[1]"
  },
  "technicalHistory" : [ {
    "date" : "2024-12-09",
    "price" : 369.85,
    "dma50" : 385.13,
    "dma100" : null,
    "dma200" : 331.34,
    "volume" : 88854.00
  }, {
    "date" : "2024-12-10",
    "price" : 375.55,
    "dma50" : 384.75,
    "dma100" : null,
    "dma200" : 331.78,
    "volume" : 38645.00
  }, {
    "date" : "2024-12-11",
    "price" : 375.50,
    "dma50" : 384.39,
    "dma100" : null,
    "dma200" : 332.21,
    "volume" : 53175.00
  }, {
    "date" : "2024-12-12",
    "price" : 364.45,
    "dma50" : 383.61,
    "dma100" : null,
    "dma200" : 332.54,
    "volume" : 115457.00
  }, {
    "date" : "2024-12-13",
    "price" : 363.50,
    "dma50" : 382.82,
    "dma100" : null,
    "dma200" : 332.84,
    "volume" : 54565.00
  }, {
    "date" : "2024-12-16",
    "price" : 363.40,
    "dma50" : 382.06,
    "dma100" : null,
    "dma200" : 333.15,
    "volume" : 32797.00
  }, {
    "date" : "2024-12-17",
    "price" : 362.90,
    "dma50" : 381.31,
    "dma100" : null,
    "dma200" : 333.44,
    "volume" : 39594.00
  }, {
    "date" : "2024-12-18",
    "price" : 361.40,
    "dma50" : 380.53,
    "dma100" : null,
    "dma200" : 333.72,
    "volume" : 43889.00
  }, {
    "date" : "2024-12-19",
    "price" : 356.80,
    "dma50" : 379.60,
    "dma100" : null,
    "dma200" : 333.95,
    "volume" : 42250.00
  }, {
    "date" : "2024-12-20",
    "price" : 341.00,
    "dma50" : 378.08,
    "dma100" : null,
    "dma200" : 334.02,
    "volume" : 103365.00
  }, {
    "date" : "2024-12-23",
    "price" : 340.45,
    "dma50" : 376.61,
    "dma100" : null,
    "dma200" : 334.09,
    "volume" : 36007.00
  }, {
    "date" : "2024-12-24",
    "price" : 341.80,
    "dma50" : 375.24,
    "dma100" : null,
    "dma200" : 334.16,
    "volume" : 30133.00
  }, {
    "date" : "2024-12-26",
    "price" : 339.45,
    "dma50" : 373.84,
    "dma100" : null,
    "dma200" : 334.21,
    "volume" : 19961.00
  }, {
    "date" : "2024-12-27",
    "price" : 339.35,
    "dma50" : 372.49,
    "dma100" : null,
    "dma200" : 334.27,
    "volume" : 21164.00
  }, {
    "date" : "2024-12-30",
    "price" : 334.50,
    "dma50" : 371.00,
    "dma100" : null,
    "dma200" : 334.27,
    "volume" : 36326.00
  }, {
    "date" : "2024-12-31",
    "price" : 338.10,
    "dma50" : 369.71,
    "dma100" : null,
    "dma200" : 334.31,
    "volume" : 23043.00
  }, {
    "date" : "2025-01-01",
    "price" : 342.80,
    "dma50" : 368.65,
    "dma100" : null,
    "dma200" : 334.39,
    "volume" : 21827.00
  }, {
    "date" : "2025-01-02",
    "price" : 347.05,
    "dma50" : 367.80,
    "dma100" : null,
    "dma200" : 334.52,
    "volume" : 33386.00
  }, {
    "date" : "2025-01-03",
    "price" : 347.70,
    "dma50" : 367.02,
    "dma100" : null,
    "dma200" : 334.65,
    "volume" : 51254.00
  }, {
    "date" : "2025-01-06",
    "price" : 332.20,
    "dma50" : 365.65,
    "dma100" : null,
    "dma200" : 334.62,
    "volume" : 56280.00
  }, {
    "date" : "2025-01-07",
    "price" : 333.35,
    "dma50" : 364.38,
    "dma100" : null,
    "dma200" : 334.61,
    "volume" : 32651.00
  }, {
    "date" : "2025-01-08",
    "price" : 331.25,
    "dma50" : 363.08,
    "dma100" : null,
    "dma200" : 334.58,
    "volume" : 24880.00
  }, {
    "date" : "2025-01-09",
    "price" : 323.10,
    "dma50" : 361.52,
    "dma100" : null,
    "dma200" : 334.46,
    "volume" : 25662.00
  }, {
    "date" : "2025-01-10",
    "price" : 309.35,
    "dma50" : 359.47,
    "dma100" : null,
    "dma200" : 334.21,
    "volume" : 80568.00
  }, {
    "date" : "2025-01-13",
    "price" : 291.75,
    "dma50" : 356.81,
    "dma100" : null,
    "dma200" : 333.79,
    "volume" : 152757.00
  }, {
    "date" : "2025-01-14",
    "price" : 299.90,
    "dma50" : 354.58,
    "dma100" : null,
    "dma200" : 333.45,
    "volume" : 50709.00
  }, {
    "date" : "2025-01-15",
    "price" : 304.10,
    "dma50" : 352.60,
    "dma100" : null,
    "dma200" : 333.16,
    "volume" : 32308.00
  }, {
    "date" : "2025-01-16",
    "price" : 306.65,
    "dma50" : 350.80,
    "dma100" : null,
    "dma200" : 332.90,
    "volume" : 29793.00
  }, {
    "date" : "2025-01-17",
    "price" : 303.85,
    "dma50" : 348.96,
    "dma100" : null,
    "dma200" : 332.61,
    "volume" : 32908.00
  }, {
    "date" : "2025-01-20",
    "price" : 311.55,
    "dma50" : 347.49,
    "dma100" : null,
    "dma200" : 332.40,
    "volume" : 28927.00
  }, {
    "date" : "2025-01-21",
    "price" : 304.90,
    "dma50" : 345.82,
    "dma100" : null,
    "dma200" : 332.13,
    "volume" : 15643.00
  }, {
    "date" : "2025-01-22",
    "price" : 303.25,
    "dma50" : 344.15,
    "dma100" : null,
    "dma200" : 331.84,
    "volume" : 45367.00
  }, {
    "date" : "2025-01-23",
    "price" : 298.80,
    "dma50" : 342.37,
    "dma100" : null,
    "dma200" : 331.51,
    "volume" : 18458.00
  }, {
    "date" : "2025-01-24",
    "price" : 293.60,
    "dma50" : 340.46,
    "dma100" : null,
    "dma200" : 331.13,
    "volume" : 21826.00
  }, {
    "date" : "2025-01-27",
    "price" : 282.60,
    "dma50" : 338.19,
    "dma100" : null,
    "dma200" : 330.65,
    "volume" : 39831.00
  }, {
    "date" : "2025-01-28",
    "price" : 282.25,
    "dma50" : 336.00,
    "dma100" : null,
    "dma200" : 330.17,
    "volume" : 34995.00
  }, {
    "date" : "2025-01-29",
    "price" : 284.75,
    "dma50" : 333.99,
    "dma100" : null,
    "dma200" : 329.72,
    "volume" : 57743.00
  }, {
    "date" : "2025-01-30",
    "price" : 282.25,
    "dma50" : 331.96,
    "dma100" : null,
    "dma200" : 329.24,
    "volume" : 21684.00
  }, {
    "date" : "2025-01-31",
    "price" : 289.50,
    "dma50" : 330.30,
    "dma100" : null,
    "dma200" : 328.85,
    "volume" : 24360.00
  }, {
    "date" : "2025-02-01",
    "price" : 292.25,
    "dma50" : 328.80,
    "dma100" : null,
    "dma200" : 328.48,
    "volume" : 15727.00
  }, {
    "date" : "2025-02-03",
    "price" : 285.80,
    "dma50" : 327.12,
    "dma100" : null,
    "dma200" : 328.06,
    "volume" : 22462.00
  }, {
    "date" : "2025-02-04",
    "price" : 287.25,
    "dma50" : 325.55,
    "dma100" : null,
    "dma200" : 327.65,
    "volume" : 12969.00
  }, {
    "date" : "2025-02-05",
    "price" : 297.80,
    "dma50" : 324.46,
    "dma100" : null,
    "dma200" : 327.36,
    "volume" : 44257.00
  }, {
    "date" : "2025-02-06",
    "price" : 273.50,
    "dma50" : 322.47,
    "dma100" : null,
    "dma200" : 326.82,
    "volume" : 207125.00
  }, {
    "date" : "2025-02-07",
    "price" : 271.15,
    "dma50" : 320.45,
    "dma100" : null,
    "dma200" : 326.27,
    "volume" : 38937.00
  }, {
    "date" : "2025-02-10",
    "price" : 262.55,
    "dma50" : 318.18,
    "dma100" : null,
    "dma200" : 325.63,
    "volume" : 42382.00
  }, {
    "date" : "2025-02-11",
    "price" : 252.40,
    "dma50" : 315.60,
    "dma100" : null,
    "dma200" : 324.90,
    "volume" : 46519.00
  }, {
    "date" : "2025-02-12",
    "price" : 249.15,
    "dma50" : 313.00,
    "dma100" : null,
    "dma200" : 324.15,
    "volume" : 36178.00
  }, {
    "date" : "2025-02-13",
    "price" : 246.20,
    "dma50" : 310.38,
    "dma100" : null,
    "dma200" : 323.37,
    "volume" : 27700.00
  }, {
    "date" : "2025-02-14",
    "price" : 233.30,
    "dma50" : 307.36,
    "dma100" : null,
    "dma200" : 322.48,
    "volume" : 55434.00
  }, {
    "date" : "2025-02-17",
    "price" : 229.75,
    "dma50" : 304.31,
    "dma100" : null,
    "dma200" : 321.56,
    "volume" : 51231.00
  }, {
    "date" : "2025-02-18",
    "price" : 224.15,
    "dma50" : 301.17,
    "dma100" : null,
    "dma200" : 320.59,
    "volume" : 40258.00
  }, {
    "date" : "2025-02-19",
    "price" : 234.55,
    "dma50" : 298.56,
    "dma100" : null,
    "dma200" : 319.73,
    "volume" : 48027.00
  }, {
    "date" : "2025-02-20",
    "price" : 238.05,
    "dma50" : 296.18,
    "dma100" : null,
    "dma200" : 318.92,
    "volume" : 37468.00
  }, {
    "date" : "2025-02-21",
    "price" : 231.80,
    "dma50" : 293.66,
    "dma100" : null,
    "dma200" : 318.05,
    "volume" : 37245.00
  }, {
    "date" : "2025-02-24",
    "price" : 239.75,
    "dma50" : 291.54,
    "dma100" : null,
    "dma200" : 317.27,
    "volume" : 43250.00
  }, {
    "date" : "2025-02-25",
    "price" : 234.75,
    "dma50" : 289.32,
    "dma100" : null,
    "dma200" : 316.45,
    "volume" : 32353.00
  }, {
    "date" : "2025-02-27",
    "price" : 224.50,
    "dma50" : 286.78,
    "dma100" : null,
    "dma200" : 315.54,
    "volume" : 47889.00
  }, {
    "date" : "2025-02-28",
    "price" : 213.25,
    "dma50" : 283.89,
    "dma100" : null,
    "dma200" : 314.52,
    "volume" : 179768.00
  }, {
    "date" : "2025-03-03",
    "price" : 201.94,
    "dma50" : 280.68,
    "dma100" : null,
    "dma200" : 313.40,
    "volume" : 91738.00
  }, {
    "date" : "2025-03-04",
    "price" : 191.77,
    "dma50" : 277.19,
    "dma100" : null,
    "dma200" : 312.19,
    "volume" : 184489.00
  }, {
    "date" : "2025-03-05",
    "price" : 201.50,
    "dma50" : 274.22,
    "dma100" : null,
    "dma200" : 311.09,
    "volume" : 130691.00
  }, {
    "date" : "2025-03-06",
    "price" : 206.44,
    "dma50" : 271.56,
    "dma100" : null,
    "dma200" : 310.04,
    "volume" : 123727.00
  }, {
    "date" : "2025-03-07",
    "price" : 218.41,
    "dma50" : 269.48,
    "dma100" : null,
    "dma200" : 309.13,
    "volume" : 103733.00
  }, {
    "date" : "2025-03-10",
    "price" : 205.63,
    "dma50" : 266.98,
    "dma100" : null,
    "dma200" : 308.10,
    "volume" : 111671.00
  }, {
    "date" : "2025-03-11",
    "price" : 206.14,
    "dma50" : 264.59,
    "dma100" : null,
    "dma200" : 307.09,
    "volume" : 36286.00
  }, {
    "date" : "2025-03-12",
    "price" : 202.88,
    "dma50" : 262.17,
    "dma100" : null,
    "dma200" : 306.05,
    "volume" : 30442.00
  }, {
    "date" : "2025-03-13",
    "price" : 202.00,
    "dma50" : 259.81,
    "dma100" : null,
    "dma200" : 305.02,
    "volume" : 37127.00
  }, {
    "date" : "2025-03-17",
    "price" : 197.09,
    "dma50" : 257.35,
    "dma100" : null,
    "dma200" : 303.94,
    "volume" : 76424.00
  }, {
    "date" : "2025-03-18",
    "price" : 204.22,
    "dma50" : 255.27,
    "dma100" : null,
    "dma200" : 302.95,
    "volume" : 43919.00
  }, {
    "date" : "2025-03-19",
    "price" : 210.52,
    "dma50" : 253.51,
    "dma100" : null,
    "dma200" : 302.03,
    "volume" : 47453.00
  }, {
    "date" : "2025-03-20",
    "price" : 210.94,
    "dma50" : 251.84,
    "dma100" : null,
    "dma200" : 301.12,
    "volume" : 54605.00
  }, {
    "date" : "2025-03-21",
    "price" : 218.95,
    "dma50" : 250.55,
    "dma100" : null,
    "dma200" : 300.31,
    "volume" : 91401.00
  }, {
    "date" : "2025-03-24",
    "price" : 220.05,
    "dma50" : 249.36,
    "dma100" : null,
    "dma200" : 299.51,
    "volume" : 67832.00
  }, {
    "date" : "2025-03-25",
    "price" : 211.37,
    "dma50" : 247.87,
    "dma100" : null,
    "dma200" : 298.63,
    "volume" : 71619.00
  }, {
    "date" : "2025-03-26",
    "price" : 204.86,
    "dma50" : 246.18,
    "dma100" : null,
    "dma200" : 297.70,
    "volume" : 59154.00
  }, {
    "date" : "2025-03-27",
    "price" : 203.96,
    "dma50" : 244.53,
    "dma100" : null,
    "dma200" : 296.76,
    "volume" : 90088.00
  }, {
    "date" : "2025-03-28",
    "price" : 203.17,
    "dma50" : 242.90,
    "dma100" : null,
    "dma200" : 295.83,
    "volume" : 108360.00
  }, {
    "date" : "2025-04-01",
    "price" : 211.52,
    "dma50" : 241.67,
    "dma100" : null,
    "dma200" : 294.99,
    "volume" : 45939.00
  }, {
    "date" : "2025-04-02",
    "price" : 212.07,
    "dma50" : 240.51,
    "dma100" : null,
    "dma200" : 294.17,
    "volume" : 23430.00
  }, {
    "date" : "2025-04-03",
    "price" : 221.85,
    "dma50" : 239.78,
    "dma100" : null,
    "dma200" : 293.45,
    "volume" : 41692.00
  }, {
    "date" : "2025-04-04",
    "price" : 214.06,
    "dma50" : 238.77,
    "dma100" : null,
    "dma200" : 292.66,
    "volume" : 64960.00
  }, {
    "date" : "2025-04-07",
    "price" : 207.12,
    "dma50" : 237.53,
    "dma100" : null,
    "dma200" : 291.81,
    "volume" : 55460.00
  }, {
    "date" : "2025-04-08",
    "price" : 212.89,
    "dma50" : 236.56,
    "dma100" : null,
    "dma200" : 291.02,
    "volume" : 19271.00
  }, {
    "date" : "2025-04-09",
    "price" : 209.13,
    "dma50" : 235.49,
    "dma100" : null,
    "dma200" : 290.21,
    "volume" : 18770.00
  }, {
    "date" : "2025-04-11",
    "price" : 212.60,
    "dma50" : 234.59,
    "dma100" : null,
    "dma200" : 289.44,
    "volume" : 29221.00
  }, {
    "date" : "2025-04-15",
    "price" : 226.52,
    "dma50" : 234.27,
    "dma100" : null,
    "dma200" : 288.81,
    "volume" : 79163.00
  }, {
    "date" : "2025-04-16",
    "price" : 232.69,
    "dma50" : 234.21,
    "dma100" : null,
    "dma200" : 288.25,
    "volume" : 54346.00
  }, {
    "date" : "2025-04-17",
    "price" : 237.78,
    "dma50" : 234.35,
    "dma100" : null,
    "dma200" : 287.75,
    "volume" : 71186.00
  }, {
    "date" : "2025-04-21",
    "price" : 262.32,
    "dma50" : 235.45,
    "dma100" : null,
    "dma200" : 287.50,
    "volume" : 248153.00
  }, {
    "date" : "2025-04-22",
    "price" : 265.32,
    "dma50" : 236.62,
    "dma100" : null,
    "dma200" : 287.28,
    "volume" : 69960.00
  }, {
    "date" : "2025-04-23",
    "price" : 262.45,
    "dma50" : 237.63,
    "dma100" : null,
    "dma200" : 287.03,
    "volume" : 39173.00
  }, {
    "date" : "2025-04-24",
    "price" : 273.18,
    "dma50" : 239.03,
    "dma100" : null,
    "dma200" : 286.89,
    "volume" : 91105.00
  }, {
    "date" : "2025-04-25",
    "price" : 251.85,
    "dma50" : 239.53,
    "dma100" : null,
    "dma200" : 286.54,
    "volume" : 101590.00
  }, {
    "date" : "2025-04-28",
    "price" : 247.55,
    "dma50" : 239.84,
    "dma100" : null,
    "dma200" : 286.15,
    "volume" : 34010.00
  }, {
    "date" : "2025-04-29",
    "price" : 245.61,
    "dma50" : 240.07,
    "dma100" : null,
    "dma200" : 285.75,
    "volume" : 26442.00
  }, {
    "date" : "2025-04-30",
    "price" : 238.24,
    "dma50" : 240.00,
    "dma100" : null,
    "dma200" : 285.28,
    "volume" : 33177.00
  }, {
    "date" : "2025-05-02",
    "price" : 229.88,
    "dma50" : 239.60,
    "dma100" : null,
    "dma200" : 284.73,
    "volume" : 49742.00
  }, {
    "date" : "2025-05-05",
    "price" : 231.60,
    "dma50" : 239.29,
    "dma100" : null,
    "dma200" : 284.20,
    "volume" : 24733.00
  }, {
    "date" : "2025-05-06",
    "price" : 225.07,
    "dma50" : 238.73,
    "dma100" : null,
    "dma200" : 283.61,
    "volume" : 32359.00
  }, {
    "date" : "2025-05-07",
    "price" : 222.36,
    "dma50" : 238.09,
    "dma100" : 267.02,
    "dma200" : 283.00,
    "volume" : 47039.00
  }, {
    "date" : "2025-05-08",
    "price" : 224.47,
    "dma50" : 237.55,
    "dma100" : 265.51,
    "dma200" : 282.42,
    "volume" : 30555.00
  }, {
    "date" : "2025-05-09",
    "price" : 221.55,
    "dma50" : 236.93,
    "dma100" : 263.97,
    "dma200" : 281.81,
    "volume" : 43059.00
  }, {
    "date" : "2025-05-12",
    "price" : 239.79,
    "dma50" : 237.04,
    "dma100" : 262.72,
    "dma200" : 281.39,
    "volume" : 58891.00
  }, {
    "date" : "2025-05-13",
    "price" : 249.46,
    "dma50" : 237.53,
    "dma100" : 261.58,
    "dma200" : 281.08,
    "volume" : 57937.00
  }, {
    "date" : "2025-05-14",
    "price" : 254.99,
    "dma50" : 238.21,
    "dma100" : 260.50,
    "dma200" : 280.82,
    "volume" : 38046.00
  }, {
    "date" : "2025-05-15",
    "price" : 251.59,
    "dma50" : 238.74,
    "dma100" : 259.39,
    "dma200" : 280.53,
    "volume" : 20822.00
  }, {
    "date" : "2025-05-16",
    "price" : 256.49,
    "dma50" : 239.43,
    "dma100" : 258.34,
    "dma200" : 280.29,
    "volume" : 25245.00
  }, {
    "date" : "2025-05-19",
    "price" : 265.79,
    "dma50" : 240.47,
    "dma100" : 257.43,
    "dma200" : 280.14,
    "volume" : 64119.00
  }, {
    "date" : "2025-05-20",
    "price" : 261.88,
    "dma50" : 241.31,
    "dma100" : 256.64,
    "dma200" : 279.96,
    "volume" : 42538.00
  }, {
    "date" : "2025-05-21",
    "price" : 263.72,
    "dma50" : 242.18,
    "dma100" : 255.87,
    "dma200" : 279.80,
    "volume" : 22014.00
  }, {
    "date" : "2025-05-22",
    "price" : 262.43,
    "dma50" : 242.98,
    "dma100" : 255.07,
    "dma200" : 279.63,
    "volume" : 16544.00
  }, {
    "date" : "2025-05-23",
    "price" : 264.80,
    "dma50" : 243.83,
    "dma100" : 254.33,
    "dma200" : 279.48,
    "volume" : 24071.00
  }, {
    "date" : "2025-05-26",
    "price" : 261.99,
    "dma50" : 244.55,
    "dma100" : 253.55,
    "dma200" : 279.31,
    "volume" : 27325.00
  }, {
    "date" : "2025-05-27",
    "price" : 254.17,
    "dma50" : 244.92,
    "dma100" : 252.75,
    "dma200" : 279.06,
    "volume" : 40291.00
  }, {
    "date" : "2025-05-28",
    "price" : 245.60,
    "dma50" : 244.95,
    "dma100" : 251.83,
    "dma200" : 278.72,
    "volume" : 74104.00
  }, {
    "date" : "2025-05-29",
    "price" : 240.69,
    "dma50" : 244.78,
    "dma100" : 250.81,
    "dma200" : 278.34,
    "volume" : 60262.00
  }, {
    "date" : "2025-05-30",
    "price" : 238.55,
    "dma50" : 244.54,
    "dma100" : 249.72,
    "dma200" : 277.95,
    "volume" : 27921.00
  }, {
    "date" : "2025-06-02",
    "price" : 241.65,
    "dma50" : 244.43,
    "dma100" : 248.66,
    "dma200" : 277.59,
    "volume" : 19275.00
  }, {
    "date" : "2025-06-03",
    "price" : 240.89,
    "dma50" : 244.29,
    "dma100" : 247.75,
    "dma200" : 277.22,
    "volume" : 15001.00
  }, {
    "date" : "2025-06-04",
    "price" : 240.12,
    "dma50" : 244.12,
    "dma100" : 246.81,
    "dma200" : 276.85,
    "volume" : 17995.00
  }, {
    "date" : "2025-06-05",
    "price" : 243.65,
    "dma50" : 244.10,
    "dma100" : 245.94,
    "dma200" : 276.52,
    "volume" : 21449.00
  }, {
    "date" : "2025-06-06",
    "price" : 248.03,
    "dma50" : 244.26,
    "dma100" : 245.19,
    "dma200" : 276.24,
    "volume" : 41424.00
  }, {
    "date" : "2025-06-09",
    "price" : 254.32,
    "dma50" : 244.65,
    "dma100" : 244.64,
    "dma200" : 276.02,
    "volume" : 44166.00
  }, {
    "date" : "2025-06-10",
    "price" : 253.28,
    "dma50" : 244.99,
    "dma100" : 244.25,
    "dma200" : 275.79,
    "volume" : 35262.00
  }, {
    "date" : "2025-06-11",
    "price" : 260.02,
    "dma50" : 245.58,
    "dma100" : 243.85,
    "dma200" : 275.64,
    "volume" : 57027.00
  }, {
    "date" : "2025-06-12",
    "price" : 252.80,
    "dma50" : 245.86,
    "dma100" : 243.34,
    "dma200" : 275.41,
    "volume" : 21979.00
  }, {
    "date" : "2025-06-13",
    "price" : 250.31,
    "dma50" : 246.04,
    "dma100" : 242.78,
    "dma200" : 275.16,
    "volume" : 17292.00
  }, {
    "date" : "2025-06-16",
    "price" : 248.95,
    "dma50" : 246.15,
    "dma100" : 242.23,
    "dma200" : 274.90,
    "volume" : 26249.00
  }, {
    "date" : "2025-06-17",
    "price" : 244.50,
    "dma50" : 246.09,
    "dma100" : 241.56,
    "dma200" : 274.60,
    "volume" : 34334.00
  }, {
    "date" : "2025-06-18",
    "price" : 240.10,
    "dma50" : 245.85,
    "dma100" : 240.91,
    "dma200" : 274.25,
    "volume" : 17782.00
  }, {
    "date" : "2025-06-19",
    "price" : 238.73,
    "dma50" : 245.57,
    "dma100" : 240.26,
    "dma200" : 273.90,
    "volume" : 26481.00
  }, {
    "date" : "2025-06-20",
    "price" : 241.68,
    "dma50" : 245.42,
    "dma100" : 239.69,
    "dma200" : 273.58,
    "volume" : 10139.00
  }, {
    "date" : "2025-06-23",
    "price" : 240.97,
    "dma50" : 245.25,
    "dma100" : 239.17,
    "dma200" : 273.26,
    "volume" : 10867.00
  }, {
    "date" : "2025-06-24",
    "price" : 243.66,
    "dma50" : 245.18,
    "dma100" : 238.78,
    "dma200" : 272.96,
    "volume" : 13236.00
  }, {
    "date" : "2025-06-25",
    "price" : 248.58,
    "dma50" : 245.32,
    "dma100" : 238.44,
    "dma200" : 272.72,
    "volume" : 17559.00
  }, {
    "date" : "2025-06-26",
    "price" : 247.31,
    "dma50" : 245.40,
    "dma100" : 238.07,
    "dma200" : 272.47,
    "volume" : 23371.00
  }, {
    "date" : "2025-06-27",
    "price" : 248.81,
    "dma50" : 245.53,
    "dma100" : 237.73,
    "dma200" : 272.23,
    "volume" : 11447.00
  }, {
    "date" : "2025-06-30",
    "price" : 249.83,
    "dma50" : 245.70,
    "dma100" : 237.34,
    "dma200" : 272.01,
    "volume" : 15187.00
  }, {
    "date" : "2025-07-01",
    "price" : 248.00,
    "dma50" : 245.79,
    "dma100" : 236.89,
    "dma200" : 271.77,
    "volume" : 13585.00
  }, {
    "date" : "2025-07-02",
    "price" : 244.25,
    "dma50" : 245.73,
    "dma100" : 236.48,
    "dma200" : 271.49,
    "volume" : 16292.00
  }, {
    "date" : "2025-07-03",
    "price" : 244.82,
    "dma50" : 245.69,
    "dma100" : 236.05,
    "dma200" : 271.23,
    "volume" : 15808.00
  }, {
    "date" : "2025-07-04",
    "price" : 244.65,
    "dma50" : 245.65,
    "dma100" : 235.52,
    "dma200" : 270.96,
    "volume" : 14885.00
  }, {
    "date" : "2025-07-07",
    "price" : 255.85,
    "dma50" : 246.05,
    "dma100" : 235.35,
    "dma200" : 270.81,
    "volume" : 79982.00
  }, {
    "date" : "2025-07-08",
    "price" : 254.48,
    "dma50" : 246.38,
    "dma100" : 235.18,
    "dma200" : 270.65,
    "volume" : 17487.00
  }, {
    "date" : "2025-07-09",
    "price" : 251.99,
    "dma50" : 246.60,
    "dma100" : 235.07,
    "dma200" : 270.47,
    "volume" : 43914.00
  }, {
    "date" : "2025-07-10",
    "price" : 251.55,
    "dma50" : 246.80,
    "dma100" : 235.06,
    "dma200" : 270.28,
    "volume" : 24064.00
  }, {
    "date" : "2025-07-11",
    "price" : 248.32,
    "dma50" : 246.86,
    "dma100" : 235.06,
    "dma200" : 270.06,
    "volume" : 22947.00
  }, {
    "date" : "2025-07-14",
    "price" : 245.23,
    "dma50" : 246.79,
    "dma100" : 235.05,
    "dma200" : 269.81,
    "volume" : 17404.00
  }, {
    "date" : "2025-07-15",
    "price" : 243.76,
    "dma50" : 246.67,
    "dma100" : 235.15,
    "dma200" : 269.55,
    "volume" : 14939.00
  }, {
    "date" : "2025-07-16",
    "price" : 245.16,
    "dma50" : 246.61,
    "dma100" : 235.31,
    "dma200" : 269.31,
    "volume" : 33993.00
  }, {
    "date" : "2025-07-17",
    "price" : 246.70,
    "dma50" : 246.62,
    "dma100" : 235.53,
    "dma200" : 269.09,
    "volume" : 12740.00
  }, {
    "date" : "2025-07-18",
    "price" : 245.06,
    "dma50" : 246.56,
    "dma100" : 235.64,
    "dma200" : 268.85,
    "volume" : 14798.00
  }, {
    "date" : "2025-07-21",
    "price" : 247.18,
    "dma50" : 246.58,
    "dma100" : 235.73,
    "dma200" : 268.63,
    "volume" : 16562.00
  }, {
    "date" : "2025-07-22",
    "price" : 244.05,
    "dma50" : 246.48,
    "dma100" : 235.85,
    "dma200" : 268.39,
    "volume" : 11481.00
  }, {
    "date" : "2025-07-23",
    "price" : 243.11,
    "dma50" : 246.35,
    "dma100" : 235.88,
    "dma200" : 268.13,
    "volume" : 16107.00
  }, {
    "date" : "2025-07-24",
    "price" : 241.62,
    "dma50" : 246.16,
    "dma100" : 235.95,
    "dma200" : 267.87,
    "volume" : 9432.00
  }, {
    "date" : "2025-07-25",
    "price" : 238.09,
    "dma50" : 245.85,
    "dma100" : 236.09,
    "dma200" : 267.57,
    "volume" : 21718.00
  }, {
    "date" : "2025-07-28",
    "price" : 232.14,
    "dma50" : 245.31,
    "dma100" : 236.28,
    "dma200" : 267.22,
    "volume" : 11915.00
  }, {
    "date" : "2025-07-29",
    "price" : 234.94,
    "dma50" : 244.90,
    "dma100" : 236.61,
    "dma200" : 266.90,
    "volume" : 10267.00
  }, {
    "date" : "2025-07-30",
    "price" : 233.98,
    "dma50" : 244.47,
    "dma100" : 237.03,
    "dma200" : 266.57,
    "volume" : 15263.00
  }, {
    "date" : "2025-07-31",
    "price" : 233.26,
    "dma50" : 244.03,
    "dma100" : 237.35,
    "dma200" : 266.24,
    "volume" : 16078.00
  }, {
    "date" : "2025-08-01",
    "price" : 230.40,
    "dma50" : 243.50,
    "dma100" : 237.59,
    "dma200" : 265.88,
    "volume" : 17274.00
  }, {
    "date" : "2025-08-04",
    "price" : 229.01,
    "dma50" : 242.93,
    "dma100" : 237.69,
    "dma200" : 265.52,
    "volume" : 21507.00
  }, {
    "date" : "2025-08-05",
    "price" : 228.53,
    "dma50" : 242.37,
    "dma100" : 237.92,
    "dma200" : 265.15,
    "volume" : 13980.00
  }, {
    "date" : "2025-08-06",
    "price" : 227.96,
    "dma50" : 241.80,
    "dma100" : 238.14,
    "dma200" : 264.78,
    "volume" : 20495.00
  }, {
    "date" : "2025-08-07",
    "price" : 227.11,
    "dma50" : 241.23,
    "dma100" : 238.38,
    "dma200" : 264.41,
    "volume" : 34433.00
  }, {
    "date" : "2025-08-08",
    "price" : 234.70,
    "dma50" : 240.97,
    "dma100" : 238.71,
    "dma200" : 264.11,
    "volume" : 124723.00
  }, {
    "date" : "2025-08-11",
    "price" : 230.45,
    "dma50" : 240.56,
    "dma100" : 239.04,
    "dma200" : 263.77,
    "volume" : 18380.00
  }, {
    "date" : "2025-08-12",
    "price" : 230.99,
    "dma50" : 240.18,
    "dma100" : 239.31,
    "dma200" : 263.45,
    "volume" : 36753.00
  }, {
    "date" : "2025-08-13",
    "price" : 235.79,
    "dma50" : 240.01,
    "dma100" : 239.56,
    "dma200" : 263.17,
    "volume" : 31702.00
  }, {
    "date" : "2025-08-14",
    "price" : 230.16,
    "dma50" : 239.62,
    "dma100" : 239.75,
    "dma200" : 262.84,
    "volume" : 18290.00
  }, {
    "date" : "2025-08-18",
    "price" : 232.22,
    "dma50" : 239.33,
    "dma100" : 239.89,
    "dma200" : 262.54,
    "volume" : 29350.00
  }, {
    "date" : "2025-08-19",
    "price" : 231.30,
    "dma50" : 239.02,
    "dma100" : 240.00,
    "dma200" : 262.23,
    "volume" : 29321.00
  }, {
    "date" : "2025-08-20",
    "price" : 231.25,
    "dma50" : 238.71,
    "dma100" : 240.20,
    "dma200" : 261.92,
    "volume" : 16981.00
  }, {
    "date" : "2025-08-21",
    "price" : 233.89,
    "dma50" : 238.52,
    "dma100" : 240.49,
    "dma200" : 261.64,
    "volume" : 28981.00
  }, {
    "date" : "2025-08-22",
    "price" : 231.72,
    "dma50" : 238.26,
    "dma100" : 240.77,
    "dma200" : 261.34,
    "volume" : 15942.00
  }, {
    "date" : "2025-08-25",
    "price" : 232.23,
    "dma50" : 238.02,
    "dma100" : 241.06,
    "dma200" : 261.05,
    "volume" : 10047.00
  }, {
    "date" : "2025-08-26",
    "price" : 227.54,
    "dma50" : 237.61,
    "dma100" : 241.22,
    "dma200" : 260.72,
    "volume" : 10526.00
  }, {
    "date" : "2025-08-28",
    "price" : 224.00,
    "dma50" : 237.08,
    "dma100" : 241.34,
    "dma200" : 260.36,
    "volume" : 24259.00
  }, {
    "date" : "2025-08-29",
    "price" : 221.45,
    "dma50" : 236.46,
    "dma100" : 241.33,
    "dma200" : 259.97,
    "volume" : 15495.00
  }, {
    "date" : "2025-09-01",
    "price" : 218.57,
    "dma50" : 235.76,
    "dma100" : 241.38,
    "dma200" : 259.56,
    "volume" : 15727.00
  }, {
    "date" : "2025-09-02",
    "price" : 221.44,
    "dma50" : 235.20,
    "dma100" : 241.52,
    "dma200" : 259.18,
    "volume" : 22366.00
  }, {
    "date" : "2025-09-03",
    "price" : 223.43,
    "dma50" : 234.74,
    "dma100" : 241.63,
    "dma200" : 258.82,
    "volume" : 24247.00
  }, {
    "date" : "2025-09-04",
    "price" : 222.49,
    "dma50" : 234.26,
    "dma100" : 241.76,
    "dma200" : 258.46,
    "volume" : 21256.00
  }, {
    "date" : "2025-09-05",
    "price" : 223.07,
    "dma50" : 233.82,
    "dma100" : 241.86,
    "dma200" : 258.11,
    "volume" : 17407.00
  }, {
    "date" : "2025-09-08",
    "price" : 223.30,
    "dma50" : 233.41,
    "dma100" : 241.83,
    "dma200" : 257.76,
    "volume" : 9358.00
  }, {
    "date" : "2025-09-09",
    "price" : 221.95,
    "dma50" : 232.96,
    "dma100" : 241.73,
    "dma200" : 257.41,
    "volume" : 10644.00
  }, {
    "date" : "2025-09-10",
    "price" : 223.40,
    "dma50" : 232.58,
    "dma100" : 241.58,
    "dma200" : 257.07,
    "volume" : 15113.00
  }, {
    "date" : "2025-09-11",
    "price" : 221.57,
    "dma50" : 232.15,
    "dma100" : 241.17,
    "dma200" : 256.71,
    "volume" : 36284.00
  }, {
    "date" : "2025-09-12",
    "price" : 220.36,
    "dma50" : 231.69,
    "dma100" : 240.72,
    "dma200" : 256.35,
    "volume" : 31048.00
  }, {
    "date" : "2025-09-15",
    "price" : 227.80,
    "dma50" : 231.54,
    "dma100" : 240.38,
    "dma200" : 256.07,
    "volume" : 40642.00
  }, {
    "date" : "2025-09-16",
    "price" : 221.96,
    "dma50" : 231.16,
    "dma100" : 239.87,
    "dma200" : 255.73,
    "volume" : 53809.00
  }, {
    "date" : "2025-09-17",
    "price" : 221.19,
    "dma50" : 230.77,
    "dma100" : 239.56,
    "dma200" : 255.38,
    "volume" : 54989.00
  }, {
    "date" : "2025-09-18",
    "price" : 222.14,
    "dma50" : 230.43,
    "dma100" : 239.30,
    "dma200" : 255.05,
    "volume" : 64515.00
  }, {
    "date" : "2025-09-19",
    "price" : 228.81,
    "dma50" : 230.37,
    "dma100" : 239.14,
    "dma200" : 254.79,
    "volume" : 62106.00
  }, {
    "date" : "2025-09-22",
    "price" : 227.23,
    "dma50" : 230.24,
    "dma100" : 239.03,
    "dma200" : 254.52,
    "volume" : 12173.00
  }, {
    "date" : "2025-09-23",
    "price" : 228.30,
    "dma50" : 230.17,
    "dma100" : 239.01,
    "dma200" : 254.26,
    "volume" : 8152.00
  }, {
    "date" : "2025-09-24",
    "price" : 227.47,
    "dma50" : 230.06,
    "dma100" : 238.97,
    "dma200" : 253.99,
    "volume" : 8331.00
  }, {
    "date" : "2025-09-25",
    "price" : 220.75,
    "dma50" : 229.70,
    "dma100" : 238.93,
    "dma200" : 253.66,
    "volume" : 18559.00
  }, {
    "date" : "2025-09-26",
    "price" : 219.93,
    "dma50" : 229.31,
    "dma100" : 238.90,
    "dma200" : 253.32,
    "volume" : 45507.00
  }, {
    "date" : "2025-09-29",
    "price" : 219.26,
    "dma50" : 228.92,
    "dma100" : 238.85,
    "dma200" : 252.99,
    "volume" : 13897.00
  }, {
    "date" : "2025-09-30",
    "price" : 214.70,
    "dma50" : 228.36,
    "dma100" : 238.78,
    "dma200" : 252.60,
    "volume" : 19935.00
  }, {
    "date" : "2025-10-01",
    "price" : 219.15,
    "dma50" : 228.00,
    "dma100" : 238.58,
    "dma200" : 252.27,
    "volume" : 50553.00
  }, {
    "date" : "2025-10-03",
    "price" : 220.49,
    "dma50" : 227.71,
    "dma100" : 238.29,
    "dma200" : 251.96,
    "volume" : 15451.00
  }, {
    "date" : "2025-10-06",
    "price" : 222.35,
    "dma50" : 227.50,
    "dma100" : 237.96,
    "dma200" : 251.66,
    "volume" : 13791.00
  }, {
    "date" : "2025-10-07",
    "price" : 221.63,
    "dma50" : 227.27,
    "dma100" : 237.66,
    "dma200" : 251.36,
    "volume" : 17329.00
  }, {
    "date" : "2025-10-08",
    "price" : 219.74,
    "dma50" : 226.97,
    "dma100" : 237.29,
    "dma200" : 251.05,
    "volume" : 12443.00
  }, {
    "date" : "2025-10-09",
    "price" : 218.90,
    "dma50" : 226.65,
    "dma100" : 236.82,
    "dma200" : 250.73,
    "volume" : 8208.00
  }, {
    "date" : "2025-10-10",
    "price" : 219.53,
    "dma50" : 226.38,
    "dma100" : 236.40,
    "dma200" : 250.42,
    "volume" : 23558.00
  }, {
    "date" : "2025-10-13",
    "price" : 217.92,
    "dma50" : 226.04,
    "dma100" : 235.94,
    "dma200" : 250.09,
    "volume" : 14993.00
  }, {
    "date" : "2025-10-14",
    "price" : 213.73,
    "dma50" : 225.56,
    "dma100" : 235.45,
    "dma200" : 249.73,
    "volume" : 12982.00
  }, {
    "date" : "2025-10-15",
    "price" : 211.49,
    "dma50" : 225.01,
    "dma100" : 234.92,
    "dma200" : 249.35,
    "volume" : 58278.00
  }, {
    "date" : "2025-10-16",
    "price" : 211.17,
    "dma50" : 224.47,
    "dma100" : 234.41,
    "dma200" : 248.97,
    "volume" : 42449.00
  }, {
    "date" : "2025-10-17",
    "price" : 211.91,
    "dma50" : 223.97,
    "dma100" : 233.99,
    "dma200" : 248.60,
    "volume" : 23829.00
  }, {
    "date" : "2025-10-20",
    "price" : 217.43,
    "dma50" : 223.72,
    "dma100" : 233.71,
    "dma200" : 248.29,
    "volume" : 26549.00
  }, {
    "date" : "2025-10-21",
    "price" : 217.85,
    "dma50" : 223.49,
    "dma100" : 233.48,
    "dma200" : 247.99,
    "volume" : 8819.00
  }, {
    "date" : "2025-10-23",
    "price" : 217.17,
    "dma50" : 223.24,
    "dma100" : 233.27,
    "dma200" : 247.68,
    "volume" : 30480.00
  }, {
    "date" : "2025-10-24",
    "price" : 219.34,
    "dma50" : 223.09,
    "dma100" : 233.04,
    "dma200" : 247.40,
    "volume" : 23917.00
  }, {
    "date" : "2025-10-27",
    "price" : 216.49,
    "dma50" : 222.83,
    "dma100" : 232.80,
    "dma200" : 247.09,
    "volume" : 13726.00
  }, {
    "date" : "2025-10-28",
    "price" : 217.21,
    "dma50" : 222.61,
    "dma100" : 232.57,
    "dma200" : 246.80,
    "volume" : 16033.00
  }, {
    "date" : "2025-10-29",
    "price" : 219.49,
    "dma50" : 222.49,
    "dma100" : 232.33,
    "dma200" : 246.52,
    "volume" : 16354.00
  }, {
    "date" : "2025-10-30",
    "price" : 218.72,
    "dma50" : 222.34,
    "dma100" : 232.04,
    "dma200" : 246.25,
    "volume" : 20431.00
  }, {
    "date" : "2025-10-31",
    "price" : 217.20,
    "dma50" : 222.14,
    "dma100" : 231.66,
    "dma200" : 245.96,
    "volume" : 7219.00
  }, {
    "date" : "2025-11-03",
    "price" : 221.58,
    "dma50" : 222.11,
    "dma100" : 231.35,
    "dma200" : 245.72,
    "volume" : 17651.00
  }, {
    "date" : "2025-11-04",
    "price" : 217.77,
    "dma50" : 221.94,
    "dma100" : 230.93,
    "dma200" : 245.44,
    "volume" : 10332.00
  }, {
    "date" : "2025-11-06",
    "price" : 214.16,
    "dma50" : 221.64,
    "dma100" : 230.54,
    "dma200" : 245.13,
    "volume" : 9478.00
  }, {
    "date" : "2025-11-07",
    "price" : 212.76,
    "dma50" : 221.29,
    "dma100" : 230.16,
    "dma200" : 244.81,
    "volume" : 30245.00
  }, {
    "date" : "2025-11-10",
    "price" : 208.09,
    "dma50" : 220.77,
    "dma100" : 229.75,
    "dma200" : 244.44,
    "volume" : 45841.00
  }, {
    "date" : "2025-11-11",
    "price" : 205.74,
    "dma50" : 220.18,
    "dma100" : 229.37,
    "dma200" : 244.05,
    "volume" : 18584.00
  }, {
    "date" : "2025-11-12",
    "price" : 201.47,
    "dma50" : 219.45,
    "dma100" : 228.98,
    "dma200" : 243.63,
    "volume" : 42066.00
  }, {
    "date" : "2025-11-13",
    "price" : 206.53,
    "dma50" : 218.94,
    "dma100" : 228.66,
    "dma200" : 243.26,
    "volume" : 18659.00
  }, {
    "date" : "2025-11-14",
    "price" : 210.26,
    "dma50" : 218.60,
    "dma100" : 228.34,
    "dma200" : 242.93,
    "volume" : 50943.00
  }, {
    "date" : "2025-11-17",
    "price" : 252.31,
    "dma50" : 219.92,
    "dma100" : 228.46,
    "dma200" : 243.03,
    "volume" : 925999.00
  }, {
    "date" : "2025-11-18",
    "price" : 258.50,
    "dma50" : 221.44,
    "dma100" : 228.61,
    "dma200" : 243.18,
    "volume" : 486545.00
  }, {
    "date" : "2025-11-19",
    "price" : 255.88,
    "dma50" : 222.79,
    "dma100" : 228.68,
    "dma200" : 243.31,
    "volume" : 171028.00
  }, {
    "date" : "2025-11-20",
    "price" : 263.09,
    "dma50" : 224.37,
    "dma100" : 228.84,
    "dma200" : 243.50,
    "volume" : 175773.00
  }, {
    "date" : "2025-11-21",
    "price" : 263.78,
    "dma50" : 225.91,
    "dma100" : 228.99,
    "dma200" : 243.71,
    "volume" : 103451.00
  }, {
    "date" : "2025-11-24",
    "price" : 309.55,
    "dma50" : 229.19,
    "dma100" : 229.58,
    "dma200" : 244.36,
    "volume" : 1254404.00
  }, {
    "date" : "2025-11-25",
    "price" : 300.30,
    "dma50" : 231.98,
    "dma100" : 230.11,
    "dma200" : 244.92,
    "volume" : 314384.00
  }, {
    "date" : "2025-11-26",
    "price" : 303.60,
    "dma50" : 234.79,
    "dma100" : 230.70,
    "dma200" : 245.50,
    "volume" : 80966.00
  }, {
    "date" : "2025-11-27",
    "price" : 305.09,
    "dma50" : 237.55,
    "dma100" : 231.30,
    "dma200" : 246.09,
    "volume" : 92862.00
  }, {
    "date" : "2025-11-28",
    "price" : 308.71,
    "dma50" : 240.34,
    "dma100" : 231.94,
    "dma200" : 246.72,
    "volume" : 78891.00
  }, {
    "date" : "2025-12-01",
    "price" : 310.45,
    "dma50" : 243.09,
    "dma100" : 232.49,
    "dma200" : 247.35,
    "volume" : 213212.00
  }, {
    "date" : "2025-12-02",
    "price" : 311.20,
    "dma50" : 245.76,
    "dma100" : 233.06,
    "dma200" : 247.99,
    "volume" : 108701.00
  }, {
    "date" : "2025-12-03",
    "price" : 316.45,
    "dma50" : 248.53,
    "dma100" : 233.70,
    "dma200" : 248.67,
    "volume" : 270826.00
  }, {
    "date" : "2025-12-04",
    "price" : 327.40,
    "dma50" : 251.62,
    "dma100" : 234.46,
    "dma200" : 249.45,
    "volume" : 302098.00
  }, {
    "date" : "2025-12-05",
    "price" : 333.45,
    "dma50" : 254.83,
    "dma100" : 235.31,
    "dma200" : 250.29,
    "volume" : 480406.00
  } ],
  "latestTechnicalAttributes" : {
    "date" : "2025-12-05",
    "price" : 333.45,
    "dma50" : 254.83,
    "dma100" : 235.31,
    "dma200" : 250.29,
    "volume" : 480406.00
  },
  "quarterlyResults" : [ {
    "date" : "2005-03-31",
    "sales" : 549.12,
    "salesGrowthYoY" : null,
    "grossProfitMargin" : 0.13,
    "grossProfit" : 0.71,
    "operatingProfitMargin" : -0.04,
    "operatingProfit" : -0.22,
    "netProfitMargin" : 0.28,
    "netProfit" : 1.54
  }, {
    "date" : "2005-06-30",
    "sales" : 402.06,
    "salesGrowthYoY" : null,
    "grossProfitMargin" : 1.04,
    "grossProfit" : 4.18,
    "operatingProfitMargin" : 0.91,
    "operatingProfit" : 3.66,
    "netProfitMargin" : 1.04,
    "netProfit" : 4.18
  }, {
    "date" : "2005-09-30",
    "sales" : 525.20,
    "salesGrowthYoY" : null,
    "grossProfitMargin" : 0.59,
    "grossProfit" : 3.10,
    "operatingProfitMargin" : 0.47,
    "operatingProfit" : 2.47,
    "netProfitMargin" : 0.42,
    "netProfit" : 2.21
  }, {
    "date" : "2005-12-31",
    "sales" : 621.64,
    "salesGrowthYoY" : null,
    "grossProfitMargin" : 1.15,
    "grossProfit" : 7.15,
    "operatingProfitMargin" : 1.03,
    "operatingProfit" : 6.40,
    "netProfitMargin" : 0.96,
    "netProfit" : 5.97
  }, {
    "date" : "2006-03-31",
    "sales" : 622.88,
    "salesGrowthYoY" : 13.43,
    "grossProfitMargin" : -0.77,
    "grossProfit" : -4.80,
    "operatingProfitMargin" : -0.91,
    "operatingProfit" : -5.67,
    "netProfitMargin" : -0.77,
    "netProfit" : -4.80
  }, {
    "date" : "2006-06-30",
    "sales" : 593.78,
    "salesGrowthYoY" : 47.68,
    "grossProfitMargin" : 1.68,
    "grossProfit" : 9.98,
    "operatingProfitMargin" : 0.73,
    "operatingProfit" : 4.33,
    "netProfitMargin" : 0.69,
    "netProfit" : 4.10
  }, {
    "date" : "2006-09-30",
    "sales" : 606.42,
    "salesGrowthYoY" : 15.46,
    "grossProfitMargin" : 0.38,
    "grossProfit" : 2.30,
    "operatingProfitMargin" : 0.25,
    "operatingProfit" : 1.52,
    "netProfitMargin" : 0.21,
    "netProfit" : 1.27
  }, {
    "date" : "2006-12-31",
    "sales" : 772.03,
    "salesGrowthYoY" : 24.19,
    "grossProfitMargin" : 0.55,
    "grossProfit" : 4.25,
    "operatingProfitMargin" : 0.44,
    "operatingProfit" : 3.40,
    "netProfitMargin" : 0.43,
    "netProfit" : 3.32
  }, {
    "date" : "2007-03-31",
    "sales" : 319.66,
    "salesGrowthYoY" : -48.68,
    "grossProfitMargin" : -1.12,
    "grossProfit" : -3.58,
    "operatingProfitMargin" : -1.40,
    "operatingProfit" : -4.48,
    "netProfitMargin" : 0.09,
    "netProfit" : 0.29
  }, {
    "date" : "2007-06-30",
    "sales" : 372.02,
    "salesGrowthYoY" : -37.35,
    "grossProfitMargin" : 0.71,
    "grossProfit" : 2.64,
    "operatingProfitMargin" : 0.55,
    "operatingProfit" : 2.05,
    "netProfitMargin" : 0.47,
    "netProfit" : 1.75
  }, {
    "date" : "2007-09-30",
    "sales" : 439.95,
    "salesGrowthYoY" : -27.45,
    "grossProfitMargin" : 1.65,
    "grossProfit" : 7.26,
    "operatingProfitMargin" : 1.40,
    "operatingProfit" : 6.16,
    "netProfitMargin" : 1.65,
    "netProfit" : 7.26
  }, {
    "date" : "2007-12-31",
    "sales" : 595.11,
    "salesGrowthYoY" : -22.92,
    "grossProfitMargin" : 1.53,
    "grossProfit" : 9.11,
    "operatingProfitMargin" : 1.35,
    "operatingProfit" : 8.03,
    "netProfitMargin" : 1.17,
    "netProfit" : 6.96
  }, {
    "date" : "2008-03-31",
    "sales" : 345.24,
    "salesGrowthYoY" : 8.00,
    "grossProfitMargin" : 0.08,
    "grossProfit" : 0.28,
    "operatingProfitMargin" : -0.17,
    "operatingProfit" : -0.59,
    "netProfitMargin" : 0.18,
    "netProfit" : 0.62
  }, {
    "date" : "2008-06-30",
    "sales" : 13.94,
    "salesGrowthYoY" : -96.25,
    "grossProfitMargin" : 14.49,
    "grossProfit" : 2.02,
    "operatingProfitMargin" : 8.18,
    "operatingProfit" : 1.14,
    "netProfitMargin" : 6.53,
    "netProfit" : 0.91
  }, {
    "date" : "2008-09-30",
    "sales" : 143.63,
    "salesGrowthYoY" : -67.35,
    "grossProfitMargin" : 1.65,
    "grossProfit" : 2.37,
    "operatingProfitMargin" : 0.86,
    "operatingProfit" : 1.24,
    "netProfitMargin" : 0.81,
    "netProfit" : 1.16
  }, {
    "date" : "2008-12-31",
    "sales" : 366.89,
    "salesGrowthYoY" : -38.35,
    "grossProfitMargin" : -0.28,
    "grossProfit" : -1.03,
    "operatingProfitMargin" : -0.52,
    "operatingProfit" : -1.91,
    "netProfitMargin" : -0.55,
    "netProfit" : -2.02
  }, {
    "date" : "2009-03-31",
    "sales" : 102.61,
    "salesGrowthYoY" : -70.28,
    "grossProfitMargin" : 1.46,
    "grossProfit" : 1.50,
    "operatingProfitMargin" : -17.80,
    "operatingProfit" : -18.26,
    "netProfitMargin" : -13.47,
    "netProfit" : -13.82
  }, {
    "date" : "2009-06-30",
    "sales" : 213.72,
    "salesGrowthYoY" : 1433.14,
    "grossProfitMargin" : 0.52,
    "grossProfit" : 1.11,
    "operatingProfitMargin" : 0.11,
    "operatingProfit" : 0.24,
    "netProfitMargin" : 0.06,
    "netProfit" : 0.13
  }, {
    "date" : "2009-09-30",
    "sales" : 417.24,
    "salesGrowthYoY" : 190.50,
    "grossProfitMargin" : 0.46,
    "grossProfit" : 1.92,
    "operatingProfitMargin" : 0.20,
    "operatingProfit" : 0.83,
    "netProfitMargin" : 0.15,
    "netProfit" : 0.63
  }, {
    "date" : "2009-12-31",
    "sales" : 346.63,
    "salesGrowthYoY" : -5.52,
    "grossProfitMargin" : 1.17,
    "grossProfit" : 4.06,
    "operatingProfitMargin" : 0.73,
    "operatingProfit" : 2.53,
    "netProfitMargin" : 0.59,
    "netProfit" : 2.05
  }, {
    "date" : "2010-03-31",
    "sales" : 72.24,
    "salesGrowthYoY" : -29.60,
    "grossProfitMargin" : 6.46,
    "grossProfit" : 4.67,
    "operatingProfitMargin" : 5.05,
    "operatingProfit" : 3.65,
    "netProfitMargin" : 2.73,
    "netProfit" : 1.97
  }, {
    "date" : "2010-06-30",
    "sales" : 94.41,
    "salesGrowthYoY" : -55.83,
    "grossProfitMargin" : 2.83,
    "grossProfit" : 2.67,
    "operatingProfitMargin" : 1.74,
    "operatingProfit" : 1.64,
    "netProfitMargin" : 0.95,
    "netProfit" : 0.90
  }, {
    "date" : "2010-09-30",
    "sales" : 123.00,
    "salesGrowthYoY" : -70.52,
    "grossProfitMargin" : 5.11,
    "grossProfit" : 6.29,
    "operatingProfitMargin" : 4.16,
    "operatingProfit" : 5.12,
    "netProfitMargin" : 2.87,
    "netProfit" : 3.53
  }, {
    "date" : "2010-12-31",
    "sales" : 152.41,
    "salesGrowthYoY" : -56.03,
    "grossProfitMargin" : 1.81,
    "grossProfit" : 2.76,
    "operatingProfitMargin" : 1.12,
    "operatingProfit" : 1.71,
    "netProfitMargin" : 0.72,
    "netProfit" : 1.10
  }, {
    "date" : "2011-03-31",
    "sales" : 231.15,
    "salesGrowthYoY" : 219.98,
    "grossProfitMargin" : 0.68,
    "grossProfit" : 1.57,
    "operatingProfitMargin" : -0.09,
    "operatingProfit" : -0.21,
    "netProfitMargin" : -0.21,
    "netProfit" : -0.49
  }, {
    "date" : "2011-06-30",
    "sales" : 291.71,
    "salesGrowthYoY" : 208.98,
    "grossProfitMargin" : 0.96,
    "grossProfit" : 2.80,
    "operatingProfitMargin" : 0.64,
    "operatingProfit" : 1.87,
    "netProfitMargin" : 0.34,
    "netProfit" : 0.99
  }, {
    "date" : "2011-09-30",
    "sales" : 369.74,
    "salesGrowthYoY" : 200.60,
    "grossProfitMargin" : 0.81,
    "grossProfit" : 2.99,
    "operatingProfitMargin" : 0.44,
    "operatingProfit" : 1.63,
    "netProfitMargin" : 0.24,
    "netProfit" : 0.89
  }, {
    "date" : "2011-12-31",
    "sales" : 703.87,
    "salesGrowthYoY" : 361.83,
    "grossProfitMargin" : 0.33,
    "grossProfit" : 2.32,
    "operatingProfitMargin" : 0.17,
    "operatingProfit" : 1.20,
    "netProfitMargin" : 0.08,
    "netProfit" : 0.56
  }, {
    "date" : "2012-03-31",
    "sales" : 769.94,
    "salesGrowthYoY" : 233.09,
    "grossProfitMargin" : -0.05,
    "grossProfit" : -0.38,
    "operatingProfitMargin" : -0.24,
    "operatingProfit" : -1.85,
    "netProfitMargin" : -0.04,
    "netProfit" : -0.31
  }, {
    "date" : "2012-06-30",
    "sales" : 977.40,
    "salesGrowthYoY" : 235.06,
    "grossProfitMargin" : 100.00,
    "grossProfit" : 977.40,
    "operatingProfitMargin" : 0.20,
    "operatingProfit" : 1.95,
    "netProfitMargin" : 0.12,
    "netProfit" : 1.17
  }, {
    "date" : "2012-09-30",
    "sales" : 634.55,
    "salesGrowthYoY" : 71.62,
    "grossProfitMargin" : 100.03,
    "grossProfit" : 634.74,
    "operatingProfitMargin" : 0.33,
    "operatingProfit" : 2.09,
    "netProfitMargin" : 0.21,
    "netProfit" : 1.33
  }, {
    "date" : "2012-12-31",
    "sales" : 331.18,
    "salesGrowthYoY" : -52.95,
    "grossProfitMargin" : 0.79,
    "grossProfit" : 2.62,
    "operatingProfitMargin" : 0.38,
    "operatingProfit" : 1.26,
    "netProfitMargin" : 0.21,
    "netProfit" : 0.70
  }, {
    "date" : "2013-03-31",
    "sales" : 379.00,
    "salesGrowthYoY" : -50.78,
    "grossProfitMargin" : 0.03,
    "grossProfit" : 0.11,
    "operatingProfitMargin" : -0.25,
    "operatingProfit" : -0.95,
    "netProfitMargin" : -0.38,
    "netProfit" : -1.44
  }, {
    "date" : "2013-06-30",
    "sales" : 504.36,
    "salesGrowthYoY" : -48.40,
    "grossProfitMargin" : 0.59,
    "grossProfit" : 2.98,
    "operatingProfitMargin" : 0.35,
    "operatingProfit" : 1.77,
    "netProfitMargin" : 0.22,
    "netProfit" : 1.11
  }, {
    "date" : "2013-09-30",
    "sales" : 1005.20,
    "salesGrowthYoY" : 58.41,
    "grossProfitMargin" : 98.01,
    "grossProfit" : 985.20,
    "operatingProfitMargin" : 0.08,
    "operatingProfit" : 0.80,
    "netProfitMargin" : 0.03,
    "netProfit" : 0.30
  }, {
    "date" : "2013-12-31",
    "sales" : 912.95,
    "salesGrowthYoY" : 175.67,
    "grossProfitMargin" : 0.29,
    "grossProfit" : 2.65,
    "operatingProfitMargin" : 0.09,
    "operatingProfit" : 0.82,
    "netProfitMargin" : 0.13,
    "netProfit" : 1.19
  }, {
    "date" : "2014-03-31",
    "sales" : 1393.85,
    "salesGrowthYoY" : 267.77,
    "grossProfitMargin" : 0.24,
    "grossProfit" : 3.35,
    "operatingProfitMargin" : 0.12,
    "operatingProfit" : 1.67,
    "netProfitMargin" : 0.10,
    "netProfit" : 1.39
  }, {
    "date" : "2014-06-30",
    "sales" : 1040.94,
    "salesGrowthYoY" : 106.39,
    "grossProfitMargin" : 0.34,
    "grossProfit" : 3.54,
    "operatingProfitMargin" : 0.17,
    "operatingProfit" : 1.77,
    "netProfitMargin" : 0.13,
    "netProfit" : 1.35
  }, {
    "date" : "2014-09-30",
    "sales" : 896.82,
    "salesGrowthYoY" : -10.78,
    "grossProfitMargin" : 0.53,
    "grossProfit" : 4.75,
    "operatingProfitMargin" : 0.23,
    "operatingProfit" : 2.06,
    "netProfitMargin" : 0.20,
    "netProfit" : 1.79
  }, {
    "date" : "2014-12-31",
    "sales" : 1486.60,
    "salesGrowthYoY" : 62.83,
    "grossProfitMargin" : 0.31,
    "grossProfit" : 4.61,
    "operatingProfitMargin" : 0.13,
    "operatingProfit" : 1.93,
    "netProfitMargin" : 0.10,
    "netProfit" : 1.49
  }, {
    "date" : "2015-03-31",
    "sales" : 1199.12,
    "salesGrowthYoY" : -13.97,
    "grossProfitMargin" : 0.36,
    "grossProfit" : 4.32,
    "operatingProfitMargin" : 0.18,
    "operatingProfit" : 2.16,
    "netProfitMargin" : 0.15,
    "netProfit" : 1.80
  }, {
    "date" : "2015-06-30",
    "sales" : 1238.52,
    "salesGrowthYoY" : 18.98,
    "grossProfitMargin" : 0.36,
    "grossProfit" : 4.46,
    "operatingProfitMargin" : 0.12,
    "operatingProfit" : 1.49,
    "netProfitMargin" : 0.10,
    "netProfit" : 1.24
  }, {
    "date" : "2015-09-30",
    "sales" : 284.23,
    "salesGrowthYoY" : -68.31,
    "grossProfitMargin" : 1.65,
    "grossProfit" : 4.69,
    "operatingProfitMargin" : 0.80,
    "operatingProfit" : 2.27,
    "netProfitMargin" : 0.51,
    "netProfit" : 1.45
  }, {
    "date" : "2015-12-31",
    "sales" : 153.62,
    "salesGrowthYoY" : -89.67,
    "grossProfitMargin" : 3.68,
    "grossProfit" : 5.65,
    "operatingProfitMargin" : 2.12,
    "operatingProfit" : 3.26,
    "netProfitMargin" : 1.53,
    "netProfit" : 2.35
  }, {
    "date" : "2016-03-31",
    "sales" : 237.47,
    "salesGrowthYoY" : -80.20,
    "grossProfitMargin" : 1.32,
    "grossProfit" : 3.13,
    "operatingProfitMargin" : 0.08,
    "operatingProfit" : 0.19,
    "netProfitMargin" : 0.85,
    "netProfit" : 2.02
  }, {
    "date" : "2016-06-30",
    "sales" : 1666.89,
    "salesGrowthYoY" : 34.59,
    "grossProfitMargin" : 4.32,
    "grossProfit" : 72.01,
    "operatingProfitMargin" : 4.12,
    "operatingProfit" : 68.68,
    "netProfitMargin" : 2.63,
    "netProfit" : 43.84
  }, {
    "date" : "2016-09-30",
    "sales" : 436.90,
    "salesGrowthYoY" : 53.71,
    "grossProfitMargin" : 0.89,
    "grossProfit" : 3.89,
    "operatingProfitMargin" : 0.41,
    "operatingProfit" : 1.79,
    "netProfitMargin" : 0.34,
    "netProfit" : 1.49
  }, {
    "date" : "2016-12-31",
    "sales" : 338.69,
    "salesGrowthYoY" : 120.47,
    "grossProfitMargin" : 1.43,
    "grossProfit" : 4.84,
    "operatingProfitMargin" : 0.83,
    "operatingProfit" : 2.81,
    "netProfitMargin" : 0.71,
    "netProfit" : 2.40
  }, {
    "date" : "2017-03-31",
    "sales" : 249.79,
    "salesGrowthYoY" : 5.19,
    "grossProfitMargin" : -2.99,
    "grossProfit" : -7.47,
    "operatingProfitMargin" : -4.22,
    "operatingProfit" : -10.54,
    "netProfitMargin" : -3.10,
    "netProfit" : -7.74
  }, {
    "date" : "2017-06-30",
    "sales" : 634.20,
    "salesGrowthYoY" : -61.95,
    "grossProfitMargin" : 0.69,
    "grossProfit" : 4.38,
    "operatingProfitMargin" : 0.36,
    "operatingProfit" : 2.28,
    "netProfitMargin" : 0.31,
    "netProfit" : 1.97
  }, {
    "date" : "2017-09-30",
    "sales" : 434.32,
    "salesGrowthYoY" : -0.59,
    "grossProfitMargin" : 1.69,
    "grossProfit" : 7.34,
    "operatingProfitMargin" : 1.06,
    "operatingProfit" : 4.60,
    "netProfitMargin" : 0.91,
    "netProfit" : 3.95
  }, {
    "date" : "2017-12-31",
    "sales" : 496.60,
    "salesGrowthYoY" : 46.62,
    "grossProfitMargin" : 3.67,
    "grossProfit" : 18.23,
    "operatingProfitMargin" : 3.03,
    "operatingProfit" : 15.05,
    "netProfitMargin" : 2.08,
    "netProfit" : 10.33
  }, {
    "date" : "2018-03-31",
    "sales" : 528.03,
    "salesGrowthYoY" : 111.39,
    "grossProfitMargin" : 1.04,
    "grossProfit" : 5.49,
    "operatingProfitMargin" : 0.57,
    "operatingProfit" : 3.01,
    "netProfitMargin" : 0.52,
    "netProfit" : 2.75
  }, {
    "date" : "2018-06-30",
    "sales" : 2.47,
    "salesGrowthYoY" : -99.61,
    "grossProfitMargin" : 100.00,
    "grossProfit" : 2.47,
    "operatingProfitMargin" : 8.50,
    "operatingProfit" : 0.21,
    "netProfitMargin" : 54.25,
    "netProfit" : 1.34
  }, {
    "date" : "2018-09-30",
    "sales" : -2.41,
    "salesGrowthYoY" : -100.55,
    "grossProfitMargin" : 0.00,
    "grossProfit" : -0.00,
    "operatingProfitMargin" : 0.00,
    "operatingProfit" : -0.00,
    "netProfitMargin" : 0.00,
    "netProfit" : -0.00
  }, {
    "date" : "2018-12-31",
    "sales" : 5.47,
    "salesGrowthYoY" : -98.90,
    "grossProfitMargin" : 100.00,
    "grossProfit" : 5.47,
    "operatingProfitMargin" : -27.06,
    "operatingProfit" : -1.48,
    "netProfitMargin" : 1.65,
    "netProfit" : 0.09
  }, {
    "date" : "2019-03-31",
    "sales" : 7.97,
    "salesGrowthYoY" : -98.49,
    "grossProfitMargin" : 100.00,
    "grossProfit" : 7.97,
    "operatingProfitMargin" : -24.47,
    "operatingProfit" : -1.95,
    "netProfitMargin" : 4.89,
    "netProfit" : 0.39
  }, {
    "date" : "2019-06-30",
    "sales" : -1.56,
    "salesGrowthYoY" : -163.16,
    "grossProfitMargin" : 0.00,
    "grossProfit" : -0.00,
    "operatingProfitMargin" : 0.00,
    "operatingProfit" : -0.00,
    "netProfitMargin" : 0.00,
    "netProfit" : -0.00
  }, {
    "date" : "2019-09-30",
    "sales" : 2.37,
    "salesGrowthYoY" : -198.34,
    "grossProfitMargin" : 100.00,
    "grossProfit" : 2.37,
    "operatingProfitMargin" : -1254.43,
    "operatingProfit" : -29.73,
    "netProfitMargin" : -1093.25,
    "netProfit" : -25.91
  }, {
    "date" : "2019-12-31",
    "sales" : 5.45,
    "salesGrowthYoY" : -0.37,
    "grossProfitMargin" : 100.00,
    "grossProfit" : 5.45,
    "operatingProfitMargin" : -284.04,
    "operatingProfit" : -15.48,
    "netProfitMargin" : -304.40,
    "netProfit" : -16.59
  }, {
    "date" : "2020-03-31",
    "sales" : 61.41,
    "salesGrowthYoY" : 670.51,
    "grossProfitMargin" : 100.00,
    "grossProfit" : 61.41,
    "operatingProfitMargin" : 62.01,
    "operatingProfit" : 38.08,
    "netProfitMargin" : 125.13,
    "netProfit" : 76.84
  }, {
    "date" : "2020-06-30",
    "sales" : 6.26,
    "salesGrowthYoY" : -501.28,
    "grossProfitMargin" : 100.00,
    "grossProfit" : 6.26,
    "operatingProfitMargin" : 68.85,
    "operatingProfit" : 4.31,
    "netProfitMargin" : 187.70,
    "netProfit" : 11.75
  }, {
    "date" : "2020-09-30",
    "sales" : 32.96,
    "salesGrowthYoY" : 1290.72,
    "grossProfitMargin" : 100.00,
    "grossProfit" : 32.96,
    "operatingProfitMargin" : 93.78,
    "operatingProfit" : 30.91,
    "netProfitMargin" : 92.42,
    "netProfit" : 30.46
  }, {
    "date" : "2020-12-31",
    "sales" : 64.61,
    "salesGrowthYoY" : 1085.50,
    "grossProfitMargin" : 100.00,
    "grossProfit" : 64.61,
    "operatingProfitMargin" : 95.51,
    "operatingProfit" : 61.71,
    "netProfitMargin" : 109.47,
    "netProfit" : 70.73
  }, {
    "date" : "2021-03-31",
    "sales" : 111.78,
    "salesGrowthYoY" : 82.02,
    "grossProfitMargin" : 100.00,
    "grossProfit" : 111.78,
    "operatingProfitMargin" : 94.52,
    "operatingProfit" : 105.65,
    "netProfitMargin" : 92.04,
    "netProfit" : 102.88
  }, {
    "date" : "2021-06-30",
    "sales" : 80.25,
    "salesGrowthYoY" : 1181.95,
    "grossProfitMargin" : 100.00,
    "grossProfit" : 80.25,
    "operatingProfitMargin" : 94.03,
    "operatingProfit" : 75.46,
    "netProfitMargin" : 84.90,
    "netProfit" : 68.13
  }, {
    "date" : "2021-09-30",
    "sales" : 70.00,
    "salesGrowthYoY" : 112.38,
    "grossProfitMargin" : 100.00,
    "grossProfit" : 70.00,
    "operatingProfitMargin" : 92.11,
    "operatingProfit" : 64.48,
    "netProfitMargin" : 76.67,
    "netProfit" : 53.67
  }, {
    "date" : "2021-12-31",
    "sales" : 106.18,
    "salesGrowthYoY" : 64.34,
    "grossProfitMargin" : 100.00,
    "grossProfit" : 106.18,
    "operatingProfitMargin" : 95.78,
    "operatingProfit" : 101.70,
    "netProfitMargin" : 98.24,
    "netProfit" : 104.31
  }, {
    "date" : "2022-03-31",
    "sales" : 29.12,
    "salesGrowthYoY" : -73.95,
    "grossProfitMargin" : 100.00,
    "grossProfit" : 29.12,
    "operatingProfitMargin" : 88.50,
    "operatingProfit" : 25.77,
    "netProfitMargin" : 97.12,
    "netProfit" : 28.28
  }, {
    "date" : "2022-06-30",
    "sales" : -54.02,
    "salesGrowthYoY" : -167.31,
    "grossProfitMargin" : 0.00,
    "grossProfit" : -0.00,
    "operatingProfitMargin" : 0.00,
    "operatingProfit" : -0.00,
    "netProfitMargin" : 0.00,
    "netProfit" : -0.00
  }, {
    "date" : "2022-09-30",
    "sales" : 75.16,
    "salesGrowthYoY" : 7.37,
    "grossProfitMargin" : 100.00,
    "grossProfit" : 75.16,
    "operatingProfitMargin" : 94.60,
    "operatingProfit" : 71.10,
    "netProfitMargin" : 77.70,
    "netProfit" : 58.40
  }, {
    "date" : "2022-12-31",
    "sales" : 70.10,
    "salesGrowthYoY" : -33.98,
    "grossProfitMargin" : 100.00,
    "grossProfit" : 70.10,
    "operatingProfitMargin" : 94.58,
    "operatingProfit" : 66.30,
    "netProfitMargin" : 75.45,
    "netProfit" : 52.89
  }, {
    "date" : "2023-03-31",
    "sales" : -15.53,
    "salesGrowthYoY" : -153.33,
    "grossProfitMargin" : 0.00,
    "grossProfit" : -0.00,
    "operatingProfitMargin" : 0.00,
    "operatingProfit" : -0.00,
    "netProfitMargin" : 0.00,
    "netProfit" : -0.00
  }, {
    "date" : "2023-06-30",
    "sales" : 110.72,
    "salesGrowthYoY" : -304.96,
    "grossProfitMargin" : 100.00,
    "grossProfit" : 110.72,
    "operatingProfitMargin" : 94.82,
    "operatingProfit" : 104.98,
    "netProfitMargin" : 82.79,
    "netProfit" : 91.67
  }, {
    "date" : "2023-09-30",
    "sales" : 79.22,
    "salesGrowthYoY" : 5.40,
    "grossProfitMargin" : 100.00,
    "grossProfit" : 79.22,
    "operatingProfitMargin" : 93.15,
    "operatingProfit" : 73.79,
    "netProfitMargin" : 83.97,
    "netProfit" : 66.52
  }, {
    "date" : "2023-12-31",
    "sales" : 112.42,
    "salesGrowthYoY" : 60.37,
    "grossProfitMargin" : 100.00,
    "grossProfit" : 112.42,
    "operatingProfitMargin" : 95.37,
    "operatingProfit" : 107.21,
    "netProfitMargin" : 78.16,
    "netProfit" : 87.87
  }, {
    "date" : "2024-03-31",
    "sales" : 97.54,
    "salesGrowthYoY" : -728.07,
    "grossProfitMargin" : 100.00,
    "grossProfit" : 97.54,
    "operatingProfitMargin" : 93.17,
    "operatingProfit" : 90.88,
    "netProfitMargin" : 76.04,
    "netProfit" : 74.17
  }, {
    "date" : "2024-06-30",
    "sales" : 130.02,
    "salesGrowthYoY" : 17.43,
    "grossProfitMargin" : 100.00,
    "grossProfit" : 130.02,
    "operatingProfitMargin" : 95.01,
    "operatingProfit" : 123.53,
    "netProfitMargin" : 71.80,
    "netProfit" : 93.35
  }, {
    "date" : "2024-09-30",
    "sales" : 74.24,
    "salesGrowthYoY" : -6.29,
    "grossProfitMargin" : 100.00,
    "grossProfit" : 74.24,
    "operatingProfitMargin" : 77.91,
    "operatingProfit" : 57.84,
    "netProfitMargin" : 63.03,
    "netProfit" : 46.79
  }, {
    "date" : "2024-12-31",
    "sales" : -58.75,
    "salesGrowthYoY" : -152.26,
    "grossProfitMargin" : 0.00,
    "grossProfit" : -0.00,
    "operatingProfitMargin" : 0.00,
    "operatingProfit" : -0.00,
    "netProfitMargin" : 0.00,
    "netProfit" : -0.00
  }, {
    "date" : "2025-03-31",
    "sales" : -49.12,
    "salesGrowthYoY" : -150.36,
    "grossProfitMargin" : 0.00,
    "grossProfit" : -0.00,
    "operatingProfitMargin" : 0.00,
    "operatingProfit" : -0.00,
    "netProfitMargin" : 0.00,
    "netProfit" : -0.00
  }, {
    "date" : "2025-06-30",
    "sales" : 84.06,
    "salesGrowthYoY" : -35.35,
    "grossProfitMargin" : 100.00,
    "grossProfit" : 84.06,
    "operatingProfitMargin" : 94.58,
    "operatingProfit" : 79.50,
    "netProfitMargin" : 72.08,
    "netProfit" : 60.59
  }, {
    "date" : "2025-09-30",
    "sales" : 9.10,
    "salesGrowthYoY" : -87.74,
    "grossProfitMargin" : 100.00,
    "grossProfit" : 9.10,
    "operatingProfitMargin" : 44.84,
    "operatingProfit" : 4.08,
    "netProfitMargin" : 59.67,
    "netProfit" : 5.43
  } ],
  "latestQuarterlyResult" : {
    "date" : "2025-09-30",
    "sales" : 9.10,
    "salesGrowthYoY" : -87.74,
    "grossProfitMargin" : 100.00,
    "grossProfit" : 9.10,
    "operatingProfitMargin" : 44.84,
    "operatingProfit" : 4.08,
    "netProfitMargin" : 59.67,
    "netProfit" : 5.43
  },
  "companyScore" : {
    "priceHigherThanDma50" : 5.00,
    "priceHigherThanDma100" : 5.00,
    "priceHigherThanDma200" : 5.00,
    "dma50HigherThanDma100" : 5.00,
    "dma50HigherThanDma200" : 5.00,
    "dma100HigherThanDma200" : 0.00,
    "pricePercentageAboveDma50" : 3.46,
    "pricePercentageAboveDma100" : 2.91,
    "pricePercentageAboveDma200" : 3.34,
    "weeklyVolumeHigherThanYearlyVolume" : 5.00,
    "salesGrowthPercentile" : 5.93,
    "operatingProfitMarginPercentile" : 19.25,
    "netProfitMarginPercentile" : 9.00,
    "totalTechnicalScore" : 39.71,
    "totalFundamentalScore" : 34.17,
    "totalScore" : 73.88
  }
}