{
  "metadata" : {
    "screenerCompanyId" : "3707",
    "companyCode" : "VOLTAMP",
    "companyName" : "Volt.Transform.",
    "screenerCompanyLink" : "https://www.screener.in/company/VOLTAMP/",
    "screenerTechnicalHistoryLink" : "https://www.screener.in/api/company/3707/chart/?q=Price-DMA50-DMA200-Volume&days=365",
    "screenerQuarterlyResultsLink" : "https://www.screener.in/api/company/3707/chart/?q=GPM-OPM-NPM-Quarter+Sales&days=10000",
    "attributes" : {
      "companyCode" : "VOLTAMP",
      "companyName" : "Volt.Transform.",
      "marketCap" : 8090.00,
      "peRatio" : 22.80,
      "description" : "Voltamp Transformers Ltd is a Baroda based company and is mainly into manufacturing of various types of Oil filled Power & Distribution Transformers of various classes.[1]"
    },
    "companyScore" : {
      "priceHigherThanDma50" : 5.00,
      "priceHigherThanDma100" : 5.00,
      "priceHigherThanDma200" : 0.00,
      "dma50HigherThanDma100" : 0.00,
      "dma50HigherThanDma200" : 0.00,
      "dma100HigherThanDma200" : 0.00,
      "pricePercentageAboveDma50" : 4.71,
      "pricePercentageAboveDma100" : 4.72,
      "pricePercentageAboveDma200" : 5.00,
      "weeklyVolumeHigherThanYearlyVolume" : 5.00,
      "salesGrowthPercentile" : 15.53,
      "operatingProfitMarginPercentile" : 14.00,
      "netProfitMarginPercentile" : 7.62,
      "totalTechnicalScore" : 29.44,
      "totalFundamentalScore" : 37.15,
      "totalScore" : 66.59
    }
  },
  "attributes" : {
    "companyCode" : "VOLTAMP",
    "companyName" : "Volt.Transform.",
    "marketCap" : 8090.00,
    "peRatio" : 22.80,
    "description" : "Voltamp Transformers Ltd is a Baroda based company and is mainly into manufacturing of various types of Oil filled Power & Distribution Transformers of various classes.[1]"
  },
  "technicalHistory" : [ {
    "date" : "2025-02-07",
    "price" : 7416.45,
    "dma50" : 9007.60,
    "dma100" : null,
    "dma200" : 10195.85,
    "volume" : 23132.00
  }, {
    "date" : "2025-02-10",
    "price" : 7327.10,
    "dma50" : 8941.70,
    "dma100" : null,
    "dma200" : 10167.30,
    "volume" : 20634.00
  }, {
    "date" : "2025-02-11",
    "price" : 7014.75,
    "dma50" : 8866.13,
    "dma100" : null,
    "dma200" : 10135.94,
    "volume" : 48259.00
  }, {
    "date" : "2025-02-12",
    "price" : 7115.50,
    "dma50" : 8797.48,
    "dma100" : null,
    "dma200" : 10105.88,
    "volume" : 52375.00
  }, {
    "date" : "2025-02-13",
    "price" : 6905.50,
    "dma50" : 8723.29,
    "dma100" : null,
    "dma200" : 10074.04,
    "volume" : 38164.00
  }, {
    "date" : "2025-02-14",
    "price" : 6673.10,
    "dma50" : 8642.89,
    "dma100" : null,
    "dma200" : 10040.20,
    "volume" : 38981.00
  }, {
    "date" : "2025-02-17",
    "price" : 6428.70,
    "dma50" : 8556.06,
    "dma100" : null,
    "dma200" : 10004.26,
    "volume" : 49422.00
  }, {
    "date" : "2025-02-18",
    "price" : 6118.40,
    "dma50" : 8460.46,
    "dma100" : null,
    "dma200" : 9965.60,
    "volume" : 65779.00
  }, {
    "date" : "2025-02-19",
    "price" : 6105.45,
    "dma50" : 8368.11,
    "dma100" : null,
    "dma200" : 9927.19,
    "volume" : 97688.00
  }, {
    "date" : "2025-02-20",
    "price" : 6888.65,
    "dma50" : 8310.09,
    "dma100" : null,
    "dma200" : 9896.95,
    "volume" : 357325.00
  }, {
    "date" : "2025-02-21",
    "price" : 6820.10,
    "dma50" : 8251.66,
    "dma100" : null,
    "dma200" : 9866.34,
    "volume" : 107626.00
  }, {
    "date" : "2025-02-24",
    "price" : 6925.70,
    "dma50" : 8199.66,
    "dma100" : null,
    "dma200" : 9837.08,
    "volume" : 113085.00
  }, {
    "date" : "2025-02-25",
    "price" : 6890.10,
    "dma50" : 8148.31,
    "dma100" : null,
    "dma200" : 9807.75,
    "volume" : 70421.00
  }, {
    "date" : "2025-02-27",
    "price" : 6597.55,
    "dma50" : 8087.49,
    "dma100" : null,
    "dma200" : 9775.81,
    "volume" : 45678.00
  }, {
    "date" : "2025-02-28",
    "price" : 6278.00,
    "dma50" : 8016.53,
    "dma100" : null,
    "dma200" : 9741.01,
    "volume" : 61016.00
  }, {
    "date" : "2025-03-03",
    "price" : 6275.15,
    "dma50" : 7948.24,
    "dma100" : null,
    "dma200" : 9706.52,
    "volume" : 78440.00
  }, {
    "date" : "2025-03-04",
    "price" : 6615.15,
    "dma50" : 7895.96,
    "dma100" : null,
    "dma200" : 9675.76,
    "volume" : 85667.00
  }, {
    "date" : "2025-03-05",
    "price" : 6773.90,
    "dma50" : 7851.96,
    "dma100" : null,
    "dma200" : 9646.89,
    "volume" : 71765.00
  }, {
    "date" : "2025-03-06",
    "price" : 6933.50,
    "dma50" : 7815.94,
    "dma100" : null,
    "dma200" : 9619.89,
    "volume" : 143138.00
  }, {
    "date" : "2025-03-07",
    "price" : 6920.35,
    "dma50" : 7780.82,
    "dma100" : null,
    "dma200" : 9593.03,
    "volume" : 41342.00
  }, {
    "date" : "2025-03-10",
    "price" : 6649.85,
    "dma50" : 7736.47,
    "dma100" : null,
    "dma200" : 9563.74,
    "volume" : 49538.00
  }, {
    "date" : "2025-03-11",
    "price" : 6643.65,
    "dma50" : 7693.61,
    "dma100" : null,
    "dma200" : 9534.69,
    "volume" : 53374.00
  }, {
    "date" : "2025-03-12",
    "price" : 6666.70,
    "dma50" : 7653.34,
    "dma100" : null,
    "dma200" : 9506.15,
    "volume" : 38516.00
  }, {
    "date" : "2025-03-13",
    "price" : 6431.70,
    "dma50" : 7605.44,
    "dma100" : null,
    "dma200" : 9475.56,
    "volume" : 43714.00
  }, {
    "date" : "2025-03-17",
    "price" : 6401.10,
    "dma50" : 7558.21,
    "dma100" : null,
    "dma200" : 9444.97,
    "volume" : 38640.00
  }, {
    "date" : "2025-03-18",
    "price" : 6899.15,
    "dma50" : 7532.36,
    "dma100" : null,
    "dma200" : 9419.63,
    "volume" : 112893.00
  }, {
    "date" : "2025-03-19",
    "price" : 6928.45,
    "dma50" : 7508.68,
    "dma100" : null,
    "dma200" : 9394.85,
    "volume" : 74355.00
  }, {
    "date" : "2025-03-20",
    "price" : 6927.50,
    "dma50" : 7485.89,
    "dma100" : null,
    "dma200" : 9370.30,
    "volume" : 49362.00
  }, {
    "date" : "2025-03-21",
    "price" : 7219.20,
    "dma50" : 7475.43,
    "dma100" : null,
    "dma200" : 9348.89,
    "volume" : 123688.00
  }, {
    "date" : "2025-03-24",
    "price" : 7580.85,
    "dma50" : 7479.56,
    "dma100" : null,
    "dma200" : 9331.30,
    "volume" : 132934.00
  }, {
    "date" : "2025-03-25",
    "price" : 7422.90,
    "dma50" : 7477.34,
    "dma100" : null,
    "dma200" : 9312.31,
    "volume" : 117692.00
  }, {
    "date" : "2025-03-26",
    "price" : 7241.25,
    "dma50" : 7468.08,
    "dma100" : null,
    "dma200" : 9291.70,
    "volume" : 62932.00
  }, {
    "date" : "2025-03-27",
    "price" : 7218.20,
    "dma50" : 7458.28,
    "dma100" : null,
    "dma200" : 9271.07,
    "volume" : 69355.00
  }, {
    "date" : "2025-03-28",
    "price" : 7136.35,
    "dma50" : 7445.66,
    "dma100" : null,
    "dma200" : 9249.83,
    "volume" : 65959.00
  }, {
    "date" : "2025-04-01",
    "price" : 7058.65,
    "dma50" : 7430.48,
    "dma100" : null,
    "dma200" : 9228.03,
    "volume" : 49629.00
  }, {
    "date" : "2025-04-02",
    "price" : 7053.95,
    "dma50" : 7415.72,
    "dma100" : null,
    "dma200" : 9206.39,
    "volume" : 34736.00
  }, {
    "date" : "2025-04-03",
    "price" : 7017.95,
    "dma50" : 7400.12,
    "dma100" : null,
    "dma200" : 9184.62,
    "volume" : 31837.00
  }, {
    "date" : "2025-04-04",
    "price" : 6765.50,
    "dma50" : 7375.23,
    "dma100" : null,
    "dma200" : 9160.55,
    "volume" : 52076.00
  }, {
    "date" : "2025-04-07",
    "price" : 6493.70,
    "dma50" : 7340.66,
    "dma100" : null,
    "dma200" : 9134.01,
    "volume" : 71278.00
  }, {
    "date" : "2025-04-08",
    "price" : 6581.55,
    "dma50" : 7310.89,
    "dma100" : null,
    "dma200" : 9108.62,
    "volume" : 51116.00
  }, {
    "date" : "2025-04-09",
    "price" : 6516.85,
    "dma50" : 7279.75,
    "dma100" : null,
    "dma200" : 9082.83,
    "volume" : 28028.00
  }, {
    "date" : "2025-04-11",
    "price" : 6977.50,
    "dma50" : 7267.90,
    "dma100" : null,
    "dma200" : 9061.88,
    "volume" : 81204.00
  }, {
    "date" : "2025-04-15",
    "price" : 7292.50,
    "dma50" : 7268.86,
    "dma100" : null,
    "dma200" : 9044.27,
    "volume" : 65820.00
  }, {
    "date" : "2025-04-16",
    "price" : 7342.00,
    "dma50" : 7271.73,
    "dma100" : null,
    "dma200" : 9027.33,
    "volume" : 40155.00
  }, {
    "date" : "2025-04-17",
    "price" : 7268.50,
    "dma50" : 7271.61,
    "dma100" : null,
    "dma200" : 9009.83,
    "volume" : 38080.00
  }, {
    "date" : "2025-04-21",
    "price" : 7536.50,
    "dma50" : 7281.99,
    "dma100" : null,
    "dma200" : 8995.17,
    "volume" : 62875.00
  }, {
    "date" : "2025-04-22",
    "price" : 7861.00,
    "dma50" : 7304.70,
    "dma100" : null,
    "dma200" : 8983.89,
    "volume" : 91477.00
  }, {
    "date" : "2025-04-23",
    "price" : 7812.00,
    "dma50" : 7324.59,
    "dma100" : null,
    "dma200" : 8972.23,
    "volume" : 73146.00
  }, {
    "date" : "2025-04-24",
    "price" : 7730.50,
    "dma50" : 7340.51,
    "dma100" : null,
    "dma200" : 8959.87,
    "volume" : 37999.00
  }, {
    "date" : "2025-04-25",
    "price" : 7296.00,
    "dma50" : 7338.77,
    "dma100" : null,
    "dma200" : 8943.32,
    "volume" : 85033.00
  }, {
    "date" : "2025-04-28",
    "price" : 7496.50,
    "dma50" : 7344.95,
    "dma100" : null,
    "dma200" : 8928.92,
    "volume" : 49575.00
  }, {
    "date" : "2025-04-29",
    "price" : 7588.00,
    "dma50" : 7354.48,
    "dma100" : null,
    "dma200" : 8915.58,
    "volume" : 27672.00
  }, {
    "date" : "2025-04-30",
    "price" : 7301.50,
    "dma50" : 7352.41,
    "dma100" : null,
    "dma200" : 8899.52,
    "volume" : 73544.00
  }, {
    "date" : "2025-05-02",
    "price" : 7722.50,
    "dma50" : 7366.92,
    "dma100" : null,
    "dma200" : 8887.81,
    "volume" : 84511.00
  }, {
    "date" : "2025-05-05",
    "price" : 8194.50,
    "dma50" : 7399.37,
    "dma100" : null,
    "dma200" : 8880.91,
    "volume" : 270812.00
  }, {
    "date" : "2025-05-06",
    "price" : 7909.50,
    "dma50" : 7419.38,
    "dma100" : null,
    "dma200" : 8871.24,
    "volume" : 100784.00
  }, {
    "date" : "2025-05-07",
    "price" : 7784.50,
    "dma50" : 7433.70,
    "dma100" : null,
    "dma200" : 8860.43,
    "volume" : 79945.00
  }, {
    "date" : "2025-05-08",
    "price" : 7609.00,
    "dma50" : 7440.57,
    "dma100" : null,
    "dma200" : 8847.98,
    "volume" : 67859.00
  }, {
    "date" : "2025-05-09",
    "price" : 7494.00,
    "dma50" : 7442.67,
    "dma100" : null,
    "dma200" : 8834.50,
    "volume" : 80305.00
  }, {
    "date" : "2025-05-12",
    "price" : 8290.50,
    "dma50" : 7475.91,
    "dma100" : null,
    "dma200" : 8829.09,
    "volume" : 127182.00
  }, {
    "date" : "2025-05-13",
    "price" : 8393.50,
    "dma50" : 7511.90,
    "dma100" : null,
    "dma200" : 8824.76,
    "volume" : 78741.00
  }, {
    "date" : "2025-05-14",
    "price" : 8381.50,
    "dma50" : 7546.00,
    "dma100" : null,
    "dma200" : 8820.35,
    "volume" : 42353.00
  }, {
    "date" : "2025-05-15",
    "price" : 8376.50,
    "dma50" : 7578.57,
    "dma100" : null,
    "dma200" : 8815.93,
    "volume" : 55925.00
  }, {
    "date" : "2025-05-16",
    "price" : 8579.00,
    "dma50" : 7617.80,
    "dma100" : null,
    "dma200" : 8813.57,
    "volume" : 73833.00
  }, {
    "date" : "2025-05-19",
    "price" : 8662.50,
    "dma50" : 7658.77,
    "dma100" : null,
    "dma200" : 8812.07,
    "volume" : 76305.00
  }, {
    "date" : "2025-05-20",
    "price" : 8372.00,
    "dma50" : 7686.74,
    "dma100" : null,
    "dma200" : 8807.69,
    "volume" : 41429.00
  }, {
    "date" : "2025-05-21",
    "price" : 8397.00,
    "dma50" : 7714.59,
    "dma100" : null,
    "dma200" : 8803.60,
    "volume" : 30151.00
  }, {
    "date" : "2025-05-22",
    "price" : 8410.00,
    "dma50" : 7741.86,
    "dma100" : null,
    "dma200" : 8799.69,
    "volume" : 24848.00
  }, {
    "date" : "2025-05-23",
    "price" : 8409.50,
    "dma50" : 7768.05,
    "dma100" : null,
    "dma200" : 8795.80,
    "volume" : 21829.00
  }, {
    "date" : "2025-05-26",
    "price" : 8378.50,
    "dma50" : 7791.99,
    "dma100" : null,
    "dma200" : 8791.65,
    "volume" : 39094.00
  }, {
    "date" : "2025-05-27",
    "price" : 8269.00,
    "dma50" : 7810.69,
    "dma100" : null,
    "dma200" : 8786.45,
    "volume" : 32508.00
  }, {
    "date" : "2025-05-28",
    "price" : 8274.00,
    "dma50" : 7828.86,
    "dma100" : null,
    "dma200" : 8781.35,
    "volume" : 23651.00
  }, {
    "date" : "2025-05-29",
    "price" : 8314.50,
    "dma50" : 7847.91,
    "dma100" : null,
    "dma200" : 8776.71,
    "volume" : 23656.00
  }, {
    "date" : "2025-05-30",
    "price" : 8286.50,
    "dma50" : 7865.11,
    "dma100" : null,
    "dma200" : 8771.83,
    "volume" : 18510.00
  }, {
    "date" : "2025-06-02",
    "price" : 8314.00,
    "dma50" : 7882.71,
    "dma100" : null,
    "dma200" : 8767.27,
    "volume" : 51635.00
  }, {
    "date" : "2025-06-03",
    "price" : 9040.50,
    "dma50" : 7928.11,
    "dma100" : null,
    "dma200" : 8769.99,
    "volume" : 246097.00
  }, {
    "date" : "2025-06-04",
    "price" : 8988.00,
    "dma50" : 7969.68,
    "dma100" : null,
    "dma200" : 8772.16,
    "volume" : 84700.00
  }, {
    "date" : "2025-06-05",
    "price" : 9201.50,
    "dma50" : 8017.98,
    "dma100" : null,
    "dma200" : 8776.43,
    "volume" : 175222.00
  }, {
    "date" : "2025-06-06",
    "price" : 9156.50,
    "dma50" : 8062.63,
    "dma100" : null,
    "dma200" : 8780.22,
    "volume" : 31855.00
  }, {
    "date" : "2025-06-09",
    "price" : 9091.50,
    "dma50" : 8102.98,
    "dma100" : null,
    "dma200" : 8783.31,
    "volume" : 33783.00
  }, {
    "date" : "2025-06-10",
    "price" : 8961.50,
    "dma50" : 8136.65,
    "dma100" : null,
    "dma200" : 8785.09,
    "volume" : 33730.00
  }, {
    "date" : "2025-06-11",
    "price" : 8849.00,
    "dma50" : 8164.58,
    "dma100" : null,
    "dma200" : 8785.72,
    "volume" : 28916.00
  }, {
    "date" : "2025-06-12",
    "price" : 8653.50,
    "dma50" : 8183.76,
    "dma100" : null,
    "dma200" : 8784.41,
    "volume" : 34221.00
  }, {
    "date" : "2025-06-13",
    "price" : 8775.00,
    "dma50" : 8206.94,
    "dma100" : null,
    "dma200" : 8784.31,
    "volume" : 43973.00
  }, {
    "date" : "2025-06-16",
    "price" : 8844.00,
    "dma50" : 8231.92,
    "dma100" : null,
    "dma200" : 8784.91,
    "volume" : 27132.00
  }, {
    "date" : "2025-06-17",
    "price" : 8694.50,
    "dma50" : 8250.06,
    "dma100" : null,
    "dma200" : 8784.01,
    "volume" : 17588.00
  }, {
    "date" : "2025-06-18",
    "price" : 8692.50,
    "dma50" : 8267.41,
    "dma100" : null,
    "dma200" : 8783.10,
    "volume" : 18905.00
  }, {
    "date" : "2025-06-19",
    "price" : 8666.50,
    "dma50" : 8283.07,
    "dma100" : null,
    "dma200" : 8781.94,
    "volume" : 30036.00
  }, {
    "date" : "2025-06-20",
    "price" : 8521.00,
    "dma50" : 8292.40,
    "dma100" : null,
    "dma200" : 8779.34,
    "volume" : 62497.00
  }, {
    "date" : "2025-06-23",
    "price" : 8654.00,
    "dma50" : 8306.58,
    "dma100" : null,
    "dma200" : 8778.09,
    "volume" : 31369.00
  }, {
    "date" : "2025-06-24",
    "price" : 8614.50,
    "dma50" : 8318.65,
    "dma100" : null,
    "dma200" : 8776.46,
    "volume" : 21911.00
  }, {
    "date" : "2025-06-25",
    "price" : 8800.00,
    "dma50" : 8337.53,
    "dma100" : null,
    "dma200" : 8776.70,
    "volume" : 23168.00
  }, {
    "date" : "2025-06-26",
    "price" : 9100.00,
    "dma50" : 8367.43,
    "dma100" : null,
    "dma200" : 8779.92,
    "volume" : 98134.00
  }, {
    "date" : "2025-06-27",
    "price" : 9286.00,
    "dma50" : 8403.45,
    "dma100" : null,
    "dma200" : 8784.95,
    "volume" : 77997.00
  }, {
    "date" : "2025-06-30",
    "price" : 9516.00,
    "dma50" : 8447.08,
    "dma100" : null,
    "dma200" : 8792.23,
    "volume" : 80899.00
  }, {
    "date" : "2025-07-01",
    "price" : 9816.00,
    "dma50" : 8500.76,
    "dma100" : null,
    "dma200" : 8802.41,
    "volume" : 70691.00
  }, {
    "date" : "2025-07-02",
    "price" : 9619.50,
    "dma50" : 8544.64,
    "dma100" : null,
    "dma200" : 8810.54,
    "volume" : 49068.00
  }, {
    "date" : "2025-07-03",
    "price" : 9478.50,
    "dma50" : 8581.26,
    "dma100" : null,
    "dma200" : 8817.19,
    "volume" : 32233.00
  }, {
    "date" : "2025-07-04",
    "price" : 9348.50,
    "dma50" : 8611.35,
    "dma100" : null,
    "dma200" : 8822.48,
    "volume" : 22643.00
  }, {
    "date" : "2025-07-07",
    "price" : 9411.00,
    "dma50" : 8642.70,
    "dma100" : null,
    "dma200" : 8828.33,
    "volume" : 23882.00
  }, {
    "date" : "2025-07-08",
    "price" : 9416.00,
    "dma50" : 8673.03,
    "dma100" : 7779.82,
    "dma200" : 8834.18,
    "volume" : 28555.00
  }, {
    "date" : "2025-07-09",
    "price" : 9833.50,
    "dma50" : 8718.54,
    "dma100" : 7804.89,
    "dma200" : 8844.12,
    "volume" : 89162.00
  }, {
    "date" : "2025-07-10",
    "price" : 9837.00,
    "dma50" : 8762.40,
    "dma100" : 7833.11,
    "dma200" : 8854.00,
    "volume" : 51825.00
  }, {
    "date" : "2025-07-11",
    "price" : 9646.50,
    "dma50" : 8797.07,
    "dma100" : 7858.42,
    "dma200" : 8861.89,
    "volume" : 30974.00
  }, {
    "date" : "2025-07-14",
    "price" : 9590.00,
    "dma50" : 8828.17,
    "dma100" : 7885.26,
    "dma200" : 8869.13,
    "volume" : 31380.00
  }, {
    "date" : "2025-07-15",
    "price" : 9745.50,
    "dma50" : 8864.14,
    "dma100" : 7915.99,
    "dma200" : 8877.85,
    "volume" : 37848.00
  }, {
    "date" : "2025-07-16",
    "price" : 9691.00,
    "dma50" : 8896.57,
    "dma100" : 7948.61,
    "dma200" : 8885.94,
    "volume" : 16973.00
  }, {
    "date" : "2025-07-17",
    "price" : 9615.00,
    "dma50" : 8924.74,
    "dma100" : 7983.58,
    "dma200" : 8893.20,
    "volume" : 20022.00
  }, {
    "date" : "2025-07-18",
    "price" : 9548.00,
    "dma50" : 8949.18,
    "dma100" : 8018.00,
    "dma200" : 8899.71,
    "volume" : 20904.00
  }, {
    "date" : "2025-07-21",
    "price" : 9543.00,
    "dma50" : 8972.47,
    "dma100" : 8044.55,
    "dma200" : 8906.11,
    "volume" : 21324.00
  }, {
    "date" : "2025-07-22",
    "price" : 9436.50,
    "dma50" : 8990.67,
    "dma100" : 8070.71,
    "dma200" : 8911.39,
    "volume" : 20543.00
  }, {
    "date" : "2025-07-23",
    "price" : 9309.00,
    "dma50" : 9003.15,
    "dma100" : 8094.54,
    "dma200" : 8915.35,
    "volume" : 19162.00
  }, {
    "date" : "2025-07-24",
    "price" : 9136.50,
    "dma50" : 9008.38,
    "dma100" : 8117.01,
    "dma200" : 8917.55,
    "volume" : 18775.00
  }, {
    "date" : "2025-07-25",
    "price" : 8840.00,
    "dma50" : 9001.78,
    "dma100" : 8139.43,
    "dma200" : 8916.78,
    "volume" : 29304.00
  }, {
    "date" : "2025-07-28",
    "price" : 8609.00,
    "dma50" : 8986.37,
    "dma100" : 8162.74,
    "dma200" : 8913.71,
    "volume" : 34836.00
  }, {
    "date" : "2025-07-29",
    "price" : 9285.00,
    "dma50" : 8998.08,
    "dma100" : 8192.84,
    "dma200" : 8917.41,
    "volume" : 162808.00
  }, {
    "date" : "2025-07-30",
    "price" : 8892.00,
    "dma50" : 8993.92,
    "dma100" : 8215.61,
    "dma200" : 8917.16,
    "volume" : 59599.00
  }, {
    "date" : "2025-07-31",
    "price" : 8836.00,
    "dma50" : 8987.73,
    "dma100" : 8236.23,
    "dma200" : 8916.35,
    "volume" : 27985.00
  }, {
    "date" : "2025-08-01",
    "price" : 8522.00,
    "dma50" : 8969.47,
    "dma100" : 8252.11,
    "dma200" : 8912.42,
    "volume" : 39135.00
  }, {
    "date" : "2025-08-04",
    "price" : 8569.00,
    "dma50" : 8953.76,
    "dma100" : 8268.60,
    "dma200" : 8909.01,
    "volume" : 30186.00
  }, {
    "date" : "2025-08-05",
    "price" : 8479.50,
    "dma50" : 8935.16,
    "dma100" : 8286.90,
    "dma200" : 8904.73,
    "volume" : 27843.00
  }, {
    "date" : "2025-08-06",
    "price" : 8203.00,
    "dma50" : 8906.45,
    "dma100" : 8302.49,
    "dma200" : 8897.75,
    "volume" : 41030.00
  }, {
    "date" : "2025-08-07",
    "price" : 8033.00,
    "dma50" : 8872.20,
    "dma100" : 8316.15,
    "dma200" : 8889.15,
    "volume" : 86461.00
  }, {
    "date" : "2025-08-08",
    "price" : 7982.50,
    "dma50" : 8837.31,
    "dma100" : 8331.66,
    "dma200" : 8880.13,
    "volume" : 23692.00
  }, {
    "date" : "2025-08-11",
    "price" : 8091.00,
    "dma50" : 8808.04,
    "dma100" : 8348.56,
    "dma200" : 8872.27,
    "volume" : 23382.00
  }, {
    "date" : "2025-08-12",
    "price" : 7981.00,
    "dma50" : 8775.61,
    "dma100" : 8359.38,
    "dma200" : 8863.41,
    "volume" : 16507.00
  }, {
    "date" : "2025-08-13",
    "price" : 7996.00,
    "dma50" : 8745.04,
    "dma100" : 8370.05,
    "dma200" : 8854.77,
    "volume" : 18064.00
  }, {
    "date" : "2025-08-14",
    "price" : 7894.50,
    "dma50" : 8711.68,
    "dma100" : 8379.72,
    "dma200" : 8845.22,
    "volume" : 15042.00
  }, {
    "date" : "2025-08-18",
    "price" : 7974.00,
    "dma50" : 8682.75,
    "dma100" : 8387.27,
    "dma200" : 8836.55,
    "volume" : 19667.00
  }, {
    "date" : "2025-08-19",
    "price" : 8223.50,
    "dma50" : 8664.74,
    "dma100" : 8393.70,
    "dma200" : 8830.45,
    "volume" : 34996.00
  }, {
    "date" : "2025-08-20",
    "price" : 8222.00,
    "dma50" : 8647.38,
    "dma100" : 8401.69,
    "dma200" : 8824.40,
    "volume" : 12955.00
  }, {
    "date" : "2025-08-21",
    "price" : 8208.00,
    "dma50" : 8630.15,
    "dma100" : 8411.36,
    "dma200" : 8818.26,
    "volume" : 11682.00
  }, {
    "date" : "2025-08-22",
    "price" : 8221.50,
    "dma50" : 8614.12,
    "dma100" : 8421.39,
    "dma200" : 8812.32,
    "volume" : 12068.00
  }, {
    "date" : "2025-08-25",
    "price" : 8087.00,
    "dma50" : 8593.45,
    "dma100" : 8430.90,
    "dma200" : 8805.11,
    "volume" : 12672.00
  }, {
    "date" : "2025-08-26",
    "price" : 7894.50,
    "dma50" : 8566.04,
    "dma100" : 8439.26,
    "dma200" : 8796.05,
    "volume" : 19234.00
  }, {
    "date" : "2025-08-28",
    "price" : 7896.50,
    "dma50" : 8539.79,
    "dma100" : 8447.68,
    "dma200" : 8787.10,
    "volume" : 14740.00
  }, {
    "date" : "2025-08-29",
    "price" : 7808.00,
    "dma50" : 8511.09,
    "dma100" : 8455.58,
    "dma200" : 8777.35,
    "volume" : 11586.00
  }, {
    "date" : "2025-09-01",
    "price" : 7986.50,
    "dma50" : 8490.52,
    "dma100" : 8467.79,
    "dma200" : 8769.48,
    "volume" : 12847.00
  }, {
    "date" : "2025-09-02",
    "price" : 8027.50,
    "dma50" : 8472.36,
    "dma100" : 8483.13,
    "dma200" : 8762.10,
    "volume" : 11973.00
  }, {
    "date" : "2025-09-03",
    "price" : 8098.00,
    "dma50" : 8457.68,
    "dma100" : 8498.29,
    "dma200" : 8755.49,
    "volume" : 10254.00
  }, {
    "date" : "2025-09-04",
    "price" : 7945.00,
    "dma50" : 8437.57,
    "dma100" : 8512.58,
    "dma200" : 8747.43,
    "volume" : 13656.00
  }, {
    "date" : "2025-09-05",
    "price" : 7860.50,
    "dma50" : 8414.94,
    "dma100" : 8521.41,
    "dma200" : 8738.60,
    "volume" : 14280.00
  }, {
    "date" : "2025-09-08",
    "price" : 7777.50,
    "dma50" : 8389.94,
    "dma100" : 8526.26,
    "dma200" : 8729.04,
    "volume" : 17931.00
  }, {
    "date" : "2025-09-09",
    "price" : 7503.00,
    "dma50" : 8355.16,
    "dma100" : 8527.87,
    "dma200" : 8716.84,
    "volume" : 1352754.00
  }, {
    "date" : "2025-09-10",
    "price" : 7500.00,
    "dma50" : 8321.63,
    "dma100" : 8530.18,
    "dma200" : 8704.73,
    "volume" : 65477.00
  }, {
    "date" : "2025-09-11",
    "price" : 7125.00,
    "dma50" : 8274.70,
    "dma100" : 8526.07,
    "dma200" : 8689.01,
    "volume" : 208947.00
  }, {
    "date" : "2025-09-12",
    "price" : 7290.00,
    "dma50" : 8236.08,
    "dma100" : 8520.36,
    "dma200" : 8675.09,
    "volume" : 127077.00
  }, {
    "date" : "2025-09-15",
    "price" : 7250.50,
    "dma50" : 8197.43,
    "dma100" : 8514.74,
    "dma200" : 8660.92,
    "volume" : 53014.00
  }, {
    "date" : "2025-09-16",
    "price" : 7309.50,
    "dma50" : 8162.61,
    "dma100" : 8510.53,
    "dma200" : 8647.47,
    "volume" : 30273.00
  }, {
    "date" : "2025-09-17",
    "price" : 7377.00,
    "dma50" : 8131.80,
    "dma100" : 8511.34,
    "dma200" : 8634.83,
    "volume" : 200022.00
  }, {
    "date" : "2025-09-18",
    "price" : 7401.50,
    "dma50" : 8103.17,
    "dma100" : 8510.39,
    "dma200" : 8622.56,
    "volume" : 32484.00
  }, {
    "date" : "2025-09-19",
    "price" : 7412.00,
    "dma50" : 8076.06,
    "dma100" : 8508.63,
    "dma200" : 8610.51,
    "volume" : 56425.00
  }, {
    "date" : "2025-09-22",
    "price" : 7384.00,
    "dma50" : 8048.92,
    "dma100" : 8509.46,
    "dma200" : 8598.31,
    "volume" : 35551.00
  }, {
    "date" : "2025-09-23",
    "price" : 7179.00,
    "dma50" : 8014.81,
    "dma100" : 8504.02,
    "dma200" : 8584.19,
    "volume" : 57872.00
  }, {
    "date" : "2025-09-24",
    "price" : 7157.50,
    "dma50" : 7981.19,
    "dma100" : 8493.65,
    "dma200" : 8569.99,
    "volume" : 35699.00
  }, {
    "date" : "2025-09-25",
    "price" : 7136.50,
    "dma50" : 7948.06,
    "dma100" : 8485.92,
    "dma200" : 8555.73,
    "volume" : 40649.00
  }, {
    "date" : "2025-09-26",
    "price" : 6997.00,
    "dma50" : 7910.77,
    "dma100" : 8478.05,
    "dma200" : 8540.22,
    "volume" : 54014.00
  }, {
    "date" : "2025-09-29",
    "price" : 7134.00,
    "dma50" : 7880.30,
    "dma100" : 8473.30,
    "dma200" : 8526.23,
    "volume" : 33560.00
  }, {
    "date" : "2025-09-30",
    "price" : 7235.50,
    "dma50" : 7855.02,
    "dma100" : 8470.71,
    "dma200" : 8513.38,
    "volume" : 27540.00
  }, {
    "date" : "2025-10-01",
    "price" : 7183.50,
    "dma50" : 7828.68,
    "dma100" : 8459.64,
    "dma200" : 8500.15,
    "volume" : 33578.00
  }, {
    "date" : "2025-10-03",
    "price" : 7173.00,
    "dma50" : 7802.97,
    "dma100" : 8447.44,
    "dma200" : 8486.94,
    "volume" : 13526.00
  }, {
    "date" : "2025-10-06",
    "price" : 7187.00,
    "dma50" : 7778.81,
    "dma100" : 8435.49,
    "dma200" : 8474.01,
    "volume" : 17218.00
  }, {
    "date" : "2025-10-07",
    "price" : 7213.00,
    "dma50" : 7756.63,
    "dma100" : 8423.86,
    "dma200" : 8461.46,
    "volume" : 68573.00
  }, {
    "date" : "2025-10-08",
    "price" : 7135.00,
    "dma50" : 7732.25,
    "dma100" : 8409.42,
    "dma200" : 8448.26,
    "volume" : 11654.00
  }, {
    "date" : "2025-10-09",
    "price" : 7078.00,
    "dma50" : 7706.59,
    "dma100" : 8393.57,
    "dma200" : 8434.63,
    "volume" : 14837.00
  }, {
    "date" : "2025-10-10",
    "price" : 7192.00,
    "dma50" : 7686.41,
    "dma100" : 8381.77,
    "dma200" : 8422.26,
    "volume" : 28181.00
  }, {
    "date" : "2025-10-13",
    "price" : 7100.50,
    "dma50" : 7663.43,
    "dma100" : 8368.81,
    "dma200" : 8409.11,
    "volume" : 11788.00
  }, {
    "date" : "2025-10-14",
    "price" : 7023.50,
    "dma50" : 7638.34,
    "dma100" : 8354.94,
    "dma200" : 8395.33,
    "volume" : 17627.00
  }, {
    "date" : "2025-10-15",
    "price" : 7097.00,
    "dma50" : 7617.11,
    "dma100" : 8341.82,
    "dma200" : 8382.41,
    "volume" : 24660.00
  }, {
    "date" : "2025-10-16",
    "price" : 7198.00,
    "dma50" : 7600.67,
    "dma100" : 8330.01,
    "dma200" : 8370.62,
    "volume" : 60184.00
  }, {
    "date" : "2025-10-17",
    "price" : 7103.00,
    "dma50" : 7581.16,
    "dma100" : 8318.35,
    "dma200" : 8358.01,
    "volume" : 17401.00
  }, {
    "date" : "2025-10-20",
    "price" : 7153.00,
    "dma50" : 7564.37,
    "dma100" : 8307.14,
    "dma200" : 8346.02,
    "volume" : 20739.00
  }, {
    "date" : "2025-10-21",
    "price" : 7201.00,
    "dma50" : 7550.12,
    "dma100" : 8296.01,
    "dma200" : 8334.63,
    "volume" : 4471.00
  }, {
    "date" : "2025-10-23",
    "price" : 7231.50,
    "dma50" : 7537.62,
    "dma100" : 8285.46,
    "dma200" : 8323.65,
    "volume" : 46124.00
  }, {
    "date" : "2025-10-24",
    "price" : 7217.00,
    "dma50" : 7525.05,
    "dma100" : 8274.49,
    "dma200" : 8312.64,
    "volume" : 18832.00
  }, {
    "date" : "2025-10-27",
    "price" : 7152.50,
    "dma50" : 7510.44,
    "dma100" : 8255.61,
    "dma200" : 8301.09,
    "volume" : 19084.00
  }, {
    "date" : "2025-10-28",
    "price" : 7101.50,
    "dma50" : 7494.40,
    "dma100" : 8236.74,
    "dma200" : 8289.16,
    "volume" : 16431.00
  }, {
    "date" : "2025-10-29",
    "price" : 7208.50,
    "dma50" : 7483.19,
    "dma100" : 8216.81,
    "dma200" : 8278.40,
    "volume" : 108189.00
  }, {
    "date" : "2025-10-30",
    "price" : 7446.50,
    "dma50" : 7481.75,
    "dma100" : 8199.71,
    "dma200" : 8270.13,
    "volume" : 87892.00
  }, {
    "date" : "2025-10-31",
    "price" : 7403.50,
    "dma50" : 7478.68,
    "dma100" : 8182.83,
    "dma200" : 8261.50,
    "volume" : 37111.00
  }, {
    "date" : "2025-11-03",
    "price" : 7465.00,
    "dma50" : 7478.15,
    "dma100" : 8167.87,
    "dma200" : 8253.58,
    "volume" : 35196.00
  }, {
    "date" : "2025-11-04",
    "price" : 7365.50,
    "dma50" : 7473.73,
    "dma100" : 8153.03,
    "dma200" : 8244.74,
    "volume" : 26318.00
  }, {
    "date" : "2025-11-06",
    "price" : 7089.50,
    "dma50" : 7458.66,
    "dma100" : 8137.39,
    "dma200" : 8233.25,
    "volume" : 38328.00
  }, {
    "date" : "2025-11-07",
    "price" : 7158.00,
    "dma50" : 7446.87,
    "dma100" : 8121.22,
    "dma200" : 8222.55,
    "volume" : 23008.00
  }, {
    "date" : "2025-11-10",
    "price" : 7953.00,
    "dma50" : 7466.72,
    "dma100" : 8112.31,
    "dma200" : 8219.87,
    "volume" : 495139.00
  }, {
    "date" : "2025-11-11",
    "price" : 8123.50,
    "dma50" : 7492.48,
    "dma100" : 8106.60,
    "dma200" : 8218.91,
    "volume" : 145012.00
  }, {
    "date" : "2025-11-12",
    "price" : 8282.50,
    "dma50" : 7523.46,
    "dma100" : 8102.50,
    "dma200" : 8219.54,
    "volume" : 79426.00
  }, {
    "date" : "2025-11-13",
    "price" : 8304.00,
    "dma50" : 7554.07,
    "dma100" : 8098.88,
    "dma200" : 8220.38,
    "volume" : 48816.00
  }, {
    "date" : "2025-11-14",
    "price" : 8075.50,
    "dma50" : 7574.51,
    "dma100" : 8094.42,
    "dma200" : 8218.94,
    "volume" : 34350.00
  }, {
    "date" : "2025-11-17",
    "price" : 8541.00,
    "dma50" : 7612.42,
    "dma100" : 8093.29,
    "dma200" : 8222.14,
    "volume" : 83386.00
  }, {
    "date" : "2025-11-18",
    "price" : 8670.50,
    "dma50" : 7653.91,
    "dma100" : 8093.85,
    "dma200" : 8226.60,
    "volume" : 60360.00
  }, {
    "date" : "2025-11-19",
    "price" : 8513.50,
    "dma50" : 7687.62,
    "dma100" : 8090.99,
    "dma200" : 8229.46,
    "volume" : 42981.00
  }, {
    "date" : "2025-11-20",
    "price" : 8250.50,
    "dma50" : 7709.69,
    "dma100" : 8082.49,
    "dma200" : 8229.67,
    "volume" : 43961.00
  }, {
    "date" : "2025-11-21",
    "price" : 8080.50,
    "dma50" : 7724.23,
    "dma100" : 8070.44,
    "dma200" : 8228.18,
    "volume" : 41173.00
  }, {
    "date" : "2025-11-24",
    "price" : 8188.50,
    "dma50" : 7742.44,
    "dma100" : 8057.16,
    "dma200" : 8227.79,
    "volume" : 79927.00
  }, {
    "date" : "2025-11-25",
    "price" : 8072.00,
    "dma50" : 7755.36,
    "dma100" : 8039.72,
    "dma200" : 8226.24,
    "volume" : 23734.00
  }, {
    "date" : "2025-11-26",
    "price" : 8146.00,
    "dma50" : 7770.68,
    "dma100" : 8024.99,
    "dma200" : 8225.44,
    "volume" : 22751.00
  }, {
    "date" : "2025-11-27",
    "price" : 8071.50,
    "dma50" : 7782.48,
    "dma100" : 8010.92,
    "dma200" : 8223.91,
    "volume" : 15676.00
  }, {
    "date" : "2025-11-28",
    "price" : 8159.50,
    "dma50" : 7797.27,
    "dma100" : 7999.03,
    "dma200" : 8223.27,
    "volume" : 191149.00
  }, {
    "date" : "2025-12-01",
    "price" : 7898.50,
    "dma50" : 7801.24,
    "dma100" : 7983.90,
    "dma200" : 8220.04,
    "volume" : 52923.00
  }, {
    "date" : "2025-12-02",
    "price" : 7961.50,
    "dma50" : 7807.52,
    "dma100" : 7969.36,
    "dma200" : 8217.46,
    "volume" : 78432.00
  }, {
    "date" : "2025-12-03",
    "price" : 7918.50,
    "dma50" : 7811.87,
    "dma100" : 7950.21,
    "dma200" : 8214.49,
    "volume" : 35650.00
  }, {
    "date" : "2025-12-04",
    "price" : 8000.50,
    "dma50" : 7819.27,
    "dma100" : 7931.84,
    "dma200" : 8212.36,
    "volume" : 40227.00
  }, {
    "date" : "2025-12-05",
    "price" : 7881.00,
    "dma50" : 7821.69,
    "dma100" : 7914.19,
    "dma200" : 8209.06,
    "volume" : 28720.00
  }, {
    "date" : "2025-12-08",
    "price" : 7682.50,
    "dma50" : 7816.23,
    "dma100" : 7895.11,
    "dma200" : 8203.82,
    "volume" : 40646.00
  }, {
    "date" : "2025-12-09",
    "price" : 7995.50,
    "dma50" : 7823.26,
    "dma100" : 7877.61,
    "dma200" : 8201.75,
    "volume" : 42961.00
  }, {
    "date" : "2025-12-10",
    "price" : 7951.50,
    "dma50" : 7828.29,
    "dma100" : 7860.22,
    "dma200" : 8199.26,
    "volume" : 26331.00
  }, {
    "date" : "2025-12-11",
    "price" : 7982.50,
    "dma50" : 7834.34,
    "dma100" : 7843.89,
    "dma200" : 8197.10,
    "volume" : 14140.00
  }, {
    "date" : "2025-12-12",
    "price" : 8100.50,
    "dma50" : 7844.78,
    "dma100" : 7829.42,
    "dma200" : 8196.14,
    "volume" : 22310.00
  }, {
    "date" : "2025-12-15",
    "price" : 8058.00,
    "dma50" : 7853.14,
    "dma100" : 7814.57,
    "dma200" : 8194.77,
    "volume" : 15188.00
  }, {
    "date" : "2025-12-16",
    "price" : 7970.50,
    "dma50" : 7857.74,
    "dma100" : 7799.91,
    "dma200" : 8192.54,
    "volume" : 11279.00
  }, {
    "date" : "2025-12-17",
    "price" : 7912.00,
    "dma50" : 7859.87,
    "dma100" : 7785.94,
    "dma200" : 8189.75,
    "volume" : 15971.00
  }, {
    "date" : "2025-12-18",
    "price" : 7880.50,
    "dma50" : 7860.68,
    "dma100" : 7773.38,
    "dma200" : 8186.67,
    "volume" : 14483.00
  }, {
    "date" : "2025-12-19",
    "price" : 8071.50,
    "dma50" : 7868.94,
    "dma100" : 7765.69,
    "dma200" : 8185.52,
    "volume" : 41913.00
  }, {
    "date" : "2025-12-22",
    "price" : 7935.50,
    "dma50" : 7871.55,
    "dma100" : 7758.96,
    "dma200" : 8183.03,
    "volume" : 30427.00
  }, {
    "date" : "2025-12-23",
    "price" : 7879.50,
    "dma50" : 7871.87,
    "dma100" : 7744.90,
    "dma200" : 8180.01,
    "volume" : 12298.00
  }, {
    "date" : "2025-12-24",
    "price" : 7887.50,
    "dma50" : 7872.48,
    "dma100" : 7734.86,
    "dma200" : 8177.10,
    "volume" : 13148.00
  }, {
    "date" : "2025-12-26",
    "price" : 7777.50,
    "dma50" : 7868.75,
    "dma100" : 7724.27,
    "dma200" : 8173.13,
    "volume" : 13994.00
  }, {
    "date" : "2025-12-29",
    "price" : 7765.50,
    "dma50" : 7864.71,
    "dma100" : 7716.71,
    "dma200" : 8169.07,
    "volume" : 19083.00
  }, {
    "date" : "2025-12-30",
    "price" : 7685.50,
    "dma50" : 7857.68,
    "dma100" : 7707.87,
    "dma200" : 8164.26,
    "volume" : 42199.00
  }, {
    "date" : "2025-12-31",
    "price" : 7852.00,
    "dma50" : 7857.46,
    "dma100" : 7701.60,
    "dma200" : 8161.15,
    "volume" : 35607.00
  }, {
    "date" : "2026-01-01",
    "price" : 7790.50,
    "dma50" : 7854.83,
    "dma100" : 7697.47,
    "dma200" : 8157.46,
    "volume" : 19437.00
  }, {
    "date" : "2026-01-02",
    "price" : 7877.00,
    "dma50" : 7855.70,
    "dma100" : 7695.91,
    "dma200" : 8154.67,
    "volume" : 23671.00
  }, {
    "date" : "2026-01-05",
    "price" : 7790.00,
    "dma50" : 7853.12,
    "dma100" : 7693.99,
    "dma200" : 8151.05,
    "volume" : 15788.00
  }, {
    "date" : "2026-01-06",
    "price" : 7640.50,
    "dma50" : 7844.78,
    "dma100" : 7689.48,
    "dma200" : 8145.97,
    "volume" : 18515.00
  }, {
    "date" : "2026-01-07",
    "price" : 7709.50,
    "dma50" : 7839.48,
    "dma100" : 7686.77,
    "dma200" : 8141.62,
    "volume" : 25674.00
  }, {
    "date" : "2026-01-08",
    "price" : 7582.00,
    "dma50" : 7829.38,
    "dma100" : 7682.63,
    "dma200" : 8136.05,
    "volume" : 16486.00
  }, {
    "date" : "2026-01-09",
    "price" : 7264.50,
    "dma50" : 7807.23,
    "dma100" : 7676.33,
    "dma200" : 8127.38,
    "volume" : 45133.00
  }, {
    "date" : "2026-01-12",
    "price" : 7089.00,
    "dma50" : 7779.06,
    "dma100" : 7667.48,
    "dma200" : 8117.05,
    "volume" : 31119.00
  }, {
    "date" : "2026-01-13",
    "price" : 7160.50,
    "dma50" : 7754.81,
    "dma100" : 7656.85,
    "dma200" : 8107.53,
    "volume" : 25682.00
  }, {
    "date" : "2026-01-14",
    "price" : 7151.50,
    "dma50" : 7731.15,
    "dma100" : 7646.14,
    "dma200" : 8098.02,
    "volume" : 25590.00
  }, {
    "date" : "2026-01-16",
    "price" : 7282.00,
    "dma50" : 7713.53,
    "dma100" : 7636.88,
    "dma200" : 8089.90,
    "volume" : 47467.00
  }, {
    "date" : "2026-01-19",
    "price" : 7079.50,
    "dma50" : 7688.67,
    "dma100" : 7625.46,
    "dma200" : 8079.85,
    "volume" : 15363.00
  }, {
    "date" : "2026-01-20",
    "price" : 6911.00,
    "dma50" : 7658.17,
    "dma100" : 7613.70,
    "dma200" : 8068.22,
    "volume" : 25273.00
  }, {
    "date" : "2026-01-21",
    "price" : 6778.50,
    "dma50" : 7623.68,
    "dma100" : 7602.54,
    "dma200" : 8055.38,
    "volume" : 39103.00
  }, {
    "date" : "2026-01-22",
    "price" : 6898.00,
    "dma50" : 7595.22,
    "dma100" : 7592.56,
    "dma200" : 8043.87,
    "volume" : 18236.00
  }, {
    "date" : "2026-01-23",
    "price" : 6826.00,
    "dma50" : 7565.05,
    "dma100" : 7582.74,
    "dma200" : 8031.75,
    "volume" : 15673.00
  }, {
    "date" : "2026-01-27",
    "price" : 6779.50,
    "dma50" : 7534.25,
    "dma100" : 7570.67,
    "dma200" : 8019.29,
    "volume" : 21347.00
  }, {
    "date" : "2026-01-28",
    "price" : 7135.50,
    "dma50" : 7518.61,
    "dma100" : 7561.75,
    "dma200" : 8010.49,
    "volume" : 24939.00
  }, {
    "date" : "2026-01-29",
    "price" : 7234.50,
    "dma50" : 7507.47,
    "dma100" : 7553.11,
    "dma200" : 8002.77,
    "volume" : 27594.00
  }, {
    "date" : "2026-01-30",
    "price" : 7374.50,
    "dma50" : 7502.25,
    "dma100" : 7547.41,
    "dma200" : 7996.52,
    "volume" : 37140.00
  }, {
    "date" : "2026-02-01",
    "price" : 7322.00,
    "dma50" : 7495.18,
    "dma100" : 7542.02,
    "dma200" : 7989.81,
    "volume" : 18688.00
  }, {
    "date" : "2026-02-02",
    "price" : 7499.00,
    "dma50" : 7495.33,
    "dma100" : 7539.24,
    "dma200" : 7984.93,
    "volume" : 47239.00
  }, {
    "date" : "2026-02-03",
    "price" : 7597.00,
    "dma50" : 7499.32,
    "dma100" : 7540.18,
    "dma200" : 7981.07,
    "volume" : 33699.00
  }, {
    "date" : "2026-02-04",
    "price" : 7676.00,
    "dma50" : 7506.25,
    "dma100" : 7541.94,
    "dma200" : 7978.03,
    "volume" : 22737.00
  }, {
    "date" : "2026-02-05",
    "price" : 7957.00,
    "dma50" : 7523.93,
    "dma100" : 7550.26,
    "dma200" : 7977.82,
    "volume" : 146082.00
  }, {
    "date" : "2026-02-06",
    "price" : 7973.00,
    "dma50" : 7541.54,
    "dma100" : 7557.09,
    "dma200" : 7977.77,
    "volume" : 38837.00
  } ],
  "latestTechnicalAttributes" : {
    "date" : "2026-02-06",
    "price" : 7973.00,
    "dma50" : 7541.54,
    "dma100" : 7557.09,
    "dma200" : 7977.77,
    "volume" : 38837.00
  },
  "quarterlyResults" : [ {
    "date" : "2006-03-31",
    "sales" : 73.42,
    "salesGrowthYoY" : null,
    "grossProfitMargin" : 22.31,
    "grossProfit" : 16.38,
    "operatingProfitMargin" : 11.60,
    "operatingProfit" : 8.52,
    "netProfitMargin" : 9.14,
    "netProfit" : 6.71
  }, {
    "date" : "2006-06-30",
    "sales" : 77.69,
    "salesGrowthYoY" : null,
    "grossProfitMargin" : 25.27,
    "grossProfit" : 19.63,
    "operatingProfitMargin" : 16.91,
    "operatingProfit" : 13.14,
    "netProfitMargin" : 10.43,
    "netProfit" : 8.10
  }, {
    "date" : "2006-09-30",
    "sales" : 99.47,
    "salesGrowthYoY" : null,
    "grossProfitMargin" : 19.31,
    "grossProfit" : 19.21,
    "operatingProfitMargin" : 10.42,
    "operatingProfit" : 10.36,
    "netProfitMargin" : 6.92,
    "netProfit" : 6.88
  }, {
    "date" : "2006-12-31",
    "sales" : 105.21,
    "salesGrowthYoY" : null,
    "grossProfitMargin" : 21.79,
    "grossProfit" : 22.93,
    "operatingProfitMargin" : 13.94,
    "operatingProfit" : 14.67,
    "netProfitMargin" : 9.90,
    "netProfit" : 10.42
  }, {
    "date" : "2007-03-31",
    "sales" : 122.53,
    "salesGrowthYoY" : 66.89,
    "grossProfitMargin" : 27.06,
    "grossProfit" : 33.16,
    "operatingProfitMargin" : 18.68,
    "operatingProfit" : 22.89,
    "netProfitMargin" : 11.23,
    "netProfit" : 13.76
  }, {
    "date" : "2007-06-30",
    "sales" : 129.27,
    "salesGrowthYoY" : 66.39,
    "grossProfitMargin" : 25.58,
    "grossProfit" : 33.07,
    "operatingProfitMargin" : 18.61,
    "operatingProfit" : 24.06,
    "netProfitMargin" : 13.17,
    "netProfit" : 17.02
  }, {
    "date" : "2007-09-30",
    "sales" : 148.08,
    "salesGrowthYoY" : 48.87,
    "grossProfitMargin" : 26.30,
    "grossProfit" : 38.95,
    "operatingProfitMargin" : 18.69,
    "operatingProfit" : 27.68,
    "netProfitMargin" : 12.50,
    "netProfit" : 18.51
  }, {
    "date" : "2007-12-31",
    "sales" : 142.86,
    "salesGrowthYoY" : 35.79,
    "grossProfitMargin" : 30.48,
    "grossProfit" : 43.54,
    "operatingProfitMargin" : 22.89,
    "operatingProfit" : 32.70,
    "netProfitMargin" : 15.91,
    "netProfit" : 22.73
  }, {
    "date" : "2008-03-31",
    "sales" : 135.14,
    "salesGrowthYoY" : 10.29,
    "grossProfitMargin" : 35.82,
    "grossProfit" : 48.41,
    "operatingProfitMargin" : 24.74,
    "operatingProfit" : 33.43,
    "netProfitMargin" : 16.01,
    "netProfit" : 21.64
  }, {
    "date" : "2008-06-30",
    "sales" : 170.15,
    "salesGrowthYoY" : 31.62,
    "grossProfitMargin" : 27.91,
    "grossProfit" : 47.49,
    "operatingProfitMargin" : 20.23,
    "operatingProfit" : 34.42,
    "netProfitMargin" : 13.62,
    "netProfit" : 23.17
  }, {
    "date" : "2008-09-30",
    "sales" : 169.96,
    "salesGrowthYoY" : 14.78,
    "grossProfitMargin" : 30.18,
    "grossProfit" : 51.29,
    "operatingProfitMargin" : 22.33,
    "operatingProfit" : 37.95,
    "netProfitMargin" : 16.08,
    "netProfit" : 27.33
  }, {
    "date" : "2008-12-31",
    "sales" : 136.40,
    "salesGrowthYoY" : -4.52,
    "grossProfitMargin" : 38.08,
    "grossProfit" : 51.94,
    "operatingProfitMargin" : 30.28,
    "operatingProfit" : 41.30,
    "netProfitMargin" : 25.00,
    "netProfit" : 34.10
  }, {
    "date" : "2009-03-31",
    "sales" : 167.48,
    "salesGrowthYoY" : 23.93,
    "grossProfitMargin" : 25.81,
    "grossProfit" : 43.23,
    "operatingProfitMargin" : 21.83,
    "operatingProfit" : 36.56,
    "netProfitMargin" : 18.03,
    "netProfit" : 30.20
  }, {
    "date" : "2009-06-30",
    "sales" : 104.20,
    "salesGrowthYoY" : -38.76,
    "grossProfitMargin" : 22.79,
    "grossProfit" : 23.75,
    "operatingProfitMargin" : 15.56,
    "operatingProfit" : 16.21,
    "netProfitMargin" : 14.25,
    "netProfit" : 14.85
  }, {
    "date" : "2009-09-30",
    "sales" : 111.18,
    "salesGrowthYoY" : -34.58,
    "grossProfitMargin" : 22.59,
    "grossProfit" : 25.12,
    "operatingProfitMargin" : 17.88,
    "operatingProfit" : 19.88,
    "netProfitMargin" : 15.43,
    "netProfit" : 17.16
  }, {
    "date" : "2009-12-31",
    "sales" : 144.46,
    "salesGrowthYoY" : 5.91,
    "grossProfitMargin" : 26.46,
    "grossProfit" : 38.22,
    "operatingProfitMargin" : 22.68,
    "operatingProfit" : 32.76,
    "netProfitMargin" : 16.67,
    "netProfit" : 24.08
  }, {
    "date" : "2010-03-31",
    "sales" : 182.13,
    "salesGrowthYoY" : 8.75,
    "grossProfitMargin" : 24.03,
    "grossProfit" : 43.77,
    "operatingProfitMargin" : 20.29,
    "operatingProfit" : 36.95,
    "netProfitMargin" : 14.52,
    "netProfit" : 26.45
  }, {
    "date" : "2010-06-30",
    "sales" : 119.33,
    "salesGrowthYoY" : 14.52,
    "grossProfitMargin" : 16.51,
    "grossProfit" : 19.70,
    "operatingProfitMargin" : 10.89,
    "operatingProfit" : 13.00,
    "netProfitMargin" : 8.98,
    "netProfit" : 10.72
  }, {
    "date" : "2010-09-30",
    "sales" : 124.34,
    "salesGrowthYoY" : 11.84,
    "grossProfitMargin" : 15.93,
    "grossProfit" : 19.81,
    "operatingProfitMargin" : 10.06,
    "operatingProfit" : 12.51,
    "netProfitMargin" : 7.50,
    "netProfit" : 9.33
  }, {
    "date" : "2010-12-31",
    "sales" : 133.64,
    "salesGrowthYoY" : -7.49,
    "grossProfitMargin" : 15.19,
    "grossProfit" : 20.30,
    "operatingProfitMargin" : 10.84,
    "operatingProfit" : 14.49,
    "netProfitMargin" : 9.57,
    "netProfit" : 12.79
  }, {
    "date" : "2011-03-31",
    "sales" : 148.99,
    "salesGrowthYoY" : -18.20,
    "grossProfitMargin" : 23.99,
    "grossProfit" : 35.74,
    "operatingProfitMargin" : 17.99,
    "operatingProfit" : 26.80,
    "netProfitMargin" : 12.73,
    "netProfit" : 18.97
  }, {
    "date" : "2011-06-30",
    "sales" : 94.15,
    "salesGrowthYoY" : -21.10,
    "grossProfitMargin" : 16.38,
    "grossProfit" : 15.42,
    "operatingProfitMargin" : 9.40,
    "operatingProfit" : 8.85,
    "netProfitMargin" : 9.86,
    "netProfit" : 9.28
  }, {
    "date" : "2011-09-30",
    "sales" : 135.51,
    "salesGrowthYoY" : 8.98,
    "grossProfitMargin" : 14.59,
    "grossProfit" : 19.77,
    "operatingProfitMargin" : 9.22,
    "operatingProfit" : 12.49,
    "netProfitMargin" : 6.94,
    "netProfit" : 9.40
  }, {
    "date" : "2011-12-31",
    "sales" : 145.50,
    "salesGrowthYoY" : 8.87,
    "grossProfitMargin" : 8.02,
    "grossProfit" : 11.67,
    "operatingProfitMargin" : 2.76,
    "operatingProfit" : 4.02,
    "netProfitMargin" : 2.43,
    "netProfit" : 3.54
  }, {
    "date" : "2012-03-31",
    "sales" : 194.65,
    "salesGrowthYoY" : 30.65,
    "grossProfitMargin" : 34.24,
    "grossProfit" : 66.65,
    "operatingProfitMargin" : 8.50,
    "operatingProfit" : 16.55,
    "netProfitMargin" : 5.68,
    "netProfit" : 11.06
  }, {
    "date" : "2012-06-30",
    "sales" : 99.60,
    "salesGrowthYoY" : 5.79,
    "grossProfitMargin" : 22.64,
    "grossProfit" : 22.55,
    "operatingProfitMargin" : 3.92,
    "operatingProfit" : 3.90,
    "netProfitMargin" : 5.73,
    "netProfit" : 5.71
  }, {
    "date" : "2012-09-30",
    "sales" : 110.80,
    "salesGrowthYoY" : -18.23,
    "grossProfitMargin" : 17.89,
    "grossProfit" : 19.82,
    "operatingProfitMargin" : 4.55,
    "operatingProfit" : 5.04,
    "netProfitMargin" : 4.37,
    "netProfit" : 4.84
  }, {
    "date" : "2012-12-31",
    "sales" : 130.13,
    "salesGrowthYoY" : -10.56,
    "grossProfitMargin" : 19.57,
    "grossProfit" : 25.47,
    "operatingProfitMargin" : 6.53,
    "operatingProfit" : 8.50,
    "netProfitMargin" : 5.70,
    "netProfit" : 7.42
  }, {
    "date" : "2013-03-31",
    "sales" : 174.97,
    "salesGrowthYoY" : -10.11,
    "grossProfitMargin" : 19.79,
    "grossProfit" : 34.63,
    "operatingProfitMargin" : 9.56,
    "operatingProfit" : 16.73,
    "netProfitMargin" : 8.53,
    "netProfit" : 14.92
  }, {
    "date" : "2013-06-30",
    "sales" : 92.91,
    "salesGrowthYoY" : -6.72,
    "grossProfitMargin" : 20.93,
    "grossProfit" : 19.45,
    "operatingProfitMargin" : 3.78,
    "operatingProfit" : 3.51,
    "netProfitMargin" : 8.58,
    "netProfit" : 7.97
  }, {
    "date" : "2013-09-30",
    "sales" : 98.00,
    "salesGrowthYoY" : -11.55,
    "grossProfitMargin" : 16.82,
    "grossProfit" : 16.48,
    "operatingProfitMargin" : 1.43,
    "operatingProfit" : 1.40,
    "netProfitMargin" : 4.05,
    "netProfit" : 3.97
  }, {
    "date" : "2013-12-31",
    "sales" : 109.38,
    "salesGrowthYoY" : -15.95,
    "grossProfitMargin" : 16.75,
    "grossProfit" : 18.32,
    "operatingProfitMargin" : 2.19,
    "operatingProfit" : 2.40,
    "netProfitMargin" : 4.42,
    "netProfit" : 4.83
  }, {
    "date" : "2014-03-31",
    "sales" : 144.49,
    "salesGrowthYoY" : -17.42,
    "grossProfitMargin" : 16.28,
    "grossProfit" : 23.52,
    "operatingProfitMargin" : 5.31,
    "operatingProfit" : 7.67,
    "netProfitMargin" : 6.59,
    "netProfit" : 9.52
  }, {
    "date" : "2014-06-30",
    "sales" : 83.35,
    "salesGrowthYoY" : -10.29,
    "grossProfitMargin" : 22.98,
    "grossProfit" : 19.15,
    "operatingProfitMargin" : 4.90,
    "operatingProfit" : 4.08,
    "netProfitMargin" : 8.07,
    "netProfit" : 6.73
  }, {
    "date" : "2014-09-30",
    "sales" : 134.46,
    "salesGrowthYoY" : 37.20,
    "grossProfitMargin" : 14.06,
    "grossProfit" : 18.91,
    "operatingProfitMargin" : 1.89,
    "operatingProfit" : 2.54,
    "netProfitMargin" : 3.64,
    "netProfit" : 4.89
  }, {
    "date" : "2014-12-31",
    "sales" : 129.13,
    "salesGrowthYoY" : 18.06,
    "grossProfitMargin" : 17.83,
    "grossProfit" : 23.02,
    "operatingProfitMargin" : 3.39,
    "operatingProfit" : 4.38,
    "netProfitMargin" : 3.57,
    "netProfit" : 4.61
  }, {
    "date" : "2015-03-31",
    "sales" : 169.95,
    "salesGrowthYoY" : 17.62,
    "grossProfitMargin" : 17.81,
    "grossProfit" : 30.27,
    "operatingProfitMargin" : 5.15,
    "operatingProfit" : 8.75,
    "netProfitMargin" : 7.17,
    "netProfit" : 12.19
  }, {
    "date" : "2015-06-30",
    "sales" : 87.11,
    "salesGrowthYoY" : 4.51,
    "grossProfitMargin" : 19.91,
    "grossProfit" : 17.34,
    "operatingProfitMargin" : 2.84,
    "operatingProfit" : 2.47,
    "netProfitMargin" : 7.38,
    "netProfit" : 6.43
  }, {
    "date" : "2015-09-30",
    "sales" : 132.77,
    "salesGrowthYoY" : -1.26,
    "grossProfitMargin" : 18.02,
    "grossProfit" : 23.93,
    "operatingProfitMargin" : 4.14,
    "operatingProfit" : 5.50,
    "netProfitMargin" : 5.11,
    "netProfit" : 6.78
  }, {
    "date" : "2015-12-31",
    "sales" : 139.53,
    "salesGrowthYoY" : 8.05,
    "grossProfitMargin" : 21.35,
    "grossProfit" : 29.79,
    "operatingProfitMargin" : 7.99,
    "operatingProfit" : 11.15,
    "netProfitMargin" : 8.28,
    "netProfit" : 11.55
  }, {
    "date" : "2016-03-31",
    "sales" : 203.90,
    "salesGrowthYoY" : 19.98,
    "grossProfitMargin" : 24.00,
    "grossProfit" : 48.94,
    "operatingProfitMargin" : 8.97,
    "operatingProfit" : 18.29,
    "netProfitMargin" : 9.42,
    "netProfit" : 19.21
  }, {
    "date" : "2016-06-30",
    "sales" : 115.10,
    "salesGrowthYoY" : 32.13,
    "grossProfitMargin" : 21.71,
    "grossProfit" : 24.99,
    "operatingProfitMargin" : 6.04,
    "operatingProfit" : 6.95,
    "netProfitMargin" : 9.64,
    "netProfit" : 11.10
  }, {
    "date" : "2016-09-30",
    "sales" : 160.84,
    "salesGrowthYoY" : 21.14,
    "grossProfitMargin" : 20.77,
    "grossProfit" : 33.41,
    "operatingProfitMargin" : 7.31,
    "operatingProfit" : 11.76,
    "netProfitMargin" : 16.61,
    "netProfit" : 26.72
  }, {
    "date" : "2016-12-31",
    "sales" : 105.27,
    "salesGrowthYoY" : -24.55,
    "grossProfitMargin" : 28.25,
    "grossProfit" : 29.74,
    "operatingProfitMargin" : 9.48,
    "operatingProfit" : 9.98,
    "netProfitMargin" : 8.85,
    "netProfit" : 9.32
  }, {
    "date" : "2017-03-31",
    "sales" : 229.73,
    "salesGrowthYoY" : 12.67,
    "grossProfitMargin" : 19.37,
    "grossProfit" : 44.50,
    "operatingProfitMargin" : 13.71,
    "operatingProfit" : 31.50,
    "netProfitMargin" : 10.92,
    "netProfit" : 25.09
  }, {
    "date" : "2017-06-30",
    "sales" : 130.45,
    "salesGrowthYoY" : 13.34,
    "grossProfitMargin" : 23.23,
    "grossProfit" : 30.30,
    "operatingProfitMargin" : 7.39,
    "operatingProfit" : 9.64,
    "netProfitMargin" : 11.12,
    "netProfit" : 14.51
  }, {
    "date" : "2017-09-30",
    "sales" : 128.90,
    "salesGrowthYoY" : -19.86,
    "grossProfitMargin" : 21.82,
    "grossProfit" : 28.13,
    "operatingProfitMargin" : 6.69,
    "operatingProfit" : 8.62,
    "netProfitMargin" : 11.85,
    "netProfit" : 15.27
  }, {
    "date" : "2017-12-31",
    "sales" : 160.10,
    "salesGrowthYoY" : 52.09,
    "grossProfitMargin" : 23.97,
    "grossProfit" : 38.38,
    "operatingProfitMargin" : 11.55,
    "operatingProfit" : 18.49,
    "netProfitMargin" : 14.75,
    "netProfit" : 23.61
  }, {
    "date" : "2018-03-31",
    "sales" : 219.34,
    "salesGrowthYoY" : -4.52,
    "grossProfitMargin" : 22.67,
    "grossProfit" : 49.72,
    "operatingProfitMargin" : 13.69,
    "operatingProfit" : 30.03,
    "netProfitMargin" : 9.16,
    "netProfit" : 20.09
  }, {
    "date" : "2018-06-30",
    "sales" : 165.87,
    "salesGrowthYoY" : 27.15,
    "grossProfitMargin" : 21.37,
    "grossProfit" : 35.45,
    "operatingProfitMargin" : 9.81,
    "operatingProfit" : 16.27,
    "netProfitMargin" : 9.07,
    "netProfit" : 15.04
  }, {
    "date" : "2018-09-30",
    "sales" : 189.01,
    "salesGrowthYoY" : 46.63,
    "grossProfitMargin" : 20.59,
    "grossProfit" : 38.92,
    "operatingProfitMargin" : 10.01,
    "operatingProfit" : 18.92,
    "netProfitMargin" : 8.15,
    "netProfit" : 15.40
  }, {
    "date" : "2018-12-31",
    "sales" : 215.17,
    "salesGrowthYoY" : 34.40,
    "grossProfitMargin" : 21.22,
    "grossProfit" : 45.66,
    "operatingProfitMargin" : 11.21,
    "operatingProfit" : 24.12,
    "netProfitMargin" : 10.33,
    "netProfit" : 22.23
  }, {
    "date" : "2019-03-31",
    "sales" : 258.78,
    "salesGrowthYoY" : 17.98,
    "grossProfitMargin" : 22.90,
    "grossProfit" : 59.26,
    "operatingProfitMargin" : 13.41,
    "operatingProfit" : 34.70,
    "netProfitMargin" : 12.43,
    "netProfit" : 32.17
  }, {
    "date" : "2019-06-30",
    "sales" : 187.32,
    "salesGrowthYoY" : 12.93,
    "grossProfitMargin" : 23.22,
    "grossProfit" : 43.50,
    "operatingProfitMargin" : 11.00,
    "operatingProfit" : 20.61,
    "netProfitMargin" : 9.02,
    "netProfit" : 16.90
  }, {
    "date" : "2019-09-30",
    "sales" : 194.90,
    "salesGrowthYoY" : 3.12,
    "grossProfitMargin" : 22.59,
    "grossProfit" : 44.03,
    "operatingProfitMargin" : 10.71,
    "operatingProfit" : 20.87,
    "netProfitMargin" : 13.29,
    "netProfit" : 25.90
  }, {
    "date" : "2019-12-31",
    "sales" : 251.33,
    "salesGrowthYoY" : 16.81,
    "grossProfitMargin" : 24.00,
    "grossProfit" : 60.32,
    "operatingProfitMargin" : 12.10,
    "operatingProfit" : 30.41,
    "netProfitMargin" : 13.94,
    "netProfit" : 35.04
  }, {
    "date" : "2020-03-31",
    "sales" : 225.03,
    "salesGrowthYoY" : -13.04,
    "grossProfitMargin" : 27.05,
    "grossProfit" : 60.87,
    "operatingProfitMargin" : 16.72,
    "operatingProfit" : 37.63,
    "netProfitMargin" : 5.13,
    "netProfit" : 11.54
  }, {
    "date" : "2020-06-30",
    "sales" : 72.34,
    "salesGrowthYoY" : -61.38,
    "grossProfitMargin" : 26.04,
    "grossProfit" : 18.84,
    "operatingProfitMargin" : 3.97,
    "operatingProfit" : 2.87,
    "netProfitMargin" : 26.67,
    "netProfit" : 19.29
  }, {
    "date" : "2020-09-30",
    "sales" : 160.25,
    "salesGrowthYoY" : -17.78,
    "grossProfitMargin" : 26.68,
    "grossProfit" : 42.75,
    "operatingProfitMargin" : 13.81,
    "operatingProfit" : 22.13,
    "netProfitMargin" : 18.60,
    "netProfit" : 29.81
  }, {
    "date" : "2020-12-31",
    "sales" : 175.75,
    "salesGrowthYoY" : -30.07,
    "grossProfitMargin" : 22.44,
    "grossProfit" : 39.44,
    "operatingProfitMargin" : 10.81,
    "operatingProfit" : 19.00,
    "netProfitMargin" : 18.24,
    "netProfit" : 32.06
  }, {
    "date" : "2021-03-31",
    "sales" : 283.97,
    "salesGrowthYoY" : 26.19,
    "grossProfitMargin" : 21.84,
    "grossProfit" : 62.02,
    "operatingProfitMargin" : 11.64,
    "operatingProfit" : 33.05,
    "netProfitMargin" : 10.94,
    "netProfit" : 31.07
  }, {
    "date" : "2021-06-30",
    "sales" : 161.86,
    "salesGrowthYoY" : 123.75,
    "grossProfitMargin" : 18.08,
    "grossProfit" : 29.26,
    "operatingProfitMargin" : 4.10,
    "operatingProfit" : 6.64,
    "netProfitMargin" : 9.76,
    "netProfit" : 15.80
  }, {
    "date" : "2021-09-30",
    "sales" : 263.20,
    "salesGrowthYoY" : 64.24,
    "grossProfitMargin" : 21.44,
    "grossProfit" : 56.43,
    "operatingProfitMargin" : 11.87,
    "operatingProfit" : 31.24,
    "netProfitMargin" : 13.33,
    "netProfit" : 35.08
  }, {
    "date" : "2021-12-31",
    "sales" : 314.95,
    "salesGrowthYoY" : 79.20,
    "grossProfitMargin" : 21.27,
    "grossProfit" : 66.99,
    "operatingProfitMargin" : 10.92,
    "operatingProfit" : 34.39,
    "netProfitMargin" : 9.56,
    "netProfit" : 30.11
  }, {
    "date" : "2022-03-31",
    "sales" : 387.20,
    "salesGrowthYoY" : 36.35,
    "grossProfitMargin" : 25.11,
    "grossProfit" : 97.23,
    "operatingProfitMargin" : 17.23,
    "operatingProfit" : 66.71,
    "netProfitMargin" : 13.39,
    "netProfit" : 51.85
  }, {
    "date" : "2022-06-30",
    "sales" : 270.14,
    "salesGrowthYoY" : 66.90,
    "grossProfitMargin" : 24.22,
    "grossProfit" : 65.43,
    "operatingProfitMargin" : 13.43,
    "operatingProfit" : 36.28,
    "netProfitMargin" : 9.88,
    "netProfit" : 26.69
  }, {
    "date" : "2022-09-30",
    "sales" : 317.63,
    "salesGrowthYoY" : 20.68,
    "grossProfitMargin" : 23.77,
    "grossProfit" : 75.50,
    "operatingProfitMargin" : 14.60,
    "operatingProfit" : 46.37,
    "netProfitMargin" : 14.46,
    "netProfit" : 45.93
  }, {
    "date" : "2022-12-31",
    "sales" : 357.47,
    "salesGrowthYoY" : 13.50,
    "grossProfitMargin" : 23.93,
    "grossProfit" : 85.54,
    "operatingProfitMargin" : 15.50,
    "operatingProfit" : 55.41,
    "netProfitMargin" : 14.20,
    "netProfit" : 50.76
  }, {
    "date" : "2023-03-31",
    "sales" : 439.86,
    "salesGrowthYoY" : 13.60,
    "grossProfitMargin" : 28.64,
    "grossProfit" : 125.98,
    "operatingProfitMargin" : 21.10,
    "operatingProfit" : 92.81,
    "netProfitMargin" : 17.41,
    "netProfit" : 76.58
  }, {
    "date" : "2023-06-30",
    "sales" : 322.19,
    "salesGrowthYoY" : 19.27,
    "grossProfitMargin" : 26.87,
    "grossProfit" : 86.57,
    "operatingProfitMargin" : 14.89,
    "operatingProfit" : 47.97,
    "netProfitMargin" : 15.76,
    "netProfit" : 50.78
  }, {
    "date" : "2023-09-30",
    "sales" : 381.39,
    "salesGrowthYoY" : 20.07,
    "grossProfitMargin" : 29.32,
    "grossProfit" : 111.82,
    "operatingProfitMargin" : 18.03,
    "operatingProfit" : 68.76,
    "netProfitMargin" : 17.94,
    "netProfit" : 68.42
  }, {
    "date" : "2023-12-31",
    "sales" : 408.48,
    "salesGrowthYoY" : 14.27,
    "grossProfitMargin" : 33.44,
    "grossProfit" : 136.60,
    "operatingProfitMargin" : 25.66,
    "operatingProfit" : 104.82,
    "netProfitMargin" : 23.16,
    "netProfit" : 94.60
  }, {
    "date" : "2024-03-31",
    "sales" : 504.16,
    "salesGrowthYoY" : 14.62,
    "grossProfitMargin" : 29.94,
    "grossProfit" : 150.95,
    "operatingProfitMargin" : 19.98,
    "operatingProfit" : 100.73,
    "netProfitMargin" : 18.55,
    "netProfit" : 93.52
  }, {
    "date" : "2024-06-30",
    "sales" : 428.15,
    "salesGrowthYoY" : 32.89,
    "grossProfitMargin" : 26.95,
    "grossProfit" : 115.39,
    "operatingProfitMargin" : 17.70,
    "operatingProfit" : 75.78,
    "netProfitMargin" : 18.55,
    "netProfit" : 79.42
  }, {
    "date" : "2024-09-30",
    "sales" : 397.74,
    "salesGrowthYoY" : 4.29,
    "grossProfitMargin" : 29.41,
    "grossProfit" : 116.98,
    "operatingProfitMargin" : 18.85,
    "operatingProfit" : 74.97,
    "netProfitMargin" : 19.04,
    "netProfit" : 75.73
  }, {
    "date" : "2024-12-31",
    "sales" : 483.52,
    "salesGrowthYoY" : 18.37,
    "grossProfitMargin" : 29.16,
    "grossProfit" : 140.99,
    "operatingProfitMargin" : 20.49,
    "operatingProfit" : 99.07,
    "netProfitMargin" : 15.18,
    "netProfit" : 73.40
  }, {
    "date" : "2025-03-31",
    "sales" : 624.81,
    "salesGrowthYoY" : 23.93,
    "grossProfitMargin" : 26.87,
    "grossProfit" : 167.89,
    "operatingProfitMargin" : 18.63,
    "operatingProfit" : 116.40,
    "netProfitMargin" : 15.50,
    "netProfit" : 96.85
  }, {
    "date" : "2025-06-30",
    "sales" : 423.58,
    "salesGrowthYoY" : -1.07,
    "grossProfitMargin" : 27.57,
    "grossProfit" : 116.78,
    "operatingProfitMargin" : 17.15,
    "operatingProfit" : 72.64,
    "netProfitMargin" : 18.78,
    "netProfit" : 79.55
  }, {
    "date" : "2025-09-30",
    "sales" : 482.56,
    "salesGrowthYoY" : 21.33,
    "grossProfitMargin" : 29.32,
    "grossProfit" : 141.49,
    "operatingProfitMargin" : 19.39,
    "operatingProfit" : 93.57,
    "netProfitMargin" : 16.34,
    "netProfit" : 78.85
  }, {
    "date" : "2025-12-31",
    "sales" : 630.32,
    "salesGrowthYoY" : 30.36,
    "grossProfitMargin" : 26.09,
    "grossProfit" : 164.45,
    "operatingProfitMargin" : 17.09,
    "operatingProfit" : 107.72,
    "netProfitMargin" : 15.72,
    "netProfit" : 99.09
  } ],
  "latestQuarterlyResult" : {
    "date" : "2025-12-31",
    "sales" : 630.32,
    "salesGrowthYoY" : 30.36,
    "grossProfitMargin" : 26.09,
    "grossProfit" : 164.45,
    "operatingProfitMargin" : 17.09,
    "operatingProfit" : 107.72,
    "netProfitMargin" : 15.72,
    "netProfit" : 99.09
  },
  "companyScore" : {
    "priceHigherThanDma50" : 5.00,
    "priceHigherThanDma100" : 5.00,
    "priceHigherThanDma200" : 0.00,
    "dma50HigherThanDma100" : 0.00,
    "dma50HigherThanDma200" : 0.00,
    "dma100HigherThanDma200" : 0.00,
    "pricePercentageAboveDma50" : 4.71,
    "pricePercentageAboveDma100" : 4.72,
    "pricePercentageAboveDma200" : 5.00,
    "weeklyVolumeHigherThanYearlyVolume" : 5.00,
    "salesGrowthPercentile" : 15.53,
    "operatingProfitMarginPercentile" : 14.00,
    "netProfitMarginPercentile" : 7.62,
    "totalTechnicalScore" : 29.44,
    "totalFundamentalScore" : 37.15,
    "totalScore" : 66.59
  }
}