{
  "metadata" : {
    "screenerCompanyId" : "5313",
    "companyCode" : "VSSL",
    "companyName" : "Vardhman Special",
    "screenerCompanyLink" : "https://www.screener.in/company/VSSL/",
    "screenerTechnicalHistoryLink" : "https://www.screener.in/api/company/5313/chart/?q=Price-DMA50-DMA200-Volume&days=365",
    "screenerQuarterlyResultsLink" : "https://www.screener.in/api/company/5313/chart/?q=GPM-OPM-NPM-Quarter+Sales&days=10000",
    "attributes" : {
      "companyCode" : "VSSL",
      "companyName" : "Vardhman Special",
      "marketCap" : 2653.00,
      "peRatio" : 27.70,
      "description" : "Vardhman Special Steels is engaged in manufacturing of Billets, Steel bars & Rods and Bright Bars of various categories of special and alloy steels."
    },
    "companyScore" : {
      "priceHigherThanDma50" : 0.00,
      "priceHigherThanDma100" : 0.00,
      "priceHigherThanDma200" : 5.00,
      "dma50HigherThanDma100" : 5.00,
      "dma50HigherThanDma200" : 5.00,
      "dma100HigherThanDma200" : 5.00,
      "pricePercentageAboveDma50" : 5.13,
      "pricePercentageAboveDma100" : 5.12,
      "pricePercentageAboveDma200" : 4.92,
      "weeklyVolumeHigherThanYearlyVolume" : 0.00,
      "salesGrowthPercentile" : 3.27,
      "operatingProfitMarginPercentile" : 16.51,
      "netProfitMarginPercentile" : 9.82,
      "totalTechnicalScore" : 35.17,
      "totalFundamentalScore" : 29.60,
      "totalScore" : 64.76
    }
  },
  "attributes" : {
    "companyCode" : "VSSL",
    "companyName" : "Vardhman Special",
    "marketCap" : 2653.00,
    "peRatio" : 27.70,
    "description" : "Vardhman Special Steels is engaged in manufacturing of Billets, Steel bars & Rods and Bright Bars of various categories of special and alloy steels."
  },
  "technicalHistory" : [ {
    "date" : "2025-01-17",
    "price" : 229.64,
    "dma50" : 245.97,
    "dma100" : null,
    "dma200" : 258.31,
    "volume" : 37409.00
  }, {
    "date" : "2025-01-20",
    "price" : 229.27,
    "dma50" : 245.32,
    "dma100" : null,
    "dma200" : 258.03,
    "volume" : 28622.00
  }, {
    "date" : "2025-01-21",
    "price" : 229.02,
    "dma50" : 244.68,
    "dma100" : null,
    "dma200" : 257.74,
    "volume" : 18166.00
  }, {
    "date" : "2025-01-22",
    "price" : 228.36,
    "dma50" : 244.04,
    "dma100" : null,
    "dma200" : 257.44,
    "volume" : 30088.00
  }, {
    "date" : "2025-01-23",
    "price" : 225.14,
    "dma50" : 243.30,
    "dma100" : null,
    "dma200" : 257.12,
    "volume" : 35574.00
  }, {
    "date" : "2025-01-24",
    "price" : 218.25,
    "dma50" : 242.32,
    "dma100" : null,
    "dma200" : 256.74,
    "volume" : 31156.00
  }, {
    "date" : "2025-01-27",
    "price" : 210.06,
    "dma50" : 241.05,
    "dma100" : null,
    "dma200" : 256.27,
    "volume" : 43424.00
  }, {
    "date" : "2025-01-28",
    "price" : 213.83,
    "dma50" : 239.98,
    "dma100" : null,
    "dma200" : 255.85,
    "volume" : 53463.00
  }, {
    "date" : "2025-01-29",
    "price" : 226.19,
    "dma50" : 239.44,
    "dma100" : null,
    "dma200" : 255.55,
    "volume" : 81708.00
  }, {
    "date" : "2025-01-30",
    "price" : 237.06,
    "dma50" : 239.35,
    "dma100" : null,
    "dma200" : 255.37,
    "volume" : 197878.00
  }, {
    "date" : "2025-01-31",
    "price" : 235.79,
    "dma50" : 239.21,
    "dma100" : null,
    "dma200" : 255.18,
    "volume" : 136766.00
  }, {
    "date" : "2025-02-01",
    "price" : 229.94,
    "dma50" : 238.85,
    "dma100" : null,
    "dma200" : 254.92,
    "volume" : 12074.00
  }, {
    "date" : "2025-02-03",
    "price" : 233.64,
    "dma50" : 238.64,
    "dma100" : null,
    "dma200" : 254.71,
    "volume" : 32374.00
  }, {
    "date" : "2025-02-04",
    "price" : 232.64,
    "dma50" : 238.41,
    "dma100" : null,
    "dma200" : 254.49,
    "volume" : 22877.00
  }, {
    "date" : "2025-02-05",
    "price" : 236.57,
    "dma50" : 238.33,
    "dma100" : null,
    "dma200" : 254.31,
    "volume" : 27616.00
  }, {
    "date" : "2025-02-06",
    "price" : 236.51,
    "dma50" : 238.26,
    "dma100" : null,
    "dma200" : 254.14,
    "volume" : 14106.00
  }, {
    "date" : "2025-02-07",
    "price" : 237.38,
    "dma50" : 238.23,
    "dma100" : null,
    "dma200" : 253.97,
    "volume" : 16887.00
  }, {
    "date" : "2025-02-10",
    "price" : 229.73,
    "dma50" : 237.89,
    "dma100" : null,
    "dma200" : 253.73,
    "volume" : 31488.00
  }, {
    "date" : "2025-02-11",
    "price" : 223.45,
    "dma50" : 237.33,
    "dma100" : null,
    "dma200" : 253.43,
    "volume" : 23550.00
  }, {
    "date" : "2025-02-12",
    "price" : 223.50,
    "dma50" : 236.79,
    "dma100" : null,
    "dma200" : 253.13,
    "volume" : 24735.00
  }, {
    "date" : "2025-02-13",
    "price" : 218.09,
    "dma50" : 236.05,
    "dma100" : null,
    "dma200" : 252.78,
    "volume" : 30281.00
  }, {
    "date" : "2025-02-14",
    "price" : 213.25,
    "dma50" : 235.16,
    "dma100" : null,
    "dma200" : 252.39,
    "volume" : 28208.00
  }, {
    "date" : "2025-02-17",
    "price" : 208.90,
    "dma50" : 234.13,
    "dma100" : null,
    "dma200" : 251.96,
    "volume" : 33722.00
  }, {
    "date" : "2025-02-18",
    "price" : 199.52,
    "dma50" : 232.77,
    "dma100" : null,
    "dma200" : 251.43,
    "volume" : 73621.00
  }, {
    "date" : "2025-02-19",
    "price" : 202.22,
    "dma50" : 231.57,
    "dma100" : null,
    "dma200" : 250.94,
    "volume" : 78563.00
  }, {
    "date" : "2025-02-20",
    "price" : 206.81,
    "dma50" : 230.60,
    "dma100" : null,
    "dma200" : 250.50,
    "volume" : 24991.00
  }, {
    "date" : "2025-02-21",
    "price" : 213.19,
    "dma50" : 229.92,
    "dma100" : null,
    "dma200" : 250.13,
    "volume" : 52890.00
  }, {
    "date" : "2025-02-24",
    "price" : 209.97,
    "dma50" : 229.14,
    "dma100" : null,
    "dma200" : 249.73,
    "volume" : 35944.00
  }, {
    "date" : "2025-02-25",
    "price" : 210.69,
    "dma50" : 228.41,
    "dma100" : null,
    "dma200" : 249.35,
    "volume" : 25607.00
  }, {
    "date" : "2025-02-27",
    "price" : 208.60,
    "dma50" : 227.64,
    "dma100" : null,
    "dma200" : 248.94,
    "volume" : 28030.00
  }, {
    "date" : "2025-02-28",
    "price" : 201.88,
    "dma50" : 226.63,
    "dma100" : null,
    "dma200" : 248.47,
    "volume" : 21655.00
  }, {
    "date" : "2025-03-03",
    "price" : 201.03,
    "dma50" : 225.62,
    "dma100" : null,
    "dma200" : 248.00,
    "volume" : 73415.00
  }, {
    "date" : "2025-03-04",
    "price" : 197.63,
    "dma50" : 224.53,
    "dma100" : null,
    "dma200" : 247.50,
    "volume" : 30305.00
  }, {
    "date" : "2025-03-05",
    "price" : 200.11,
    "dma50" : 223.57,
    "dma100" : null,
    "dma200" : 247.03,
    "volume" : 175664.00
  }, {
    "date" : "2025-03-06",
    "price" : 200.07,
    "dma50" : 222.65,
    "dma100" : null,
    "dma200" : 246.56,
    "volume" : 53119.00
  }, {
    "date" : "2025-03-07",
    "price" : 203.13,
    "dma50" : 221.88,
    "dma100" : null,
    "dma200" : 246.13,
    "volume" : 122406.00
  }, {
    "date" : "2025-03-10",
    "price" : 200.60,
    "dma50" : 221.05,
    "dma100" : null,
    "dma200" : 245.67,
    "volume" : 54735.00
  }, {
    "date" : "2025-03-11",
    "price" : 193.75,
    "dma50" : 219.98,
    "dma100" : null,
    "dma200" : 245.16,
    "volume" : 48372.00
  }, {
    "date" : "2025-03-12",
    "price" : 189.12,
    "dma50" : 218.77,
    "dma100" : null,
    "dma200" : 244.60,
    "volume" : 70584.00
  }, {
    "date" : "2025-03-13",
    "price" : 187.48,
    "dma50" : 217.54,
    "dma100" : null,
    "dma200" : 244.03,
    "volume" : 85431.00
  }, {
    "date" : "2025-03-17",
    "price" : 185.07,
    "dma50" : 216.27,
    "dma100" : null,
    "dma200" : 243.45,
    "volume" : 185735.00
  }, {
    "date" : "2025-03-18",
    "price" : 187.07,
    "dma50" : 215.12,
    "dma100" : null,
    "dma200" : 242.88,
    "volume" : 65665.00
  }, {
    "date" : "2025-03-19",
    "price" : 198.82,
    "dma50" : 214.48,
    "dma100" : null,
    "dma200" : 242.45,
    "volume" : 180888.00
  }, {
    "date" : "2025-03-20",
    "price" : 199.62,
    "dma50" : 213.90,
    "dma100" : null,
    "dma200" : 242.02,
    "volume" : 60418.00
  }, {
    "date" : "2025-03-21",
    "price" : 202.41,
    "dma50" : 213.45,
    "dma100" : null,
    "dma200" : 241.63,
    "volume" : 52857.00
  }, {
    "date" : "2025-03-24",
    "price" : 209.07,
    "dma50" : 213.28,
    "dma100" : null,
    "dma200" : 241.30,
    "volume" : 135407.00
  }, {
    "date" : "2025-03-25",
    "price" : 202.89,
    "dma50" : 212.87,
    "dma100" : null,
    "dma200" : 240.92,
    "volume" : 96137.00
  }, {
    "date" : "2025-03-26",
    "price" : 197.46,
    "dma50" : 212.26,
    "dma100" : null,
    "dma200" : 240.49,
    "volume" : 92257.00
  }, {
    "date" : "2025-03-27",
    "price" : 203.24,
    "dma50" : 211.91,
    "dma100" : null,
    "dma200" : 240.12,
    "volume" : 141240.00
  }, {
    "date" : "2025-03-28",
    "price" : 199.91,
    "dma50" : 211.44,
    "dma100" : null,
    "dma200" : 239.72,
    "volume" : 158286.00
  }, {
    "date" : "2025-04-01",
    "price" : 205.78,
    "dma50" : 211.22,
    "dma100" : null,
    "dma200" : 239.38,
    "volume" : 43104.00
  }, {
    "date" : "2025-04-02",
    "price" : 209.76,
    "dma50" : 211.16,
    "dma100" : null,
    "dma200" : 239.08,
    "volume" : 40399.00
  }, {
    "date" : "2025-04-03",
    "price" : 212.38,
    "dma50" : 211.21,
    "dma100" : null,
    "dma200" : 238.82,
    "volume" : 68824.00
  }, {
    "date" : "2025-04-04",
    "price" : 206.99,
    "dma50" : 211.04,
    "dma100" : null,
    "dma200" : 238.50,
    "volume" : 44261.00
  }, {
    "date" : "2025-04-07",
    "price" : 193.09,
    "dma50" : 210.34,
    "dma100" : null,
    "dma200" : 238.05,
    "volume" : 90675.00
  }, {
    "date" : "2025-04-08",
    "price" : 200.33,
    "dma50" : 209.95,
    "dma100" : null,
    "dma200" : 237.67,
    "volume" : 44295.00
  }, {
    "date" : "2025-04-09",
    "price" : 199.50,
    "dma50" : 209.54,
    "dma100" : null,
    "dma200" : 237.29,
    "volume" : 17638.00
  }, {
    "date" : "2025-04-11",
    "price" : 208.79,
    "dma50" : 209.51,
    "dma100" : null,
    "dma200" : 237.01,
    "volume" : 55018.00
  }, {
    "date" : "2025-04-15",
    "price" : 213.25,
    "dma50" : 209.65,
    "dma100" : null,
    "dma200" : 236.77,
    "volume" : 46050.00
  }, {
    "date" : "2025-04-16",
    "price" : 218.23,
    "dma50" : 209.99,
    "dma100" : null,
    "dma200" : 236.59,
    "volume" : 114894.00
  }, {
    "date" : "2025-04-17",
    "price" : 207.89,
    "dma50" : 209.91,
    "dma100" : null,
    "dma200" : 236.30,
    "volume" : 177002.00
  }, {
    "date" : "2025-04-21",
    "price" : 203.26,
    "dma50" : 209.65,
    "dma100" : null,
    "dma200" : 235.98,
    "volume" : 166660.00
  }, {
    "date" : "2025-04-22",
    "price" : 207.45,
    "dma50" : 209.56,
    "dma100" : null,
    "dma200" : 235.69,
    "volume" : 329136.00
  }, {
    "date" : "2025-04-23",
    "price" : 248.94,
    "dma50" : 211.11,
    "dma100" : null,
    "dma200" : 235.82,
    "volume" : 485042.00
  }, {
    "date" : "2025-04-24",
    "price" : 270.55,
    "dma50" : 213.44,
    "dma100" : null,
    "dma200" : 236.17,
    "volume" : 2015178.00
  }, {
    "date" : "2025-04-25",
    "price" : 252.45,
    "dma50" : 214.97,
    "dma100" : null,
    "dma200" : 236.33,
    "volume" : 350445.00
  }, {
    "date" : "2025-04-28",
    "price" : 250.36,
    "dma50" : 216.35,
    "dma100" : null,
    "dma200" : 236.47,
    "volume" : 205927.00
  }, {
    "date" : "2025-04-29",
    "price" : 248.39,
    "dma50" : 217.61,
    "dma100" : null,
    "dma200" : 236.59,
    "volume" : 117187.00
  }, {
    "date" : "2025-04-30",
    "price" : 240.87,
    "dma50" : 218.52,
    "dma100" : null,
    "dma200" : 236.63,
    "volume" : 79657.00
  }, {
    "date" : "2025-05-02",
    "price" : 238.04,
    "dma50" : 219.29,
    "dma100" : null,
    "dma200" : 236.65,
    "volume" : 40995.00
  }, {
    "date" : "2025-05-05",
    "price" : 234.04,
    "dma50" : 219.87,
    "dma100" : null,
    "dma200" : 236.62,
    "volume" : 64791.00
  }, {
    "date" : "2025-05-06",
    "price" : 232.38,
    "dma50" : 220.36,
    "dma100" : null,
    "dma200" : 236.58,
    "volume" : 105129.00
  }, {
    "date" : "2025-05-07",
    "price" : 242.00,
    "dma50" : 221.21,
    "dma100" : null,
    "dma200" : 236.63,
    "volume" : 151816.00
  }, {
    "date" : "2025-05-08",
    "price" : 240.89,
    "dma50" : 221.98,
    "dma100" : null,
    "dma200" : 236.67,
    "volume" : 70266.00
  }, {
    "date" : "2025-05-09",
    "price" : 234.14,
    "dma50" : 222.46,
    "dma100" : null,
    "dma200" : 236.65,
    "volume" : 33530.00
  }, {
    "date" : "2025-05-12",
    "price" : 244.56,
    "dma50" : 223.32,
    "dma100" : null,
    "dma200" : 236.73,
    "volume" : 58941.00
  }, {
    "date" : "2025-05-13",
    "price" : 245.78,
    "dma50" : 224.20,
    "dma100" : null,
    "dma200" : 236.82,
    "volume" : 35481.00
  }, {
    "date" : "2025-05-14",
    "price" : 258.58,
    "dma50" : 225.55,
    "dma100" : null,
    "dma200" : 237.03,
    "volume" : 257455.00
  }, {
    "date" : "2025-05-15",
    "price" : 251.79,
    "dma50" : 226.58,
    "dma100" : null,
    "dma200" : 237.18,
    "volume" : 108275.00
  }, {
    "date" : "2025-05-16",
    "price" : 257.95,
    "dma50" : 227.81,
    "dma100" : null,
    "dma200" : 237.39,
    "volume" : 210089.00
  }, {
    "date" : "2025-05-19",
    "price" : 266.81,
    "dma50" : 229.34,
    "dma100" : null,
    "dma200" : 237.68,
    "volume" : 406275.00
  }, {
    "date" : "2025-05-20",
    "price" : 258.57,
    "dma50" : 230.49,
    "dma100" : null,
    "dma200" : 237.89,
    "volume" : 88695.00
  }, {
    "date" : "2025-05-21",
    "price" : 259.08,
    "dma50" : 231.61,
    "dma100" : null,
    "dma200" : 238.10,
    "volume" : 36580.00
  }, {
    "date" : "2025-05-22",
    "price" : 263.84,
    "dma50" : 232.87,
    "dma100" : null,
    "dma200" : 238.36,
    "volume" : 148358.00
  }, {
    "date" : "2025-05-23",
    "price" : 265.95,
    "dma50" : 234.17,
    "dma100" : null,
    "dma200" : 238.63,
    "volume" : 68376.00
  }, {
    "date" : "2025-05-26",
    "price" : 271.42,
    "dma50" : 235.63,
    "dma100" : null,
    "dma200" : 238.96,
    "volume" : 233242.00
  }, {
    "date" : "2025-05-27",
    "price" : 272.08,
    "dma50" : 237.06,
    "dma100" : null,
    "dma200" : 239.29,
    "volume" : 95609.00
  }, {
    "date" : "2025-05-28",
    "price" : 270.99,
    "dma50" : 238.39,
    "dma100" : null,
    "dma200" : 239.60,
    "volume" : 98467.00
  }, {
    "date" : "2025-05-29",
    "price" : 274.87,
    "dma50" : 239.82,
    "dma100" : null,
    "dma200" : 239.95,
    "volume" : 86852.00
  }, {
    "date" : "2025-05-30",
    "price" : 287.56,
    "dma50" : 241.69,
    "dma100" : null,
    "dma200" : 240.43,
    "volume" : 352373.00
  }, {
    "date" : "2025-06-02",
    "price" : 272.00,
    "dma50" : 242.88,
    "dma100" : null,
    "dma200" : 240.74,
    "volume" : 147903.00
  }, {
    "date" : "2025-06-03",
    "price" : 267.05,
    "dma50" : 243.83,
    "dma100" : null,
    "dma200" : 241.00,
    "volume" : 56852.00
  }, {
    "date" : "2025-06-04",
    "price" : 269.40,
    "dma50" : 244.83,
    "dma100" : null,
    "dma200" : 241.28,
    "volume" : 158938.00
  }, {
    "date" : "2025-06-05",
    "price" : 263.30,
    "dma50" : 245.56,
    "dma100" : null,
    "dma200" : 241.50,
    "volume" : 89974.00
  }, {
    "date" : "2025-06-06",
    "price" : 263.45,
    "dma50" : 246.26,
    "dma100" : null,
    "dma200" : 241.72,
    "volume" : 29296.00
  }, {
    "date" : "2025-06-09",
    "price" : 263.35,
    "dma50" : 246.93,
    "dma100" : null,
    "dma200" : 241.94,
    "volume" : 58024.00
  }, {
    "date" : "2025-06-10",
    "price" : 264.45,
    "dma50" : 247.61,
    "dma100" : null,
    "dma200" : 242.16,
    "volume" : 75109.00
  }, {
    "date" : "2025-06-11",
    "price" : 263.80,
    "dma50" : 248.25,
    "dma100" : null,
    "dma200" : 242.38,
    "volume" : 31427.00
  }, {
    "date" : "2025-06-12",
    "price" : 259.35,
    "dma50" : 248.68,
    "dma100" : null,
    "dma200" : 242.55,
    "volume" : 30245.00
  }, {
    "date" : "2025-06-13",
    "price" : 255.20,
    "dma50" : 248.94,
    "dma100" : null,
    "dma200" : 242.67,
    "volume" : 72263.00
  }, {
    "date" : "2025-06-16",
    "price" : 254.05,
    "dma50" : 249.14,
    "dma100" : 228.53,
    "dma200" : 242.78,
    "volume" : 72925.00
  }, {
    "date" : "2025-06-17",
    "price" : 250.75,
    "dma50" : 249.20,
    "dma100" : 228.74,
    "dma200" : 242.86,
    "volume" : 56042.00
  }, {
    "date" : "2025-06-18",
    "price" : 249.40,
    "dma50" : 249.21,
    "dma100" : 228.95,
    "dma200" : 242.93,
    "volume" : 57648.00
  }, {
    "date" : "2025-06-19",
    "price" : 246.35,
    "dma50" : 249.10,
    "dma100" : 229.13,
    "dma200" : 242.96,
    "volume" : 34102.00
  }, {
    "date" : "2025-06-20",
    "price" : 251.40,
    "dma50" : 249.19,
    "dma100" : 229.39,
    "dma200" : 243.05,
    "volume" : 55092.00
  }, {
    "date" : "2025-06-23",
    "price" : 246.60,
    "dma50" : 249.09,
    "dma100" : 229.67,
    "dma200" : 243.08,
    "volume" : 40581.00
  }, {
    "date" : "2025-06-24",
    "price" : 243.90,
    "dma50" : 248.88,
    "dma100" : 230.01,
    "dma200" : 243.09,
    "volume" : 41773.00
  }, {
    "date" : "2025-06-25",
    "price" : 267.15,
    "dma50" : 249.60,
    "dma100" : 230.55,
    "dma200" : 243.33,
    "volume" : 669793.00
  }, {
    "date" : "2025-06-26",
    "price" : 270.80,
    "dma50" : 250.43,
    "dma100" : 230.99,
    "dma200" : 243.60,
    "volume" : 293533.00
  }, {
    "date" : "2025-06-27",
    "price" : 263.60,
    "dma50" : 250.95,
    "dma100" : 231.26,
    "dma200" : 243.80,
    "volume" : 93786.00
  }, {
    "date" : "2025-06-30",
    "price" : 262.00,
    "dma50" : 251.38,
    "dma100" : 231.52,
    "dma200" : 243.98,
    "volume" : 46641.00
  }, {
    "date" : "2025-07-01",
    "price" : 263.45,
    "dma50" : 251.86,
    "dma100" : 231.85,
    "dma200" : 244.18,
    "volume" : 53040.00
  }, {
    "date" : "2025-07-02",
    "price" : 256.75,
    "dma50" : 252.05,
    "dma100" : 232.09,
    "dma200" : 244.30,
    "volume" : 208741.00
  }, {
    "date" : "2025-07-03",
    "price" : 260.25,
    "dma50" : 252.37,
    "dma100" : 232.36,
    "dma200" : 244.46,
    "volume" : 52729.00
  }, {
    "date" : "2025-07-04",
    "price" : 257.35,
    "dma50" : 252.56,
    "dma100" : 232.57,
    "dma200" : 244.59,
    "volume" : 43294.00
  }, {
    "date" : "2025-07-07",
    "price" : 253.60,
    "dma50" : 252.60,
    "dma100" : 232.74,
    "dma200" : 244.68,
    "volume" : 50957.00
  }, {
    "date" : "2025-07-08",
    "price" : 255.70,
    "dma50" : 252.73,
    "dma100" : 232.92,
    "dma200" : 244.79,
    "volume" : 53146.00
  }, {
    "date" : "2025-07-09",
    "price" : 254.50,
    "dma50" : 252.80,
    "dma100" : 233.17,
    "dma200" : 244.88,
    "volume" : 25956.00
  }, {
    "date" : "2025-07-10",
    "price" : 261.55,
    "dma50" : 253.14,
    "dma100" : 233.55,
    "dma200" : 245.05,
    "volume" : 89106.00
  }, {
    "date" : "2025-07-11",
    "price" : 262.80,
    "dma50" : 253.52,
    "dma100" : 233.94,
    "dma200" : 245.23,
    "volume" : 81029.00
  }, {
    "date" : "2025-07-14",
    "price" : 259.05,
    "dma50" : 253.73,
    "dma100" : 234.35,
    "dma200" : 245.36,
    "volume" : 23676.00
  }, {
    "date" : "2025-07-15",
    "price" : 261.05,
    "dma50" : 254.02,
    "dma100" : 234.83,
    "dma200" : 245.52,
    "volume" : 26703.00
  }, {
    "date" : "2025-07-16",
    "price" : 265.25,
    "dma50" : 254.46,
    "dma100" : 235.40,
    "dma200" : 245.72,
    "volume" : 47881.00
  }, {
    "date" : "2025-07-17",
    "price" : 259.90,
    "dma50" : 254.68,
    "dma100" : 236.00,
    "dma200" : 245.86,
    "volume" : 44260.00
  }, {
    "date" : "2025-07-18",
    "price" : 257.05,
    "dma50" : 254.77,
    "dma100" : 236.55,
    "dma200" : 245.97,
    "volume" : 23397.00
  }, {
    "date" : "2025-07-21",
    "price" : 258.95,
    "dma50" : 254.93,
    "dma100" : 237.07,
    "dma200" : 246.10,
    "volume" : 47307.00
  }, {
    "date" : "2025-07-22",
    "price" : 261.50,
    "dma50" : 255.19,
    "dma100" : 237.55,
    "dma200" : 246.25,
    "volume" : 85512.00
  }, {
    "date" : "2025-07-23",
    "price" : 264.95,
    "dma50" : 255.57,
    "dma100" : 238.10,
    "dma200" : 246.44,
    "volume" : 49336.00
  }, {
    "date" : "2025-07-24",
    "price" : 270.45,
    "dma50" : 256.16,
    "dma100" : 238.70,
    "dma200" : 246.68,
    "volume" : 301466.00
  }, {
    "date" : "2025-07-25",
    "price" : 258.00,
    "dma50" : 256.23,
    "dma100" : 239.19,
    "dma200" : 246.79,
    "volume" : 241783.00
  }, {
    "date" : "2025-07-28",
    "price" : 250.05,
    "dma50" : 255.99,
    "dma100" : 239.68,
    "dma200" : 246.82,
    "volume" : 148896.00
  }, {
    "date" : "2025-07-29",
    "price" : 264.65,
    "dma50" : 256.33,
    "dma100" : 240.31,
    "dma200" : 247.00,
    "volume" : 255327.00
  }, {
    "date" : "2025-07-30",
    "price" : 268.05,
    "dma50" : 256.79,
    "dma100" : 241.02,
    "dma200" : 247.21,
    "volume" : 119023.00
  }, {
    "date" : "2025-07-31",
    "price" : 269.60,
    "dma50" : 257.29,
    "dma100" : 241.71,
    "dma200" : 247.43,
    "volume" : 92358.00
  }, {
    "date" : "2025-08-01",
    "price" : 258.50,
    "dma50" : 257.34,
    "dma100" : 242.30,
    "dma200" : 247.54,
    "volume" : 57295.00
  }, {
    "date" : "2025-08-04",
    "price" : 266.45,
    "dma50" : 257.69,
    "dma100" : 242.93,
    "dma200" : 247.73,
    "volume" : 48325.00
  }, {
    "date" : "2025-08-05",
    "price" : 267.40,
    "dma50" : 258.07,
    "dma100" : 243.60,
    "dma200" : 247.93,
    "volume" : 31430.00
  }, {
    "date" : "2025-08-06",
    "price" : 260.40,
    "dma50" : 258.17,
    "dma100" : 244.26,
    "dma200" : 248.05,
    "volume" : 22490.00
  }, {
    "date" : "2025-08-07",
    "price" : 262.45,
    "dma50" : 258.33,
    "dma100" : 245.00,
    "dma200" : 248.19,
    "volume" : 34820.00
  }, {
    "date" : "2025-08-08",
    "price" : 254.80,
    "dma50" : 258.19,
    "dma100" : 245.67,
    "dma200" : 248.26,
    "volume" : 31115.00
  }, {
    "date" : "2025-08-11",
    "price" : 254.85,
    "dma50" : 258.06,
    "dma100" : 246.37,
    "dma200" : 248.32,
    "volume" : 31860.00
  }, {
    "date" : "2025-08-12",
    "price" : 253.15,
    "dma50" : 257.87,
    "dma100" : 247.03,
    "dma200" : 248.37,
    "volume" : 23467.00
  }, {
    "date" : "2025-08-13",
    "price" : 253.85,
    "dma50" : 257.71,
    "dma100" : 247.58,
    "dma200" : 248.43,
    "volume" : 23112.00
  }, {
    "date" : "2025-08-14",
    "price" : 255.25,
    "dma50" : 257.62,
    "dma100" : 248.13,
    "dma200" : 248.49,
    "volume" : 35875.00
  }, {
    "date" : "2025-08-18",
    "price" : 253.05,
    "dma50" : 257.44,
    "dma100" : 248.64,
    "dma200" : 248.54,
    "volume" : 51508.00
  }, {
    "date" : "2025-08-19",
    "price" : 255.35,
    "dma50" : 257.36,
    "dma100" : 249.10,
    "dma200" : 248.61,
    "volume" : 43857.00
  }, {
    "date" : "2025-08-20",
    "price" : 257.85,
    "dma50" : 257.37,
    "dma100" : 249.65,
    "dma200" : 248.70,
    "volume" : 23871.00
  }, {
    "date" : "2025-08-21",
    "price" : 253.45,
    "dma50" : 257.22,
    "dma100" : 250.21,
    "dma200" : 248.75,
    "volume" : 39395.00
  }, {
    "date" : "2025-08-22",
    "price" : 255.65,
    "dma50" : 257.16,
    "dma100" : 250.74,
    "dma200" : 248.82,
    "volume" : 35322.00
  }, {
    "date" : "2025-08-25",
    "price" : 254.05,
    "dma50" : 257.04,
    "dma100" : 251.28,
    "dma200" : 248.87,
    "volume" : 19644.00
  }, {
    "date" : "2025-08-26",
    "price" : 248.55,
    "dma50" : 256.70,
    "dma100" : 251.71,
    "dma200" : 248.86,
    "volume" : 33804.00
  }, {
    "date" : "2025-08-28",
    "price" : 248.15,
    "dma50" : 256.37,
    "dma100" : 252.09,
    "dma200" : 248.86,
    "volume" : 56360.00
  }, {
    "date" : "2025-08-29",
    "price" : 253.35,
    "dma50" : 256.25,
    "dma100" : 252.50,
    "dma200" : 248.90,
    "volume" : 57655.00
  }, {
    "date" : "2025-09-01",
    "price" : 255.55,
    "dma50" : 256.22,
    "dma100" : 252.99,
    "dma200" : 248.97,
    "volume" : 40721.00
  }, {
    "date" : "2025-09-02",
    "price" : 258.35,
    "dma50" : 256.31,
    "dma100" : 253.64,
    "dma200" : 249.06,
    "volume" : 31959.00
  }, {
    "date" : "2025-09-03",
    "price" : 265.60,
    "dma50" : 256.67,
    "dma100" : 254.29,
    "dma200" : 249.23,
    "volume" : 79288.00
  }, {
    "date" : "2025-09-04",
    "price" : 268.40,
    "dma50" : 257.13,
    "dma100" : 254.98,
    "dma200" : 249.42,
    "volume" : 57682.00
  }, {
    "date" : "2025-09-05",
    "price" : 260.15,
    "dma50" : 257.25,
    "dma100" : 255.49,
    "dma200" : 249.52,
    "volume" : 52514.00
  }, {
    "date" : "2025-09-08",
    "price" : 266.75,
    "dma50" : 257.62,
    "dma100" : 256.03,
    "dma200" : 249.70,
    "volume" : 40123.00
  }, {
    "date" : "2025-09-09",
    "price" : 271.60,
    "dma50" : 258.17,
    "dma100" : 256.56,
    "dma200" : 249.91,
    "volume" : 50234.00
  }, {
    "date" : "2025-09-10",
    "price" : 267.50,
    "dma50" : 258.54,
    "dma100" : 257.16,
    "dma200" : 250.09,
    "volume" : 135787.00
  }, {
    "date" : "2025-09-11",
    "price" : 274.45,
    "dma50" : 259.16,
    "dma100" : 257.87,
    "dma200" : 250.33,
    "volume" : 53043.00
  }, {
    "date" : "2025-09-12",
    "price" : 274.80,
    "dma50" : 259.77,
    "dma100" : 258.54,
    "dma200" : 250.57,
    "volume" : 54438.00
  }, {
    "date" : "2025-09-15",
    "price" : 277.65,
    "dma50" : 260.47,
    "dma100" : 258.83,
    "dma200" : 250.84,
    "volume" : 109550.00
  }, {
    "date" : "2025-09-16",
    "price" : 275.45,
    "dma50" : 261.06,
    "dma100" : 258.88,
    "dma200" : 251.09,
    "volume" : 67741.00
  }, {
    "date" : "2025-09-17",
    "price" : 270.90,
    "dma50" : 261.45,
    "dma100" : 259.06,
    "dma200" : 251.29,
    "volume" : 53701.00
  }, {
    "date" : "2025-09-18",
    "price" : 268.85,
    "dma50" : 261.74,
    "dma100" : 259.25,
    "dma200" : 251.46,
    "volume" : 39733.00
  }, {
    "date" : "2025-09-19",
    "price" : 272.60,
    "dma50" : 262.16,
    "dma100" : 259.49,
    "dma200" : 251.67,
    "volume" : 457009.00
  }, {
    "date" : "2025-09-22",
    "price" : 274.65,
    "dma50" : 262.65,
    "dma100" : 259.83,
    "dma200" : 251.90,
    "volume" : 88233.00
  }, {
    "date" : "2025-09-23",
    "price" : 275.55,
    "dma50" : 263.16,
    "dma100" : 260.20,
    "dma200" : 252.13,
    "volume" : 34022.00
  }, {
    "date" : "2025-09-24",
    "price" : 273.70,
    "dma50" : 263.57,
    "dma100" : 260.60,
    "dma200" : 252.35,
    "volume" : 22263.00
  }, {
    "date" : "2025-09-25",
    "price" : 268.40,
    "dma50" : 263.76,
    "dma100" : 260.96,
    "dma200" : 252.51,
    "volume" : 39517.00
  }, {
    "date" : "2025-09-26",
    "price" : 268.65,
    "dma50" : 263.95,
    "dma100" : 261.23,
    "dma200" : 252.67,
    "volume" : 60943.00
  }, {
    "date" : "2025-09-29",
    "price" : 283.35,
    "dma50" : 264.71,
    "dma100" : 261.65,
    "dma200" : 252.97,
    "volume" : 763735.00
  }, {
    "date" : "2025-09-30",
    "price" : 295.90,
    "dma50" : 265.94,
    "dma100" : 262.27,
    "dma200" : 253.40,
    "volume" : 582313.00
  }, {
    "date" : "2025-10-01",
    "price" : 295.85,
    "dma50" : 267.11,
    "dma100" : 262.78,
    "dma200" : 253.82,
    "volume" : 455789.00
  }, {
    "date" : "2025-10-03",
    "price" : 293.80,
    "dma50" : 268.16,
    "dma100" : 263.26,
    "dma200" : 254.22,
    "volume" : 145328.00
  }, {
    "date" : "2025-10-06",
    "price" : 293.90,
    "dma50" : 269.17,
    "dma100" : 263.62,
    "dma200" : 254.62,
    "volume" : 103714.00
  }, {
    "date" : "2025-10-07",
    "price" : 292.45,
    "dma50" : 270.08,
    "dma100" : 264.02,
    "dma200" : 254.99,
    "volume" : 110528.00
  }, {
    "date" : "2025-10-08",
    "price" : 289.45,
    "dma50" : 270.84,
    "dma100" : 264.34,
    "dma200" : 255.34,
    "volume" : 75570.00
  }, {
    "date" : "2025-10-09",
    "price" : 291.40,
    "dma50" : 271.65,
    "dma100" : 264.58,
    "dma200" : 255.70,
    "volume" : 142851.00
  }, {
    "date" : "2025-10-10",
    "price" : 292.20,
    "dma50" : 272.45,
    "dma100" : 264.92,
    "dma200" : 256.06,
    "volume" : 121612.00
  }, {
    "date" : "2025-10-13",
    "price" : 281.65,
    "dma50" : 272.81,
    "dma100" : 265.15,
    "dma200" : 256.31,
    "volume" : 110449.00
  }, {
    "date" : "2025-10-14",
    "price" : 277.15,
    "dma50" : 272.98,
    "dma100" : 265.28,
    "dma200" : 256.52,
    "volume" : 49513.00
  }, {
    "date" : "2025-10-15",
    "price" : 272.85,
    "dma50" : 272.98,
    "dma100" : 265.35,
    "dma200" : 256.68,
    "volume" : 118056.00
  }, {
    "date" : "2025-10-16",
    "price" : 278.65,
    "dma50" : 273.20,
    "dma100" : 265.42,
    "dma200" : 256.90,
    "volume" : 35195.00
  }, {
    "date" : "2025-10-17",
    "price" : 277.95,
    "dma50" : 273.39,
    "dma100" : 265.48,
    "dma200" : 257.11,
    "volume" : 38547.00
  }, {
    "date" : "2025-10-20",
    "price" : 278.85,
    "dma50" : 273.60,
    "dma100" : 265.56,
    "dma200" : 257.33,
    "volume" : 28198.00
  }, {
    "date" : "2025-10-21",
    "price" : 296.45,
    "dma50" : 274.50,
    "dma100" : 265.77,
    "dma200" : 257.72,
    "volume" : 2084265.00
  }, {
    "date" : "2025-10-23",
    "price" : 304.05,
    "dma50" : 275.66,
    "dma100" : 265.94,
    "dma200" : 258.18,
    "volume" : 975125.00
  }, {
    "date" : "2025-10-24",
    "price" : 301.70,
    "dma50" : 276.68,
    "dma100" : 266.24,
    "dma200" : 258.61,
    "volume" : 164121.00
  }, {
    "date" : "2025-10-27",
    "price" : 314.95,
    "dma50" : 278.18,
    "dma100" : 266.71,
    "dma200" : 259.17,
    "volume" : 1230901.00
  }, {
    "date" : "2025-10-28",
    "price" : 299.85,
    "dma50" : 279.03,
    "dma100" : 267.02,
    "dma200" : 259.58,
    "volume" : 747366.00
  }, {
    "date" : "2025-10-29",
    "price" : 295.65,
    "dma50" : 279.68,
    "dma100" : 267.34,
    "dma200" : 259.93,
    "volume" : 280062.00
  }, {
    "date" : "2025-10-30",
    "price" : 293.30,
    "dma50" : 280.21,
    "dma100" : 267.64,
    "dma200" : 260.27,
    "volume" : 154318.00
  }, {
    "date" : "2025-10-31",
    "price" : 286.65,
    "dma50" : 280.47,
    "dma100" : 267.87,
    "dma200" : 260.53,
    "volume" : 101553.00
  }, {
    "date" : "2025-11-03",
    "price" : 293.10,
    "dma50" : 280.96,
    "dma100" : 268.16,
    "dma200" : 260.85,
    "volume" : 133189.00
  }, {
    "date" : "2025-11-04",
    "price" : 295.35,
    "dma50" : 281.53,
    "dma100" : 268.48,
    "dma200" : 261.20,
    "volume" : 167214.00
  }, {
    "date" : "2025-11-06",
    "price" : 285.25,
    "dma50" : 281.67,
    "dma100" : 268.73,
    "dma200" : 261.44,
    "volume" : 143230.00
  }, {
    "date" : "2025-11-07",
    "price" : 296.20,
    "dma50" : 282.24,
    "dma100" : 269.14,
    "dma200" : 261.78,
    "volume" : 112299.00
  }, {
    "date" : "2025-11-10",
    "price" : 296.95,
    "dma50" : 282.82,
    "dma100" : 269.57,
    "dma200" : 262.13,
    "volume" : 171443.00
  }, {
    "date" : "2025-11-11",
    "price" : 292.05,
    "dma50" : 283.18,
    "dma100" : 269.99,
    "dma200" : 262.43,
    "volume" : 46484.00
  }, {
    "date" : "2025-11-12",
    "price" : 285.70,
    "dma50" : 283.28,
    "dma100" : 270.35,
    "dma200" : 262.66,
    "volume" : 105409.00
  }, {
    "date" : "2025-11-13",
    "price" : 284.65,
    "dma50" : 283.33,
    "dma100" : 270.73,
    "dma200" : 262.88,
    "volume" : 67750.00
  }, {
    "date" : "2025-11-14",
    "price" : 280.70,
    "dma50" : 283.23,
    "dma100" : 271.03,
    "dma200" : 263.06,
    "volume" : 84592.00
  }, {
    "date" : "2025-11-17",
    "price" : 278.05,
    "dma50" : 283.03,
    "dma100" : 271.34,
    "dma200" : 263.21,
    "volume" : 51473.00
  }, {
    "date" : "2025-11-18",
    "price" : 276.05,
    "dma50" : 282.75,
    "dma100" : 271.66,
    "dma200" : 263.33,
    "volume" : 59829.00
  }, {
    "date" : "2025-11-19",
    "price" : 277.65,
    "dma50" : 282.55,
    "dma100" : 271.77,
    "dma200" : 263.48,
    "volume" : 69034.00
  }, {
    "date" : "2025-11-20",
    "price" : 285.85,
    "dma50" : 282.68,
    "dma100" : 271.92,
    "dma200" : 263.70,
    "volume" : 71965.00
  }, {
    "date" : "2025-11-21",
    "price" : 280.55,
    "dma50" : 282.60,
    "dma100" : 272.09,
    "dma200" : 263.87,
    "volume" : 43850.00
  }, {
    "date" : "2025-11-24",
    "price" : 275.25,
    "dma50" : 282.31,
    "dma100" : 272.22,
    "dma200" : 263.98,
    "volume" : 28993.00
  }, {
    "date" : "2025-11-25",
    "price" : 273.15,
    "dma50" : 281.95,
    "dma100" : 272.32,
    "dma200" : 264.07,
    "volume" : 32250.00
  }, {
    "date" : "2025-11-26",
    "price" : 281.35,
    "dma50" : 281.93,
    "dma100" : 272.56,
    "dma200" : 264.24,
    "volume" : 45867.00
  }, {
    "date" : "2025-11-27",
    "price" : 276.90,
    "dma50" : 281.73,
    "dma100" : 272.73,
    "dma200" : 264.37,
    "volume" : 26784.00
  }, {
    "date" : "2025-11-28",
    "price" : 283.00,
    "dma50" : 281.78,
    "dma100" : 272.99,
    "dma200" : 264.55,
    "volume" : 44789.00
  }, {
    "date" : "2025-12-01",
    "price" : 282.70,
    "dma50" : 281.82,
    "dma100" : 273.28,
    "dma200" : 264.74,
    "volume" : 29310.00
  }, {
    "date" : "2025-12-02",
    "price" : 281.20,
    "dma50" : 281.79,
    "dma100" : 273.53,
    "dma200" : 264.90,
    "volume" : 27128.00
  }, {
    "date" : "2025-12-03",
    "price" : 277.15,
    "dma50" : 281.61,
    "dma100" : 273.76,
    "dma200" : 265.02,
    "volume" : 36901.00
  }, {
    "date" : "2025-12-04",
    "price" : 280.05,
    "dma50" : 281.55,
    "dma100" : 273.94,
    "dma200" : 265.17,
    "volume" : 22348.00
  }, {
    "date" : "2025-12-05",
    "price" : 280.40,
    "dma50" : 281.50,
    "dma100" : 274.12,
    "dma200" : 265.32,
    "volume" : 13188.00
  }, {
    "date" : "2025-12-08",
    "price" : 278.95,
    "dma50" : 281.40,
    "dma100" : 274.32,
    "dma200" : 265.46,
    "volume" : 60485.00
  }, {
    "date" : "2025-12-09",
    "price" : 285.15,
    "dma50" : 281.55,
    "dma100" : 274.56,
    "dma200" : 265.65,
    "volume" : 61742.00
  }, {
    "date" : "2025-12-10",
    "price" : 286.80,
    "dma50" : 281.76,
    "dma100" : 274.77,
    "dma200" : 265.86,
    "volume" : 45093.00
  }, {
    "date" : "2025-12-11",
    "price" : 289.30,
    "dma50" : 282.05,
    "dma100" : 275.07,
    "dma200" : 266.10,
    "volume" : 29743.00
  }, {
    "date" : "2025-12-12",
    "price" : 288.90,
    "dma50" : 282.32,
    "dma100" : 275.39,
    "dma200" : 266.32,
    "volume" : 31663.00
  }, {
    "date" : "2025-12-15",
    "price" : 292.10,
    "dma50" : 282.70,
    "dma100" : 275.72,
    "dma200" : 266.58,
    "volume" : 38321.00
  }, {
    "date" : "2025-12-16",
    "price" : 287.55,
    "dma50" : 282.89,
    "dma100" : 275.98,
    "dma200" : 266.79,
    "volume" : 33485.00
  }, {
    "date" : "2025-12-17",
    "price" : 296.55,
    "dma50" : 283.43,
    "dma100" : 276.29,
    "dma200" : 267.09,
    "volume" : 168001.00
  }, {
    "date" : "2025-12-18",
    "price" : 292.05,
    "dma50" : 283.77,
    "dma100" : 276.51,
    "dma200" : 267.33,
    "volume" : 53014.00
  }, {
    "date" : "2025-12-19",
    "price" : 296.45,
    "dma50" : 284.27,
    "dma100" : 276.90,
    "dma200" : 267.62,
    "volume" : 33391.00
  }, {
    "date" : "2025-12-22",
    "price" : 291.80,
    "dma50" : 284.56,
    "dma100" : 277.31,
    "dma200" : 267.86,
    "volume" : 201862.00
  }, {
    "date" : "2025-12-23",
    "price" : 291.65,
    "dma50" : 284.84,
    "dma100" : 277.58,
    "dma200" : 268.10,
    "volume" : 53919.00
  }, {
    "date" : "2025-12-24",
    "price" : 285.20,
    "dma50" : 284.85,
    "dma100" : 277.75,
    "dma200" : 268.27,
    "volume" : 59510.00
  }, {
    "date" : "2025-12-26",
    "price" : 280.50,
    "dma50" : 284.68,
    "dma100" : 277.86,
    "dma200" : 268.39,
    "volume" : 51613.00
  }, {
    "date" : "2025-12-29",
    "price" : 280.45,
    "dma50" : 284.52,
    "dma100" : 278.08,
    "dma200" : 268.51,
    "volume" : 47009.00
  }, {
    "date" : "2025-12-30",
    "price" : 278.75,
    "dma50" : 284.29,
    "dma100" : 278.21,
    "dma200" : 268.61,
    "volume" : 32386.00
  }, {
    "date" : "2025-12-31",
    "price" : 284.35,
    "dma50" : 284.29,
    "dma100" : 278.38,
    "dma200" : 268.77,
    "volume" : 41035.00
  }, {
    "date" : "2026-01-01",
    "price" : 285.55,
    "dma50" : 284.34,
    "dma100" : 278.63,
    "dma200" : 268.94,
    "volume" : 26205.00
  }, {
    "date" : "2026-01-02",
    "price" : 286.80,
    "dma50" : 284.44,
    "dma100" : 278.87,
    "dma200" : 269.12,
    "volume" : 40989.00
  }, {
    "date" : "2026-01-05",
    "price" : 282.70,
    "dma50" : 284.37,
    "dma100" : 279.15,
    "dma200" : 269.25,
    "volume" : 42967.00
  }, {
    "date" : "2026-01-06",
    "price" : 282.45,
    "dma50" : 284.29,
    "dma100" : 279.43,
    "dma200" : 269.38,
    "volume" : 21300.00
  }, {
    "date" : "2026-01-07",
    "price" : 281.85,
    "dma50" : 284.20,
    "dma100" : 279.71,
    "dma200" : 269.51,
    "volume" : 20713.00
  }, {
    "date" : "2026-01-08",
    "price" : 273.45,
    "dma50" : 283.78,
    "dma100" : 279.91,
    "dma200" : 269.55,
    "volume" : 61258.00
  }, {
    "date" : "2026-01-09",
    "price" : 270.10,
    "dma50" : 283.24,
    "dma100" : 280.06,
    "dma200" : 269.55,
    "volume" : 36584.00
  }, {
    "date" : "2026-01-12",
    "price" : 269.10,
    "dma50" : 282.69,
    "dma100" : 280.22,
    "dma200" : 269.55,
    "volume" : 50272.00
  }, {
    "date" : "2026-01-13",
    "price" : 269.00,
    "dma50" : 282.15,
    "dma100" : 280.35,
    "dma200" : 269.54,
    "volume" : 38760.00
  }, {
    "date" : "2026-01-14",
    "price" : 270.75,
    "dma50" : 281.70,
    "dma100" : 280.48,
    "dma200" : 269.55,
    "volume" : 31608.00
  }, {
    "date" : "2026-01-16",
    "price" : 274.05,
    "dma50" : 281.40,
    "dma100" : 280.69,
    "dma200" : 269.60,
    "volume" : 30028.00
  } ],
  "latestTechnicalAttributes" : {
    "date" : "2026-01-16",
    "price" : 274.05,
    "dma50" : 281.40,
    "dma100" : 280.69,
    "dma200" : 269.60,
    "volume" : 30028.00
  },
  "quarterlyResults" : [ {
    "date" : "2011-03-31",
    "sales" : 113.35,
    "salesGrowthYoY" : null,
    "grossProfitMargin" : 44.10,
    "grossProfit" : 49.99,
    "operatingProfitMargin" : 11.38,
    "operatingProfit" : 12.90,
    "netProfitMargin" : 6.31,
    "netProfit" : 7.15
  }, {
    "date" : "2011-06-30",
    "sales" : 124.25,
    "salesGrowthYoY" : null,
    "grossProfitMargin" : 30.11,
    "grossProfit" : 37.41,
    "operatingProfitMargin" : 11.67,
    "operatingProfit" : 14.50,
    "netProfitMargin" : 6.57,
    "netProfit" : 8.16
  }, {
    "date" : "2011-09-30",
    "sales" : 137.84,
    "salesGrowthYoY" : null,
    "grossProfitMargin" : 28.74,
    "grossProfit" : 39.62,
    "operatingProfitMargin" : 10.80,
    "operatingProfit" : 14.89,
    "netProfitMargin" : 6.13,
    "netProfit" : 8.45
  }, {
    "date" : "2011-12-31",
    "sales" : 126.68,
    "salesGrowthYoY" : null,
    "grossProfitMargin" : 29.67,
    "grossProfit" : 37.59,
    "operatingProfitMargin" : 10.57,
    "operatingProfit" : 13.39,
    "netProfitMargin" : 5.59,
    "netProfit" : 7.08
  }, {
    "date" : "2012-03-31",
    "sales" : 140.39,
    "salesGrowthYoY" : 23.86,
    "grossProfitMargin" : 31.48,
    "grossProfit" : 44.19,
    "operatingProfitMargin" : 7.42,
    "operatingProfit" : 10.42,
    "netProfitMargin" : 2.07,
    "netProfit" : 2.91
  }, {
    "date" : "2012-06-30",
    "sales" : 132.97,
    "salesGrowthYoY" : 7.02,
    "grossProfitMargin" : 29.78,
    "grossProfit" : 39.60,
    "operatingProfitMargin" : 7.26,
    "operatingProfit" : 9.65,
    "netProfitMargin" : 4.08,
    "netProfit" : 5.43
  }, {
    "date" : "2012-09-30",
    "sales" : 110.37,
    "salesGrowthYoY" : -19.93,
    "grossProfitMargin" : 21.36,
    "grossProfit" : 23.58,
    "operatingProfitMargin" : 1.98,
    "operatingProfit" : 2.19,
    "netProfitMargin" : -1.11,
    "netProfit" : -1.23
  }, {
    "date" : "2012-12-31",
    "sales" : 106.92,
    "salesGrowthYoY" : -15.60,
    "grossProfitMargin" : 24.49,
    "grossProfit" : 26.18,
    "operatingProfitMargin" : 4.31,
    "operatingProfit" : 4.61,
    "netProfitMargin" : 0.75,
    "netProfit" : 0.80
  }, {
    "date" : "2013-03-31",
    "sales" : 102.87,
    "salesGrowthYoY" : -26.73,
    "grossProfitMargin" : 37.01,
    "grossProfit" : 38.07,
    "operatingProfitMargin" : 8.29,
    "operatingProfit" : 8.53,
    "netProfitMargin" : 2.62,
    "netProfit" : 2.70
  }, {
    "date" : "2013-06-30",
    "sales" : 125.09,
    "salesGrowthYoY" : -5.93,
    "grossProfitMargin" : 31.98,
    "grossProfit" : 40.00,
    "operatingProfitMargin" : 0.11,
    "operatingProfit" : 0.14,
    "netProfitMargin" : 4.56,
    "netProfit" : 5.70
  }, {
    "date" : "2013-09-30",
    "sales" : 150.25,
    "salesGrowthYoY" : 36.13,
    "grossProfitMargin" : 18.16,
    "grossProfit" : 27.29,
    "operatingProfitMargin" : -2.52,
    "operatingProfit" : -3.79,
    "netProfitMargin" : -3.33,
    "netProfit" : -5.00
  }, {
    "date" : "2013-12-31",
    "sales" : 157.15,
    "salesGrowthYoY" : 46.98,
    "grossProfitMargin" : 11.64,
    "grossProfit" : 18.29,
    "operatingProfitMargin" : 0.04,
    "operatingProfit" : 0.06,
    "netProfitMargin" : -1.02,
    "netProfit" : -1.60
  }, {
    "date" : "2014-03-31",
    "sales" : 135.98,
    "salesGrowthYoY" : 32.19,
    "grossProfitMargin" : 23.27,
    "grossProfit" : 31.64,
    "operatingProfitMargin" : 2.90,
    "operatingProfit" : 3.94,
    "netProfitMargin" : -0.99,
    "netProfit" : -1.35
  }, {
    "date" : "2014-06-30",
    "sales" : 147.22,
    "salesGrowthYoY" : 17.69,
    "grossProfitMargin" : 23.68,
    "grossProfit" : 34.86,
    "operatingProfitMargin" : 3.36,
    "operatingProfit" : 4.95,
    "netProfitMargin" : -1.52,
    "netProfit" : -2.24
  }, {
    "date" : "2014-09-30",
    "sales" : 166.88,
    "salesGrowthYoY" : 11.07,
    "grossProfitMargin" : 19.43,
    "grossProfit" : 32.42,
    "operatingProfitMargin" : 0.74,
    "operatingProfit" : 1.23,
    "netProfitMargin" : -3.93,
    "netProfit" : -6.56
  }, {
    "date" : "2014-12-31",
    "sales" : 175.80,
    "salesGrowthYoY" : 11.87,
    "grossProfitMargin" : 20.95,
    "grossProfit" : 36.83,
    "operatingProfitMargin" : 1.04,
    "operatingProfit" : 1.83,
    "netProfitMargin" : -1.03,
    "netProfit" : -1.81
  }, {
    "date" : "2015-03-31",
    "sales" : 175.13,
    "salesGrowthYoY" : 28.79,
    "grossProfitMargin" : 28.50,
    "grossProfit" : 49.91,
    "operatingProfitMargin" : 5.52,
    "operatingProfit" : 9.67,
    "netProfitMargin" : -0.11,
    "netProfit" : -0.19
  }, {
    "date" : "2015-06-30",
    "sales" : 183.19,
    "salesGrowthYoY" : 24.43,
    "grossProfitMargin" : 30.57,
    "grossProfit" : 56.00,
    "operatingProfitMargin" : 4.25,
    "operatingProfit" : 7.79,
    "netProfitMargin" : -1.04,
    "netProfit" : -1.91
  }, {
    "date" : "2015-09-30",
    "sales" : 167.58,
    "salesGrowthYoY" : 0.42,
    "grossProfitMargin" : 28.58,
    "grossProfit" : 47.89,
    "operatingProfitMargin" : 5.28,
    "operatingProfit" : 8.85,
    "netProfitMargin" : 0.23,
    "netProfit" : 0.39
  }, {
    "date" : "2015-12-31",
    "sales" : 163.58,
    "salesGrowthYoY" : -6.95,
    "grossProfitMargin" : 31.17,
    "grossProfit" : 50.99,
    "operatingProfitMargin" : 8.14,
    "operatingProfit" : 13.32,
    "netProfitMargin" : 1.94,
    "netProfit" : 3.17
  }, {
    "date" : "2016-03-31",
    "sales" : 156.68,
    "salesGrowthYoY" : -10.54,
    "grossProfitMargin" : 34.20,
    "grossProfit" : 53.58,
    "operatingProfitMargin" : 9.55,
    "operatingProfit" : 14.96,
    "netProfitMargin" : 2.84,
    "netProfit" : 4.45
  }, {
    "date" : "2016-06-30",
    "sales" : 161.74,
    "salesGrowthYoY" : -11.71,
    "grossProfitMargin" : 33.73,
    "grossProfit" : 54.55,
    "operatingProfitMargin" : 8.50,
    "operatingProfit" : 13.75,
    "netProfitMargin" : 2.68,
    "netProfit" : 4.33
  }, {
    "date" : "2016-09-30",
    "sales" : 169.23,
    "salesGrowthYoY" : 0.98,
    "grossProfitMargin" : 32.27,
    "grossProfit" : 54.61,
    "operatingProfitMargin" : 10.24,
    "operatingProfit" : 17.33,
    "netProfitMargin" : 3.78,
    "netProfit" : 6.40
  }, {
    "date" : "2016-12-31",
    "sales" : 172.13,
    "salesGrowthYoY" : 5.23,
    "grossProfitMargin" : 30.61,
    "grossProfit" : 52.69,
    "operatingProfitMargin" : 8.54,
    "operatingProfit" : 14.70,
    "netProfitMargin" : 2.15,
    "netProfit" : 3.70
  }, {
    "date" : "2017-03-31",
    "sales" : 173.07,
    "salesGrowthYoY" : 10.46,
    "grossProfitMargin" : 30.20,
    "grossProfit" : 52.27,
    "operatingProfitMargin" : 8.29,
    "operatingProfit" : 14.35,
    "netProfitMargin" : 2.73,
    "netProfit" : 4.72
  }, {
    "date" : "2017-06-30",
    "sales" : 202.12,
    "salesGrowthYoY" : 24.97,
    "grossProfitMargin" : 28.11,
    "grossProfit" : 56.82,
    "operatingProfitMargin" : 5.60,
    "operatingProfit" : 11.32,
    "netProfitMargin" : 1.21,
    "netProfit" : 2.45
  }, {
    "date" : "2017-09-30",
    "sales" : 207.06,
    "salesGrowthYoY" : 22.35,
    "grossProfitMargin" : 28.49,
    "grossProfit" : 58.99,
    "operatingProfitMargin" : 7.01,
    "operatingProfit" : 14.51,
    "netProfitMargin" : 2.82,
    "netProfit" : 5.84
  }, {
    "date" : "2017-12-31",
    "sales" : 218.42,
    "salesGrowthYoY" : 26.89,
    "grossProfitMargin" : 31.81,
    "grossProfit" : 69.48,
    "operatingProfitMargin" : 8.65,
    "operatingProfit" : 18.89,
    "netProfitMargin" : 4.37,
    "netProfit" : 9.54
  }, {
    "date" : "2018-03-31",
    "sales" : 231.36,
    "salesGrowthYoY" : 33.68,
    "grossProfitMargin" : 32.93,
    "grossProfit" : 76.19,
    "operatingProfitMargin" : 7.43,
    "operatingProfit" : 17.19,
    "netProfitMargin" : 3.12,
    "netProfit" : 7.22
  }, {
    "date" : "2018-06-30",
    "sales" : 269.50,
    "salesGrowthYoY" : 33.34,
    "grossProfitMargin" : 29.68,
    "grossProfit" : 79.99,
    "operatingProfitMargin" : 6.62,
    "operatingProfit" : 17.84,
    "netProfitMargin" : 3.37,
    "netProfit" : 9.08
  }, {
    "date" : "2018-09-30",
    "sales" : 295.49,
    "salesGrowthYoY" : 42.71,
    "grossProfitMargin" : 26.52,
    "grossProfit" : 78.36,
    "operatingProfitMargin" : 5.18,
    "operatingProfit" : 15.31,
    "netProfitMargin" : 2.39,
    "netProfit" : 7.06
  }, {
    "date" : "2018-12-31",
    "sales" : 312.52,
    "salesGrowthYoY" : 43.08,
    "grossProfitMargin" : 28.02,
    "grossProfit" : 87.57,
    "operatingProfitMargin" : 7.03,
    "operatingProfit" : 21.97,
    "netProfitMargin" : 1.99,
    "netProfit" : 6.22
  }, {
    "date" : "2019-03-31",
    "sales" : 243.25,
    "salesGrowthYoY" : 5.14,
    "grossProfitMargin" : 29.10,
    "grossProfit" : 70.79,
    "operatingProfitMargin" : 4.37,
    "operatingProfit" : 10.63,
    "netProfitMargin" : -0.06,
    "netProfit" : -0.15
  }, {
    "date" : "2019-06-30",
    "sales" : 240.78,
    "salesGrowthYoY" : -10.66,
    "grossProfitMargin" : 26.94,
    "grossProfit" : 64.87,
    "operatingProfitMargin" : 6.38,
    "operatingProfit" : 15.36,
    "netProfitMargin" : 0.47,
    "netProfit" : 1.13
  }, {
    "date" : "2019-09-30",
    "sales" : 211.82,
    "salesGrowthYoY" : -28.32,
    "grossProfitMargin" : 19.21,
    "grossProfit" : 40.69,
    "operatingProfitMargin" : 1.23,
    "operatingProfit" : 2.61,
    "netProfitMargin" : -1.49,
    "netProfit" : -3.16
  }, {
    "date" : "2019-12-31",
    "sales" : 187.94,
    "salesGrowthYoY" : -39.86,
    "grossProfitMargin" : 27.58,
    "grossProfit" : 51.83,
    "operatingProfitMargin" : 3.16,
    "operatingProfit" : 5.94,
    "netProfitMargin" : 0.96,
    "netProfit" : 1.80
  }, {
    "date" : "2020-03-31",
    "sales" : 205.66,
    "salesGrowthYoY" : -15.45,
    "grossProfitMargin" : 26.89,
    "grossProfit" : 55.30,
    "operatingProfitMargin" : 7.69,
    "operatingProfit" : 15.82,
    "netProfitMargin" : 1.74,
    "netProfit" : 3.58
  }, {
    "date" : "2020-06-30",
    "sales" : 67.86,
    "salesGrowthYoY" : -71.82,
    "grossProfitMargin" : 18.54,
    "grossProfit" : 12.58,
    "operatingProfitMargin" : -13.93,
    "operatingProfit" : -9.45,
    "netProfitMargin" : -18.83,
    "netProfit" : -12.78
  }, {
    "date" : "2020-09-30",
    "sales" : 247.09,
    "salesGrowthYoY" : 16.65,
    "grossProfitMargin" : 25.74,
    "grossProfit" : 63.60,
    "operatingProfitMargin" : 8.54,
    "operatingProfit" : 21.10,
    "netProfitMargin" : 3.62,
    "netProfit" : 8.94
  }, {
    "date" : "2020-12-31",
    "sales" : 287.65,
    "salesGrowthYoY" : 53.05,
    "grossProfitMargin" : 34.59,
    "grossProfit" : 99.50,
    "operatingProfitMargin" : 13.71,
    "operatingProfit" : 39.44,
    "netProfitMargin" : 7.53,
    "netProfit" : 21.66
  }, {
    "date" : "2021-03-31",
    "sales" : 334.48,
    "salesGrowthYoY" : 62.64,
    "grossProfitMargin" : 35.87,
    "grossProfit" : 119.98,
    "operatingProfitMargin" : 15.63,
    "operatingProfit" : 52.28,
    "netProfitMargin" : 7.88,
    "netProfit" : 26.36
  }, {
    "date" : "2021-06-30",
    "sales" : 330.14,
    "salesGrowthYoY" : 386.50,
    "grossProfitMargin" : 33.89,
    "grossProfit" : 111.88,
    "operatingProfitMargin" : 15.47,
    "operatingProfit" : 51.07,
    "netProfitMargin" : 8.42,
    "netProfit" : 27.80
  }, {
    "date" : "2021-09-30",
    "sales" : 335.65,
    "salesGrowthYoY" : 35.84,
    "grossProfitMargin" : 33.11,
    "grossProfit" : 111.13,
    "operatingProfitMargin" : 13.65,
    "operatingProfit" : 45.82,
    "netProfitMargin" : 7.24,
    "netProfit" : 24.30
  }, {
    "date" : "2021-12-31",
    "sales" : 359.32,
    "salesGrowthYoY" : 24.92,
    "grossProfitMargin" : 28.43,
    "grossProfit" : 102.15,
    "operatingProfitMargin" : 10.79,
    "operatingProfit" : 38.77,
    "netProfitMargin" : 5.42,
    "netProfit" : 19.48
  }, {
    "date" : "2022-03-31",
    "sales" : 343.35,
    "salesGrowthYoY" : 2.65,
    "grossProfitMargin" : 30.48,
    "grossProfit" : 104.65,
    "operatingProfitMargin" : 11.08,
    "operatingProfit" : 38.04,
    "netProfitMargin" : 8.50,
    "netProfit" : 29.18
  }, {
    "date" : "2022-06-30",
    "sales" : 469.16,
    "salesGrowthYoY" : 42.11,
    "grossProfitMargin" : 24.91,
    "grossProfit" : 116.87,
    "operatingProfitMargin" : 9.74,
    "operatingProfit" : 45.70,
    "netProfitMargin" : 6.46,
    "netProfit" : 30.31
  }, {
    "date" : "2022-09-30",
    "sales" : 443.16,
    "salesGrowthYoY" : 32.03,
    "grossProfitMargin" : 25.61,
    "grossProfit" : 113.49,
    "operatingProfitMargin" : 7.86,
    "operatingProfit" : 34.83,
    "netProfitMargin" : 6.32,
    "netProfit" : 28.01
  }, {
    "date" : "2022-12-31",
    "sales" : 400.63,
    "salesGrowthYoY" : 11.50,
    "grossProfitMargin" : 28.74,
    "grossProfit" : 115.14,
    "operatingProfitMargin" : 9.06,
    "operatingProfit" : 36.30,
    "netProfitMargin" : 7.11,
    "netProfit" : 28.48
  }, {
    "date" : "2023-03-31",
    "sales" : 422.04,
    "salesGrowthYoY" : 22.92,
    "grossProfitMargin" : 24.11,
    "grossProfit" : 101.75,
    "operatingProfitMargin" : 5.80,
    "operatingProfit" : 24.48,
    "netProfitMargin" : 3.24,
    "netProfit" : 13.67
  }, {
    "date" : "2023-06-30",
    "sales" : 409.36,
    "salesGrowthYoY" : -12.75,
    "grossProfitMargin" : 26.74,
    "grossProfit" : 109.46,
    "operatingProfitMargin" : 7.14,
    "operatingProfit" : 29.23,
    "netProfitMargin" : 4.54,
    "netProfit" : 18.58
  }, {
    "date" : "2023-09-30",
    "sales" : 415.19,
    "salesGrowthYoY" : -6.31,
    "grossProfitMargin" : 26.76,
    "grossProfit" : 111.10,
    "operatingProfitMargin" : 7.50,
    "operatingProfit" : 31.14,
    "netProfitMargin" : 4.45,
    "netProfit" : 18.48
  }, {
    "date" : "2023-12-31",
    "sales" : 397.40,
    "salesGrowthYoY" : -0.81,
    "grossProfitMargin" : 29.07,
    "grossProfit" : 115.52,
    "operatingProfitMargin" : 8.37,
    "operatingProfit" : 33.26,
    "netProfitMargin" : 5.49,
    "netProfit" : 21.82
  }, {
    "date" : "2024-03-31",
    "sales" : 439.41,
    "salesGrowthYoY" : 4.12,
    "grossProfitMargin" : 32.10,
    "grossProfit" : 141.05,
    "operatingProfitMargin" : 11.11,
    "operatingProfit" : 48.82,
    "netProfitMargin" : 7.46,
    "netProfit" : 32.78
  }, {
    "date" : "2024-06-30",
    "sales" : 414.78,
    "salesGrowthYoY" : 1.32,
    "grossProfitMargin" : 31.51,
    "grossProfit" : 130.70,
    "operatingProfitMargin" : 10.22,
    "operatingProfit" : 42.39,
    "netProfitMargin" : 6.29,
    "netProfit" : 26.09
  }, {
    "date" : "2024-09-30",
    "sales" : 494.82,
    "salesGrowthYoY" : 19.18,
    "grossProfitMargin" : 25.55,
    "grossProfit" : 126.43,
    "operatingProfitMargin" : 7.91,
    "operatingProfit" : 39.14,
    "netProfitMargin" : 5.22,
    "netProfit" : 25.83
  }, {
    "date" : "2024-12-31",
    "sales" : 426.77,
    "salesGrowthYoY" : 7.39,
    "grossProfitMargin" : 29.95,
    "grossProfit" : 127.82,
    "operatingProfitMargin" : 8.22,
    "operatingProfit" : 35.08,
    "netProfitMargin" : 5.03,
    "netProfit" : 21.47
  }, {
    "date" : "2025-03-31",
    "sales" : 428.04,
    "salesGrowthYoY" : -2.59,
    "grossProfitMargin" : 27.84,
    "grossProfit" : 119.17,
    "operatingProfitMargin" : 7.35,
    "operatingProfit" : 31.46,
    "netProfitMargin" : 4.61,
    "netProfit" : 19.73
  }, {
    "date" : "2025-06-30",
    "sales" : 433.70,
    "salesGrowthYoY" : 4.56,
    "grossProfitMargin" : 27.66,
    "grossProfit" : 119.96,
    "operatingProfitMargin" : 7.34,
    "operatingProfit" : 31.83,
    "netProfitMargin" : 4.59,
    "netProfit" : 19.91
  }, {
    "date" : "2025-09-30",
    "sales" : 432.27,
    "salesGrowthYoY" : -12.64,
    "grossProfitMargin" : 30.47,
    "grossProfit" : 131.71,
    "operatingProfitMargin" : 10.47,
    "operatingProfit" : 45.26,
    "netProfitMargin" : 8.00,
    "netProfit" : 34.58
  } ],
  "latestQuarterlyResult" : {
    "date" : "2025-09-30",
    "sales" : 432.27,
    "salesGrowthYoY" : -12.64,
    "grossProfitMargin" : 30.47,
    "grossProfit" : 131.71,
    "operatingProfitMargin" : 10.47,
    "operatingProfit" : 45.26,
    "netProfitMargin" : 8.00,
    "netProfit" : 34.58
  },
  "companyScore" : {
    "priceHigherThanDma50" : 0.00,
    "priceHigherThanDma100" : 0.00,
    "priceHigherThanDma200" : 5.00,
    "dma50HigherThanDma100" : 5.00,
    "dma50HigherThanDma200" : 5.00,
    "dma100HigherThanDma200" : 5.00,
    "pricePercentageAboveDma50" : 5.13,
    "pricePercentageAboveDma100" : 5.12,
    "pricePercentageAboveDma200" : 4.92,
    "weeklyVolumeHigherThanYearlyVolume" : 0.00,
    "salesGrowthPercentile" : 3.27,
    "operatingProfitMarginPercentile" : 16.51,
    "netProfitMarginPercentile" : 9.82,
    "totalTechnicalScore" : 35.17,
    "totalFundamentalScore" : 29.60,
    "totalScore" : 64.76
  }
}