{
  "metadata" : {
    "screenerCompanyId" : "3712",
    "companyCode" : "VSTTILLERS",
    "companyName" : "VST Till. Tract.",
    "screenerCompanyLink" : "https://www.screener.in/company/VSTTILLERS/",
    "screenerTechnicalHistoryLink" : "https://www.screener.in/api/company/3712/chart/?q=Price-DMA50-DMA200-Volume&days=365",
    "screenerQuarterlyResultsLink" : "https://www.screener.in/api/company/3712/chart/?q=GPM-OPM-NPM-Quarter+Sales&days=10000",
    "attributes" : {
      "companyCode" : "VSTTILLERS",
      "companyName" : "VST Till. Tract.",
      "marketCap" : 5191.00,
      "peRatio" : 41.30,
      "description" : "VST Tillers Tractors Ltd. was established in the year 1967 by the VST Group of companies, a well-known century-old business house in South India. The founder of the group was Sri V.S. Thiruvengadaswamy Mudaliar. VST Tillers Tractors Ltd. was promoted by VST Motors as a joint venture since 1966 with Mitsubishi Heavy Industries Ltd, Japan. The company is now the largest manufacturer of Power Tillers in India. All of the collaborations have expired [1] and today VST family holds 51% of the equity in the listed company that has recorded consistent growth. [2]"
    },
    "companyScore" : {
      "priceHigherThanDma50" : 5.00,
      "priceHigherThanDma100" : 5.00,
      "priceHigherThanDma200" : 5.00,
      "dma50HigherThanDma100" : 5.00,
      "dma50HigherThanDma200" : 5.00,
      "dma100HigherThanDma200" : 5.00,
      "pricePercentageAboveDma50" : 4.81,
      "pricePercentageAboveDma100" : 4.74,
      "pricePercentageAboveDma200" : 4.27,
      "weeklyVolumeHigherThanYearlyVolume" : 5.00,
      "salesGrowthPercentile" : 18.25,
      "operatingProfitMarginPercentile" : 13.78,
      "netProfitMarginPercentile" : 5.79,
      "totalTechnicalScore" : 48.83,
      "totalFundamentalScore" : 37.81,
      "totalScore" : 86.64
    }
  },
  "attributes" : {
    "companyCode" : "VSTTILLERS",
    "companyName" : "VST Till. Tract.",
    "marketCap" : 5191.00,
    "peRatio" : 41.30,
    "description" : "VST Tillers Tractors Ltd. was established in the year 1967 by the VST Group of companies, a well-known century-old business house in South India. The founder of the group was Sri V.S. Thiruvengadaswamy Mudaliar. VST Tillers Tractors Ltd. was promoted by VST Motors as a joint venture since 1966 with Mitsubishi Heavy Industries Ltd, Japan. The company is now the largest manufacturer of Power Tillers in India. All of the collaborations have expired [1] and today VST family holds 51% of the equity in the listed company that has recorded consistent growth. [2]"
  },
  "technicalHistory" : [ {
    "date" : "2025-02-24",
    "price" : 3493.50,
    "dma50" : 4305.93,
    "dma100" : null,
    "dma200" : 4271.23,
    "volume" : 3602.00
  }, {
    "date" : "2025-02-25",
    "price" : 3460.00,
    "dma50" : 4272.75,
    "dma100" : null,
    "dma200" : 4263.16,
    "volume" : 1860.00
  }, {
    "date" : "2025-02-27",
    "price" : 3395.45,
    "dma50" : 4238.35,
    "dma100" : null,
    "dma200" : 4254.52,
    "volume" : 5710.00
  }, {
    "date" : "2025-02-28",
    "price" : 3399.10,
    "dma50" : 4205.44,
    "dma100" : null,
    "dma200" : 4246.01,
    "volume" : 7216.00
  }, {
    "date" : "2025-03-03",
    "price" : 3188.10,
    "dma50" : 4165.54,
    "dma100" : null,
    "dma200" : 4235.48,
    "volume" : 20283.00
  }, {
    "date" : "2025-03-04",
    "price" : 3170.00,
    "dma50" : 4126.50,
    "dma100" : null,
    "dma200" : 4224.88,
    "volume" : 3355.00
  }, {
    "date" : "2025-03-05",
    "price" : 3361.70,
    "dma50" : 4096.51,
    "dma100" : null,
    "dma200" : 4216.29,
    "volume" : 3912.00
  }, {
    "date" : "2025-03-06",
    "price" : 3372.60,
    "dma50" : 4068.12,
    "dma100" : null,
    "dma200" : 4207.90,
    "volume" : 2840.00
  }, {
    "date" : "2025-03-07",
    "price" : 3299.00,
    "dma50" : 4037.96,
    "dma100" : null,
    "dma200" : 4198.85,
    "volume" : 4828.00
  }, {
    "date" : "2025-03-10",
    "price" : 3186.20,
    "dma50" : 4004.56,
    "dma100" : null,
    "dma200" : 4188.78,
    "volume" : 4443.00
  }, {
    "date" : "2025-03-11",
    "price" : 3307.20,
    "dma50" : 3977.21,
    "dma100" : null,
    "dma200" : 4180.01,
    "volume" : 9540.00
  }, {
    "date" : "2025-03-12",
    "price" : 3305.90,
    "dma50" : 3950.88,
    "dma100" : null,
    "dma200" : 4171.31,
    "volume" : 8158.00
  }, {
    "date" : "2025-03-13",
    "price" : 3216.40,
    "dma50" : 3922.08,
    "dma100" : null,
    "dma200" : 4161.81,
    "volume" : 4948.00
  }, {
    "date" : "2025-03-17",
    "price" : 3186.85,
    "dma50" : 3893.25,
    "dma100" : null,
    "dma200" : 4152.11,
    "volume" : 4225.00
  }, {
    "date" : "2025-03-18",
    "price" : 3335.40,
    "dma50" : 3871.37,
    "dma100" : null,
    "dma200" : 4143.98,
    "volume" : 7397.00
  }, {
    "date" : "2025-03-19",
    "price" : 3559.80,
    "dma50" : 3859.15,
    "dma100" : null,
    "dma200" : 4138.17,
    "volume" : 10621.00
  }, {
    "date" : "2025-03-20",
    "price" : 3644.75,
    "dma50" : 3850.74,
    "dma100" : null,
    "dma200" : 4133.26,
    "volume" : 9650.00
  }, {
    "date" : "2025-03-21",
    "price" : 3693.35,
    "dma50" : 3844.57,
    "dma100" : null,
    "dma200" : 4128.88,
    "volume" : 16858.00
  }, {
    "date" : "2025-03-24",
    "price" : 3682.15,
    "dma50" : 3838.20,
    "dma100" : null,
    "dma200" : 4124.44,
    "volume" : 7943.00
  }, {
    "date" : "2025-03-25",
    "price" : 3653.20,
    "dma50" : 3830.95,
    "dma100" : null,
    "dma200" : 4119.75,
    "volume" : 7260.00
  }, {
    "date" : "2025-03-26",
    "price" : 3700.85,
    "dma50" : 3825.85,
    "dma100" : null,
    "dma200" : 4115.58,
    "volume" : 4360.00
  }, {
    "date" : "2025-03-27",
    "price" : 3716.20,
    "dma50" : 3821.55,
    "dma100" : null,
    "dma200" : 4111.60,
    "volume" : 10381.00
  }, {
    "date" : "2025-03-28",
    "price" : 3881.55,
    "dma50" : 3823.90,
    "dma100" : null,
    "dma200" : 4109.32,
    "volume" : 5021.00
  }, {
    "date" : "2025-04-01",
    "price" : 3708.15,
    "dma50" : 3819.36,
    "dma100" : null,
    "dma200" : 4105.32,
    "volume" : 44316.00
  }, {
    "date" : "2025-04-02",
    "price" : 3637.15,
    "dma50" : 3812.21,
    "dma100" : null,
    "dma200" : 4100.67,
    "volume" : 9275.00
  }, {
    "date" : "2025-04-03",
    "price" : 3645.80,
    "dma50" : 3805.69,
    "dma100" : null,
    "dma200" : 4096.14,
    "volume" : 6306.00
  }, {
    "date" : "2025-04-04",
    "price" : 3603.90,
    "dma50" : 3797.77,
    "dma100" : null,
    "dma200" : 4091.24,
    "volume" : 3708.00
  }, {
    "date" : "2025-04-07",
    "price" : 3405.15,
    "dma50" : 3782.38,
    "dma100" : null,
    "dma200" : 4084.41,
    "volume" : 9796.00
  }, {
    "date" : "2025-04-08",
    "price" : 3508.65,
    "dma50" : 3771.64,
    "dma100" : null,
    "dma200" : 4078.69,
    "volume" : 6764.00
  }, {
    "date" : "2025-04-09",
    "price" : 3590.05,
    "dma50" : 3764.52,
    "dma100" : null,
    "dma200" : 4073.82,
    "volume" : 14366.00
  }, {
    "date" : "2025-04-11",
    "price" : 3706.05,
    "dma50" : 3762.23,
    "dma100" : null,
    "dma200" : 4070.16,
    "volume" : 6652.00
  }, {
    "date" : "2025-04-15",
    "price" : 3695.80,
    "dma50" : 3759.62,
    "dma100" : null,
    "dma200" : 4066.44,
    "volume" : 5322.00
  }, {
    "date" : "2025-04-16",
    "price" : 3633.80,
    "dma50" : 3754.69,
    "dma100" : null,
    "dma200" : 4062.13,
    "volume" : 4541.00
  }, {
    "date" : "2025-04-17",
    "price" : 3715.40,
    "dma50" : 3753.15,
    "dma100" : null,
    "dma200" : 4058.68,
    "volume" : 5710.00
  }, {
    "date" : "2025-04-21",
    "price" : 3805.60,
    "dma50" : 3755.21,
    "dma100" : null,
    "dma200" : 4056.17,
    "volume" : 4361.00
  }, {
    "date" : "2025-04-22",
    "price" : 3859.30,
    "dma50" : 3759.29,
    "dma100" : null,
    "dma200" : 4054.21,
    "volume" : 3657.00
  }, {
    "date" : "2025-04-23",
    "price" : 3853.30,
    "dma50" : 3762.97,
    "dma100" : null,
    "dma200" : 4052.21,
    "volume" : 4729.00
  }, {
    "date" : "2025-04-24",
    "price" : 3913.70,
    "dma50" : 3768.89,
    "dma100" : null,
    "dma200" : 4050.83,
    "volume" : 4856.00
  }, {
    "date" : "2025-04-25",
    "price" : 3759.90,
    "dma50" : 3768.53,
    "dma100" : null,
    "dma200" : 4047.93,
    "volume" : 6565.00
  }, {
    "date" : "2025-04-28",
    "price" : 3704.20,
    "dma50" : 3766.01,
    "dma100" : null,
    "dma200" : 4044.51,
    "volume" : 5306.00
  }, {
    "date" : "2025-04-29",
    "price" : 3537.10,
    "dma50" : 3757.03,
    "dma100" : null,
    "dma200" : 4039.47,
    "volume" : 22910.00
  }, {
    "date" : "2025-04-30",
    "price" : 3574.10,
    "dma50" : 3749.86,
    "dma100" : null,
    "dma200" : 4034.84,
    "volume" : 13542.00
  }, {
    "date" : "2025-05-02",
    "price" : 3672.90,
    "dma50" : 3746.84,
    "dma100" : null,
    "dma200" : 4031.23,
    "volume" : 39698.00
  }, {
    "date" : "2025-05-05",
    "price" : 3693.50,
    "dma50" : 3744.75,
    "dma100" : null,
    "dma200" : 4027.87,
    "volume" : 14683.00
  }, {
    "date" : "2025-05-06",
    "price" : 3566.60,
    "dma50" : 3737.76,
    "dma100" : null,
    "dma200" : 4023.28,
    "volume" : 5862.00
  }, {
    "date" : "2025-05-07",
    "price" : 3524.20,
    "dma50" : 3729.39,
    "dma100" : null,
    "dma200" : 4018.32,
    "volume" : 5892.00
  }, {
    "date" : "2025-05-08",
    "price" : 3477.20,
    "dma50" : 3719.50,
    "dma100" : null,
    "dma200" : 4012.93,
    "volume" : 5447.00
  }, {
    "date" : "2025-05-09",
    "price" : 3428.40,
    "dma50" : 3708.08,
    "dma100" : null,
    "dma200" : 4007.12,
    "volume" : 5111.00
  }, {
    "date" : "2025-05-12",
    "price" : 3637.40,
    "dma50" : 3705.31,
    "dma100" : null,
    "dma200" : 4003.44,
    "volume" : 6141.00
  }, {
    "date" : "2025-05-13",
    "price" : 3738.80,
    "dma50" : 3706.62,
    "dma100" : null,
    "dma200" : 4000.81,
    "volume" : 10065.00
  }, {
    "date" : "2025-05-14",
    "price" : 3744.30,
    "dma50" : 3708.10,
    "dma100" : null,
    "dma200" : 3998.25,
    "volume" : 38385.00
  }, {
    "date" : "2025-05-15",
    "price" : 3780.30,
    "dma50" : 3710.93,
    "dma100" : null,
    "dma200" : 3996.08,
    "volume" : 10216.00
  }, {
    "date" : "2025-05-16",
    "price" : 3778.60,
    "dma50" : 3713.59,
    "dma100" : null,
    "dma200" : 3993.92,
    "volume" : 8407.00
  }, {
    "date" : "2025-05-19",
    "price" : 3746.10,
    "dma50" : 3714.86,
    "dma100" : null,
    "dma200" : 3991.45,
    "volume" : 6540.00
  }, {
    "date" : "2025-05-20",
    "price" : 3740.40,
    "dma50" : 3715.86,
    "dma100" : null,
    "dma200" : 3988.96,
    "volume" : 4115.00
  }, {
    "date" : "2025-05-21",
    "price" : 3759.70,
    "dma50" : 3717.58,
    "dma100" : null,
    "dma200" : 3986.68,
    "volume" : 13377.00
  }, {
    "date" : "2025-05-22",
    "price" : 3726.00,
    "dma50" : 3717.91,
    "dma100" : null,
    "dma200" : 3984.08,
    "volume" : 4921.00
  }, {
    "date" : "2025-05-23",
    "price" : 3671.00,
    "dma50" : 3716.07,
    "dma100" : null,
    "dma200" : 3980.97,
    "volume" : 22716.00
  }, {
    "date" : "2025-05-26",
    "price" : 3702.20,
    "dma50" : 3715.53,
    "dma100" : null,
    "dma200" : 3978.19,
    "volume" : 24829.00
  }, {
    "date" : "2025-05-27",
    "price" : 3754.20,
    "dma50" : 3717.05,
    "dma100" : null,
    "dma200" : 3975.96,
    "volume" : 8807.00
  }, {
    "date" : "2025-05-28",
    "price" : 3802.60,
    "dma50" : 3720.40,
    "dma100" : null,
    "dma200" : 3974.24,
    "volume" : 4304.00
  }, {
    "date" : "2025-05-29",
    "price" : 3800.00,
    "dma50" : 3723.52,
    "dma100" : null,
    "dma200" : 3972.50,
    "volume" : 4908.00
  }, {
    "date" : "2025-05-30",
    "price" : 3842.30,
    "dma50" : 3728.18,
    "dma100" : null,
    "dma200" : 3971.21,
    "volume" : 8616.00
  }, {
    "date" : "2025-06-02",
    "price" : 3896.50,
    "dma50" : 3734.78,
    "dma100" : null,
    "dma200" : 3970.47,
    "volume" : 17207.00
  }, {
    "date" : "2025-06-03",
    "price" : 3890.90,
    "dma50" : 3740.90,
    "dma100" : null,
    "dma200" : 3969.67,
    "volume" : 6088.00
  }, {
    "date" : "2025-06-04",
    "price" : 3841.50,
    "dma50" : 3744.85,
    "dma100" : null,
    "dma200" : 3968.40,
    "volume" : 8364.00
  }, {
    "date" : "2025-06-05",
    "price" : 3796.60,
    "dma50" : 3746.88,
    "dma100" : null,
    "dma200" : 3966.69,
    "volume" : 9312.00
  }, {
    "date" : "2025-06-06",
    "price" : 3795.40,
    "dma50" : 3748.78,
    "dma100" : null,
    "dma200" : 3964.98,
    "volume" : 82477.00
  }, {
    "date" : "2025-06-09",
    "price" : 3810.40,
    "dma50" : 3751.20,
    "dma100" : null,
    "dma200" : 3963.45,
    "volume" : 5458.00
  }, {
    "date" : "2025-06-10",
    "price" : 3794.70,
    "dma50" : 3752.90,
    "dma100" : null,
    "dma200" : 3961.77,
    "volume" : 6962.00
  }, {
    "date" : "2025-06-11",
    "price" : 3792.60,
    "dma50" : 3754.46,
    "dma100" : null,
    "dma200" : 3960.08,
    "volume" : 6632.00
  }, {
    "date" : "2025-06-12",
    "price" : 3771.30,
    "dma50" : 3755.12,
    "dma100" : null,
    "dma200" : 3958.21,
    "volume" : 5431.00
  }, {
    "date" : "2025-06-13",
    "price" : 3772.00,
    "dma50" : 3755.78,
    "dma100" : null,
    "dma200" : 3956.35,
    "volume" : 5206.00
  }, {
    "date" : "2025-06-16",
    "price" : 3757.60,
    "dma50" : 3755.85,
    "dma100" : null,
    "dma200" : 3954.38,
    "volume" : 3645.00
  }, {
    "date" : "2025-06-17",
    "price" : 3760.00,
    "dma50" : 3756.02,
    "dma100" : null,
    "dma200" : 3952.44,
    "volume" : 3077.00
  }, {
    "date" : "2025-06-18",
    "price" : 3760.70,
    "dma50" : 3756.20,
    "dma100" : null,
    "dma200" : 3950.53,
    "volume" : 2362.00
  }, {
    "date" : "2025-06-19",
    "price" : 3678.70,
    "dma50" : 3753.16,
    "dma100" : null,
    "dma200" : 3947.83,
    "volume" : 5809.00
  }, {
    "date" : "2025-06-20",
    "price" : 3684.70,
    "dma50" : 3750.48,
    "dma100" : null,
    "dma200" : 3945.21,
    "volume" : 3910.00
  }, {
    "date" : "2025-06-23",
    "price" : 3664.30,
    "dma50" : 3747.10,
    "dma100" : null,
    "dma200" : 3942.42,
    "volume" : 3022.00
  }, {
    "date" : "2025-06-24",
    "price" : 3682.50,
    "dma50" : 3744.56,
    "dma100" : null,
    "dma200" : 3939.83,
    "volume" : 3634.00
  }, {
    "date" : "2025-06-25",
    "price" : 3685.20,
    "dma50" : 3742.24,
    "dma100" : null,
    "dma200" : 3937.30,
    "volume" : 8695.00
  }, {
    "date" : "2025-06-26",
    "price" : 3685.30,
    "dma50" : 3740.00,
    "dma100" : null,
    "dma200" : 3934.79,
    "volume" : 3905.00
  }, {
    "date" : "2025-06-27",
    "price" : 3679.30,
    "dma50" : 3737.62,
    "dma100" : null,
    "dma200" : 3932.25,
    "volume" : 4195.00
  }, {
    "date" : "2025-06-30",
    "price" : 3666.10,
    "dma50" : 3734.82,
    "dma100" : null,
    "dma200" : 3929.60,
    "volume" : 9467.00
  }, {
    "date" : "2025-07-01",
    "price" : 3702.40,
    "dma50" : 3733.55,
    "dma100" : null,
    "dma200" : 3927.34,
    "volume" : 111649.00
  }, {
    "date" : "2025-07-02",
    "price" : 3940.30,
    "dma50" : 3741.65,
    "dma100" : null,
    "dma200" : 3927.47,
    "volume" : 100143.00
  }, {
    "date" : "2025-07-03",
    "price" : 4040.70,
    "dma50" : 3753.38,
    "dma100" : null,
    "dma200" : 3928.59,
    "volume" : 51737.00
  }, {
    "date" : "2025-07-04",
    "price" : 3956.30,
    "dma50" : 3761.34,
    "dma100" : null,
    "dma200" : 3928.87,
    "volume" : 27909.00
  }, {
    "date" : "2025-07-07",
    "price" : 4039.40,
    "dma50" : 3772.24,
    "dma100" : null,
    "dma200" : 3929.97,
    "volume" : 30803.00
  }, {
    "date" : "2025-07-08",
    "price" : 4271.40,
    "dma50" : 3791.82,
    "dma100" : null,
    "dma200" : 3933.37,
    "volume" : 64615.00
  }, {
    "date" : "2025-07-09",
    "price" : 4373.90,
    "dma50" : 3814.64,
    "dma100" : null,
    "dma200" : 3937.75,
    "volume" : 59848.00
  }, {
    "date" : "2025-07-10",
    "price" : 4530.90,
    "dma50" : 3842.73,
    "dma100" : null,
    "dma200" : 3943.65,
    "volume" : 96969.00
  }, {
    "date" : "2025-07-11",
    "price" : 4476.80,
    "dma50" : 3867.60,
    "dma100" : null,
    "dma200" : 3948.96,
    "volume" : 19774.00
  }, {
    "date" : "2025-07-14",
    "price" : 4479.00,
    "dma50" : 3891.57,
    "dma100" : null,
    "dma200" : 3954.23,
    "volume" : 15257.00
  }, {
    "date" : "2025-07-15",
    "price" : 4486.50,
    "dma50" : 3914.91,
    "dma100" : null,
    "dma200" : 3959.53,
    "volume" : 13484.00
  }, {
    "date" : "2025-07-16",
    "price" : 4271.20,
    "dma50" : 3928.88,
    "dma100" : null,
    "dma200" : 3962.63,
    "volume" : 30393.00
  }, {
    "date" : "2025-07-17",
    "price" : 4256.70,
    "dma50" : 3941.73,
    "dma100" : null,
    "dma200" : 3965.55,
    "volume" : 12575.00
  }, {
    "date" : "2025-07-18",
    "price" : 4220.90,
    "dma50" : 3952.68,
    "dma100" : null,
    "dma200" : 3968.09,
    "volume" : 23626.00
  }, {
    "date" : "2025-07-21",
    "price" : 4440.90,
    "dma50" : 3971.83,
    "dma100" : null,
    "dma200" : 3972.80,
    "volume" : 53037.00
  }, {
    "date" : "2025-07-22",
    "price" : 4589.50,
    "dma50" : 3996.05,
    "dma100" : null,
    "dma200" : 3978.94,
    "volume" : 41652.00
  }, {
    "date" : "2025-07-23",
    "price" : 4782.40,
    "dma50" : 4026.89,
    "dma100" : 3748.85,
    "dma200" : 3986.93,
    "volume" : 74282.00
  }, {
    "date" : "2025-07-24",
    "price" : 4662.10,
    "dma50" : 4051.80,
    "dma100" : 3760.87,
    "dma200" : 3993.65,
    "volume" : 37408.00
  }, {
    "date" : "2025-07-25",
    "price" : 4597.40,
    "dma50" : 4073.19,
    "dma100" : 3772.89,
    "dma200" : 3999.66,
    "volume" : 15819.00
  }, {
    "date" : "2025-07-28",
    "price" : 4466.50,
    "dma50" : 4088.62,
    "dma100" : 3783.57,
    "dma200" : 4004.30,
    "volume" : 14707.00
  }, {
    "date" : "2025-07-29",
    "price" : 4654.90,
    "dma50" : 4110.82,
    "dma100" : 3798.23,
    "dma200" : 4010.77,
    "volume" : 12149.00
  }, {
    "date" : "2025-07-30",
    "price" : 4634.10,
    "dma50" : 4131.34,
    "dma100" : 3812.87,
    "dma200" : 4016.98,
    "volume" : 11087.00
  }, {
    "date" : "2025-07-31",
    "price" : 4569.80,
    "dma50" : 4148.54,
    "dma100" : 3824.96,
    "dma200" : 4022.48,
    "volume" : 11345.00
  }, {
    "date" : "2025-08-01",
    "price" : 4515.00,
    "dma50" : 4162.91,
    "dma100" : 3836.38,
    "dma200" : 4027.38,
    "volume" : 42169.00
  }, {
    "date" : "2025-08-04",
    "price" : 4598.20,
    "dma50" : 4179.98,
    "dma100" : 3849.37,
    "dma200" : 4033.06,
    "volume" : 16068.00
  }, {
    "date" : "2025-08-05",
    "price" : 4615.40,
    "dma50" : 4197.06,
    "dma100" : 3863.66,
    "dma200" : 4038.85,
    "volume" : 9674.00
  }, {
    "date" : "2025-08-06",
    "price" : 4542.90,
    "dma50" : 4210.62,
    "dma100" : 3876.02,
    "dma200" : 4043.87,
    "volume" : 8300.00
  }, {
    "date" : "2025-08-07",
    "price" : 4461.20,
    "dma50" : 4220.44,
    "dma100" : 3887.57,
    "dma200" : 4048.02,
    "volume" : 15089.00
  }, {
    "date" : "2025-08-08",
    "price" : 4454.00,
    "dma50" : 4229.60,
    "dma100" : 3899.95,
    "dma200" : 4052.06,
    "volume" : 16365.00
  }, {
    "date" : "2025-08-11",
    "price" : 4806.10,
    "dma50" : 4252.21,
    "dma100" : 3916.14,
    "dma200" : 4059.56,
    "volume" : 265137.00
  }, {
    "date" : "2025-08-12",
    "price" : 4995.10,
    "dma50" : 4281.34,
    "dma100" : 3932.74,
    "dma200" : 4068.87,
    "volume" : 260299.00
  }, {
    "date" : "2025-08-13",
    "price" : 5227.80,
    "dma50" : 4318.46,
    "dma100" : 3949.42,
    "dma200" : 4080.40,
    "volume" : 106289.00
  }, {
    "date" : "2025-08-14",
    "price" : 5162.70,
    "dma50" : 4351.57,
    "dma100" : 3964.60,
    "dma200" : 4091.17,
    "volume" : 27553.00
  }, {
    "date" : "2025-08-18",
    "price" : 5271.80,
    "dma50" : 4387.66,
    "dma100" : 3980.38,
    "dma200" : 4102.92,
    "volume" : 42713.00
  }, {
    "date" : "2025-08-19",
    "price" : 5281.10,
    "dma50" : 4422.69,
    "dma100" : 3996.37,
    "dma200" : 4114.64,
    "volume" : 27508.00
  }, {
    "date" : "2025-08-20",
    "price" : 5280.30,
    "dma50" : 4456.32,
    "dma100" : 4012.64,
    "dma200" : 4126.24,
    "volume" : 18727.00
  }, {
    "date" : "2025-08-21",
    "price" : 5316.80,
    "dma50" : 4490.07,
    "dma100" : 4028.80,
    "dma200" : 4138.09,
    "volume" : 18166.00
  }, {
    "date" : "2025-08-22",
    "price" : 5315.50,
    "dma50" : 4522.44,
    "dma100" : 4044.80,
    "dma200" : 4149.80,
    "volume" : 27822.00
  }, {
    "date" : "2025-08-25",
    "price" : 5357.30,
    "dma50" : 4555.18,
    "dma100" : 4059.55,
    "dma200" : 4161.82,
    "volume" : 34835.00
  }, {
    "date" : "2025-08-26",
    "price" : 5386.60,
    "dma50" : 4587.78,
    "dma100" : 4076.34,
    "dma200" : 4174.01,
    "volume" : 42750.00
  }, {
    "date" : "2025-08-28",
    "price" : 5291.40,
    "dma50" : 4615.38,
    "dma100" : 4092.88,
    "dma200" : 4185.12,
    "volume" : 14083.00
  }, {
    "date" : "2025-08-29",
    "price" : 5288.50,
    "dma50" : 4641.77,
    "dma100" : 4109.31,
    "dma200" : 4196.10,
    "volume" : 15024.00
  }, {
    "date" : "2025-09-01",
    "price" : 5443.00,
    "dma50" : 4673.19,
    "dma100" : 4127.70,
    "dma200" : 4208.51,
    "volume" : 37549.00
  }, {
    "date" : "2025-09-02",
    "price" : 5202.00,
    "dma50" : 4693.93,
    "dma100" : 4145.67,
    "dma200" : 4218.39,
    "volume" : 58350.00
  }, {
    "date" : "2025-09-03",
    "price" : 5115.00,
    "dma50" : 4710.44,
    "dma100" : 4161.73,
    "dma200" : 4227.32,
    "volume" : 33050.00
  }, {
    "date" : "2025-09-04",
    "price" : 5327.50,
    "dma50" : 4734.64,
    "dma100" : 4179.10,
    "dma200" : 4238.26,
    "volume" : 82217.00
  }, {
    "date" : "2025-09-05",
    "price" : 5253.50,
    "dma50" : 4754.99,
    "dma100" : 4194.58,
    "dma200" : 4248.37,
    "volume" : 12269.00
  }, {
    "date" : "2025-09-08",
    "price" : 5346.00,
    "dma50" : 4778.17,
    "dma100" : 4211.08,
    "dma200" : 4259.29,
    "volume" : 11996.00
  }, {
    "date" : "2025-09-09",
    "price" : 5370.00,
    "dma50" : 4801.37,
    "dma100" : 4228.44,
    "dma200" : 4270.34,
    "volume" : 14857.00
  }, {
    "date" : "2025-09-10",
    "price" : 5341.00,
    "dma50" : 4822.54,
    "dma100" : 4244.70,
    "dma200" : 4280.99,
    "volume" : 17937.00
  }, {
    "date" : "2025-09-11",
    "price" : 5293.00,
    "dma50" : 4840.99,
    "dma100" : 4259.57,
    "dma200" : 4291.06,
    "volume" : 12456.00
  }, {
    "date" : "2025-09-12",
    "price" : 5212.50,
    "dma50" : 4855.56,
    "dma100" : 4273.11,
    "dma200" : 4300.23,
    "volume" : 13306.00
  }, {
    "date" : "2025-09-15",
    "price" : 5190.00,
    "dma50" : 4868.67,
    "dma100" : 4286.47,
    "dma200" : 4309.08,
    "volume" : 12756.00
  }, {
    "date" : "2025-09-16",
    "price" : 5245.50,
    "dma50" : 4883.45,
    "dma100" : 4299.79,
    "dma200" : 4318.40,
    "volume" : 8174.00
  }, {
    "date" : "2025-09-17",
    "price" : 5264.50,
    "dma50" : 4898.39,
    "dma100" : 4314.84,
    "dma200" : 4327.82,
    "volume" : 14545.00
  }, {
    "date" : "2025-09-18",
    "price" : 5263.00,
    "dma50" : 4912.69,
    "dma100" : 4330.42,
    "dma200" : 4337.12,
    "volume" : 5545.00
  }, {
    "date" : "2025-09-19",
    "price" : 5231.00,
    "dma50" : 4925.17,
    "dma100" : 4347.36,
    "dma200" : 4346.02,
    "volume" : 18527.00
  }, {
    "date" : "2025-09-22",
    "price" : 5186.00,
    "dma50" : 4935.40,
    "dma100" : 4363.48,
    "dma200" : 4354.37,
    "volume" : 6935.00
  }, {
    "date" : "2025-09-23",
    "price" : 5135.00,
    "dma50" : 4943.23,
    "dma100" : 4378.10,
    "dma200" : 4362.14,
    "volume" : 5055.00
  }, {
    "date" : "2025-09-24",
    "price" : 5087.50,
    "dma50" : 4948.89,
    "dma100" : 4392.04,
    "dma200" : 4369.36,
    "volume" : 6831.00
  }, {
    "date" : "2025-09-25",
    "price" : 5065.50,
    "dma50" : 4953.46,
    "dma100" : 4407.03,
    "dma200" : 4376.28,
    "volume" : 10341.00
  }, {
    "date" : "2025-09-26",
    "price" : 5086.50,
    "dma50" : 4958.68,
    "dma100" : 4422.66,
    "dma200" : 4383.35,
    "volume" : 11292.00
  }, {
    "date" : "2025-09-29",
    "price" : 5081.50,
    "dma50" : 4963.49,
    "dma100" : 4438.70,
    "dma200" : 4390.30,
    "volume" : 7306.00
  }, {
    "date" : "2025-09-30",
    "price" : 5050.00,
    "dma50" : 4966.89,
    "dma100" : 4454.91,
    "dma200" : 4396.86,
    "volume" : 8643.00
  }, {
    "date" : "2025-10-01",
    "price" : 5259.00,
    "dma50" : 4978.34,
    "dma100" : 4471.13,
    "dma200" : 4405.44,
    "volume" : 65117.00
  }, {
    "date" : "2025-10-03",
    "price" : 5474.50,
    "dma50" : 4997.80,
    "dma100" : 4488.49,
    "dma200" : 4416.08,
    "volume" : 43098.00
  }, {
    "date" : "2025-10-06",
    "price" : 5591.00,
    "dma50" : 5021.06,
    "dma100" : 4506.95,
    "dma200" : 4427.77,
    "volume" : 47141.00
  }, {
    "date" : "2025-10-07",
    "price" : 5584.00,
    "dma50" : 5043.14,
    "dma100" : 4524.99,
    "dma200" : 4439.27,
    "volume" : 14514.00
  }, {
    "date" : "2025-10-08",
    "price" : 5573.00,
    "dma50" : 5063.92,
    "dma100" : 4542.94,
    "dma200" : 4450.55,
    "volume" : 14412.00
  }, {
    "date" : "2025-10-09",
    "price" : 5539.00,
    "dma50" : 5082.55,
    "dma100" : 4560.86,
    "dma200" : 4461.39,
    "volume" : 20738.00
  }, {
    "date" : "2025-10-10",
    "price" : 5481.50,
    "dma50" : 5098.19,
    "dma100" : 4578.28,
    "dma200" : 4471.54,
    "volume" : 7547.00
  }, {
    "date" : "2025-10-13",
    "price" : 5471.00,
    "dma50" : 5112.81,
    "dma100" : 4595.39,
    "dma200" : 4481.48,
    "volume" : 5879.00
  }, {
    "date" : "2025-10-14",
    "price" : 5522.00,
    "dma50" : 5128.86,
    "dma100" : 4613.35,
    "dma200" : 4491.83,
    "volume" : 12727.00
  }, {
    "date" : "2025-10-15",
    "price" : 5470.00,
    "dma50" : 5142.24,
    "dma100" : 4631.34,
    "dma200" : 4501.57,
    "volume" : 10204.00
  }, {
    "date" : "2025-10-16",
    "price" : 5431.50,
    "dma50" : 5153.58,
    "dma100" : 4648.63,
    "dma200" : 4510.82,
    "volume" : 8583.00
  }, {
    "date" : "2025-10-17",
    "price" : 5376.00,
    "dma50" : 5162.30,
    "dma100" : 4664.85,
    "dma200" : 4519.43,
    "volume" : 8231.00
  }, {
    "date" : "2025-10-20",
    "price" : 5423.50,
    "dma50" : 5172.55,
    "dma100" : 4681.06,
    "dma200" : 4528.42,
    "volume" : 9163.00
  }, {
    "date" : "2025-10-21",
    "price" : 5463.50,
    "dma50" : 5183.96,
    "dma100" : 4697.69,
    "dma200" : 4537.73,
    "volume" : 2523.00
  }, {
    "date" : "2025-10-23",
    "price" : 5420.00,
    "dma50" : 5193.21,
    "dma100" : 4713.47,
    "dma200" : 4546.51,
    "volume" : 13404.00
  }, {
    "date" : "2025-10-24",
    "price" : 5703.50,
    "dma50" : 5213.22,
    "dma100" : 4731.54,
    "dma200" : 4558.02,
    "volume" : 81754.00
  }, {
    "date" : "2025-10-27",
    "price" : 5822.00,
    "dma50" : 5237.10,
    "dma100" : 4750.85,
    "dma200" : 4570.60,
    "volume" : 37786.00
  }, {
    "date" : "2025-10-28",
    "price" : 5934.50,
    "dma50" : 5264.45,
    "dma100" : 4771.78,
    "dma200" : 4584.17,
    "volume" : 40371.00
  }, {
    "date" : "2025-10-29",
    "price" : 5946.00,
    "dma50" : 5291.17,
    "dma100" : 4793.28,
    "dma200" : 4597.72,
    "volume" : 32219.00
  }, {
    "date" : "2025-10-30",
    "price" : 5971.50,
    "dma50" : 5317.85,
    "dma100" : 4815.04,
    "dma200" : 4611.39,
    "volume" : 22274.00
  }, {
    "date" : "2025-10-31",
    "price" : 5989.50,
    "dma50" : 5344.19,
    "dma100" : 4836.83,
    "dma200" : 4625.10,
    "volume" : 20753.00
  }, {
    "date" : "2025-11-03",
    "price" : 6085.00,
    "dma50" : 5373.24,
    "dma100" : 4859.73,
    "dma200" : 4639.63,
    "volume" : 30771.00
  }, {
    "date" : "2025-11-04",
    "price" : 6102.50,
    "dma50" : 5401.84,
    "dma100" : 4882.83,
    "dma200" : 4654.18,
    "volume" : 13491.00
  }, {
    "date" : "2025-11-06",
    "price" : 5873.50,
    "dma50" : 5420.34,
    "dma100" : 4903.85,
    "dma200" : 4666.32,
    "volume" : 192437.00
  }, {
    "date" : "2025-11-07",
    "price" : 5892.00,
    "dma50" : 5438.83,
    "dma100" : 4925.05,
    "dma200" : 4678.51,
    "volume" : 52710.00
  }, {
    "date" : "2025-11-10",
    "price" : 5897.50,
    "dma50" : 5456.82,
    "dma100" : 4946.45,
    "dma200" : 4690.64,
    "volume" : 32038.00
  }, {
    "date" : "2025-11-11",
    "price" : 5970.50,
    "dma50" : 5476.97,
    "dma100" : 4968.56,
    "dma200" : 4703.38,
    "volume" : 14324.00
  }, {
    "date" : "2025-11-12",
    "price" : 5910.50,
    "dma50" : 5493.97,
    "dma100" : 4990.05,
    "dma200" : 4715.39,
    "volume" : 8204.00
  }, {
    "date" : "2025-11-13",
    "price" : 5766.00,
    "dma50" : 5504.64,
    "dma100" : 5010.93,
    "dma200" : 4725.84,
    "volume" : 24423.00
  }, {
    "date" : "2025-11-14",
    "price" : 5675.00,
    "dma50" : 5511.32,
    "dma100" : 5030.83,
    "dma200" : 4735.28,
    "volume" : 72403.00
  }, {
    "date" : "2025-11-17",
    "price" : 5570.00,
    "dma50" : 5513.62,
    "dma100" : 5049.89,
    "dma200" : 4743.59,
    "volume" : 21764.00
  }, {
    "date" : "2025-11-18",
    "price" : 5567.00,
    "dma50" : 5515.71,
    "dma100" : 5068.73,
    "dma200" : 4751.78,
    "volume" : 11077.00
  }, {
    "date" : "2025-11-19",
    "price" : 5353.50,
    "dma50" : 5509.35,
    "dma100" : 5085.41,
    "dma200" : 4757.77,
    "volume" : 33789.00
  }, {
    "date" : "2025-11-20",
    "price" : 5322.00,
    "dma50" : 5502.00,
    "dma100" : 5101.78,
    "dma200" : 4763.39,
    "volume" : 16760.00
  }, {
    "date" : "2025-11-21",
    "price" : 5273.00,
    "dma50" : 5493.02,
    "dma100" : 5117.72,
    "dma200" : 4768.46,
    "volume" : 22475.00
  }, {
    "date" : "2025-11-24",
    "price" : 5343.00,
    "dma50" : 5487.14,
    "dma100" : 5134.49,
    "dma200" : 4774.17,
    "volume" : 12304.00
  }, {
    "date" : "2025-11-25",
    "price" : 5494.50,
    "dma50" : 5487.43,
    "dma100" : 5152.41,
    "dma200" : 4781.34,
    "volume" : 29752.00
  }, {
    "date" : "2025-11-26",
    "price" : 5516.50,
    "dma50" : 5488.57,
    "dma100" : 5168.17,
    "dma200" : 4788.66,
    "volume" : 21556.00
  }, {
    "date" : "2025-11-27",
    "price" : 5490.50,
    "dma50" : 5488.64,
    "dma100" : 5182.67,
    "dma200" : 4795.64,
    "volume" : 19040.00
  }, {
    "date" : "2025-11-28",
    "price" : 5601.50,
    "dma50" : 5493.07,
    "dma100" : 5199.12,
    "dma200" : 4803.66,
    "volume" : 50854.00
  }, {
    "date" : "2025-12-01",
    "price" : 5756.50,
    "dma50" : 5503.40,
    "dma100" : 5216.29,
    "dma200" : 4813.14,
    "volume" : 94283.00
  }, {
    "date" : "2025-12-02",
    "price" : 5695.00,
    "dma50" : 5510.91,
    "dma100" : 5230.53,
    "dma200" : 4821.91,
    "volume" : 18746.00
  }, {
    "date" : "2025-12-03",
    "price" : 5643.00,
    "dma50" : 5516.09,
    "dma100" : 5243.22,
    "dma200" : 4830.08,
    "volume" : 12834.00
  }, {
    "date" : "2025-12-04",
    "price" : 5656.00,
    "dma50" : 5521.58,
    "dma100" : 5254.47,
    "dma200" : 4838.30,
    "volume" : 8377.00
  }, {
    "date" : "2025-12-05",
    "price" : 5574.00,
    "dma50" : 5523.64,
    "dma100" : 5265.44,
    "dma200" : 4845.62,
    "volume" : 18845.00
  }, {
    "date" : "2025-12-08",
    "price" : 5535.00,
    "dma50" : 5524.08,
    "dma100" : 5276.00,
    "dma200" : 4852.48,
    "volume" : 18708.00
  }, {
    "date" : "2025-12-09",
    "price" : 5704.00,
    "dma50" : 5531.14,
    "dma100" : 5288.18,
    "dma200" : 4860.95,
    "volume" : 18805.00
  }, {
    "date" : "2025-12-10",
    "price" : 5747.00,
    "dma50" : 5539.60,
    "dma100" : 5302.93,
    "dma200" : 4869.77,
    "volume" : 10905.00
  }, {
    "date" : "2025-12-11",
    "price" : 5709.50,
    "dma50" : 5546.26,
    "dma100" : 5317.46,
    "dma200" : 4878.13,
    "volume" : 5604.00
  }, {
    "date" : "2025-12-12",
    "price" : 5760.00,
    "dma50" : 5554.65,
    "dma100" : 5332.85,
    "dma200" : 4886.90,
    "volume" : 7419.00
  }, {
    "date" : "2025-12-15",
    "price" : 5826.00,
    "dma50" : 5565.29,
    "dma100" : 5346.70,
    "dma200" : 4896.24,
    "volume" : 12514.00
  }, {
    "date" : "2025-12-16",
    "price" : 5745.50,
    "dma50" : 5572.36,
    "dma100" : 5358.26,
    "dma200" : 4904.70,
    "volume" : 9778.00
  }, {
    "date" : "2025-12-17",
    "price" : 5711.00,
    "dma50" : 5577.79,
    "dma100" : 5367.55,
    "dma200" : 4912.72,
    "volume" : 7412.00
  }, {
    "date" : "2025-12-18",
    "price" : 5642.00,
    "dma50" : 5580.31,
    "dma100" : 5377.35,
    "dma200" : 4919.97,
    "volume" : 15672.00
  }, {
    "date" : "2025-12-19",
    "price" : 5757.00,
    "dma50" : 5587.24,
    "dma100" : 5388.94,
    "dma200" : 4928.30,
    "volume" : 7663.00
  }, {
    "date" : "2025-12-22",
    "price" : 5886.00,
    "dma50" : 5598.96,
    "dma100" : 5403.14,
    "dma200" : 4937.83,
    "volume" : 24576.00
  }, {
    "date" : "2025-12-23",
    "price" : 6038.50,
    "dma50" : 5616.19,
    "dma100" : 5416.98,
    "dma200" : 4948.78,
    "volume" : 22447.00
  }, {
    "date" : "2025-12-24",
    "price" : 6014.00,
    "dma50" : 5631.79,
    "dma100" : 5430.77,
    "dma200" : 4959.38,
    "volume" : 11449.00
  }, {
    "date" : "2025-12-26",
    "price" : 5901.50,
    "dma50" : 5642.37,
    "dma100" : 5444.09,
    "dma200" : 4968.76,
    "volume" : 13815.00
  }, {
    "date" : "2025-12-29",
    "price" : 6038.00,
    "dma50" : 5657.88,
    "dma100" : 5459.32,
    "dma200" : 4979.40,
    "volume" : 28224.00
  }, {
    "date" : "2025-12-30",
    "price" : 6073.00,
    "dma50" : 5674.16,
    "dma100" : 5474.07,
    "dma200" : 4990.28,
    "volume" : 50961.00
  }, {
    "date" : "2025-12-31",
    "price" : 6262.50,
    "dma50" : 5697.24,
    "dma100" : 5490.54,
    "dma200" : 5002.94,
    "volume" : 30379.00
  }, {
    "date" : "2026-01-01",
    "price" : 6200.00,
    "dma50" : 5716.95,
    "dma100" : 5507.11,
    "dma200" : 5014.85,
    "volume" : 45387.00
  }, {
    "date" : "2026-01-02",
    "price" : 6129.50,
    "dma50" : 5733.13,
    "dma100" : 5523.80,
    "dma200" : 5025.94,
    "volume" : 25765.00
  }, {
    "date" : "2026-01-05",
    "price" : 6183.50,
    "dma50" : 5750.79,
    "dma100" : 5541.09,
    "dma200" : 5037.46,
    "volume" : 16137.00
  }, {
    "date" : "2026-01-06",
    "price" : 6047.50,
    "dma50" : 5762.43,
    "dma100" : 5553.50,
    "dma200" : 5047.51,
    "volume" : 12783.00
  }, {
    "date" : "2026-01-07",
    "price" : 6103.50,
    "dma50" : 5775.80,
    "dma100" : 5564.59,
    "dma200" : 5058.02,
    "volume" : 7360.00
  }, {
    "date" : "2026-01-08",
    "price" : 5919.50,
    "dma50" : 5781.44,
    "dma100" : 5571.51,
    "dma200" : 5066.59,
    "volume" : 18615.00
  }, {
    "date" : "2026-01-09",
    "price" : 5712.00,
    "dma50" : 5778.71,
    "dma100" : 5577.00,
    "dma200" : 5073.01,
    "volume" : 21372.00
  }, {
    "date" : "2026-01-12",
    "price" : 5653.00,
    "dma50" : 5773.78,
    "dma100" : 5580.81,
    "dma200" : 5078.78,
    "volume" : 13167.00
  }, {
    "date" : "2026-01-13",
    "price" : 5609.00,
    "dma50" : 5767.32,
    "dma100" : 5584.09,
    "dma200" : 5084.06,
    "volume" : 5837.00
  }, {
    "date" : "2026-01-14",
    "price" : 5685.50,
    "dma50" : 5764.11,
    "dma100" : 5588.14,
    "dma200" : 5090.04,
    "volume" : 8081.00
  }, {
    "date" : "2026-01-16",
    "price" : 5589.00,
    "dma50" : 5757.25,
    "dma100" : 5590.86,
    "dma200" : 5095.01,
    "volume" : 7154.00
  }, {
    "date" : "2026-01-19",
    "price" : 5576.50,
    "dma50" : 5750.16,
    "dma100" : 5593.47,
    "dma200" : 5099.80,
    "volume" : 8588.00
  }, {
    "date" : "2026-01-20",
    "price" : 5440.50,
    "dma50" : 5738.02,
    "dma100" : 5594.30,
    "dma200" : 5103.19,
    "volume" : 16661.00
  }, {
    "date" : "2026-01-21",
    "price" : 5381.00,
    "dma50" : 5724.01,
    "dma100" : 5594.25,
    "dma200" : 5105.95,
    "volume" : 13628.00
  }, {
    "date" : "2026-01-22",
    "price" : 5533.00,
    "dma50" : 5716.52,
    "dma100" : 5596.66,
    "dma200" : 5110.20,
    "volume" : 6332.00
  }, {
    "date" : "2026-01-23",
    "price" : 5432.00,
    "dma50" : 5705.37,
    "dma100" : 5598.10,
    "dma200" : 5113.40,
    "volume" : 6327.00
  }, {
    "date" : "2026-01-27",
    "price" : 5403.50,
    "dma50" : 5693.53,
    "dma100" : 5597.70,
    "dma200" : 5116.29,
    "volume" : 6191.00
  }, {
    "date" : "2026-01-28",
    "price" : 5471.50,
    "dma50" : 5684.82,
    "dma100" : 5600.40,
    "dma200" : 5119.82,
    "volume" : 9251.00
  }, {
    "date" : "2026-01-29",
    "price" : 5449.00,
    "dma50" : 5675.57,
    "dma100" : 5603.74,
    "dma200" : 5123.10,
    "volume" : 6793.00
  }, {
    "date" : "2026-01-30",
    "price" : 5523.50,
    "dma50" : 5669.61,
    "dma100" : 5605.70,
    "dma200" : 5127.08,
    "volume" : 7114.00
  }, {
    "date" : "2026-02-01",
    "price" : 5588.00,
    "dma50" : 5666.41,
    "dma100" : 5609.04,
    "dma200" : 5131.67,
    "volume" : 22604.00
  }, {
    "date" : "2026-02-02",
    "price" : 5631.50,
    "dma50" : 5665.04,
    "dma100" : 5611.90,
    "dma200" : 5136.64,
    "volume" : 9232.00
  }, {
    "date" : "2026-02-03",
    "price" : 5868.00,
    "dma50" : 5673.00,
    "dma100" : 5616.88,
    "dma200" : 5143.92,
    "volume" : 15467.00
  }, {
    "date" : "2026-02-04",
    "price" : 6069.50,
    "dma50" : 5688.55,
    "dma100" : 5624.16,
    "dma200" : 5153.13,
    "volume" : 16470.00
  }, {
    "date" : "2026-02-05",
    "price" : 5896.50,
    "dma50" : 5696.70,
    "dma100" : 5630.20,
    "dma200" : 5160.53,
    "volume" : 14455.00
  }, {
    "date" : "2026-02-06",
    "price" : 5803.00,
    "dma50" : 5700.87,
    "dma100" : 5636.10,
    "dma200" : 5166.92,
    "volume" : 20543.00
  }, {
    "date" : "2026-02-09",
    "price" : 5881.50,
    "dma50" : 5707.96,
    "dma100" : 5643.02,
    "dma200" : 5174.03,
    "volume" : 38327.00
  }, {
    "date" : "2026-02-10",
    "price" : 5850.00,
    "dma50" : 5713.53,
    "dma100" : 5649.06,
    "dma200" : 5180.76,
    "volume" : 13718.00
  }, {
    "date" : "2026-02-11",
    "price" : 5835.50,
    "dma50" : 5718.31,
    "dma100" : 5654.77,
    "dma200" : 5187.27,
    "volume" : 10389.00
  }, {
    "date" : "2026-02-12",
    "price" : 5882.00,
    "dma50" : 5724.73,
    "dma100" : 5660.96,
    "dma200" : 5194.18,
    "volume" : 24669.00
  }, {
    "date" : "2026-02-13",
    "price" : 5792.00,
    "dma50" : 5727.37,
    "dma100" : 5666.57,
    "dma200" : 5200.13,
    "volume" : 44315.00
  }, {
    "date" : "2026-02-16",
    "price" : 5685.00,
    "dma50" : 5725.70,
    "dma100" : 5671.56,
    "dma200" : 5204.96,
    "volume" : 10307.00
  }, {
    "date" : "2026-02-17",
    "price" : 6202.00,
    "dma50" : 5744.38,
    "dma100" : 5682.23,
    "dma200" : 5214.88,
    "volume" : 68139.00
  }, {
    "date" : "2026-02-18",
    "price" : 6261.00,
    "dma50" : 5764.64,
    "dma100" : 5693.97,
    "dma200" : 5225.29,
    "volume" : 32017.00
  }, {
    "date" : "2026-02-19",
    "price" : 6156.50,
    "dma50" : 5780.01,
    "dma100" : 5704.88,
    "dma200" : 5234.55,
    "volume" : 14957.00
  }, {
    "date" : "2026-02-20",
    "price" : 6006.00,
    "dma50" : 5788.87,
    "dma100" : 5714.07,
    "dma200" : 5242.23,
    "volume" : 28341.00
  } ],
  "latestTechnicalAttributes" : {
    "date" : "2026-02-20",
    "price" : 6006.00,
    "dma50" : 5788.87,
    "dma100" : 5714.07,
    "dma200" : 5242.23,
    "volume" : 28341.00
  },
  "quarterlyResults" : [ {
    "date" : "2005-03-31",
    "sales" : 35.83,
    "salesGrowthYoY" : null,
    "grossProfitMargin" : 32.60,
    "grossProfit" : 11.68,
    "operatingProfitMargin" : 12.84,
    "operatingProfit" : 4.60,
    "netProfitMargin" : 7.31,
    "netProfit" : 2.62
  }, {
    "date" : "2005-06-30",
    "sales" : 24.57,
    "salesGrowthYoY" : null,
    "grossProfitMargin" : 32.93,
    "grossProfit" : 8.09,
    "operatingProfitMargin" : 7.49,
    "operatingProfit" : 1.84,
    "netProfitMargin" : 3.22,
    "netProfit" : 0.79
  }, {
    "date" : "2005-09-30",
    "sales" : 32.50,
    "salesGrowthYoY" : null,
    "grossProfitMargin" : 33.54,
    "grossProfit" : 10.90,
    "operatingProfitMargin" : 12.15,
    "operatingProfit" : 3.95,
    "netProfitMargin" : 5.54,
    "netProfit" : 1.80
  }, {
    "date" : "2005-12-31",
    "sales" : 32.88,
    "salesGrowthYoY" : null,
    "grossProfitMargin" : 34.00,
    "grossProfit" : 11.18,
    "operatingProfitMargin" : 10.37,
    "operatingProfit" : 3.41,
    "netProfitMargin" : 5.66,
    "netProfit" : 1.86
  }, {
    "date" : "2006-03-31",
    "sales" : 40.05,
    "salesGrowthYoY" : 11.78,
    "grossProfitMargin" : 34.28,
    "grossProfit" : 13.73,
    "operatingProfitMargin" : 13.71,
    "operatingProfit" : 5.49,
    "netProfitMargin" : 7.42,
    "netProfit" : 2.97
  }, {
    "date" : "2006-06-30",
    "sales" : 34.45,
    "salesGrowthYoY" : 40.21,
    "grossProfitMargin" : 32.57,
    "grossProfit" : 11.22,
    "operatingProfitMargin" : 11.47,
    "operatingProfit" : 3.95,
    "netProfitMargin" : 6.50,
    "netProfit" : 2.24
  }, {
    "date" : "2006-09-30",
    "sales" : 40.71,
    "salesGrowthYoY" : 25.26,
    "grossProfitMargin" : 35.30,
    "grossProfit" : 14.37,
    "operatingProfitMargin" : 11.27,
    "operatingProfit" : 4.59,
    "netProfitMargin" : 6.63,
    "netProfit" : 2.70
  }, {
    "date" : "2006-12-31",
    "sales" : 40.54,
    "salesGrowthYoY" : 23.30,
    "grossProfitMargin" : 35.74,
    "grossProfit" : 14.49,
    "operatingProfitMargin" : 14.75,
    "operatingProfit" : 5.98,
    "netProfitMargin" : 8.88,
    "netProfit" : 3.60
  }, {
    "date" : "2007-03-31",
    "sales" : 46.57,
    "salesGrowthYoY" : 16.28,
    "grossProfitMargin" : 38.09,
    "grossProfit" : 17.74,
    "operatingProfitMargin" : 13.59,
    "operatingProfit" : 6.33,
    "netProfitMargin" : 8.63,
    "netProfit" : 4.02
  }, {
    "date" : "2007-06-30",
    "sales" : 37.61,
    "salesGrowthYoY" : 9.17,
    "grossProfitMargin" : 34.27,
    "grossProfit" : 12.89,
    "operatingProfitMargin" : 11.51,
    "operatingProfit" : 4.33,
    "netProfitMargin" : 6.62,
    "netProfit" : 2.49
  }, {
    "date" : "2007-09-30",
    "sales" : 47.96,
    "salesGrowthYoY" : 17.81,
    "grossProfitMargin" : 34.34,
    "grossProfit" : 16.47,
    "operatingProfitMargin" : 12.43,
    "operatingProfit" : 5.96,
    "netProfitMargin" : 7.17,
    "netProfit" : 3.44
  }, {
    "date" : "2007-12-31",
    "sales" : 44.93,
    "salesGrowthYoY" : 10.83,
    "grossProfitMargin" : 34.70,
    "grossProfit" : 15.59,
    "operatingProfitMargin" : 12.33,
    "operatingProfit" : 5.54,
    "netProfitMargin" : 7.59,
    "netProfit" : 3.41
  }, {
    "date" : "2008-03-31",
    "sales" : 58.08,
    "salesGrowthYoY" : 24.72,
    "grossProfitMargin" : 34.18,
    "grossProfit" : 19.85,
    "operatingProfitMargin" : 12.17,
    "operatingProfit" : 7.07,
    "netProfitMargin" : 8.69,
    "netProfit" : 5.05
  }, {
    "date" : "2008-06-30",
    "sales" : 59.66,
    "salesGrowthYoY" : 58.63,
    "grossProfitMargin" : 28.96,
    "grossProfit" : 17.28,
    "operatingProfitMargin" : 10.81,
    "operatingProfit" : 6.45,
    "netProfitMargin" : 6.45,
    "netProfit" : 3.85
  }, {
    "date" : "2008-09-30",
    "sales" : 64.01,
    "salesGrowthYoY" : 33.47,
    "grossProfitMargin" : 34.53,
    "grossProfit" : 22.10,
    "operatingProfitMargin" : 15.83,
    "operatingProfit" : 10.13,
    "netProfitMargin" : 10.15,
    "netProfit" : 6.50
  }, {
    "date" : "2008-12-31",
    "sales" : 69.79,
    "salesGrowthYoY" : 55.33,
    "grossProfitMargin" : 34.47,
    "grossProfit" : 24.06,
    "operatingProfitMargin" : 18.28,
    "operatingProfit" : 12.76,
    "netProfitMargin" : 11.51,
    "netProfit" : 8.03
  }, {
    "date" : "2009-03-31",
    "sales" : 80.68,
    "salesGrowthYoY" : 38.91,
    "grossProfitMargin" : 33.06,
    "grossProfit" : 26.67,
    "operatingProfitMargin" : 16.51,
    "operatingProfit" : 13.32,
    "netProfitMargin" : 13.05,
    "netProfit" : 10.53
  }, {
    "date" : "2009-06-30",
    "sales" : 79.89,
    "salesGrowthYoY" : 33.91,
    "grossProfitMargin" : 34.97,
    "grossProfit" : 27.94,
    "operatingProfitMargin" : 18.90,
    "operatingProfit" : 15.10,
    "netProfitMargin" : 12.14,
    "netProfit" : 9.70
  }, {
    "date" : "2009-09-30",
    "sales" : 88.60,
    "salesGrowthYoY" : 38.42,
    "grossProfitMargin" : 33.52,
    "grossProfit" : 29.70,
    "operatingProfitMargin" : 17.45,
    "operatingProfit" : 15.46,
    "netProfitMargin" : 11.37,
    "netProfit" : 10.07
  }, {
    "date" : "2009-12-31",
    "sales" : 71.67,
    "salesGrowthYoY" : 2.69,
    "grossProfitMargin" : 34.18,
    "grossProfit" : 24.50,
    "operatingProfitMargin" : 16.21,
    "operatingProfit" : 11.62,
    "netProfitMargin" : 10.49,
    "netProfit" : 7.52
  }, {
    "date" : "2010-03-31",
    "sales" : 103.76,
    "salesGrowthYoY" : 28.61,
    "grossProfitMargin" : 34.09,
    "grossProfit" : 35.37,
    "operatingProfitMargin" : 18.71,
    "operatingProfit" : 19.41,
    "netProfitMargin" : 14.47,
    "netProfit" : 15.01
  }, {
    "date" : "2010-06-30",
    "sales" : 93.33,
    "salesGrowthYoY" : 16.82,
    "grossProfitMargin" : 32.85,
    "grossProfit" : 30.66,
    "operatingProfitMargin" : 16.59,
    "operatingProfit" : 15.48,
    "netProfitMargin" : 10.54,
    "netProfit" : 9.84
  }, {
    "date" : "2010-09-30",
    "sales" : 107.57,
    "salesGrowthYoY" : 21.41,
    "grossProfitMargin" : 33.39,
    "grossProfit" : 35.92,
    "operatingProfitMargin" : 16.77,
    "operatingProfit" : 18.04,
    "netProfitMargin" : 10.69,
    "netProfit" : 11.50
  }, {
    "date" : "2010-12-31",
    "sales" : 96.10,
    "salesGrowthYoY" : 34.09,
    "grossProfitMargin" : 33.68,
    "grossProfit" : 32.37,
    "operatingProfitMargin" : 16.68,
    "operatingProfit" : 16.03,
    "netProfitMargin" : 10.68,
    "netProfit" : 10.26
  }, {
    "date" : "2011-03-31",
    "sales" : 129.85,
    "salesGrowthYoY" : 25.14,
    "grossProfitMargin" : 31.44,
    "grossProfit" : 40.82,
    "operatingProfitMargin" : 15.46,
    "operatingProfit" : 20.07,
    "netProfitMargin" : 11.24,
    "netProfit" : 14.60
  }, {
    "date" : "2011-06-30",
    "sales" : 113.81,
    "salesGrowthYoY" : 21.94,
    "grossProfitMargin" : 30.45,
    "grossProfit" : 34.66,
    "operatingProfitMargin" : 15.04,
    "operatingProfit" : 17.12,
    "netProfitMargin" : 9.90,
    "netProfit" : 11.27
  }, {
    "date" : "2011-09-30",
    "sales" : 137.38,
    "salesGrowthYoY" : 27.71,
    "grossProfitMargin" : 28.38,
    "grossProfit" : 38.99,
    "operatingProfitMargin" : 13.15,
    "operatingProfit" : 18.07,
    "netProfitMargin" : 8.96,
    "netProfit" : 12.31
  }, {
    "date" : "2011-12-31",
    "sales" : 123.01,
    "salesGrowthYoY" : 28.00,
    "grossProfitMargin" : 28.42,
    "grossProfit" : 34.96,
    "operatingProfitMargin" : 13.10,
    "operatingProfit" : 16.11,
    "netProfitMargin" : 9.62,
    "netProfit" : 11.83
  }, {
    "date" : "2012-03-31",
    "sales" : 156.45,
    "salesGrowthYoY" : 20.49,
    "grossProfitMargin" : 27.80,
    "grossProfit" : 43.49,
    "operatingProfitMargin" : 13.72,
    "operatingProfit" : 21.46,
    "netProfitMargin" : 9.24,
    "netProfit" : 14.46
  }, {
    "date" : "2012-06-30",
    "sales" : 129.11,
    "salesGrowthYoY" : 13.44,
    "grossProfitMargin" : 31.09,
    "grossProfit" : 40.14,
    "operatingProfitMargin" : 16.30,
    "operatingProfit" : 21.04,
    "netProfitMargin" : 10.84,
    "netProfit" : 14.00
  }, {
    "date" : "2012-09-30",
    "sales" : 89.23,
    "salesGrowthYoY" : -35.05,
    "grossProfitMargin" : 32.49,
    "grossProfit" : 28.99,
    "operatingProfitMargin" : 11.44,
    "operatingProfit" : 10.21,
    "netProfitMargin" : 7.36,
    "netProfit" : 6.57
  }, {
    "date" : "2012-12-31",
    "sales" : 122.75,
    "salesGrowthYoY" : -0.21,
    "grossProfitMargin" : 30.67,
    "grossProfit" : 37.65,
    "operatingProfitMargin" : 15.93,
    "operatingProfit" : 19.55,
    "netProfitMargin" : 10.53,
    "netProfit" : 12.93
  }, {
    "date" : "2013-03-31",
    "sales" : 140.57,
    "salesGrowthYoY" : -10.15,
    "grossProfitMargin" : 32.01,
    "grossProfit" : 45.00,
    "operatingProfitMargin" : 15.20,
    "operatingProfit" : 21.37,
    "netProfitMargin" : 10.73,
    "netProfit" : 15.08
  }, {
    "date" : "2013-06-30",
    "sales" : 149.27,
    "salesGrowthYoY" : 15.61,
    "grossProfitMargin" : 32.92,
    "grossProfit" : 49.14,
    "operatingProfitMargin" : 17.90,
    "operatingProfit" : 26.72,
    "netProfitMargin" : 12.29,
    "netProfit" : 18.35
  }, {
    "date" : "2013-09-30",
    "sales" : 152.50,
    "salesGrowthYoY" : 70.91,
    "grossProfitMargin" : 33.01,
    "grossProfit" : 50.34,
    "operatingProfitMargin" : 17.78,
    "operatingProfit" : 27.11,
    "netProfitMargin" : 11.86,
    "netProfit" : 18.09
  }, {
    "date" : "2013-12-31",
    "sales" : 160.48,
    "salesGrowthYoY" : 30.74,
    "grossProfitMargin" : 33.60,
    "grossProfit" : 53.92,
    "operatingProfitMargin" : 19.14,
    "operatingProfit" : 30.72,
    "netProfitMargin" : 13.45,
    "netProfit" : 21.58
  }, {
    "date" : "2014-03-31",
    "sales" : 161.97,
    "salesGrowthYoY" : 15.22,
    "grossProfitMargin" : 36.89,
    "grossProfit" : 59.75,
    "operatingProfitMargin" : 21.23,
    "operatingProfit" : 34.39,
    "netProfitMargin" : 15.39,
    "netProfit" : 24.93
  }, {
    "date" : "2014-06-30",
    "sales" : 156.17,
    "salesGrowthYoY" : 4.62,
    "grossProfitMargin" : 35.44,
    "grossProfit" : 55.35,
    "operatingProfitMargin" : 17.76,
    "operatingProfit" : 27.74,
    "netProfitMargin" : 12.52,
    "netProfit" : 19.55
  }, {
    "date" : "2014-09-30",
    "sales" : 147.80,
    "salesGrowthYoY" : -3.08,
    "grossProfitMargin" : 36.53,
    "grossProfit" : 53.99,
    "operatingProfitMargin" : 19.22,
    "operatingProfit" : 28.41,
    "netProfitMargin" : 12.79,
    "netProfit" : 18.90
  }, {
    "date" : "2014-12-31",
    "sales" : 106.71,
    "salesGrowthYoY" : -33.51,
    "grossProfitMargin" : 36.04,
    "grossProfit" : 38.46,
    "operatingProfitMargin" : 17.25,
    "operatingProfit" : 18.41,
    "netProfitMargin" : 11.29,
    "netProfit" : 12.05
  }, {
    "date" : "2015-03-31",
    "sales" : 140.93,
    "salesGrowthYoY" : -12.99,
    "grossProfitMargin" : 33.12,
    "grossProfit" : 46.68,
    "operatingProfitMargin" : 18.22,
    "operatingProfit" : 25.68,
    "netProfitMargin" : 13.48,
    "netProfit" : 19.00
  }, {
    "date" : "2015-06-30",
    "sales" : 166.63,
    "salesGrowthYoY" : 6.70,
    "grossProfitMargin" : 34.39,
    "grossProfit" : 57.30,
    "operatingProfitMargin" : 18.96,
    "operatingProfit" : 31.59,
    "netProfitMargin" : 12.51,
    "netProfit" : 20.85
  }, {
    "date" : "2015-09-30",
    "sales" : 150.94,
    "salesGrowthYoY" : 2.12,
    "grossProfitMargin" : 36.96,
    "grossProfit" : 55.79,
    "operatingProfitMargin" : 16.55,
    "operatingProfit" : 24.98,
    "netProfitMargin" : 10.69,
    "netProfit" : 16.14
  }, {
    "date" : "2015-12-31",
    "sales" : 151.79,
    "salesGrowthYoY" : 42.25,
    "grossProfitMargin" : 35.93,
    "grossProfit" : 54.54,
    "operatingProfitMargin" : 17.68,
    "operatingProfit" : 26.84,
    "netProfitMargin" : 11.67,
    "netProfit" : 17.71
  }, {
    "date" : "2016-03-31",
    "sales" : 176.69,
    "salesGrowthYoY" : 25.37,
    "grossProfitMargin" : 32.42,
    "grossProfit" : 57.28,
    "operatingProfitMargin" : 16.32,
    "operatingProfit" : 28.84,
    "netProfitMargin" : 11.01,
    "netProfit" : 19.45
  }, {
    "date" : "2016-06-30",
    "sales" : 172.92,
    "salesGrowthYoY" : 3.77,
    "grossProfitMargin" : 33.85,
    "grossProfit" : 58.53,
    "operatingProfitMargin" : 15.69,
    "operatingProfit" : 27.13,
    "netProfitMargin" : 13.86,
    "netProfit" : 23.97
  }, {
    "date" : "2016-09-30",
    "sales" : 169.60,
    "salesGrowthYoY" : 12.36,
    "grossProfitMargin" : 34.82,
    "grossProfit" : 59.05,
    "operatingProfitMargin" : 15.35,
    "operatingProfit" : 26.03,
    "netProfitMargin" : 12.70,
    "netProfit" : 21.54
  }, {
    "date" : "2016-12-31",
    "sales" : 141.81,
    "salesGrowthYoY" : -6.57,
    "grossProfitMargin" : 34.71,
    "grossProfit" : 49.22,
    "operatingProfitMargin" : 13.28,
    "operatingProfit" : 18.83,
    "netProfitMargin" : 8.92,
    "netProfit" : 12.65
  }, {
    "date" : "2017-03-31",
    "sales" : 193.32,
    "salesGrowthYoY" : 9.41,
    "grossProfitMargin" : 33.59,
    "grossProfit" : 64.94,
    "operatingProfitMargin" : 15.11,
    "operatingProfit" : 29.21,
    "netProfitMargin" : 10.99,
    "netProfit" : 21.25
  }, {
    "date" : "2017-06-30",
    "sales" : 181.20,
    "salesGrowthYoY" : 4.79,
    "grossProfitMargin" : 33.65,
    "grossProfit" : 60.97,
    "operatingProfitMargin" : 13.54,
    "operatingProfit" : 24.53,
    "netProfitMargin" : 15.55,
    "netProfit" : 28.18
  }, {
    "date" : "2017-09-30",
    "sales" : 175.49,
    "salesGrowthYoY" : 3.47,
    "grossProfitMargin" : 34.61,
    "grossProfit" : 60.74,
    "operatingProfitMargin" : 13.88,
    "operatingProfit" : 24.36,
    "netProfitMargin" : 10.66,
    "netProfit" : 18.71
  }, {
    "date" : "2017-12-31",
    "sales" : 165.68,
    "salesGrowthYoY" : 16.83,
    "grossProfitMargin" : 38.77,
    "grossProfit" : 64.23,
    "operatingProfitMargin" : 17.48,
    "operatingProfit" : 28.96,
    "netProfitMargin" : 18.94,
    "netProfit" : 31.38
  }, {
    "date" : "2018-03-31",
    "sales" : 241.58,
    "salesGrowthYoY" : 24.96,
    "grossProfitMargin" : 34.88,
    "grossProfit" : 84.26,
    "operatingProfitMargin" : 17.25,
    "operatingProfit" : 41.67,
    "netProfitMargin" : 13.95,
    "netProfit" : 33.70
  }, {
    "date" : "2018-06-30",
    "sales" : 145.55,
    "salesGrowthYoY" : -19.67,
    "grossProfitMargin" : 37.69,
    "grossProfit" : 54.86,
    "operatingProfitMargin" : 12.64,
    "operatingProfit" : 18.40,
    "netProfitMargin" : 9.88,
    "netProfit" : 14.38
  }, {
    "date" : "2018-09-30",
    "sales" : 144.58,
    "salesGrowthYoY" : -17.61,
    "grossProfitMargin" : 34.56,
    "grossProfit" : 49.97,
    "operatingProfitMargin" : 1.92,
    "operatingProfit" : 2.78,
    "netProfitMargin" : 6.36,
    "netProfit" : 9.20
  }, {
    "date" : "2018-12-31",
    "sales" : 145.98,
    "salesGrowthYoY" : -11.89,
    "grossProfitMargin" : 34.92,
    "grossProfit" : 50.98,
    "operatingProfitMargin" : 9.18,
    "operatingProfit" : 13.40,
    "netProfitMargin" : 6.93,
    "netProfit" : 10.12
  }, {
    "date" : "2019-03-31",
    "sales" : 178.69,
    "salesGrowthYoY" : -26.03,
    "grossProfitMargin" : 29.48,
    "grossProfit" : 52.68,
    "operatingProfitMargin" : 6.28,
    "operatingProfit" : 11.22,
    "netProfitMargin" : 6.93,
    "netProfit" : 12.38
  }, {
    "date" : "2019-06-30",
    "sales" : 139.68,
    "salesGrowthYoY" : -4.03,
    "grossProfitMargin" : 35.23,
    "grossProfit" : 49.21,
    "operatingProfitMargin" : 10.26,
    "operatingProfit" : 14.33,
    "netProfitMargin" : 8.27,
    "netProfit" : 11.55
  }, {
    "date" : "2019-09-30",
    "sales" : 160.88,
    "salesGrowthYoY" : 11.27,
    "grossProfitMargin" : 26.14,
    "grossProfit" : 42.05,
    "operatingProfitMargin" : 2.56,
    "operatingProfit" : 4.12,
    "netProfitMargin" : 3.97,
    "netProfit" : 6.39
  }, {
    "date" : "2019-12-31",
    "sales" : 123.32,
    "salesGrowthYoY" : -15.52,
    "grossProfitMargin" : 29.91,
    "grossProfit" : 36.89,
    "operatingProfitMargin" : 4.12,
    "operatingProfit" : 5.08,
    "netProfitMargin" : 2.81,
    "netProfit" : 3.47
  }, {
    "date" : "2020-03-31",
    "sales" : 119.80,
    "salesGrowthYoY" : -32.96,
    "grossProfitMargin" : 32.87,
    "grossProfit" : 39.38,
    "operatingProfitMargin" : -5.39,
    "operatingProfit" : -6.46,
    "netProfitMargin" : -2.82,
    "netProfit" : -3.38
  }, {
    "date" : "2020-06-30",
    "sales" : 146.24,
    "salesGrowthYoY" : 4.70,
    "grossProfitMargin" : 32.99,
    "grossProfit" : 48.24,
    "operatingProfitMargin" : 11.18,
    "operatingProfit" : 16.35,
    "netProfitMargin" : 11.67,
    "netProfit" : 17.07
  }, {
    "date" : "2020-09-30",
    "sales" : 220.39,
    "salesGrowthYoY" : 36.99,
    "grossProfitMargin" : 34.38,
    "grossProfit" : 75.77,
    "operatingProfitMargin" : 17.12,
    "operatingProfit" : 37.73,
    "netProfitMargin" : 13.59,
    "netProfit" : 29.95
  }, {
    "date" : "2020-12-31",
    "sales" : 202.87,
    "salesGrowthYoY" : 64.51,
    "grossProfitMargin" : 33.99,
    "grossProfit" : 68.96,
    "operatingProfitMargin" : 14.71,
    "operatingProfit" : 29.84,
    "netProfitMargin" : 15.20,
    "netProfit" : 30.84
  }, {
    "date" : "2021-03-31",
    "sales" : 194.74,
    "salesGrowthYoY" : 62.55,
    "grossProfitMargin" : 31.78,
    "grossProfit" : 61.89,
    "operatingProfitMargin" : 4.02,
    "operatingProfit" : 7.83,
    "netProfitMargin" : 6.64,
    "netProfit" : 12.93
  }, {
    "date" : "2021-06-30",
    "sales" : 193.60,
    "salesGrowthYoY" : 32.39,
    "grossProfitMargin" : 30.78,
    "grossProfit" : 59.59,
    "operatingProfitMargin" : 13.11,
    "operatingProfit" : 25.38,
    "netProfitMargin" : 12.40,
    "netProfit" : 24.01
  }, {
    "date" : "2021-09-30",
    "sales" : 233.46,
    "salesGrowthYoY" : 5.93,
    "grossProfitMargin" : 34.11,
    "grossProfit" : 79.63,
    "operatingProfitMargin" : 16.44,
    "operatingProfit" : 38.38,
    "netProfitMargin" : 13.77,
    "netProfit" : 32.15
  }, {
    "date" : "2021-12-31",
    "sales" : 208.44,
    "salesGrowthYoY" : 2.75,
    "grossProfitMargin" : 32.33,
    "grossProfit" : 67.39,
    "operatingProfitMargin" : 14.53,
    "operatingProfit" : 30.29,
    "netProfitMargin" : 10.10,
    "netProfit" : 21.05
  }, {
    "date" : "2022-03-31",
    "sales" : 218.36,
    "salesGrowthYoY" : 12.13,
    "grossProfitMargin" : 31.65,
    "grossProfit" : 69.11,
    "operatingProfitMargin" : 13.81,
    "operatingProfit" : 30.16,
    "netProfitMargin" : 10.12,
    "netProfit" : 22.10
  }, {
    "date" : "2022-06-30",
    "sales" : 235.98,
    "salesGrowthYoY" : 21.89,
    "grossProfitMargin" : 27.38,
    "grossProfit" : 64.61,
    "operatingProfitMargin" : 7.21,
    "operatingProfit" : 17.01,
    "netProfitMargin" : 4.26,
    "netProfit" : 10.05
  }, {
    "date" : "2022-09-30",
    "sales" : 234.15,
    "salesGrowthYoY" : 0.30,
    "grossProfitMargin" : 29.10,
    "grossProfit" : 68.14,
    "operatingProfitMargin" : 13.80,
    "operatingProfit" : 32.31,
    "netProfitMargin" : 9.71,
    "netProfit" : 22.74
  }, {
    "date" : "2022-12-31",
    "sales" : 213.69,
    "salesGrowthYoY" : 2.52,
    "grossProfitMargin" : 31.08,
    "grossProfit" : 66.41,
    "operatingProfitMargin" : 10.91,
    "operatingProfit" : 23.31,
    "netProfitMargin" : 9.09,
    "netProfit" : 19.42
  }, {
    "date" : "2023-03-31",
    "sales" : 322.61,
    "salesGrowthYoY" : 47.74,
    "grossProfitMargin" : 31.80,
    "grossProfit" : 102.59,
    "operatingProfitMargin" : 16.91,
    "operatingProfit" : 54.55,
    "netProfitMargin" : 12.45,
    "netProfit" : 40.16
  }, {
    "date" : "2023-06-30",
    "sales" : 246.14,
    "salesGrowthYoY" : 4.31,
    "grossProfitMargin" : 31.61,
    "grossProfit" : 77.80,
    "operatingProfitMargin" : 12.88,
    "operatingProfit" : 31.70,
    "netProfitMargin" : 13.40,
    "netProfit" : 32.98
  }, {
    "date" : "2023-09-30",
    "sales" : 278.51,
    "salesGrowthYoY" : 18.95,
    "grossProfitMargin" : 32.72,
    "grossProfit" : 91.13,
    "operatingProfitMargin" : 15.48,
    "operatingProfit" : 43.11,
    "netProfitMargin" : 13.09,
    "netProfit" : 36.46
  }, {
    "date" : "2023-12-31",
    "sales" : 169.96,
    "salesGrowthYoY" : -20.46,
    "grossProfitMargin" : 30.87,
    "grossProfit" : 52.47,
    "operatingProfitMargin" : 5.61,
    "operatingProfit" : 9.53,
    "netProfitMargin" : 9.97,
    "netProfit" : 16.95
  }, {
    "date" : "2024-03-31",
    "sales" : 273.44,
    "salesGrowthYoY" : -15.24,
    "grossProfitMargin" : 32.60,
    "grossProfit" : 89.14,
    "operatingProfitMargin" : 14.57,
    "operatingProfit" : 39.84,
    "netProfitMargin" : 12.84,
    "netProfit" : 35.11
  }, {
    "date" : "2024-06-30",
    "sales" : 190.59,
    "salesGrowthYoY" : -22.57,
    "grossProfitMargin" : 31.90,
    "grossProfit" : 60.80,
    "operatingProfitMargin" : 7.02,
    "operatingProfit" : 13.38,
    "netProfitMargin" : 11.99,
    "netProfit" : 22.85
  }, {
    "date" : "2024-09-30",
    "sales" : 283.43,
    "salesGrowthYoY" : 1.77,
    "grossProfitMargin" : 31.92,
    "grossProfit" : 90.47,
    "operatingProfitMargin" : 13.33,
    "operatingProfit" : 37.78,
    "netProfitMargin" : 15.85,
    "netProfit" : 44.92
  }, {
    "date" : "2024-12-31",
    "sales" : 219.10,
    "salesGrowthYoY" : 28.91,
    "grossProfitMargin" : 30.70,
    "grossProfit" : 67.26,
    "operatingProfitMargin" : 8.92,
    "operatingProfit" : 19.54,
    "netProfitMargin" : 0.78,
    "netProfit" : 1.71
  }, {
    "date" : "2025-03-31",
    "sales" : 301.43,
    "salesGrowthYoY" : 10.24,
    "grossProfitMargin" : 30.69,
    "grossProfit" : 92.51,
    "operatingProfitMargin" : 13.39,
    "operatingProfit" : 40.36,
    "netProfitMargin" : 8.29,
    "netProfit" : 24.99
  }, {
    "date" : "2025-06-30",
    "sales" : 282.45,
    "salesGrowthYoY" : 48.20,
    "grossProfitMargin" : 32.42,
    "grossProfit" : 91.57,
    "operatingProfitMargin" : 13.28,
    "operatingProfit" : 37.51,
    "netProfitMargin" : 15.78,
    "netProfit" : 44.57
  }, {
    "date" : "2025-09-30",
    "sales" : 315.15,
    "salesGrowthYoY" : 11.19,
    "grossProfitMargin" : 30.83,
    "grossProfit" : 97.16,
    "operatingProfitMargin" : 12.98,
    "operatingProfit" : 40.91,
    "netProfitMargin" : 8.07,
    "netProfit" : 25.43
  }, {
    "date" : "2025-12-31",
    "sales" : 314.30,
    "salesGrowthYoY" : 43.45,
    "grossProfitMargin" : 30.92,
    "grossProfit" : 97.18,
    "operatingProfitMargin" : 12.95,
    "operatingProfit" : 40.70,
    "netProfitMargin" : 9.77,
    "netProfit" : 30.71
  } ],
  "latestQuarterlyResult" : {
    "date" : "2025-12-31",
    "sales" : 314.30,
    "salesGrowthYoY" : 43.45,
    "grossProfitMargin" : 30.92,
    "grossProfit" : 97.18,
    "operatingProfitMargin" : 12.95,
    "operatingProfit" : 40.70,
    "netProfitMargin" : 9.77,
    "netProfit" : 30.71
  },
  "companyScore" : {
    "priceHigherThanDma50" : 5.00,
    "priceHigherThanDma100" : 5.00,
    "priceHigherThanDma200" : 5.00,
    "dma50HigherThanDma100" : 5.00,
    "dma50HigherThanDma200" : 5.00,
    "dma100HigherThanDma200" : 5.00,
    "pricePercentageAboveDma50" : 4.81,
    "pricePercentageAboveDma100" : 4.74,
    "pricePercentageAboveDma200" : 4.27,
    "weeklyVolumeHigherThanYearlyVolume" : 5.00,
    "salesGrowthPercentile" : 18.25,
    "operatingProfitMarginPercentile" : 13.78,
    "netProfitMarginPercentile" : 5.79,
    "totalTechnicalScore" : 48.83,
    "totalFundamentalScore" : 37.81,
    "totalScore" : 86.64
  }
}