{
  "metadata" : {
    "screenerCompanyId" : "3742",
    "companyCode" : "WELENT",
    "companyName" : "Welspun Enterp",
    "screenerCompanyLink" : "https://www.screener.in/company/WELENT/consolidated/",
    "screenerTechnicalHistoryLink" : "https://www.screener.in/api/company/3742/chart/?q=Price-DMA50-DMA200-Volume&days=365",
    "screenerQuarterlyResultsLink" : "https://www.screener.in/api/company/3742/chart/?q=GPM-OPM-NPM-Quarter+Sales&days=10000",
    "attributes" : {
      "companyCode" : "WELENT",
      "companyName" : "Welspun Enterp",
      "marketCap" : 6926.00,
      "peRatio" : 18.90,
      "description" : "Welspun Enterprises Limited (WEL) , formerly known as Welspun Projects Ltd., is a part of the USD 2.7 billion Welspun Group. The Company operates in the infrastructure space with investments in oil & gas. In the infrastructure space, WEL is focused on the road and water sectors. While the Company’s main focus is on Hybrid Annuity Model (HAM) projects as a developer, it also takes up value accretive projects in the BOT-Toll and EPC space. [1]"
    },
    "companyScore" : {
      "priceHigherThanDma50" : 0.00,
      "priceHigherThanDma100" : 0.00,
      "priceHigherThanDma200" : 0.00,
      "dma50HigherThanDma100" : 5.00,
      "dma50HigherThanDma200" : 5.00,
      "dma100HigherThanDma200" : 0.00,
      "pricePercentageAboveDma50" : 5.24,
      "pricePercentageAboveDma100" : 5.13,
      "pricePercentageAboveDma200" : 5.14,
      "weeklyVolumeHigherThanYearlyVolume" : 0.00,
      "salesGrowthPercentile" : 5.82,
      "operatingProfitMarginPercentile" : 17.12,
      "netProfitMarginPercentile" : 8.43,
      "totalTechnicalScore" : 25.51,
      "totalFundamentalScore" : 31.38,
      "totalScore" : 56.88
    }
  },
  "attributes" : {
    "companyCode" : "WELENT",
    "companyName" : "Welspun Enterp",
    "marketCap" : 6926.00,
    "peRatio" : 18.90,
    "description" : "Welspun Enterprises Limited (WEL) , formerly known as Welspun Projects Ltd., is a part of the USD 2.7 billion Welspun Group. The Company operates in the infrastructure space with investments in oil & gas. In the infrastructure space, WEL is focused on the road and water sectors. While the Company’s main focus is on Hybrid Annuity Model (HAM) projects as a developer, it also takes up value accretive projects in the BOT-Toll and EPC space. [1]"
  },
  "technicalHistory" : [ {
    "date" : "2024-12-19",
    "price" : 587.80,
    "dma50" : 538.15,
    "dma100" : null,
    "dma200" : 477.50,
    "volume" : 212554.00
  }, {
    "date" : "2024-12-20",
    "price" : 575.95,
    "dma50" : 539.63,
    "dma100" : null,
    "dma200" : 478.48,
    "volume" : 243971.00
  }, {
    "date" : "2024-12-23",
    "price" : 571.25,
    "dma50" : 540.87,
    "dma100" : null,
    "dma200" : 479.41,
    "volume" : 195172.00
  }, {
    "date" : "2024-12-24",
    "price" : 589.85,
    "dma50" : 542.79,
    "dma100" : null,
    "dma200" : 480.50,
    "volume" : 276015.00
  }, {
    "date" : "2024-12-26",
    "price" : 598.40,
    "dma50" : 544.97,
    "dma100" : null,
    "dma200" : 481.68,
    "volume" : 1095896.00
  }, {
    "date" : "2024-12-27",
    "price" : 600.30,
    "dma50" : 547.14,
    "dma100" : null,
    "dma200" : 482.86,
    "volume" : 998665.00
  }, {
    "date" : "2024-12-30",
    "price" : 599.55,
    "dma50" : 549.19,
    "dma100" : null,
    "dma200" : 484.02,
    "volume" : 662447.00
  }, {
    "date" : "2024-12-31",
    "price" : 614.35,
    "dma50" : 551.75,
    "dma100" : null,
    "dma200" : 485.32,
    "volume" : 360959.00
  }, {
    "date" : "2025-01-01",
    "price" : 601.05,
    "dma50" : 553.68,
    "dma100" : null,
    "dma200" : 486.47,
    "volume" : 173378.00
  }, {
    "date" : "2025-01-02",
    "price" : 643.50,
    "dma50" : 557.21,
    "dma100" : null,
    "dma200" : 488.03,
    "volume" : 927358.00
  }, {
    "date" : "2025-01-03",
    "price" : 639.25,
    "dma50" : 560.42,
    "dma100" : null,
    "dma200" : 489.53,
    "volume" : 312286.00
  }, {
    "date" : "2025-01-06",
    "price" : 610.15,
    "dma50" : 562.37,
    "dma100" : null,
    "dma200" : 490.73,
    "volume" : 392148.00
  }, {
    "date" : "2025-01-07",
    "price" : 651.20,
    "dma50" : 565.86,
    "dma100" : null,
    "dma200" : 492.33,
    "volume" : 425778.00
  }, {
    "date" : "2025-01-08",
    "price" : 646.90,
    "dma50" : 569.03,
    "dma100" : null,
    "dma200" : 493.87,
    "volume" : 345152.00
  }, {
    "date" : "2025-01-09",
    "price" : 638.75,
    "dma50" : 571.77,
    "dma100" : null,
    "dma200" : 495.31,
    "volume" : 184378.00
  }, {
    "date" : "2025-01-10",
    "price" : 604.25,
    "dma50" : 573.04,
    "dma100" : null,
    "dma200" : 496.39,
    "volume" : 263291.00
  }, {
    "date" : "2025-01-13",
    "price" : 600.05,
    "dma50" : 574.10,
    "dma100" : null,
    "dma200" : 497.43,
    "volume" : 560904.00
  }, {
    "date" : "2025-01-14",
    "price" : 605.45,
    "dma50" : 575.33,
    "dma100" : null,
    "dma200" : 498.50,
    "volume" : 209385.00
  }, {
    "date" : "2025-01-15",
    "price" : 605.90,
    "dma50" : 576.53,
    "dma100" : null,
    "dma200" : 499.57,
    "volume" : 185410.00
  }, {
    "date" : "2025-01-16",
    "price" : 607.45,
    "dma50" : 577.74,
    "dma100" : null,
    "dma200" : 500.64,
    "volume" : 141366.00
  }, {
    "date" : "2025-01-17",
    "price" : 612.70,
    "dma50" : 579.11,
    "dma100" : null,
    "dma200" : 501.76,
    "volume" : 100130.00
  }, {
    "date" : "2025-01-20",
    "price" : 607.75,
    "dma50" : 580.24,
    "dma100" : null,
    "dma200" : 502.81,
    "volume" : 114018.00
  }, {
    "date" : "2025-01-21",
    "price" : 593.50,
    "dma50" : 580.76,
    "dma100" : null,
    "dma200" : 503.72,
    "volume" : 344149.00
  }, {
    "date" : "2025-01-22",
    "price" : 598.85,
    "dma50" : 581.47,
    "dma100" : null,
    "dma200" : 504.66,
    "volume" : 498516.00
  }, {
    "date" : "2025-01-23",
    "price" : 602.75,
    "dma50" : 582.30,
    "dma100" : null,
    "dma200" : 505.64,
    "volume" : 120593.00
  }, {
    "date" : "2025-01-24",
    "price" : 591.05,
    "dma50" : 582.64,
    "dma100" : null,
    "dma200" : 506.49,
    "volume" : 227611.00
  }, {
    "date" : "2025-01-27",
    "price" : 596.50,
    "dma50" : 583.19,
    "dma100" : null,
    "dma200" : 507.38,
    "volume" : 565740.00
  }, {
    "date" : "2025-01-28",
    "price" : 598.80,
    "dma50" : 583.80,
    "dma100" : null,
    "dma200" : 508.29,
    "volume" : 1059816.00
  }, {
    "date" : "2025-01-29",
    "price" : 622.45,
    "dma50" : 585.31,
    "dma100" : null,
    "dma200" : 509.43,
    "volume" : 393951.00
  }, {
    "date" : "2025-01-30",
    "price" : 601.50,
    "dma50" : 585.95,
    "dma100" : null,
    "dma200" : 510.34,
    "volume" : 280696.00
  }, {
    "date" : "2025-01-31",
    "price" : 603.75,
    "dma50" : 586.65,
    "dma100" : null,
    "dma200" : 511.27,
    "volume" : 210900.00
  }, {
    "date" : "2025-02-01",
    "price" : 603.15,
    "dma50" : 587.29,
    "dma100" : null,
    "dma200" : 512.19,
    "volume" : 286046.00
  }, {
    "date" : "2025-02-03",
    "price" : 601.45,
    "dma50" : 587.85,
    "dma100" : null,
    "dma200" : 513.08,
    "volume" : 314724.00
  }, {
    "date" : "2025-02-04",
    "price" : 584.95,
    "dma50" : 587.74,
    "dma100" : null,
    "dma200" : 513.79,
    "volume" : 3021979.00
  }, {
    "date" : "2025-02-05",
    "price" : 578.20,
    "dma50" : 587.36,
    "dma100" : null,
    "dma200" : 514.43,
    "volume" : 1298565.00
  }, {
    "date" : "2025-02-06",
    "price" : 579.85,
    "dma50" : 587.07,
    "dma100" : null,
    "dma200" : 515.08,
    "volume" : 619756.00
  }, {
    "date" : "2025-02-07",
    "price" : 580.60,
    "dma50" : 586.81,
    "dma100" : null,
    "dma200" : 515.74,
    "volume" : 210694.00
  }, {
    "date" : "2025-02-10",
    "price" : 560.20,
    "dma50" : 585.77,
    "dma100" : null,
    "dma200" : 516.18,
    "volume" : 948493.00
  }, {
    "date" : "2025-02-11",
    "price" : 559.95,
    "dma50" : 584.76,
    "dma100" : null,
    "dma200" : 516.61,
    "volume" : 379255.00
  }, {
    "date" : "2025-02-12",
    "price" : 545.40,
    "dma50" : 583.21,
    "dma100" : null,
    "dma200" : 516.90,
    "volume" : 248457.00
  }, {
    "date" : "2025-02-13",
    "price" : 529.00,
    "dma50" : 581.09,
    "dma100" : null,
    "dma200" : 517.02,
    "volume" : 139164.00
  }, {
    "date" : "2025-02-14",
    "price" : 494.65,
    "dma50" : 577.70,
    "dma100" : null,
    "dma200" : 516.80,
    "volume" : 308036.00
  }, {
    "date" : "2025-02-17",
    "price" : 490.10,
    "dma50" : 574.26,
    "dma100" : null,
    "dma200" : 516.53,
    "volume" : 268055.00
  }, {
    "date" : "2025-02-18",
    "price" : 453.60,
    "dma50" : 569.53,
    "dma100" : null,
    "dma200" : 515.91,
    "volume" : 1558354.00
  }, {
    "date" : "2025-02-19",
    "price" : 464.00,
    "dma50" : 565.39,
    "dma100" : null,
    "dma200" : 515.39,
    "volume" : 673991.00
  }, {
    "date" : "2025-02-20",
    "price" : 469.20,
    "dma50" : 561.62,
    "dma100" : null,
    "dma200" : 514.93,
    "volume" : 168422.00
  }, {
    "date" : "2025-02-21",
    "price" : 461.75,
    "dma50" : 557.70,
    "dma100" : null,
    "dma200" : 514.40,
    "volume" : 251474.00
  }, {
    "date" : "2025-02-24",
    "price" : 435.50,
    "dma50" : 552.91,
    "dma100" : null,
    "dma200" : 513.62,
    "volume" : 342408.00
  }, {
    "date" : "2025-02-25",
    "price" : 424.85,
    "dma50" : 547.89,
    "dma100" : null,
    "dma200" : 512.73,
    "volume" : 291033.00
  }, {
    "date" : "2025-02-27",
    "price" : 420.05,
    "dma50" : 542.88,
    "dma100" : null,
    "dma200" : 511.81,
    "volume" : 427559.00
  }, {
    "date" : "2025-02-28",
    "price" : 417.40,
    "dma50" : 537.96,
    "dma100" : null,
    "dma200" : 510.87,
    "volume" : 303241.00
  }, {
    "date" : "2025-03-03",
    "price" : 418.85,
    "dma50" : 533.29,
    "dma100" : null,
    "dma200" : 509.96,
    "volume" : 342003.00
  }, {
    "date" : "2025-03-04",
    "price" : 426.20,
    "dma50" : 529.09,
    "dma100" : null,
    "dma200" : 509.12,
    "volume" : 195753.00
  }, {
    "date" : "2025-03-05",
    "price" : 444.65,
    "dma50" : 525.77,
    "dma100" : null,
    "dma200" : 508.48,
    "volume" : 130008.00
  }, {
    "date" : "2025-03-06",
    "price" : 444.40,
    "dma50" : 522.58,
    "dma100" : null,
    "dma200" : 507.84,
    "volume" : 157627.00
  }, {
    "date" : "2025-03-07",
    "price" : 440.50,
    "dma50" : 519.36,
    "dma100" : null,
    "dma200" : 507.17,
    "volume" : 159025.00
  }, {
    "date" : "2025-03-10",
    "price" : 426.55,
    "dma50" : 515.72,
    "dma100" : null,
    "dma200" : 506.37,
    "volume" : 145852.00
  }, {
    "date" : "2025-03-11",
    "price" : 426.95,
    "dma50" : 512.24,
    "dma100" : null,
    "dma200" : 505.58,
    "volume" : 123362.00
  }, {
    "date" : "2025-03-12",
    "price" : 447.95,
    "dma50" : 509.72,
    "dma100" : null,
    "dma200" : 505.01,
    "volume" : 304215.00
  }, {
    "date" : "2025-03-13",
    "price" : 453.20,
    "dma50" : 507.51,
    "dma100" : null,
    "dma200" : 504.49,
    "volume" : 327507.00
  }, {
    "date" : "2025-03-17",
    "price" : 444.20,
    "dma50" : 505.02,
    "dma100" : null,
    "dma200" : 503.89,
    "volume" : 164286.00
  }, {
    "date" : "2025-03-18",
    "price" : 458.45,
    "dma50" : 503.20,
    "dma100" : null,
    "dma200" : 503.44,
    "volume" : 173646.00
  }, {
    "date" : "2025-03-19",
    "price" : 473.50,
    "dma50" : 502.03,
    "dma100" : null,
    "dma200" : 503.14,
    "volume" : 149038.00
  }, {
    "date" : "2025-03-20",
    "price" : 486.10,
    "dma50" : 501.41,
    "dma100" : null,
    "dma200" : 502.97,
    "volume" : 307825.00
  }, {
    "date" : "2025-03-21",
    "price" : 499.50,
    "dma50" : 501.33,
    "dma100" : null,
    "dma200" : 502.94,
    "volume" : 178757.00
  }, {
    "date" : "2025-03-24",
    "price" : 519.20,
    "dma50" : 502.03,
    "dma100" : null,
    "dma200" : 503.10,
    "volume" : 366462.00
  }, {
    "date" : "2025-03-25",
    "price" : 508.20,
    "dma50" : 502.27,
    "dma100" : null,
    "dma200" : 503.15,
    "volume" : 165109.00
  }, {
    "date" : "2025-03-26",
    "price" : 501.10,
    "dma50" : 502.23,
    "dma100" : null,
    "dma200" : 503.13,
    "volume" : 293744.00
  }, {
    "date" : "2025-03-27",
    "price" : 506.10,
    "dma50" : 502.38,
    "dma100" : null,
    "dma200" : 503.16,
    "volume" : 170176.00
  }, {
    "date" : "2025-03-28",
    "price" : 483.15,
    "dma50" : 501.63,
    "dma100" : null,
    "dma200" : 502.96,
    "volume" : 225528.00
  }, {
    "date" : "2025-04-01",
    "price" : 500.35,
    "dma50" : 501.58,
    "dma100" : null,
    "dma200" : 502.93,
    "volume" : 144868.00
  }, {
    "date" : "2025-04-02",
    "price" : 500.70,
    "dma50" : 501.54,
    "dma100" : null,
    "dma200" : 502.91,
    "volume" : 61337.00
  }, {
    "date" : "2025-04-03",
    "price" : 507.20,
    "dma50" : 501.76,
    "dma100" : null,
    "dma200" : 502.95,
    "volume" : 86515.00
  }, {
    "date" : "2025-04-04",
    "price" : 489.80,
    "dma50" : 501.29,
    "dma100" : null,
    "dma200" : 502.82,
    "volume" : 125128.00
  }, {
    "date" : "2025-04-07",
    "price" : 463.95,
    "dma50" : 499.83,
    "dma100" : null,
    "dma200" : 502.44,
    "volume" : 215866.00
  }, {
    "date" : "2025-04-08",
    "price" : 473.20,
    "dma50" : 498.79,
    "dma100" : null,
    "dma200" : 502.15,
    "volume" : 89314.00
  }, {
    "date" : "2025-04-09",
    "price" : 473.10,
    "dma50" : 497.78,
    "dma100" : null,
    "dma200" : 501.86,
    "volume" : 70862.00
  }, {
    "date" : "2025-04-11",
    "price" : 488.40,
    "dma50" : 497.41,
    "dma100" : null,
    "dma200" : 501.72,
    "volume" : 162673.00
  }, {
    "date" : "2025-04-15",
    "price" : 505.60,
    "dma50" : 497.73,
    "dma100" : null,
    "dma200" : 501.76,
    "volume" : 92768.00
  }, {
    "date" : "2025-04-16",
    "price" : 511.55,
    "dma50" : 498.27,
    "dma100" : null,
    "dma200" : 501.86,
    "volume" : 82512.00
  }, {
    "date" : "2025-04-17",
    "price" : 507.00,
    "dma50" : 498.62,
    "dma100" : null,
    "dma200" : 501.91,
    "volume" : 108794.00
  }, {
    "date" : "2025-04-21",
    "price" : 511.75,
    "dma50" : 499.13,
    "dma100" : null,
    "dma200" : 502.01,
    "volume" : 84451.00
  }, {
    "date" : "2025-04-22",
    "price" : 510.10,
    "dma50" : 499.56,
    "dma100" : null,
    "dma200" : 502.09,
    "volume" : 59264.00
  }, {
    "date" : "2025-04-23",
    "price" : 499.35,
    "dma50" : 499.55,
    "dma100" : null,
    "dma200" : 502.06,
    "volume" : 119957.00
  }, {
    "date" : "2025-04-24",
    "price" : 509.80,
    "dma50" : 499.95,
    "dma100" : null,
    "dma200" : 502.14,
    "volume" : 256182.00
  }, {
    "date" : "2025-04-25",
    "price" : 501.40,
    "dma50" : 500.01,
    "dma100" : null,
    "dma200" : 502.13,
    "volume" : 152883.00
  }, {
    "date" : "2025-04-28",
    "price" : 493.25,
    "dma50" : 499.75,
    "dma100" : null,
    "dma200" : 502.04,
    "volume" : 88514.00
  }, {
    "date" : "2025-04-29",
    "price" : 498.65,
    "dma50" : 499.70,
    "dma100" : null,
    "dma200" : 502.01,
    "volume" : 62345.00
  }, {
    "date" : "2025-04-30",
    "price" : 476.20,
    "dma50" : 498.78,
    "dma100" : null,
    "dma200" : 501.75,
    "volume" : 172503.00
  }, {
    "date" : "2025-05-02",
    "price" : 470.80,
    "dma50" : 497.68,
    "dma100" : null,
    "dma200" : 501.44,
    "volume" : 119747.00
  }, {
    "date" : "2025-05-05",
    "price" : 489.00,
    "dma50" : 497.34,
    "dma100" : null,
    "dma200" : 501.32,
    "volume" : 71048.00
  }, {
    "date" : "2025-05-06",
    "price" : 483.50,
    "dma50" : 496.80,
    "dma100" : null,
    "dma200" : 501.14,
    "volume" : 115214.00
  }, {
    "date" : "2025-05-07",
    "price" : 483.85,
    "dma50" : 496.29,
    "dma100" : null,
    "dma200" : 500.97,
    "volume" : 217507.00
  }, {
    "date" : "2025-05-08",
    "price" : 486.35,
    "dma50" : 495.90,
    "dma100" : null,
    "dma200" : 500.83,
    "volume" : 102776.00
  }, {
    "date" : "2025-05-09",
    "price" : 471.55,
    "dma50" : 494.95,
    "dma100" : null,
    "dma200" : 500.53,
    "volume" : 179411.00
  }, {
    "date" : "2025-05-12",
    "price" : 499.95,
    "dma50" : 495.14,
    "dma100" : null,
    "dma200" : 500.53,
    "volume" : 188821.00
  }, {
    "date" : "2025-05-13",
    "price" : 494.45,
    "dma50" : 495.12,
    "dma100" : null,
    "dma200" : 500.47,
    "volume" : 76349.00
  }, {
    "date" : "2025-05-14",
    "price" : 492.65,
    "dma50" : 495.02,
    "dma100" : null,
    "dma200" : 500.39,
    "volume" : 123937.00
  }, {
    "date" : "2025-05-15",
    "price" : 494.55,
    "dma50" : 495.00,
    "dma100" : null,
    "dma200" : 500.33,
    "volume" : 1135869.00
  }, {
    "date" : "2025-05-16",
    "price" : 517.55,
    "dma50" : 495.89,
    "dma100" : null,
    "dma200" : 500.50,
    "volume" : 757602.00
  }, {
    "date" : "2025-05-19",
    "price" : 516.70,
    "dma50" : 496.70,
    "dma100" : 526.18,
    "dma200" : 500.66,
    "volume" : 542277.00
  }, {
    "date" : "2025-05-20",
    "price" : 487.65,
    "dma50" : 496.35,
    "dma100" : 525.30,
    "dma200" : 500.53,
    "volume" : 556355.00
  }, {
    "date" : "2025-05-21",
    "price" : 484.15,
    "dma50" : 495.87,
    "dma100" : 524.43,
    "dma200" : 500.37,
    "volume" : 218631.00
  }, {
    "date" : "2025-05-22",
    "price" : 472.30,
    "dma50" : 494.94,
    "dma100" : 523.25,
    "dma200" : 500.09,
    "volume" : 383317.00
  }, {
    "date" : "2025-05-23",
    "price" : 489.65,
    "dma50" : 494.74,
    "dma100" : 522.16,
    "dma200" : 499.99,
    "volume" : 484366.00
  }, {
    "date" : "2025-05-26",
    "price" : 485.60,
    "dma50" : 494.38,
    "dma100" : 521.02,
    "dma200" : 499.85,
    "volume" : 130121.00
  }, {
    "date" : "2025-05-27",
    "price" : 504.55,
    "dma50" : 494.78,
    "dma100" : 520.07,
    "dma200" : 499.89,
    "volume" : 451759.00
  }, {
    "date" : "2025-05-28",
    "price" : 489.15,
    "dma50" : 494.56,
    "dma100" : 518.81,
    "dma200" : 499.79,
    "volume" : 221971.00
  }, {
    "date" : "2025-05-29",
    "price" : 492.05,
    "dma50" : 494.46,
    "dma100" : 517.72,
    "dma200" : 499.71,
    "volume" : 270982.00
  }, {
    "date" : "2025-05-30",
    "price" : 504.65,
    "dma50" : 494.86,
    "dma100" : 516.34,
    "dma200" : 499.76,
    "volume" : 269673.00
  }, {
    "date" : "2025-06-02",
    "price" : 501.80,
    "dma50" : 495.13,
    "dma100" : 514.96,
    "dma200" : 499.78,
    "volume" : 196965.00
  }, {
    "date" : "2025-06-03",
    "price" : 496.40,
    "dma50" : 495.18,
    "dma100" : 513.82,
    "dma200" : 499.74,
    "volume" : 304255.00
  }, {
    "date" : "2025-06-04",
    "price" : 496.30,
    "dma50" : 495.22,
    "dma100" : 512.27,
    "dma200" : 499.71,
    "volume" : 243230.00
  }, {
    "date" : "2025-06-05",
    "price" : 518.25,
    "dma50" : 496.13,
    "dma100" : 510.99,
    "dma200" : 499.89,
    "volume" : 559402.00
  }, {
    "date" : "2025-06-06",
    "price" : 521.00,
    "dma50" : 497.10,
    "dma100" : 509.81,
    "dma200" : 500.10,
    "volume" : 430644.00
  }, {
    "date" : "2025-06-09",
    "price" : 516.40,
    "dma50" : 497.86,
    "dma100" : 508.93,
    "dma200" : 500.27,
    "volume" : 186633.00
  }, {
    "date" : "2025-06-10",
    "price" : 526.50,
    "dma50" : 498.98,
    "dma100" : 508.20,
    "dma200" : 500.53,
    "volume" : 392246.00
  }, {
    "date" : "2025-06-11",
    "price" : 535.75,
    "dma50" : 500.42,
    "dma100" : 507.50,
    "dma200" : 500.88,
    "volume" : 745103.00
  }, {
    "date" : "2025-06-12",
    "price" : 518.30,
    "dma50" : 501.13,
    "dma100" : 506.62,
    "dma200" : 501.05,
    "volume" : 325859.00
  }, {
    "date" : "2025-06-13",
    "price" : 514.80,
    "dma50" : 501.66,
    "dma100" : 505.70,
    "dma200" : 501.19,
    "volume" : 312780.00
  }, {
    "date" : "2025-06-16",
    "price" : 525.80,
    "dma50" : 502.61,
    "dma100" : 504.83,
    "dma200" : 501.43,
    "volume" : 318418.00
  }, {
    "date" : "2025-06-17",
    "price" : 520.85,
    "dma50" : 503.32,
    "dma100" : 503.96,
    "dma200" : 501.63,
    "volume" : 302949.00
  }, {
    "date" : "2025-06-18",
    "price" : 516.75,
    "dma50" : 503.85,
    "dma100" : 503.19,
    "dma200" : 501.78,
    "volume" : 155793.00
  }, {
    "date" : "2025-06-19",
    "price" : 494.95,
    "dma50" : 503.50,
    "dma100" : 502.15,
    "dma200" : 501.71,
    "volume" : 241662.00
  }, {
    "date" : "2025-06-20",
    "price" : 498.85,
    "dma50" : 503.32,
    "dma100" : 501.11,
    "dma200" : 501.68,
    "volume" : 244076.00
  }, {
    "date" : "2025-06-23",
    "price" : 497.95,
    "dma50" : 503.11,
    "dma100" : 500.18,
    "dma200" : 501.64,
    "volume" : 148836.00
  }, {
    "date" : "2025-06-24",
    "price" : 500.65,
    "dma50" : 503.01,
    "dma100" : 499.22,
    "dma200" : 501.63,
    "volume" : 171156.00
  }, {
    "date" : "2025-06-25",
    "price" : 513.50,
    "dma50" : 503.42,
    "dma100" : 498.37,
    "dma200" : 501.75,
    "volume" : 180762.00
  }, {
    "date" : "2025-06-26",
    "price" : 542.05,
    "dma50" : 504.94,
    "dma100" : 497.57,
    "dma200" : 502.15,
    "volume" : 773133.00
  }, {
    "date" : "2025-06-27",
    "price" : 532.40,
    "dma50" : 506.01,
    "dma100" : 496.88,
    "dma200" : 502.45,
    "volume" : 780891.00
  }, {
    "date" : "2025-06-30",
    "price" : 540.95,
    "dma50" : 507.38,
    "dma100" : 496.25,
    "dma200" : 502.84,
    "volume" : 257149.00
  }, {
    "date" : "2025-07-01",
    "price" : 537.20,
    "dma50" : 508.55,
    "dma100" : 495.59,
    "dma200" : 503.18,
    "volume" : 148626.00
  }, {
    "date" : "2025-07-02",
    "price" : 536.90,
    "dma50" : 509.67,
    "dma100" : 494.94,
    "dma200" : 503.51,
    "volume" : 207172.00
  }, {
    "date" : "2025-07-03",
    "price" : 534.30,
    "dma50" : 510.63,
    "dma100" : 494.44,
    "dma200" : 503.82,
    "volume" : 168418.00
  }, {
    "date" : "2025-07-04",
    "price" : 531.25,
    "dma50" : 511.44,
    "dma100" : 493.97,
    "dma200" : 504.09,
    "volume" : 122753.00
  }, {
    "date" : "2025-07-07",
    "price" : 522.50,
    "dma50" : 511.87,
    "dma100" : 493.39,
    "dma200" : 504.28,
    "volume" : 100775.00
  }, {
    "date" : "2025-07-08",
    "price" : 523.95,
    "dma50" : 512.35,
    "dma100" : 492.83,
    "dma200" : 504.47,
    "volume" : 156609.00
  }, {
    "date" : "2025-07-09",
    "price" : 524.35,
    "dma50" : 512.82,
    "dma100" : 492.47,
    "dma200" : 504.67,
    "volume" : 98210.00
  }, {
    "date" : "2025-07-10",
    "price" : 521.50,
    "dma50" : 513.16,
    "dma100" : 492.08,
    "dma200" : 504.84,
    "volume" : 113206.00
  }, {
    "date" : "2025-07-11",
    "price" : 512.55,
    "dma50" : 513.13,
    "dma100" : 491.76,
    "dma200" : 504.91,
    "volume" : 221211.00
  }, {
    "date" : "2025-07-14",
    "price" : 520.50,
    "dma50" : 513.42,
    "dma100" : 491.67,
    "dma200" : 505.07,
    "volume" : 146840.00
  }, {
    "date" : "2025-07-15",
    "price" : 527.20,
    "dma50" : 513.96,
    "dma100" : 492.00,
    "dma200" : 505.29,
    "volume" : 94790.00
  }, {
    "date" : "2025-07-16",
    "price" : 518.30,
    "dma50" : 514.13,
    "dma100" : 492.28,
    "dma200" : 505.42,
    "volume" : 173384.00
  }, {
    "date" : "2025-07-17",
    "price" : 519.35,
    "dma50" : 514.34,
    "dma100" : 492.94,
    "dma200" : 505.56,
    "volume" : 63081.00
  }, {
    "date" : "2025-07-18",
    "price" : 520.60,
    "dma50" : 514.58,
    "dma100" : 493.50,
    "dma200" : 505.71,
    "volume" : 92432.00
  }, {
    "date" : "2025-07-21",
    "price" : 515.65,
    "dma50" : 514.63,
    "dma100" : 493.97,
    "dma200" : 505.81,
    "volume" : 100000.00
  }, {
    "date" : "2025-07-22",
    "price" : 514.95,
    "dma50" : 514.64,
    "dma100" : 494.50,
    "dma200" : 505.90,
    "volume" : 96273.00
  }, {
    "date" : "2025-07-23",
    "price" : 512.45,
    "dma50" : 514.55,
    "dma100" : 495.27,
    "dma200" : 505.96,
    "volume" : 74076.00
  }, {
    "date" : "2025-07-24",
    "price" : 511.00,
    "dma50" : 514.41,
    "dma100" : 496.13,
    "dma200" : 506.01,
    "volume" : 96484.00
  }, {
    "date" : "2025-07-25",
    "price" : 497.75,
    "dma50" : 513.76,
    "dma100" : 496.91,
    "dma200" : 505.93,
    "volume" : 246049.00
  }, {
    "date" : "2025-07-28",
    "price" : 482.30,
    "dma50" : 512.53,
    "dma100" : 497.56,
    "dma200" : 505.69,
    "volume" : 228216.00
  }, {
    "date" : "2025-07-29",
    "price" : 499.95,
    "dma50" : 512.03,
    "dma100" : 498.37,
    "dma200" : 505.64,
    "volume" : 159772.00
  }, {
    "date" : "2025-07-30",
    "price" : 495.80,
    "dma50" : 511.40,
    "dma100" : 499.06,
    "dma200" : 505.54,
    "volume" : 192569.00
  }, {
    "date" : "2025-07-31",
    "price" : 492.10,
    "dma50" : 510.64,
    "dma100" : 499.54,
    "dma200" : 505.41,
    "volume" : 73805.00
  }, {
    "date" : "2025-08-01",
    "price" : 483.80,
    "dma50" : 509.59,
    "dma100" : 499.93,
    "dma200" : 505.19,
    "volume" : 140607.00
  }, {
    "date" : "2025-08-04",
    "price" : 489.05,
    "dma50" : 508.78,
    "dma100" : 500.42,
    "dma200" : 505.03,
    "volume" : 117397.00
  }, {
    "date" : "2025-08-05",
    "price" : 476.30,
    "dma50" : 507.51,
    "dma100" : 500.91,
    "dma200" : 504.74,
    "volume" : 140413.00
  }, {
    "date" : "2025-08-06",
    "price" : 462.20,
    "dma50" : 505.73,
    "dma100" : 501.27,
    "dma200" : 504.32,
    "volume" : 335679.00
  }, {
    "date" : "2025-08-07",
    "price" : 456.35,
    "dma50" : 503.79,
    "dma100" : 501.35,
    "dma200" : 503.84,
    "volume" : 283900.00
  }, {
    "date" : "2025-08-08",
    "price" : 444.75,
    "dma50" : 501.48,
    "dma100" : 501.27,
    "dma200" : 503.26,
    "volume" : 191065.00
  }, {
    "date" : "2025-08-11",
    "price" : 438.85,
    "dma50" : 499.02,
    "dma100" : 501.21,
    "dma200" : 502.62,
    "volume" : 246195.00
  }, {
    "date" : "2025-08-12",
    "price" : 445.40,
    "dma50" : 496.92,
    "dma100" : 501.08,
    "dma200" : 502.05,
    "volume" : 522727.00
  }, {
    "date" : "2025-08-13",
    "price" : 450.20,
    "dma50" : 495.09,
    "dma100" : 500.85,
    "dma200" : 501.53,
    "volume" : 243963.00
  }, {
    "date" : "2025-08-14",
    "price" : 451.40,
    "dma50" : 493.37,
    "dma100" : 500.50,
    "dma200" : 501.03,
    "volume" : 71380.00
  }, {
    "date" : "2025-08-18",
    "price" : 451.55,
    "dma50" : 491.73,
    "dma100" : 500.02,
    "dma200" : 500.54,
    "volume" : 133251.00
  }, {
    "date" : "2025-08-19",
    "price" : 468.80,
    "dma50" : 490.84,
    "dma100" : 499.52,
    "dma200" : 500.22,
    "volume" : 315617.00
  }, {
    "date" : "2025-08-20",
    "price" : 457.65,
    "dma50" : 489.53,
    "dma100" : 499.01,
    "dma200" : 499.80,
    "volume" : 180601.00
  }, {
    "date" : "2025-08-21",
    "price" : 470.70,
    "dma50" : 488.80,
    "dma100" : 498.71,
    "dma200" : 499.51,
    "volume" : 315012.00
  }, {
    "date" : "2025-08-22",
    "price" : 471.60,
    "dma50" : 488.12,
    "dma100" : 498.36,
    "dma200" : 499.23,
    "volume" : 211141.00
  }, {
    "date" : "2025-08-25",
    "price" : 475.65,
    "dma50" : 487.63,
    "dma100" : 498.29,
    "dma200" : 499.00,
    "volume" : 170226.00
  }, {
    "date" : "2025-08-26",
    "price" : 467.95,
    "dma50" : 486.86,
    "dma100" : 497.96,
    "dma200" : 498.69,
    "volume" : 139247.00
  }, {
    "date" : "2025-08-28",
    "price" : 462.90,
    "dma50" : 485.92,
    "dma100" : 497.59,
    "dma200" : 498.33,
    "volume" : 140906.00
  }, {
    "date" : "2025-08-29",
    "price" : 467.75,
    "dma50" : 485.21,
    "dma100" : 497.19,
    "dma200" : 498.03,
    "volume" : 191334.00
  }, {
    "date" : "2025-09-01",
    "price" : 470.00,
    "dma50" : 484.61,
    "dma100" : 496.99,
    "dma200" : 497.75,
    "volume" : 102746.00
  }, {
    "date" : "2025-09-02",
    "price" : 470.40,
    "dma50" : 484.05,
    "dma100" : 497.06,
    "dma200" : 497.48,
    "volume" : 112792.00
  }, {
    "date" : "2025-09-03",
    "price" : 485.35,
    "dma50" : 484.11,
    "dma100" : 497.18,
    "dma200" : 497.36,
    "volume" : 152861.00
  }, {
    "date" : "2025-09-04",
    "price" : 477.65,
    "dma50" : 483.85,
    "dma100" : 497.23,
    "dma200" : 497.16,
    "volume" : 285493.00
  }, {
    "date" : "2025-09-05",
    "price" : 489.05,
    "dma50" : 484.06,
    "dma100" : 497.23,
    "dma200" : 497.08,
    "volume" : 332112.00
  }, {
    "date" : "2025-09-08",
    "price" : 484.95,
    "dma50" : 484.09,
    "dma100" : 497.03,
    "dma200" : 496.96,
    "volume" : 105333.00
  }, {
    "date" : "2025-09-09",
    "price" : 480.85,
    "dma50" : 483.96,
    "dma100" : 496.72,
    "dma200" : 496.80,
    "volume" : 424534.00
  }, {
    "date" : "2025-09-10",
    "price" : 477.20,
    "dma50" : 483.70,
    "dma100" : 496.42,
    "dma200" : 496.60,
    "volume" : 258097.00
  }, {
    "date" : "2025-09-11",
    "price" : 477.10,
    "dma50" : 483.44,
    "dma100" : 496.07,
    "dma200" : 496.41,
    "volume" : 76762.00
  }, {
    "date" : "2025-09-12",
    "price" : 481.20,
    "dma50" : 483.35,
    "dma100" : 495.79,
    "dma200" : 496.26,
    "volume" : 81527.00
  }, {
    "date" : "2025-09-15",
    "price" : 490.55,
    "dma50" : 483.63,
    "dma100" : 495.70,
    "dma200" : 496.20,
    "volume" : 250084.00
  }, {
    "date" : "2025-09-16",
    "price" : 504.35,
    "dma50" : 484.45,
    "dma100" : 495.64,
    "dma200" : 496.28,
    "volume" : 233007.00
  }, {
    "date" : "2025-09-17",
    "price" : 543.60,
    "dma50" : 486.77,
    "dma100" : 496.06,
    "dma200" : 496.75,
    "volume" : 1834869.00
  }, {
    "date" : "2025-09-18",
    "price" : 560.05,
    "dma50" : 489.64,
    "dma100" : 496.73,
    "dma200" : 497.38,
    "volume" : 925696.00
  }, {
    "date" : "2025-09-19",
    "price" : 558.80,
    "dma50" : 492.35,
    "dma100" : 497.33,
    "dma200" : 497.99,
    "volume" : 372869.00
  }, {
    "date" : "2025-09-22",
    "price" : 548.20,
    "dma50" : 494.54,
    "dma100" : 498.05,
    "dma200" : 498.49,
    "volume" : 303742.00
  }, {
    "date" : "2025-09-23",
    "price" : 547.90,
    "dma50" : 496.63,
    "dma100" : 498.83,
    "dma200" : 498.99,
    "volume" : 143101.00
  }, {
    "date" : "2025-09-24",
    "price" : 536.45,
    "dma50" : 498.20,
    "dma100" : 499.30,
    "dma200" : 499.36,
    "volume" : 198231.00
  }, {
    "date" : "2025-09-25",
    "price" : 515.75,
    "dma50" : 498.88,
    "dma100" : 499.62,
    "dma200" : 499.52,
    "volume" : 158756.00
  }, {
    "date" : "2025-09-26",
    "price" : 499.80,
    "dma50" : 498.92,
    "dma100" : 499.78,
    "dma200" : 499.52,
    "volume" : 247994.00
  }, {
    "date" : "2025-09-29",
    "price" : 500.40,
    "dma50" : 498.98,
    "dma100" : 499.92,
    "dma200" : 499.53,
    "volume" : 146116.00
  }, {
    "date" : "2025-09-30",
    "price" : 499.45,
    "dma50" : 499.00,
    "dma100" : 500.20,
    "dma200" : 499.53,
    "volume" : 212747.00
  }, {
    "date" : "2025-10-01",
    "price" : 510.40,
    "dma50" : 499.44,
    "dma100" : 500.31,
    "dma200" : 499.64,
    "volume" : 121167.00
  }, {
    "date" : "2025-10-03",
    "price" : 531.70,
    "dma50" : 500.71,
    "dma100" : 500.68,
    "dma200" : 499.96,
    "volume" : 369213.00
  }, {
    "date" : "2025-10-06",
    "price" : 547.35,
    "dma50" : 502.54,
    "dma100" : 501.23,
    "dma200" : 500.43,
    "volume" : 252442.00
  }, {
    "date" : "2025-10-07",
    "price" : 535.95,
    "dma50" : 503.85,
    "dma100" : 501.64,
    "dma200" : 500.78,
    "volume" : 163981.00
  }, {
    "date" : "2025-10-08",
    "price" : 526.15,
    "dma50" : 504.72,
    "dma100" : 501.73,
    "dma200" : 501.04,
    "volume" : 128148.00
  }, {
    "date" : "2025-10-09",
    "price" : 519.50,
    "dma50" : 505.30,
    "dma100" : 501.75,
    "dma200" : 501.22,
    "volume" : 106442.00
  }, {
    "date" : "2025-10-10",
    "price" : 525.95,
    "dma50" : 506.11,
    "dma100" : 502.14,
    "dma200" : 501.47,
    "volume" : 48322.00
  }, {
    "date" : "2025-10-13",
    "price" : 531.40,
    "dma50" : 507.10,
    "dma100" : 502.61,
    "dma200" : 501.76,
    "volume" : 388357.00
  }, {
    "date" : "2025-10-14",
    "price" : 527.65,
    "dma50" : 507.91,
    "dma100" : 503.16,
    "dma200" : 502.02,
    "volume" : 563964.00
  }, {
    "date" : "2025-10-15",
    "price" : 562.85,
    "dma50" : 510.06,
    "dma100" : 503.89,
    "dma200" : 502.63,
    "volume" : 2158464.00
  }, {
    "date" : "2025-10-16",
    "price" : 543.50,
    "dma50" : 511.38,
    "dma100" : 504.47,
    "dma200" : 503.03,
    "volume" : 272353.00
  }, {
    "date" : "2025-10-17",
    "price" : 545.45,
    "dma50" : 512.71,
    "dma100" : 504.88,
    "dma200" : 503.46,
    "volume" : 217862.00
  }, {
    "date" : "2025-10-20",
    "price" : 551.30,
    "dma50" : 514.22,
    "dma100" : 505.50,
    "dma200" : 503.93,
    "volume" : 172749.00
  }, {
    "date" : "2025-10-21",
    "price" : 552.95,
    "dma50" : 515.74,
    "dma100" : 506.11,
    "dma200" : 504.42,
    "volume" : 53792.00
  }, {
    "date" : "2025-10-23",
    "price" : 543.60,
    "dma50" : 516.84,
    "dma100" : 506.50,
    "dma200" : 504.81,
    "volume" : 154029.00
  }, {
    "date" : "2025-10-24",
    "price" : 546.10,
    "dma50" : 517.98,
    "dma100" : 506.95,
    "dma200" : 505.22,
    "volume" : 134740.00
  }, {
    "date" : "2025-10-27",
    "price" : 559.00,
    "dma50" : 519.59,
    "dma100" : 507.57,
    "dma200" : 505.76,
    "volume" : 235488.00
  }, {
    "date" : "2025-10-28",
    "price" : 570.30,
    "dma50" : 521.58,
    "dma100" : 508.31,
    "dma200" : 506.40,
    "volume" : 445753.00
  }, {
    "date" : "2025-10-29",
    "price" : 563.00,
    "dma50" : 523.20,
    "dma100" : 508.76,
    "dma200" : 506.96,
    "volume" : 355110.00
  }, {
    "date" : "2025-10-30",
    "price" : 554.80,
    "dma50" : 524.44,
    "dma100" : 509.10,
    "dma200" : 507.44,
    "volume" : 255267.00
  }, {
    "date" : "2025-10-31",
    "price" : 560.55,
    "dma50" : 525.86,
    "dma100" : 509.54,
    "dma200" : 507.97,
    "volume" : 389590.00
  }, {
    "date" : "2025-11-03",
    "price" : 563.25,
    "dma50" : 527.33,
    "dma100" : 509.91,
    "dma200" : 508.52,
    "volume" : 168491.00
  }, {
    "date" : "2025-11-04",
    "price" : 564.05,
    "dma50" : 528.77,
    "dma100" : 510.19,
    "dma200" : 509.07,
    "volume" : 98953.00
  }, {
    "date" : "2025-11-06",
    "price" : 548.05,
    "dma50" : 529.52,
    "dma100" : 510.49,
    "dma200" : 509.46,
    "volume" : 219818.00
  }, {
    "date" : "2025-11-07",
    "price" : 550.20,
    "dma50" : 530.33,
    "dma100" : 510.84,
    "dma200" : 509.86,
    "volume" : 372833.00
  }, {
    "date" : "2025-11-10",
    "price" : 551.00,
    "dma50" : 531.14,
    "dma100" : 511.09,
    "dma200" : 510.27,
    "volume" : 191027.00
  }, {
    "date" : "2025-11-11",
    "price" : 562.40,
    "dma50" : 532.37,
    "dma100" : 511.51,
    "dma200" : 510.79,
    "volume" : 399401.00
  }, {
    "date" : "2025-11-12",
    "price" : 560.85,
    "dma50" : 533.49,
    "dma100" : 511.95,
    "dma200" : 511.29,
    "volume" : 360561.00
  }, {
    "date" : "2025-11-13",
    "price" : 553.05,
    "dma50" : 534.25,
    "dma100" : 512.53,
    "dma200" : 511.70,
    "volume" : 240375.00
  }, {
    "date" : "2025-11-14",
    "price" : 557.45,
    "dma50" : 535.16,
    "dma100" : 513.12,
    "dma200" : 512.16,
    "volume" : 126719.00
  }, {
    "date" : "2025-11-17",
    "price" : 555.50,
    "dma50" : 535.96,
    "dma100" : 513.69,
    "dma200" : 512.59,
    "volume" : 173866.00
  }, {
    "date" : "2025-11-18",
    "price" : 542.20,
    "dma50" : 536.21,
    "dma100" : 514.11,
    "dma200" : 512.88,
    "volume" : 211545.00
  }, {
    "date" : "2025-11-19",
    "price" : 535.90,
    "dma50" : 536.19,
    "dma100" : 514.33,
    "dma200" : 513.11,
    "volume" : 202971.00
  }, {
    "date" : "2025-11-20",
    "price" : 536.85,
    "dma50" : 536.22,
    "dma100" : 514.28,
    "dma200" : 513.35,
    "volume" : 91623.00
  }, {
    "date" : "2025-11-21",
    "price" : 531.50,
    "dma50" : 536.03,
    "dma100" : 514.27,
    "dma200" : 513.53,
    "volume" : 122442.00
  }, {
    "date" : "2025-11-24",
    "price" : 532.05,
    "dma50" : 535.88,
    "dma100" : 514.18,
    "dma200" : 513.71,
    "volume" : 117391.00
  }, {
    "date" : "2025-11-25",
    "price" : 533.90,
    "dma50" : 535.80,
    "dma100" : 514.15,
    "dma200" : 513.92,
    "volume" : 65598.00
  }, {
    "date" : "2025-11-26",
    "price" : 534.30,
    "dma50" : 535.74,
    "dma100" : 514.12,
    "dma200" : 514.12,
    "volume" : 200847.00
  }, {
    "date" : "2025-11-27",
    "price" : 531.70,
    "dma50" : 535.58,
    "dma100" : 514.10,
    "dma200" : 514.29,
    "volume" : 121783.00
  }, {
    "date" : "2025-11-28",
    "price" : 525.75,
    "dma50" : 535.20,
    "dma100" : 514.04,
    "dma200" : 514.41,
    "volume" : 76099.00
  }, {
    "date" : "2025-12-01",
    "price" : 515.30,
    "dma50" : 534.42,
    "dma100" : 513.97,
    "dma200" : 514.42,
    "volume" : 87364.00
  }, {
    "date" : "2025-12-02",
    "price" : 523.70,
    "dma50" : 534.00,
    "dma100" : 513.97,
    "dma200" : 514.51,
    "volume" : 178511.00
  }, {
    "date" : "2025-12-03",
    "price" : 519.90,
    "dma50" : 533.44,
    "dma100" : 513.92,
    "dma200" : 514.56,
    "volume" : 97744.00
  }, {
    "date" : "2025-12-04",
    "price" : 516.30,
    "dma50" : 532.77,
    "dma100" : 513.87,
    "dma200" : 514.58,
    "volume" : 65730.00
  }, {
    "date" : "2025-12-05",
    "price" : 520.45,
    "dma50" : 532.29,
    "dma100" : 513.95,
    "dma200" : 514.64,
    "volume" : 150130.00
  }, {
    "date" : "2025-12-08",
    "price" : 516.60,
    "dma50" : 531.67,
    "dma100" : 513.91,
    "dma200" : 514.66,
    "volume" : 1167111.00
  }, {
    "date" : "2025-12-09",
    "price" : 514.80,
    "dma50" : 531.01,
    "dma100" : 513.79,
    "dma200" : 514.66,
    "volume" : 418501.00
  }, {
    "date" : "2025-12-10",
    "price" : 514.30,
    "dma50" : 530.36,
    "dma100" : 513.75,
    "dma200" : 514.65,
    "volume" : 118710.00
  }, {
    "date" : "2025-12-11",
    "price" : 509.10,
    "dma50" : 529.52,
    "dma100" : 513.64,
    "dma200" : 514.60,
    "volume" : 34293.00
  }, {
    "date" : "2025-12-12",
    "price" : 514.35,
    "dma50" : 528.93,
    "dma100" : 513.58,
    "dma200" : 514.60,
    "volume" : 51983.00
  }, {
    "date" : "2025-12-15",
    "price" : 509.85,
    "dma50" : 528.18,
    "dma100" : 513.52,
    "dma200" : 514.55,
    "volume" : 156422.00
  }, {
    "date" : "2025-12-16",
    "price" : 509.70,
    "dma50" : 527.45,
    "dma100" : 513.47,
    "dma200" : 514.50,
    "volume" : 61206.00
  }, {
    "date" : "2025-12-17",
    "price" : 506.15,
    "dma50" : 526.62,
    "dma100" : 513.41,
    "dma200" : 514.42,
    "volume" : 69083.00
  }, {
    "date" : "2025-12-18",
    "price" : 500.15,
    "dma50" : 525.58,
    "dma100" : 513.30,
    "dma200" : 514.28,
    "volume" : 87469.00
  } ],
  "latestTechnicalAttributes" : {
    "date" : "2025-12-18",
    "price" : 500.15,
    "dma50" : 525.58,
    "dma100" : 513.30,
    "dma200" : 514.28,
    "volume" : 87469.00
  },
  "quarterlyResults" : [ {
    "date" : "2005-03-31",
    "sales" : 26.89,
    "salesGrowthYoY" : null,
    "grossProfitMargin" : 40.42,
    "grossProfit" : 10.87,
    "operatingProfitMargin" : 11.27,
    "operatingProfit" : 3.03,
    "netProfitMargin" : 9.56,
    "netProfit" : 2.57
  }, {
    "date" : "2005-06-30",
    "sales" : 20.92,
    "salesGrowthYoY" : null,
    "grossProfitMargin" : 41.78,
    "grossProfit" : 8.74,
    "operatingProfitMargin" : 13.05,
    "operatingProfit" : 2.73,
    "netProfitMargin" : 8.32,
    "netProfit" : 1.74
  }, {
    "date" : "2005-09-30",
    "sales" : 15.77,
    "salesGrowthYoY" : null,
    "grossProfitMargin" : 40.39,
    "grossProfit" : 6.37,
    "operatingProfitMargin" : 14.77,
    "operatingProfit" : 2.33,
    "netProfitMargin" : 10.40,
    "netProfit" : 1.64
  }, {
    "date" : "2005-12-31",
    "sales" : 21.44,
    "salesGrowthYoY" : null,
    "grossProfitMargin" : 56.44,
    "grossProfit" : 12.10,
    "operatingProfitMargin" : 15.95,
    "operatingProfit" : 3.42,
    "netProfitMargin" : 10.21,
    "netProfit" : 2.19
  }, {
    "date" : "2006-03-31",
    "sales" : 27.72,
    "salesGrowthYoY" : 3.09,
    "grossProfitMargin" : 45.38,
    "grossProfit" : 12.58,
    "operatingProfitMargin" : 14.07,
    "operatingProfit" : 3.90,
    "netProfitMargin" : 7.22,
    "netProfit" : 2.00
  }, {
    "date" : "2006-06-30",
    "sales" : 23.90,
    "salesGrowthYoY" : 14.24,
    "grossProfitMargin" : 46.86,
    "grossProfit" : 11.20,
    "operatingProfitMargin" : 14.27,
    "operatingProfit" : 3.41,
    "netProfitMargin" : 8.95,
    "netProfit" : 2.14
  }, {
    "date" : "2006-09-30",
    "sales" : 23.77,
    "salesGrowthYoY" : 50.73,
    "grossProfitMargin" : 38.12,
    "grossProfit" : 9.06,
    "operatingProfitMargin" : 14.43,
    "operatingProfit" : 3.43,
    "netProfitMargin" : 7.24,
    "netProfit" : 1.72
  }, {
    "date" : "2006-12-31",
    "sales" : 36.11,
    "salesGrowthYoY" : 68.42,
    "grossProfitMargin" : 51.29,
    "grossProfit" : 18.52,
    "operatingProfitMargin" : 22.35,
    "operatingProfit" : 8.07,
    "netProfitMargin" : 8.61,
    "netProfit" : 3.11
  }, {
    "date" : "2007-03-31",
    "sales" : 65.11,
    "salesGrowthYoY" : 134.88,
    "grossProfitMargin" : 41.36,
    "grossProfit" : 26.93,
    "operatingProfitMargin" : 11.92,
    "operatingProfit" : 7.76,
    "netProfitMargin" : 3.49,
    "netProfit" : 2.27
  }, {
    "date" : "2007-06-30",
    "sales" : 60.05,
    "salesGrowthYoY" : 151.26,
    "grossProfitMargin" : 42.81,
    "grossProfit" : 25.71,
    "operatingProfitMargin" : 16.07,
    "operatingProfit" : 9.65,
    "netProfitMargin" : 6.44,
    "netProfit" : 3.87
  }, {
    "date" : "2007-09-30",
    "sales" : 48.37,
    "salesGrowthYoY" : 103.49,
    "grossProfitMargin" : 60.04,
    "grossProfit" : 29.04,
    "operatingProfitMargin" : 17.08,
    "operatingProfit" : 8.26,
    "netProfitMargin" : 4.98,
    "netProfit" : 2.41
  }, {
    "date" : "2007-12-31",
    "sales" : 58.37,
    "salesGrowthYoY" : 61.64,
    "grossProfitMargin" : 64.62,
    "grossProfit" : 37.72,
    "operatingProfitMargin" : 23.40,
    "operatingProfit" : 13.66,
    "netProfitMargin" : 7.64,
    "netProfit" : 4.46
  }, {
    "date" : "2008-03-31",
    "sales" : 77.32,
    "salesGrowthYoY" : 18.75,
    "grossProfitMargin" : 59.98,
    "grossProfit" : 46.38,
    "operatingProfitMargin" : 22.97,
    "operatingProfit" : 17.76,
    "netProfitMargin" : 7.76,
    "netProfit" : 6.00
  }, {
    "date" : "2008-06-30",
    "sales" : 76.84,
    "salesGrowthYoY" : 27.96,
    "grossProfitMargin" : 48.72,
    "grossProfit" : 37.44,
    "operatingProfitMargin" : 20.69,
    "operatingProfit" : 15.90,
    "netProfitMargin" : 7.82,
    "netProfit" : 6.01
  }, {
    "date" : "2008-09-30",
    "sales" : 83.83,
    "salesGrowthYoY" : 73.31,
    "grossProfitMargin" : 43.70,
    "grossProfit" : 36.63,
    "operatingProfitMargin" : 16.43,
    "operatingProfit" : 13.77,
    "netProfitMargin" : 4.35,
    "netProfit" : 3.65
  }, {
    "date" : "2008-12-31",
    "sales" : 92.73,
    "salesGrowthYoY" : 58.87,
    "grossProfitMargin" : 55.38,
    "grossProfit" : 51.35,
    "operatingProfitMargin" : 20.39,
    "operatingProfit" : 18.91,
    "netProfitMargin" : 4.93,
    "netProfit" : 4.57
  }, {
    "date" : "2009-03-31",
    "sales" : 112.52,
    "salesGrowthYoY" : 45.53,
    "grossProfitMargin" : 61.67,
    "grossProfit" : 69.39,
    "operatingProfitMargin" : 22.87,
    "operatingProfit" : 25.73,
    "netProfitMargin" : 8.41,
    "netProfit" : 9.46
  }, {
    "date" : "2009-06-30",
    "sales" : 101.70,
    "salesGrowthYoY" : 32.35,
    "grossProfitMargin" : 49.79,
    "grossProfit" : 50.64,
    "operatingProfitMargin" : 21.48,
    "operatingProfit" : 21.85,
    "netProfitMargin" : 6.91,
    "netProfit" : 7.03
  }, {
    "date" : "2009-09-30",
    "sales" : 89.59,
    "salesGrowthYoY" : 6.87,
    "grossProfitMargin" : 58.10,
    "grossProfit" : 52.05,
    "operatingProfitMargin" : 23.50,
    "operatingProfit" : 21.05,
    "netProfitMargin" : 6.76,
    "netProfit" : 6.06
  }, {
    "date" : "2009-12-31",
    "sales" : 120.61,
    "salesGrowthYoY" : 30.07,
    "grossProfitMargin" : 51.99,
    "grossProfit" : 62.71,
    "operatingProfitMargin" : 21.92,
    "operatingProfit" : 26.44,
    "netProfitMargin" : 8.74,
    "netProfit" : 10.54
  }, {
    "date" : "2010-03-31",
    "sales" : 108.48,
    "salesGrowthYoY" : -3.59,
    "grossProfitMargin" : 53.91,
    "grossProfit" : 58.48,
    "operatingProfitMargin" : 25.06,
    "operatingProfit" : 27.19,
    "netProfitMargin" : 4.01,
    "netProfit" : 4.35
  }, {
    "date" : "2010-06-30",
    "sales" : 78.70,
    "salesGrowthYoY" : -22.62,
    "grossProfitMargin" : 73.96,
    "grossProfit" : 58.21,
    "operatingProfitMargin" : 21.93,
    "operatingProfit" : 17.26,
    "netProfitMargin" : 4.92,
    "netProfit" : 3.87
  }, {
    "date" : "2010-09-30",
    "sales" : 41.35,
    "salesGrowthYoY" : -53.85,
    "grossProfitMargin" : 9.19,
    "grossProfit" : 3.80,
    "operatingProfitMargin" : -39.78,
    "operatingProfit" : -16.45,
    "netProfitMargin" : -47.86,
    "netProfit" : -19.79
  }, {
    "date" : "2010-12-31",
    "sales" : 57.76,
    "salesGrowthYoY" : -52.11,
    "grossProfitMargin" : 59.21,
    "grossProfit" : 34.20,
    "operatingProfitMargin" : 16.10,
    "operatingProfit" : 9.30,
    "netProfitMargin" : -7.36,
    "netProfit" : -4.25
  }, {
    "date" : "2011-03-31",
    "sales" : 56.33,
    "salesGrowthYoY" : -48.07,
    "grossProfitMargin" : 53.59,
    "grossProfit" : 30.19,
    "operatingProfitMargin" : -11.45,
    "operatingProfit" : -6.45,
    "netProfitMargin" : -22.08,
    "netProfit" : -12.44
  }, {
    "date" : "2011-06-30",
    "sales" : 39.82,
    "salesGrowthYoY" : -49.40,
    "grossProfitMargin" : 53.14,
    "grossProfit" : 21.16,
    "operatingProfitMargin" : 3.54,
    "operatingProfit" : 1.41,
    "netProfitMargin" : -14.72,
    "netProfit" : -5.86
  }, {
    "date" : "2011-09-30",
    "sales" : 65.21,
    "salesGrowthYoY" : 57.70,
    "grossProfitMargin" : 37.82,
    "grossProfit" : 24.66,
    "operatingProfitMargin" : -2.22,
    "operatingProfit" : -1.45,
    "netProfitMargin" : -14.55,
    "netProfit" : -9.49
  }, {
    "date" : "2011-12-31",
    "sales" : 66.02,
    "salesGrowthYoY" : 14.30,
    "grossProfitMargin" : 36.38,
    "grossProfit" : 24.02,
    "operatingProfitMargin" : -4.24,
    "operatingProfit" : -2.80,
    "netProfitMargin" : -11.92,
    "netProfit" : -7.87
  }, {
    "date" : "2012-03-31",
    "sales" : 124.38,
    "salesGrowthYoY" : 120.81,
    "grossProfitMargin" : 57.34,
    "grossProfit" : 71.32,
    "operatingProfitMargin" : 18.10,
    "operatingProfit" : 22.51,
    "netProfitMargin" : 20.43,
    "netProfit" : 25.41
  }, {
    "date" : "2012-06-30",
    "sales" : 55.44,
    "salesGrowthYoY" : 39.23,
    "grossProfitMargin" : 46.07,
    "grossProfit" : 25.54,
    "operatingProfitMargin" : 4.33,
    "operatingProfit" : 2.40,
    "netProfitMargin" : -5.66,
    "netProfit" : -3.14
  }, {
    "date" : "2012-09-30",
    "sales" : 44.98,
    "salesGrowthYoY" : -31.02,
    "grossProfitMargin" : 51.47,
    "grossProfit" : 23.15,
    "operatingProfitMargin" : -3.67,
    "operatingProfit" : -1.65,
    "netProfitMargin" : -16.90,
    "netProfit" : -7.60
  }, {
    "date" : "2012-12-31",
    "sales" : 70.43,
    "salesGrowthYoY" : 6.68,
    "grossProfitMargin" : 38.24,
    "grossProfit" : 26.93,
    "operatingProfitMargin" : -0.58,
    "operatingProfit" : -0.41,
    "netProfitMargin" : -6.87,
    "netProfit" : -4.84
  }, {
    "date" : "2013-03-31",
    "sales" : 204.33,
    "salesGrowthYoY" : 64.28,
    "grossProfitMargin" : 61.68,
    "grossProfit" : 126.03,
    "operatingProfitMargin" : 33.95,
    "operatingProfit" : 69.37,
    "netProfitMargin" : 10.30,
    "netProfit" : 21.05
  }, {
    "date" : "2013-06-30",
    "sales" : 47.13,
    "salesGrowthYoY" : -14.99,
    "grossProfitMargin" : 29.22,
    "grossProfit" : 13.77,
    "operatingProfitMargin" : -10.23,
    "operatingProfit" : -4.82,
    "netProfitMargin" : -30.58,
    "netProfit" : -14.41
  }, {
    "date" : "2013-09-30",
    "sales" : 41.65,
    "salesGrowthYoY" : -7.40,
    "grossProfitMargin" : 59.28,
    "grossProfit" : 24.69,
    "operatingProfitMargin" : -22.06,
    "operatingProfit" : -9.19,
    "netProfitMargin" : -44.27,
    "netProfit" : -18.44
  }, {
    "date" : "2013-12-31",
    "sales" : 42.08,
    "salesGrowthYoY" : -40.25,
    "grossProfitMargin" : 57.39,
    "grossProfit" : 24.15,
    "operatingProfitMargin" : 8.46,
    "operatingProfit" : 3.56,
    "netProfitMargin" : -10.65,
    "netProfit" : -4.48
  }, {
    "date" : "2014-03-31",
    "sales" : 72.11,
    "salesGrowthYoY" : -64.71,
    "grossProfitMargin" : 45.94,
    "grossProfit" : 33.13,
    "operatingProfitMargin" : -19.61,
    "operatingProfit" : -14.14,
    "netProfitMargin" : 18.28,
    "netProfit" : 13.18
  }, {
    "date" : "2014-06-30",
    "sales" : 45.02,
    "salesGrowthYoY" : -4.48,
    "grossProfitMargin" : 88.14,
    "grossProfit" : 39.68,
    "operatingProfitMargin" : 9.80,
    "operatingProfit" : 4.41,
    "netProfitMargin" : 2.98,
    "netProfit" : 1.34
  }, {
    "date" : "2014-09-30",
    "sales" : 29.02,
    "salesGrowthYoY" : -30.32,
    "grossProfitMargin" : 71.54,
    "grossProfit" : 20.76,
    "operatingProfitMargin" : -17.26,
    "operatingProfit" : -5.01,
    "netProfitMargin" : -20.12,
    "netProfit" : -5.84
  }, {
    "date" : "2014-12-31",
    "sales" : 25.18,
    "salesGrowthYoY" : -40.16,
    "grossProfitMargin" : 78.55,
    "grossProfit" : 19.78,
    "operatingProfitMargin" : 11.80,
    "operatingProfit" : 2.97,
    "netProfitMargin" : 2.54,
    "netProfit" : 0.64
  }, {
    "date" : "2015-03-31",
    "sales" : 50.95,
    "salesGrowthYoY" : -29.34,
    "grossProfitMargin" : 31.54,
    "grossProfit" : 16.07,
    "operatingProfitMargin" : -23.16,
    "operatingProfit" : -11.80,
    "netProfitMargin" : -24.63,
    "netProfit" : -12.55
  }, {
    "date" : "2015-06-30",
    "sales" : 20.87,
    "salesGrowthYoY" : -53.64,
    "grossProfitMargin" : 83.18,
    "grossProfit" : 17.36,
    "operatingProfitMargin" : -21.56,
    "operatingProfit" : -4.50,
    "netProfitMargin" : 38.09,
    "netProfit" : 7.95
  }, {
    "date" : "2015-09-30",
    "sales" : 29.28,
    "salesGrowthYoY" : 0.90,
    "grossProfitMargin" : 67.83,
    "grossProfit" : 19.86,
    "operatingProfitMargin" : -94.84,
    "operatingProfit" : -27.77,
    "netProfitMargin" : -21.11,
    "netProfit" : -6.18
  }, {
    "date" : "2015-12-31",
    "sales" : 61.67,
    "salesGrowthYoY" : 144.92,
    "grossProfitMargin" : 15.66,
    "grossProfit" : 9.66,
    "operatingProfitMargin" : -18.23,
    "operatingProfit" : -11.24,
    "netProfitMargin" : 29.32,
    "netProfit" : 18.08
  }, {
    "date" : "2016-03-31",
    "sales" : 73.03,
    "salesGrowthYoY" : 43.34,
    "grossProfitMargin" : 17.50,
    "grossProfit" : 12.78,
    "operatingProfitMargin" : -21.16,
    "operatingProfit" : -15.45,
    "netProfitMargin" : 21.92,
    "netProfit" : 16.01
  }, {
    "date" : "2016-06-30",
    "sales" : 31.13,
    "salesGrowthYoY" : 49.16,
    "grossProfitMargin" : 22.10,
    "grossProfit" : 6.88,
    "operatingProfitMargin" : -27.18,
    "operatingProfit" : -8.46,
    "netProfitMargin" : 53.97,
    "netProfit" : 16.80
  }, {
    "date" : "2016-09-30",
    "sales" : 35.04,
    "salesGrowthYoY" : 19.67,
    "grossProfitMargin" : 26.43,
    "grossProfit" : 9.26,
    "operatingProfitMargin" : -51.37,
    "operatingProfit" : -18.00,
    "netProfitMargin" : -6.05,
    "netProfit" : -2.12
  }, {
    "date" : "2016-12-31",
    "sales" : 50.05,
    "salesGrowthYoY" : -18.84,
    "grossProfitMargin" : 17.20,
    "grossProfit" : 8.61,
    "operatingProfitMargin" : -16.26,
    "operatingProfit" : -8.14,
    "netProfitMargin" : 13.67,
    "netProfit" : 6.84
  }, {
    "date" : "2017-03-31",
    "sales" : 175.82,
    "salesGrowthYoY" : 140.75,
    "grossProfitMargin" : 15.49,
    "grossProfit" : 27.23,
    "operatingProfitMargin" : 0.35,
    "operatingProfit" : 0.62,
    "netProfitMargin" : 8.63,
    "netProfit" : 15.17
  }, {
    "date" : "2017-06-30",
    "sales" : 200.41,
    "salesGrowthYoY" : 543.78,
    "grossProfitMargin" : 17.14,
    "grossProfit" : 34.35,
    "operatingProfitMargin" : 6.55,
    "operatingProfit" : 13.13,
    "netProfitMargin" : 10.55,
    "netProfit" : 21.14
  }, {
    "date" : "2017-09-30",
    "sales" : 141.46,
    "salesGrowthYoY" : 303.71,
    "grossProfitMargin" : 23.94,
    "grossProfit" : 33.87,
    "operatingProfitMargin" : 6.16,
    "operatingProfit" : 8.71,
    "netProfitMargin" : 14.26,
    "netProfit" : 20.17
  }, {
    "date" : "2017-12-31",
    "sales" : 273.41,
    "salesGrowthYoY" : 446.27,
    "grossProfitMargin" : 18.79,
    "grossProfit" : 51.37,
    "operatingProfitMargin" : 7.87,
    "operatingProfit" : 21.52,
    "netProfitMargin" : 11.54,
    "netProfit" : 31.55
  }, {
    "date" : "2018-03-31",
    "sales" : 381.92,
    "salesGrowthYoY" : 117.22,
    "grossProfitMargin" : 17.32,
    "grossProfit" : 66.15,
    "operatingProfitMargin" : 7.06,
    "operatingProfit" : 26.96,
    "netProfitMargin" : 7.20,
    "netProfit" : 27.50
  }, {
    "date" : "2018-06-30",
    "sales" : 347.04,
    "salesGrowthYoY" : 73.17,
    "grossProfitMargin" : 17.02,
    "grossProfit" : 59.07,
    "operatingProfitMargin" : 8.22,
    "operatingProfit" : 28.53,
    "netProfitMargin" : 7.74,
    "netProfit" : 26.86
  }, {
    "date" : "2018-09-30",
    "sales" : 249.75,
    "salesGrowthYoY" : 76.55,
    "grossProfitMargin" : 22.44,
    "grossProfit" : 56.04,
    "operatingProfitMargin" : 9.21,
    "operatingProfit" : 23.00,
    "netProfitMargin" : 12.89,
    "netProfit" : 32.19
  }, {
    "date" : "2018-12-31",
    "sales" : 431.90,
    "salesGrowthYoY" : 57.97,
    "grossProfitMargin" : 18.84,
    "grossProfit" : 81.37,
    "operatingProfitMargin" : 10.11,
    "operatingProfit" : 43.67,
    "netProfitMargin" : 8.01,
    "netProfit" : 34.60
  }, {
    "date" : "2019-03-31",
    "sales" : 710.73,
    "salesGrowthYoY" : 86.09,
    "grossProfitMargin" : 18.33,
    "grossProfit" : 130.28,
    "operatingProfitMargin" : 12.26,
    "operatingProfit" : 87.14,
    "netProfitMargin" : 6.51,
    "netProfit" : 46.27
  }, {
    "date" : "2019-06-30",
    "sales" : 515.91,
    "salesGrowthYoY" : 48.66,
    "grossProfitMargin" : 19.20,
    "grossProfit" : 99.05,
    "operatingProfitMargin" : 11.72,
    "operatingProfit" : 60.46,
    "netProfitMargin" : 7.29,
    "netProfit" : 37.61
  }, {
    "date" : "2019-09-30",
    "sales" : 303.80,
    "salesGrowthYoY" : 21.64,
    "grossProfitMargin" : 22.25,
    "grossProfit" : 67.60,
    "operatingProfitMargin" : 11.08,
    "operatingProfit" : 33.66,
    "netProfitMargin" : 10.65,
    "netProfit" : 32.35
  }, {
    "date" : "2019-12-31",
    "sales" : 489.90,
    "salesGrowthYoY" : 13.43,
    "grossProfitMargin" : 17.55,
    "grossProfit" : 85.98,
    "operatingProfitMargin" : 10.82,
    "operatingProfit" : 53.01,
    "netProfitMargin" : 8.28,
    "netProfit" : 40.56
  }, {
    "date" : "2020-03-31",
    "sales" : 450.43,
    "salesGrowthYoY" : -36.62,
    "grossProfitMargin" : 21.85,
    "grossProfit" : 98.42,
    "operatingProfitMargin" : 13.14,
    "operatingProfit" : 59.19,
    "netProfitMargin" : 10.83,
    "netProfit" : 48.78
  }, {
    "date" : "2020-06-30",
    "sales" : 174.12,
    "salesGrowthYoY" : -66.25,
    "grossProfitMargin" : 26.62,
    "grossProfit" : 46.35,
    "operatingProfitMargin" : 10.27,
    "operatingProfit" : 17.88,
    "netProfitMargin" : 7.49,
    "netProfit" : 13.04
  }, {
    "date" : "2020-09-30",
    "sales" : 324.15,
    "salesGrowthYoY" : 6.70,
    "grossProfitMargin" : 23.62,
    "grossProfit" : 76.56,
    "operatingProfitMargin" : 11.25,
    "operatingProfit" : 36.47,
    "netProfitMargin" : 7.62,
    "netProfit" : 24.70
  }, {
    "date" : "2020-12-31",
    "sales" : 407.31,
    "salesGrowthYoY" : -16.86,
    "grossProfitMargin" : 19.25,
    "grossProfit" : 78.41,
    "operatingProfitMargin" : 11.16,
    "operatingProfit" : 45.46,
    "netProfitMargin" : 7.37,
    "netProfit" : 30.02
  }, {
    "date" : "2021-03-31",
    "sales" : 504.61,
    "salesGrowthYoY" : 12.03,
    "grossProfitMargin" : 24.63,
    "grossProfit" : 124.29,
    "operatingProfitMargin" : 13.69,
    "operatingProfit" : 69.08,
    "netProfitMargin" : 7.87,
    "netProfit" : 39.71
  }, {
    "date" : "2021-06-30",
    "sales" : 344.16,
    "salesGrowthYoY" : 97.66,
    "grossProfitMargin" : 21.95,
    "grossProfit" : 75.54,
    "operatingProfitMargin" : 9.29,
    "operatingProfit" : 31.97,
    "netProfitMargin" : 5.81,
    "netProfit" : 20.00
  }, {
    "date" : "2021-09-30",
    "sales" : 280.01,
    "salesGrowthYoY" : -13.62,
    "grossProfitMargin" : 27.90,
    "grossProfit" : 78.12,
    "operatingProfitMargin" : 9.05,
    "operatingProfit" : 25.34,
    "netProfitMargin" : 5.08,
    "netProfit" : 14.22
  }, {
    "date" : "2021-12-31",
    "sales" : 215.54,
    "salesGrowthYoY" : -47.08,
    "grossProfitMargin" : 32.49,
    "grossProfit" : 70.03,
    "operatingProfitMargin" : 5.92,
    "operatingProfit" : 12.76,
    "netProfitMargin" : 2.92,
    "netProfit" : 6.29
  }, {
    "date" : "2022-03-31",
    "sales" : 467.23,
    "salesGrowthYoY" : -7.41,
    "grossProfitMargin" : 29.37,
    "grossProfit" : 137.23,
    "operatingProfitMargin" : 15.85,
    "operatingProfit" : 74.06,
    "netProfitMargin" : 11.33,
    "netProfit" : 52.94
  }, {
    "date" : "2022-06-30",
    "sales" : 674.49,
    "salesGrowthYoY" : 95.98,
    "grossProfitMargin" : 16.08,
    "grossProfit" : 108.46,
    "operatingProfitMargin" : 4.95,
    "operatingProfit" : 33.39,
    "netProfitMargin" : 3.70,
    "netProfit" : 24.96
  }, {
    "date" : "2022-09-30",
    "sales" : 509.56,
    "salesGrowthYoY" : 81.98,
    "grossProfitMargin" : 24.03,
    "grossProfit" : 122.45,
    "operatingProfitMargin" : 9.12,
    "operatingProfit" : 46.47,
    "netProfitMargin" : 6.82,
    "netProfit" : 34.75
  }, {
    "date" : "2022-12-31",
    "sales" : 668.37,
    "salesGrowthYoY" : 210.09,
    "grossProfitMargin" : 21.68,
    "grossProfit" : 144.90,
    "operatingProfitMargin" : 9.81,
    "operatingProfit" : 65.57,
    "netProfitMargin" : 8.08,
    "netProfit" : 54.00
  }, {
    "date" : "2023-03-31",
    "sales" : 823.97,
    "salesGrowthYoY" : 76.35,
    "grossProfitMargin" : 24.35,
    "grossProfit" : 200.64,
    "operatingProfitMargin" : 11.06,
    "operatingProfit" : 91.13,
    "netProfitMargin" : 12.96,
    "netProfit" : 106.79
  }, {
    "date" : "2023-06-30",
    "sales" : 680.74,
    "salesGrowthYoY" : 0.93,
    "grossProfitMargin" : 84.68,
    "grossProfit" : 576.45,
    "operatingProfitMargin" : 15.17,
    "operatingProfit" : 103.27,
    "netProfitMargin" : 13.17,
    "netProfit" : 89.65
  }, {
    "date" : "2023-09-30",
    "sales" : 542.37,
    "salesGrowthYoY" : 6.44,
    "grossProfitMargin" : 87.39,
    "grossProfit" : 473.98,
    "operatingProfitMargin" : 10.96,
    "operatingProfit" : 59.44,
    "netProfitMargin" : 9.90,
    "netProfit" : 53.69
  }, {
    "date" : "2023-12-31",
    "sales" : 583.54,
    "salesGrowthYoY" : -12.69,
    "grossProfitMargin" : 84.05,
    "grossProfit" : 490.47,
    "operatingProfitMargin" : 16.93,
    "operatingProfit" : 98.79,
    "netProfitMargin" : 13.29,
    "netProfit" : 77.55
  }, {
    "date" : "2024-03-31",
    "sales" : 643.79,
    "salesGrowthYoY" : -21.87,
    "grossProfitMargin" : 83.43,
    "grossProfit" : 537.11,
    "operatingProfitMargin" : 11.66,
    "operatingProfit" : 75.07,
    "netProfitMargin" : 9.97,
    "netProfit" : 64.19
  }, {
    "date" : "2024-06-30",
    "sales" : 746.56,
    "salesGrowthYoY" : 9.67,
    "grossProfitMargin" : 87.29,
    "grossProfit" : 651.67,
    "operatingProfitMargin" : 13.30,
    "operatingProfit" : 99.29,
    "netProfitMargin" : 11.91,
    "netProfit" : 88.92
  }, {
    "date" : "2024-09-30",
    "sales" : 662.93,
    "salesGrowthYoY" : 22.23,
    "grossProfitMargin" : 92.01,
    "grossProfit" : 609.96,
    "operatingProfitMargin" : 11.09,
    "operatingProfit" : 73.52,
    "netProfitMargin" : 9.76,
    "netProfit" : 64.70
  }, {
    "date" : "2024-12-31",
    "sales" : 683.43,
    "salesGrowthYoY" : 17.12,
    "grossProfitMargin" : 78.31,
    "grossProfit" : 535.19,
    "operatingProfitMargin" : 11.55,
    "operatingProfit" : 78.94,
    "netProfitMargin" : 10.16,
    "netProfit" : 69.44
  }, {
    "date" : "2025-03-31",
    "sales" : 734.47,
    "salesGrowthYoY" : 14.09,
    "grossProfitMargin" : 76.38,
    "grossProfit" : 560.99,
    "operatingProfitMargin" : 13.13,
    "operatingProfit" : 96.44,
    "netProfitMargin" : 11.49,
    "netProfit" : 84.39
  }, {
    "date" : "2025-06-30",
    "sales" : 603.71,
    "salesGrowthYoY" : -19.13,
    "grossProfitMargin" : 91.99,
    "grossProfit" : 555.35,
    "operatingProfitMargin" : 15.26,
    "operatingProfit" : 92.13,
    "netProfitMargin" : 14.37,
    "netProfit" : 86.75
  }, {
    "date" : "2025-09-30",
    "sales" : 593.10,
    "salesGrowthYoY" : -10.53,
    "grossProfitMargin" : 82.02,
    "grossProfit" : 486.46,
    "operatingProfitMargin" : 15.41,
    "operatingProfit" : 91.40,
    "netProfitMargin" : 12.35,
    "netProfit" : 73.25
  } ],
  "latestQuarterlyResult" : {
    "date" : "2025-09-30",
    "sales" : 593.10,
    "salesGrowthYoY" : -10.53,
    "grossProfitMargin" : 82.02,
    "grossProfit" : 486.46,
    "operatingProfitMargin" : 15.41,
    "operatingProfit" : 91.40,
    "netProfitMargin" : 12.35,
    "netProfit" : 73.25
  },
  "companyScore" : {
    "priceHigherThanDma50" : 0.00,
    "priceHigherThanDma100" : 0.00,
    "priceHigherThanDma200" : 0.00,
    "dma50HigherThanDma100" : 5.00,
    "dma50HigherThanDma200" : 5.00,
    "dma100HigherThanDma200" : 0.00,
    "pricePercentageAboveDma50" : 5.24,
    "pricePercentageAboveDma100" : 5.13,
    "pricePercentageAboveDma200" : 5.14,
    "weeklyVolumeHigherThanYearlyVolume" : 0.00,
    "salesGrowthPercentile" : 5.82,
    "operatingProfitMarginPercentile" : 17.12,
    "netProfitMarginPercentile" : 8.43,
    "totalTechnicalScore" : 25.51,
    "totalFundamentalScore" : 31.38,
    "totalScore" : 56.88
  }
}