{
  "metadata" : {
    "screenerCompanyId" : "3751",
    "companyCode" : "WHEELS",
    "companyName" : "Wheels India",
    "screenerCompanyLink" : "https://www.screener.in/company/WHEELS/",
    "screenerTechnicalHistoryLink" : "https://www.screener.in/api/company/3751/chart/?q=Price-DMA50-DMA200-Volume&days=365",
    "screenerQuarterlyResultsLink" : "https://www.screener.in/api/company/3751/chart/?q=GPM-OPM-NPM-Quarter+Sales&days=10000",
    "attributes" : {
      "companyCode" : "WHEELS",
      "companyName" : "Wheels India",
      "marketCap" : 1800.00,
      "peRatio" : 16.00,
      "description" : "Wheels India is engaged in the Business of Manufacture of Road Wheels , Parts & Accessories for Machinery / Equipments used by construction and mining industries and Wind Turbine Parts. [1]"
    },
    "companyScore" : {
      "priceHigherThanDma50" : 0.00,
      "priceHigherThanDma100" : 0.00,
      "priceHigherThanDma200" : 0.00,
      "dma50HigherThanDma100" : 0.00,
      "dma50HigherThanDma200" : 5.00,
      "dma100HigherThanDma200" : 5.00,
      "pricePercentageAboveDma50" : 5.61,
      "pricePercentageAboveDma100" : 5.71,
      "pricePercentageAboveDma200" : 5.45,
      "weeklyVolumeHigherThanYearlyVolume" : 0.00,
      "salesGrowthPercentile" : 9.11,
      "operatingProfitMarginPercentile" : 17.41,
      "netProfitMarginPercentile" : 8.93,
      "totalTechnicalScore" : 26.77,
      "totalFundamentalScore" : 35.46,
      "totalScore" : 62.23
    }
  },
  "attributes" : {
    "companyCode" : "WHEELS",
    "companyName" : "Wheels India",
    "marketCap" : 1800.00,
    "peRatio" : 16.00,
    "description" : "Wheels India is engaged in the Business of Manufacture of Road Wheels , Parts & Accessories for Machinery / Equipments used by construction and mining industries and Wind Turbine Parts. [1]"
  },
  "technicalHistory" : [ {
    "date" : "2025-01-24",
    "price" : 685.65,
    "dma50" : 706.67,
    "dma100" : null,
    "dma200" : 723.30,
    "volume" : 56361.00
  }, {
    "date" : "2025-01-27",
    "price" : 664.70,
    "dma50" : 705.03,
    "dma100" : null,
    "dma200" : 722.71,
    "volume" : 136670.00
  }, {
    "date" : "2025-01-28",
    "price" : 663.50,
    "dma50" : 703.40,
    "dma100" : null,
    "dma200" : 722.12,
    "volume" : 61978.00
  }, {
    "date" : "2025-01-29",
    "price" : 685.05,
    "dma50" : 702.68,
    "dma100" : null,
    "dma200" : 721.76,
    "volume" : 32572.00
  }, {
    "date" : "2025-01-30",
    "price" : 687.25,
    "dma50" : 702.07,
    "dma100" : null,
    "dma200" : 721.41,
    "volume" : 19585.00
  }, {
    "date" : "2025-01-31",
    "price" : 700.25,
    "dma50" : 702.00,
    "dma100" : null,
    "dma200" : 721.20,
    "volume" : 26854.00
  }, {
    "date" : "2025-02-01",
    "price" : 700.00,
    "dma50" : 701.92,
    "dma100" : null,
    "dma200" : 720.99,
    "volume" : 17697.00
  }, {
    "date" : "2025-02-03",
    "price" : 678.00,
    "dma50" : 700.99,
    "dma100" : null,
    "dma200" : 720.56,
    "volume" : 23070.00
  }, {
    "date" : "2025-02-04",
    "price" : 697.35,
    "dma50" : 700.84,
    "dma100" : null,
    "dma200" : 720.33,
    "volume" : 20455.00
  }, {
    "date" : "2025-02-05",
    "price" : 692.90,
    "dma50" : 700.53,
    "dma100" : null,
    "dma200" : 720.06,
    "volume" : 14207.00
  }, {
    "date" : "2025-02-06",
    "price" : 695.95,
    "dma50" : 700.35,
    "dma100" : null,
    "dma200" : 719.82,
    "volume" : 11912.00
  }, {
    "date" : "2025-02-07",
    "price" : 696.95,
    "dma50" : 700.22,
    "dma100" : null,
    "dma200" : 719.59,
    "volume" : 12044.00
  }, {
    "date" : "2025-02-10",
    "price" : 676.45,
    "dma50" : 699.29,
    "dma100" : null,
    "dma200" : 719.16,
    "volume" : 12233.00
  }, {
    "date" : "2025-02-11",
    "price" : 648.50,
    "dma50" : 697.29,
    "dma100" : null,
    "dma200" : 718.46,
    "volume" : 28023.00
  }, {
    "date" : "2025-02-12",
    "price" : 643.65,
    "dma50" : 695.19,
    "dma100" : null,
    "dma200" : 717.71,
    "volume" : 18756.00
  }, {
    "date" : "2025-02-13",
    "price" : 641.35,
    "dma50" : 693.08,
    "dma100" : null,
    "dma200" : 716.95,
    "volume" : 13661.00
  }, {
    "date" : "2025-02-14",
    "price" : 628.05,
    "dma50" : 690.53,
    "dma100" : null,
    "dma200" : 716.07,
    "volume" : 14331.00
  }, {
    "date" : "2025-02-17",
    "price" : 617.90,
    "dma50" : 687.68,
    "dma100" : null,
    "dma200" : 715.09,
    "volume" : 14212.00
  }, {
    "date" : "2025-02-18",
    "price" : 605.15,
    "dma50" : 684.44,
    "dma100" : null,
    "dma200" : 714.00,
    "volume" : 11889.00
  }, {
    "date" : "2025-02-19",
    "price" : 612.15,
    "dma50" : 681.61,
    "dma100" : null,
    "dma200" : 712.99,
    "volume" : 17396.00
  }, {
    "date" : "2025-02-20",
    "price" : 602.55,
    "dma50" : 678.51,
    "dma100" : null,
    "dma200" : 711.89,
    "volume" : 29375.00
  }, {
    "date" : "2025-02-21",
    "price" : 607.05,
    "dma50" : 675.71,
    "dma100" : null,
    "dma200" : 710.84,
    "volume" : 12622.00
  }, {
    "date" : "2025-02-24",
    "price" : 602.65,
    "dma50" : 672.84,
    "dma100" : null,
    "dma200" : 709.77,
    "volume" : 11673.00
  }, {
    "date" : "2025-02-25",
    "price" : 602.50,
    "dma50" : 670.08,
    "dma100" : null,
    "dma200" : 708.70,
    "volume" : 18127.00
  }, {
    "date" : "2025-02-27",
    "price" : 585.25,
    "dma50" : 666.76,
    "dma100" : null,
    "dma200" : 707.47,
    "volume" : 11258.00
  }, {
    "date" : "2025-02-28",
    "price" : 563.40,
    "dma50" : 662.70,
    "dma100" : null,
    "dma200" : 706.04,
    "volume" : 33462.00
  }, {
    "date" : "2025-03-03",
    "price" : 560.30,
    "dma50" : 658.69,
    "dma100" : null,
    "dma200" : 704.59,
    "volume" : 36346.00
  }, {
    "date" : "2025-03-04",
    "price" : 560.65,
    "dma50" : 654.84,
    "dma100" : null,
    "dma200" : 703.16,
    "volume" : 68365.00
  }, {
    "date" : "2025-03-05",
    "price" : 578.80,
    "dma50" : 651.86,
    "dma100" : null,
    "dma200" : 701.92,
    "volume" : 26698.00
  }, {
    "date" : "2025-03-06",
    "price" : 586.65,
    "dma50" : 649.30,
    "dma100" : null,
    "dma200" : 700.77,
    "volume" : 42508.00
  }, {
    "date" : "2025-03-07",
    "price" : 598.40,
    "dma50" : 647.31,
    "dma100" : null,
    "dma200" : 699.75,
    "volume" : 39004.00
  }, {
    "date" : "2025-03-10",
    "price" : 588.15,
    "dma50" : 644.99,
    "dma100" : null,
    "dma200" : 698.64,
    "volume" : 81343.00
  }, {
    "date" : "2025-03-11",
    "price" : 580.70,
    "dma50" : 642.47,
    "dma100" : null,
    "dma200" : 697.47,
    "volume" : 27053.00
  }, {
    "date" : "2025-03-12",
    "price" : 588.30,
    "dma50" : 640.34,
    "dma100" : null,
    "dma200" : 696.38,
    "volume" : 33745.00
  }, {
    "date" : "2025-03-13",
    "price" : 582.85,
    "dma50" : 638.09,
    "dma100" : null,
    "dma200" : 695.25,
    "volume" : 14422.00
  }, {
    "date" : "2025-03-17",
    "price" : 571.10,
    "dma50" : 635.46,
    "dma100" : null,
    "dma200" : 694.02,
    "volume" : 19643.00
  }, {
    "date" : "2025-03-18",
    "price" : 581.35,
    "dma50" : 633.34,
    "dma100" : null,
    "dma200" : 692.90,
    "volume" : 46670.00
  }, {
    "date" : "2025-03-19",
    "price" : 596.30,
    "dma50" : 631.89,
    "dma100" : null,
    "dma200" : 691.94,
    "volume" : 41437.00
  }, {
    "date" : "2025-03-20",
    "price" : 616.55,
    "dma50" : 631.28,
    "dma100" : null,
    "dma200" : 691.19,
    "volume" : 43656.00
  }, {
    "date" : "2025-03-21",
    "price" : 611.55,
    "dma50" : 630.51,
    "dma100" : null,
    "dma200" : 690.39,
    "volume" : 36555.00
  }, {
    "date" : "2025-03-24",
    "price" : 619.50,
    "dma50" : 630.08,
    "dma100" : null,
    "dma200" : 689.69,
    "volume" : 38562.00
  }, {
    "date" : "2025-03-25",
    "price" : 595.50,
    "dma50" : 628.72,
    "dma100" : null,
    "dma200" : 688.75,
    "volume" : 40841.00
  }, {
    "date" : "2025-03-26",
    "price" : 574.90,
    "dma50" : 626.61,
    "dma100" : null,
    "dma200" : 687.62,
    "volume" : 64842.00
  }, {
    "date" : "2025-03-27",
    "price" : 578.85,
    "dma50" : 624.74,
    "dma100" : null,
    "dma200" : 686.54,
    "volume" : 57491.00
  }, {
    "date" : "2025-03-28",
    "price" : 579.50,
    "dma50" : 622.97,
    "dma100" : null,
    "dma200" : 685.47,
    "volume" : 29589.00
  }, {
    "date" : "2025-04-01",
    "price" : 605.00,
    "dma50" : 622.26,
    "dma100" : null,
    "dma200" : 684.67,
    "volume" : 22279.00
  }, {
    "date" : "2025-04-02",
    "price" : 618.20,
    "dma50" : 622.10,
    "dma100" : null,
    "dma200" : 684.01,
    "volume" : 28167.00
  }, {
    "date" : "2025-04-03",
    "price" : 628.60,
    "dma50" : 622.36,
    "dma100" : null,
    "dma200" : 683.46,
    "volume" : 25361.00
  }, {
    "date" : "2025-04-04",
    "price" : 623.80,
    "dma50" : 622.41,
    "dma100" : null,
    "dma200" : 682.86,
    "volume" : 33416.00
  }, {
    "date" : "2025-04-07",
    "price" : 587.50,
    "dma50" : 621.04,
    "dma100" : null,
    "dma200" : 681.91,
    "volume" : 29569.00
  }, {
    "date" : "2025-04-08",
    "price" : 621.85,
    "dma50" : 621.08,
    "dma100" : null,
    "dma200" : 681.32,
    "volume" : 131146.00
  }, {
    "date" : "2025-04-09",
    "price" : 616.45,
    "dma50" : 620.89,
    "dma100" : null,
    "dma200" : 680.67,
    "volume" : 19521.00
  }, {
    "date" : "2025-04-11",
    "price" : 638.20,
    "dma50" : 621.57,
    "dma100" : null,
    "dma200" : 680.25,
    "volume" : 24720.00
  }, {
    "date" : "2025-04-15",
    "price" : 641.35,
    "dma50" : 622.35,
    "dma100" : null,
    "dma200" : 679.86,
    "volume" : 14992.00
  }, {
    "date" : "2025-04-16",
    "price" : 659.30,
    "dma50" : 623.80,
    "dma100" : null,
    "dma200" : 679.66,
    "volume" : 19802.00
  }, {
    "date" : "2025-04-17",
    "price" : 671.60,
    "dma50" : 625.67,
    "dma100" : null,
    "dma200" : 679.58,
    "volume" : 21746.00
  }, {
    "date" : "2025-04-21",
    "price" : 687.40,
    "dma50" : 628.09,
    "dma100" : null,
    "dma200" : 679.65,
    "volume" : 62562.00
  }, {
    "date" : "2025-04-22",
    "price" : 705.95,
    "dma50" : 631.15,
    "dma100" : null,
    "dma200" : 679.92,
    "volume" : 28012.00
  }, {
    "date" : "2025-04-23",
    "price" : 696.60,
    "dma50" : 633.71,
    "dma100" : null,
    "dma200" : 680.08,
    "volume" : 28118.00
  }, {
    "date" : "2025-04-24",
    "price" : 695.80,
    "dma50" : 636.15,
    "dma100" : null,
    "dma200" : 680.24,
    "volume" : 15897.00
  }, {
    "date" : "2025-04-25",
    "price" : 678.30,
    "dma50" : 637.80,
    "dma100" : null,
    "dma200" : 680.22,
    "volume" : 23635.00
  }, {
    "date" : "2025-04-28",
    "price" : 687.00,
    "dma50" : 639.73,
    "dma100" : null,
    "dma200" : 680.29,
    "volume" : 23534.00
  }, {
    "date" : "2025-04-29",
    "price" : 681.00,
    "dma50" : 641.35,
    "dma100" : null,
    "dma200" : 680.29,
    "volume" : 11149.00
  }, {
    "date" : "2025-04-30",
    "price" : 676.70,
    "dma50" : 642.73,
    "dma100" : null,
    "dma200" : 680.26,
    "volume" : 11926.00
  }, {
    "date" : "2025-05-02",
    "price" : 668.75,
    "dma50" : 643.75,
    "dma100" : null,
    "dma200" : 680.14,
    "volume" : 26329.00
  }, {
    "date" : "2025-05-05",
    "price" : 668.35,
    "dma50" : 644.72,
    "dma100" : null,
    "dma200" : 680.03,
    "volume" : 12881.00
  }, {
    "date" : "2025-05-06",
    "price" : 648.50,
    "dma50" : 644.87,
    "dma100" : null,
    "dma200" : 679.71,
    "volume" : 8968.00
  }, {
    "date" : "2025-05-07",
    "price" : 656.75,
    "dma50" : 645.33,
    "dma100" : null,
    "dma200" : 679.48,
    "volume" : 12688.00
  }, {
    "date" : "2025-05-08",
    "price" : 649.65,
    "dma50" : 645.50,
    "dma100" : null,
    "dma200" : 679.19,
    "volume" : 10881.00
  }, {
    "date" : "2025-05-09",
    "price" : 647.00,
    "dma50" : 645.56,
    "dma100" : null,
    "dma200" : 678.87,
    "volume" : 10026.00
  }, {
    "date" : "2025-05-12",
    "price" : 680.05,
    "dma50" : 646.91,
    "dma100" : null,
    "dma200" : 678.88,
    "volume" : 13814.00
  }, {
    "date" : "2025-05-13",
    "price" : 720.50,
    "dma50" : 649.80,
    "dma100" : null,
    "dma200" : 679.29,
    "volume" : 57355.00
  }, {
    "date" : "2025-05-14",
    "price" : 727.20,
    "dma50" : 652.84,
    "dma100" : null,
    "dma200" : 679.77,
    "volume" : 35638.00
  }, {
    "date" : "2025-05-15",
    "price" : 737.10,
    "dma50" : 656.14,
    "dma100" : null,
    "dma200" : 680.34,
    "volume" : 56446.00
  }, {
    "date" : "2025-05-16",
    "price" : 733.65,
    "dma50" : 659.18,
    "dma100" : null,
    "dma200" : 680.87,
    "volume" : 14252.00
  }, {
    "date" : "2025-05-19",
    "price" : 772.65,
    "dma50" : 663.63,
    "dma100" : null,
    "dma200" : 681.78,
    "volume" : 70133.00
  }, {
    "date" : "2025-05-20",
    "price" : 736.10,
    "dma50" : 666.47,
    "dma100" : null,
    "dma200" : 682.32,
    "volume" : 145780.00
  }, {
    "date" : "2025-05-21",
    "price" : 751.35,
    "dma50" : 669.80,
    "dma100" : null,
    "dma200" : 683.01,
    "volume" : 44743.00
  }, {
    "date" : "2025-05-22",
    "price" : 755.90,
    "dma50" : 673.18,
    "dma100" : null,
    "dma200" : 683.74,
    "volume" : 28711.00
  }, {
    "date" : "2025-05-23",
    "price" : 764.05,
    "dma50" : 676.74,
    "dma100" : null,
    "dma200" : 684.54,
    "volume" : 24011.00
  }, {
    "date" : "2025-05-26",
    "price" : 761.95,
    "dma50" : 680.08,
    "dma100" : null,
    "dma200" : 685.31,
    "volume" : 15029.00
  }, {
    "date" : "2025-05-27",
    "price" : 793.45,
    "dma50" : 684.53,
    "dma100" : null,
    "dma200" : 686.38,
    "volume" : 96510.00
  }, {
    "date" : "2025-05-28",
    "price" : 765.55,
    "dma50" : 687.70,
    "dma100" : null,
    "dma200" : 687.17,
    "volume" : 22268.00
  }, {
    "date" : "2025-05-29",
    "price" : 766.65,
    "dma50" : 690.80,
    "dma100" : null,
    "dma200" : 687.96,
    "volume" : 15854.00
  }, {
    "date" : "2025-05-30",
    "price" : 739.85,
    "dma50" : 692.72,
    "dma100" : null,
    "dma200" : 688.48,
    "volume" : 32168.00
  }, {
    "date" : "2025-06-02",
    "price" : 747.95,
    "dma50" : 694.89,
    "dma100" : null,
    "dma200" : 689.07,
    "volume" : 24214.00
  }, {
    "date" : "2025-06-03",
    "price" : 739.65,
    "dma50" : 696.65,
    "dma100" : null,
    "dma200" : 689.57,
    "volume" : 8604.00
  }, {
    "date" : "2025-06-04",
    "price" : 744.20,
    "dma50" : 698.51,
    "dma100" : null,
    "dma200" : 690.12,
    "volume" : 14433.00
  }, {
    "date" : "2025-06-05",
    "price" : 746.65,
    "dma50" : 700.40,
    "dma100" : null,
    "dma200" : 690.68,
    "volume" : 26358.00
  }, {
    "date" : "2025-06-06",
    "price" : 745.10,
    "dma50" : 702.15,
    "dma100" : null,
    "dma200" : 691.22,
    "volume" : 40130.00
  }, {
    "date" : "2025-06-09",
    "price" : 761.45,
    "dma50" : 704.48,
    "dma100" : null,
    "dma200" : 691.92,
    "volume" : 24970.00
  }, {
    "date" : "2025-06-10",
    "price" : 766.60,
    "dma50" : 706.91,
    "dma100" : null,
    "dma200" : 692.66,
    "volume" : 49192.00
  }, {
    "date" : "2025-06-11",
    "price" : 762.95,
    "dma50" : 709.11,
    "dma100" : null,
    "dma200" : 693.36,
    "volume" : 27534.00
  }, {
    "date" : "2025-06-12",
    "price" : 744.50,
    "dma50" : 710.50,
    "dma100" : null,
    "dma200" : 693.87,
    "volume" : 29135.00
  }, {
    "date" : "2025-06-13",
    "price" : 749.05,
    "dma50" : 712.01,
    "dma100" : null,
    "dma200" : 694.42,
    "volume" : 23869.00
  }, {
    "date" : "2025-06-16",
    "price" : 749.20,
    "dma50" : 713.47,
    "dma100" : null,
    "dma200" : 694.96,
    "volume" : 15986.00
  }, {
    "date" : "2025-06-17",
    "price" : 754.40,
    "dma50" : 715.07,
    "dma100" : null,
    "dma200" : 695.55,
    "volume" : 18968.00
  }, {
    "date" : "2025-06-18",
    "price" : 752.05,
    "dma50" : 716.52,
    "dma100" : null,
    "dma200" : 696.12,
    "volume" : 39738.00
  }, {
    "date" : "2025-06-19",
    "price" : 743.15,
    "dma50" : 717.57,
    "dma100" : null,
    "dma200" : 696.59,
    "volume" : 16489.00
  }, {
    "date" : "2025-06-20",
    "price" : 759.60,
    "dma50" : 719.22,
    "dma100" : null,
    "dma200" : 697.21,
    "volume" : 29546.00
  }, {
    "date" : "2025-06-23",
    "price" : 749.30,
    "dma50" : 720.40,
    "dma100" : 669.30,
    "dma200" : 697.73,
    "volume" : 23204.00
  }, {
    "date" : "2025-06-24",
    "price" : 751.80,
    "dma50" : 721.63,
    "dma100" : 670.17,
    "dma200" : 698.27,
    "volume" : 24529.00
  }, {
    "date" : "2025-06-25",
    "price" : 769.50,
    "dma50" : 723.50,
    "dma100" : 671.23,
    "dma200" : 698.98,
    "volume" : 44581.00
  }, {
    "date" : "2025-06-26",
    "price" : 776.20,
    "dma50" : 725.57,
    "dma100" : 672.14,
    "dma200" : 699.75,
    "volume" : 79936.00
  }, {
    "date" : "2025-06-27",
    "price" : 790.50,
    "dma50" : 728.12,
    "dma100" : 673.17,
    "dma200" : 700.65,
    "volume" : 121114.00
  }, {
    "date" : "2025-06-30",
    "price" : 813.70,
    "dma50" : 731.47,
    "dma100" : 674.31,
    "dma200" : 701.77,
    "volume" : 226301.00
  }, {
    "date" : "2025-07-01",
    "price" : 820.60,
    "dma50" : 734.97,
    "dma100" : 675.51,
    "dma200" : 702.96,
    "volume" : 79747.00
  }, {
    "date" : "2025-07-02",
    "price" : 811.95,
    "dma50" : 737.99,
    "dma100" : 676.85,
    "dma200" : 704.04,
    "volume" : 38570.00
  }, {
    "date" : "2025-07-03",
    "price" : 803.55,
    "dma50" : 740.56,
    "dma100" : 677.91,
    "dma200" : 705.03,
    "volume" : 22206.00
  }, {
    "date" : "2025-07-04",
    "price" : 821.75,
    "dma50" : 743.74,
    "dma100" : 679.20,
    "dma200" : 706.19,
    "volume" : 40798.00
  }, {
    "date" : "2025-07-07",
    "price" : 800.35,
    "dma50" : 745.96,
    "dma100" : 680.25,
    "dma200" : 707.13,
    "volume" : 30044.00
  }, {
    "date" : "2025-07-08",
    "price" : 800.25,
    "dma50" : 748.09,
    "dma100" : 681.28,
    "dma200" : 708.06,
    "volume" : 78209.00
  }, {
    "date" : "2025-07-09",
    "price" : 800.80,
    "dma50" : 750.16,
    "dma100" : 682.52,
    "dma200" : 708.98,
    "volume" : 25254.00
  }, {
    "date" : "2025-07-10",
    "price" : 787.10,
    "dma50" : 751.61,
    "dma100" : 683.91,
    "dma200" : 709.76,
    "volume" : 22586.00
  }, {
    "date" : "2025-07-11",
    "price" : 796.35,
    "dma50" : 753.36,
    "dma100" : 685.44,
    "dma200" : 710.62,
    "volume" : 26658.00
  }, {
    "date" : "2025-07-14",
    "price" : 794.25,
    "dma50" : 754.97,
    "dma100" : 686.97,
    "dma200" : 711.45,
    "volume" : 20915.00
  }, {
    "date" : "2025-07-15",
    "price" : 798.15,
    "dma50" : 756.66,
    "dma100" : 688.67,
    "dma200" : 712.31,
    "volume" : 40631.00
  }, {
    "date" : "2025-07-16",
    "price" : 808.30,
    "dma50" : 758.68,
    "dma100" : 690.57,
    "dma200" : 713.27,
    "volume" : 44236.00
  }, {
    "date" : "2025-07-17",
    "price" : 808.40,
    "dma50" : 760.63,
    "dma100" : 692.60,
    "dma200" : 714.21,
    "volume" : 43420.00
  }, {
    "date" : "2025-07-18",
    "price" : 813.85,
    "dma50" : 762.72,
    "dma100" : 694.62,
    "dma200" : 715.21,
    "volume" : 22023.00
  }, {
    "date" : "2025-07-21",
    "price" : 826.20,
    "dma50" : 765.21,
    "dma100" : 696.86,
    "dma200" : 716.31,
    "volume" : 164285.00
  }, {
    "date" : "2025-07-22",
    "price" : 828.90,
    "dma50" : 767.71,
    "dma100" : 699.08,
    "dma200" : 717.43,
    "volume" : 43167.00
  }, {
    "date" : "2025-07-23",
    "price" : 825.55,
    "dma50" : 769.98,
    "dma100" : 701.30,
    "dma200" : 718.51,
    "volume" : 33235.00
  }, {
    "date" : "2025-07-24",
    "price" : 815.35,
    "dma50" : 771.76,
    "dma100" : 703.43,
    "dma200" : 719.47,
    "volume" : 18214.00
  }, {
    "date" : "2025-07-25",
    "price" : 797.40,
    "dma50" : 772.76,
    "dma100" : 705.55,
    "dma200" : 720.24,
    "volume" : 20351.00
  }, {
    "date" : "2025-07-28",
    "price" : 765.45,
    "dma50" : 772.47,
    "dma100" : 707.58,
    "dma200" : 720.69,
    "volume" : 40155.00
  }, {
    "date" : "2025-07-29",
    "price" : 772.95,
    "dma50" : 772.49,
    "dma100" : 709.70,
    "dma200" : 721.21,
    "volume" : 12163.00
  }, {
    "date" : "2025-07-30",
    "price" : 772.50,
    "dma50" : 772.49,
    "dma100" : 711.82,
    "dma200" : 721.72,
    "volume" : 17848.00
  }, {
    "date" : "2025-07-31",
    "price" : 764.70,
    "dma50" : 772.19,
    "dma100" : 713.68,
    "dma200" : 722.15,
    "volume" : 18213.00
  }, {
    "date" : "2025-08-01",
    "price" : 750.10,
    "dma50" : 771.32,
    "dma100" : 715.31,
    "dma200" : 722.43,
    "volume" : 19467.00
  }, {
    "date" : "2025-08-04",
    "price" : 752.75,
    "dma50" : 770.59,
    "dma100" : 716.86,
    "dma200" : 722.73,
    "volume" : 11618.00
  }, {
    "date" : "2025-08-05",
    "price" : 736.75,
    "dma50" : 769.27,
    "dma100" : 718.34,
    "dma200" : 722.87,
    "volume" : 99408.00
  }, {
    "date" : "2025-08-06",
    "price" : 727.00,
    "dma50" : 767.61,
    "dma100" : 719.81,
    "dma200" : 722.91,
    "volume" : 31617.00
  }, {
    "date" : "2025-08-07",
    "price" : 720.80,
    "dma50" : 765.77,
    "dma100" : 721.13,
    "dma200" : 722.89,
    "volume" : 18000.00
  }, {
    "date" : "2025-08-08",
    "price" : 724.20,
    "dma50" : 764.14,
    "dma100" : 722.54,
    "dma200" : 722.90,
    "volume" : 13094.00
  }, {
    "date" : "2025-08-11",
    "price" : 737.60,
    "dma50" : 763.10,
    "dma100" : 724.21,
    "dma200" : 723.05,
    "volume" : 15542.00
  }, {
    "date" : "2025-08-12",
    "price" : 729.40,
    "dma50" : 761.78,
    "dma100" : 725.69,
    "dma200" : 723.11,
    "volume" : 7236.00
  }, {
    "date" : "2025-08-13",
    "price" : 720.70,
    "dma50" : 760.17,
    "dma100" : 726.93,
    "dma200" : 723.09,
    "volume" : 58078.00
  }, {
    "date" : "2025-08-14",
    "price" : 718.05,
    "dma50" : 758.52,
    "dma100" : 727.95,
    "dma200" : 723.04,
    "volume" : 10855.00
  }, {
    "date" : "2025-08-18",
    "price" : 726.35,
    "dma50" : 757.26,
    "dma100" : 729.10,
    "dma200" : 723.07,
    "volume" : 14593.00
  }, {
    "date" : "2025-08-19",
    "price" : 725.75,
    "dma50" : 756.02,
    "dma100" : 730.16,
    "dma200" : 723.10,
    "volume" : 18523.00
  }, {
    "date" : "2025-08-20",
    "price" : 738.80,
    "dma50" : 755.34,
    "dma100" : 731.59,
    "dma200" : 723.26,
    "volume" : 10415.00
  }, {
    "date" : "2025-08-21",
    "price" : 764.35,
    "dma50" : 755.70,
    "dma100" : 733.49,
    "dma200" : 723.66,
    "volume" : 61758.00
  }, {
    "date" : "2025-08-22",
    "price" : 754.90,
    "dma50" : 755.67,
    "dma100" : 735.25,
    "dma200" : 723.98,
    "volume" : 13666.00
  }, {
    "date" : "2025-08-25",
    "price" : 748.35,
    "dma50" : 755.38,
    "dma100" : 736.94,
    "dma200" : 724.22,
    "volume" : 12529.00
  }, {
    "date" : "2025-08-26",
    "price" : 740.20,
    "dma50" : 754.78,
    "dma100" : 738.29,
    "dma200" : 724.38,
    "volume" : 11927.00
  }, {
    "date" : "2025-08-28",
    "price" : 740.80,
    "dma50" : 754.24,
    "dma100" : 739.51,
    "dma200" : 724.54,
    "volume" : 11700.00
  }, {
    "date" : "2025-08-29",
    "price" : 733.00,
    "dma50" : 753.40,
    "dma100" : 740.56,
    "dma200" : 724.62,
    "volume" : 7158.00
  }, {
    "date" : "2025-09-01",
    "price" : 734.75,
    "dma50" : 752.67,
    "dma100" : 741.67,
    "dma200" : 724.73,
    "volume" : 19707.00
  }, {
    "date" : "2025-09-02",
    "price" : 737.20,
    "dma50" : 752.07,
    "dma100" : 743.16,
    "dma200" : 724.85,
    "volume" : 14305.00
  }, {
    "date" : "2025-09-03",
    "price" : 742.15,
    "dma50" : 751.68,
    "dma100" : 744.37,
    "dma200" : 725.02,
    "volume" : 15393.00
  }, {
    "date" : "2025-09-04",
    "price" : 737.25,
    "dma50" : 751.11,
    "dma100" : 745.58,
    "dma200" : 725.14,
    "volume" : 13814.00
  }, {
    "date" : "2025-09-05",
    "price" : 732.15,
    "dma50" : 750.37,
    "dma100" : 746.52,
    "dma200" : 725.21,
    "volume" : 13248.00
  }, {
    "date" : "2025-09-08",
    "price" : 749.80,
    "dma50" : 750.34,
    "dma100" : 747.60,
    "dma200" : 725.46,
    "volume" : 13080.00
  }, {
    "date" : "2025-09-09",
    "price" : 736.45,
    "dma50" : 749.80,
    "dma100" : 748.37,
    "dma200" : 725.57,
    "volume" : 18900.00
  }, {
    "date" : "2025-09-10",
    "price" : 740.95,
    "dma50" : 749.45,
    "dma100" : 749.06,
    "dma200" : 725.72,
    "volume" : 7700.00
  }, {
    "date" : "2025-09-11",
    "price" : 743.85,
    "dma50" : 749.23,
    "dma100" : 749.63,
    "dma200" : 725.90,
    "volume" : 34158.00
  }, {
    "date" : "2025-09-12",
    "price" : 742.65,
    "dma50" : 748.97,
    "dma100" : 750.00,
    "dma200" : 726.07,
    "volume" : 10667.00
  }, {
    "date" : "2025-09-15",
    "price" : 789.30,
    "dma50" : 750.56,
    "dma100" : 750.92,
    "dma200" : 726.70,
    "volume" : 141906.00
  }, {
    "date" : "2025-09-16",
    "price" : 791.60,
    "dma50" : 752.17,
    "dma100" : 751.88,
    "dma200" : 727.34,
    "volume" : 45775.00
  }, {
    "date" : "2025-09-17",
    "price" : 812.15,
    "dma50" : 754.52,
    "dma100" : 753.22,
    "dma200" : 728.19,
    "volume" : 74988.00
  }, {
    "date" : "2025-09-18",
    "price" : 818.70,
    "dma50" : 757.04,
    "dma100" : 754.54,
    "dma200" : 729.09,
    "volume" : 37027.00
  }, {
    "date" : "2025-09-19",
    "price" : 807.25,
    "dma50" : 759.00,
    "dma100" : 755.80,
    "dma200" : 729.86,
    "volume" : 60044.00
  }, {
    "date" : "2025-09-22",
    "price" : 797.70,
    "dma50" : 760.52,
    "dma100" : 757.01,
    "dma200" : 730.54,
    "volume" : 50642.00
  }, {
    "date" : "2025-09-23",
    "price" : 809.15,
    "dma50" : 762.43,
    "dma100" : 758.41,
    "dma200" : 731.32,
    "volume" : 191004.00
  }, {
    "date" : "2025-09-24",
    "price" : 862.30,
    "dma50" : 766.35,
    "dma100" : 760.35,
    "dma200" : 732.62,
    "volume" : 1525517.00
  }, {
    "date" : "2025-09-25",
    "price" : 870.90,
    "dma50" : 770.45,
    "dma100" : 762.58,
    "dma200" : 734.00,
    "volume" : 352355.00
  }, {
    "date" : "2025-09-26",
    "price" : 863.50,
    "dma50" : 774.09,
    "dma100" : 764.64,
    "dma200" : 735.29,
    "volume" : 185705.00
  }, {
    "date" : "2025-09-29",
    "price" : 900.00,
    "dma50" : 779.03,
    "dma100" : 767.15,
    "dma200" : 736.93,
    "volume" : 391423.00
  }, {
    "date" : "2025-09-30",
    "price" : 903.90,
    "dma50" : 783.93,
    "dma100" : 769.72,
    "dma200" : 738.59,
    "volume" : 255271.00
  }, {
    "date" : "2025-10-01",
    "price" : 876.55,
    "dma50" : 787.56,
    "dma100" : 771.68,
    "dma200" : 739.96,
    "volume" : 183142.00
  }, {
    "date" : "2025-10-03",
    "price" : 876.85,
    "dma50" : 791.06,
    "dma100" : 773.25,
    "dma200" : 741.32,
    "volume" : 85448.00
  }, {
    "date" : "2025-10-06",
    "price" : 867.10,
    "dma50" : 794.04,
    "dma100" : 774.64,
    "dma200" : 742.58,
    "volume" : 176695.00
  }, {
    "date" : "2025-10-07",
    "price" : 880.35,
    "dma50" : 797.43,
    "dma100" : 776.08,
    "dma200" : 743.95,
    "volume" : 158913.00
  }, {
    "date" : "2025-10-08",
    "price" : 920.35,
    "dma50" : 802.25,
    "dma100" : 777.94,
    "dma200" : 745.70,
    "volume" : 497650.00
  }, {
    "date" : "2025-10-09",
    "price" : 939.05,
    "dma50" : 807.61,
    "dma100" : 779.61,
    "dma200" : 747.63,
    "volume" : 159204.00
  }, {
    "date" : "2025-10-10",
    "price" : 937.00,
    "dma50" : 812.69,
    "dma100" : 781.62,
    "dma200" : 749.51,
    "volume" : 117402.00
  }, {
    "date" : "2025-10-13",
    "price" : 927.70,
    "dma50" : 817.20,
    "dma100" : 783.38,
    "dma200" : 751.28,
    "volume" : 63662.00
  }, {
    "date" : "2025-10-14",
    "price" : 924.85,
    "dma50" : 821.42,
    "dma100" : 785.07,
    "dma200" : 753.01,
    "volume" : 52573.00
  }, {
    "date" : "2025-10-15",
    "price" : 931.25,
    "dma50" : 825.73,
    "dma100" : 786.74,
    "dma200" : 754.78,
    "volume" : 54359.00
  }, {
    "date" : "2025-10-16",
    "price" : 919.80,
    "dma50" : 829.42,
    "dma100" : 788.32,
    "dma200" : 756.43,
    "volume" : 41023.00
  }, {
    "date" : "2025-10-17",
    "price" : 911.00,
    "dma50" : 832.62,
    "dma100" : 789.50,
    "dma200" : 757.96,
    "volume" : 32644.00
  }, {
    "date" : "2025-10-20",
    "price" : 927.75,
    "dma50" : 836.35,
    "dma100" : 791.12,
    "dma200" : 759.65,
    "volume" : 94806.00
  }, {
    "date" : "2025-10-21",
    "price" : 960.20,
    "dma50" : 841.20,
    "dma100" : 793.05,
    "dma200" : 761.65,
    "volume" : 83935.00
  }, {
    "date" : "2025-10-23",
    "price" : 944.55,
    "dma50" : 845.26,
    "dma100" : 795.10,
    "dma200" : 763.47,
    "volume" : 131445.00
  }, {
    "date" : "2025-10-24",
    "price" : 947.45,
    "dma50" : 849.26,
    "dma100" : 797.10,
    "dma200" : 765.30,
    "volume" : 66845.00
  }, {
    "date" : "2025-10-27",
    "price" : 937.05,
    "dma50" : 852.71,
    "dma100" : 799.07,
    "dma200" : 767.01,
    "volume" : 61057.00
  }, {
    "date" : "2025-10-28",
    "price" : 927.65,
    "dma50" : 855.65,
    "dma100" : 800.90,
    "dma200" : 768.61,
    "volume" : 55826.00
  }, {
    "date" : "2025-10-29",
    "price" : 933.05,
    "dma50" : 858.68,
    "dma100" : 802.77,
    "dma200" : 770.24,
    "volume" : 36670.00
  }, {
    "date" : "2025-10-30",
    "price" : 939.15,
    "dma50" : 861.84,
    "dma100" : 804.71,
    "dma200" : 771.92,
    "volume" : 47079.00
  }, {
    "date" : "2025-10-31",
    "price" : 902.15,
    "dma50" : 863.42,
    "dma100" : 806.12,
    "dma200" : 773.22,
    "volume" : 368425.00
  }, {
    "date" : "2025-11-03",
    "price" : 918.75,
    "dma50" : 865.59,
    "dma100" : 807.64,
    "dma200" : 774.67,
    "volume" : 161511.00
  }, {
    "date" : "2025-11-04",
    "price" : 917.15,
    "dma50" : 867.61,
    "dma100" : 809.18,
    "dma200" : 776.09,
    "volume" : 73913.00
  }, {
    "date" : "2025-11-06",
    "price" : 926.70,
    "dma50" : 869.93,
    "dma100" : 811.00,
    "dma200" : 777.58,
    "volume" : 97382.00
  }, {
    "date" : "2025-11-07",
    "price" : 905.50,
    "dma50" : 871.32,
    "dma100" : 812.57,
    "dma200" : 778.86,
    "volume" : 77675.00
  }, {
    "date" : "2025-11-10",
    "price" : 898.50,
    "dma50" : 872.39,
    "dma100" : 814.06,
    "dma200" : 780.05,
    "volume" : 26267.00
  }, {
    "date" : "2025-11-11",
    "price" : 896.10,
    "dma50" : 873.32,
    "dma100" : 815.48,
    "dma200" : 781.20,
    "volume" : 27631.00
  }, {
    "date" : "2025-11-12",
    "price" : 888.55,
    "dma50" : 873.91,
    "dma100" : 816.84,
    "dma200" : 782.27,
    "volume" : 38982.00
  }, {
    "date" : "2025-11-13",
    "price" : 881.00,
    "dma50" : 874.19,
    "dma100" : 818.22,
    "dma200" : 783.25,
    "volume" : 34114.00
  }, {
    "date" : "2025-11-14",
    "price" : 884.80,
    "dma50" : 874.61,
    "dma100" : 819.47,
    "dma200" : 784.26,
    "volume" : 22117.00
  }, {
    "date" : "2025-11-17",
    "price" : 892.15,
    "dma50" : 875.30,
    "dma100" : 820.90,
    "dma200" : 785.34,
    "volume" : 21541.00
  }, {
    "date" : "2025-11-18",
    "price" : 893.05,
    "dma50" : 875.99,
    "dma100" : 822.31,
    "dma200" : 786.41,
    "volume" : 21915.00
  }, {
    "date" : "2025-11-19",
    "price" : 872.65,
    "dma50" : 875.86,
    "dma100" : 823.34,
    "dma200" : 787.27,
    "volume" : 21971.00
  }, {
    "date" : "2025-11-20",
    "price" : 865.25,
    "dma50" : 875.45,
    "dma100" : 824.23,
    "dma200" : 788.04,
    "volume" : 33012.00
  }, {
    "date" : "2025-11-21",
    "price" : 857.25,
    "dma50" : 874.73,
    "dma100" : 824.90,
    "dma200" : 788.73,
    "volume" : 28812.00
  }, {
    "date" : "2025-11-24",
    "price" : 851.95,
    "dma50" : 873.84,
    "dma100" : 825.28,
    "dma200" : 789.36,
    "volume" : 28373.00
  }, {
    "date" : "2025-11-25",
    "price" : 847.80,
    "dma50" : 872.82,
    "dma100" : 825.56,
    "dma200" : 789.94,
    "volume" : 13950.00
  }, {
    "date" : "2025-11-26",
    "price" : 855.30,
    "dma50" : 872.13,
    "dma100" : 825.99,
    "dma200" : 790.59,
    "volume" : 22032.00
  }, {
    "date" : "2025-11-27",
    "price" : 854.60,
    "dma50" : 871.44,
    "dma100" : 826.50,
    "dma200" : 791.23,
    "volume" : 14949.00
  }, {
    "date" : "2025-11-28",
    "price" : 861.55,
    "dma50" : 871.06,
    "dma100" : 826.90,
    "dma200" : 791.93,
    "volume" : 67612.00
  }, {
    "date" : "2025-12-01",
    "price" : 857.20,
    "dma50" : 870.51,
    "dma100" : 827.47,
    "dma200" : 792.58,
    "volume" : 18751.00
  }, {
    "date" : "2025-12-02",
    "price" : 845.75,
    "dma50" : 869.54,
    "dma100" : 827.92,
    "dma200" : 793.11,
    "volume" : 41816.00
  }, {
    "date" : "2025-12-03",
    "price" : 841.45,
    "dma50" : 868.44,
    "dma100" : 828.33,
    "dma200" : 793.59,
    "volume" : 17531.00
  }, {
    "date" : "2025-12-04",
    "price" : 837.50,
    "dma50" : 867.23,
    "dma100" : 828.83,
    "dma200" : 794.02,
    "volume" : 19192.00
  }, {
    "date" : "2025-12-05",
    "price" : 828.35,
    "dma50" : 865.70,
    "dma100" : 829.15,
    "dma200" : 794.37,
    "volume" : 22316.00
  }, {
    "date" : "2025-12-08",
    "price" : 812.35,
    "dma50" : 863.61,
    "dma100" : 829.33,
    "dma200" : 794.55,
    "volume" : 31188.00
  }, {
    "date" : "2025-12-09",
    "price" : 821.60,
    "dma50" : 861.96,
    "dma100" : 829.57,
    "dma200" : 794.81,
    "volume" : 45189.00
  }, {
    "date" : "2025-12-10",
    "price" : 832.60,
    "dma50" : 860.81,
    "dma100" : 829.81,
    "dma200" : 795.19,
    "volume" : 58170.00
  }, {
    "date" : "2025-12-11",
    "price" : 840.25,
    "dma50" : 860.00,
    "dma100" : 830.13,
    "dma200" : 795.64,
    "volume" : 40218.00
  }, {
    "date" : "2025-12-12",
    "price" : 842.10,
    "dma50" : 859.30,
    "dma100" : 830.41,
    "dma200" : 796.10,
    "volume" : 22717.00
  }, {
    "date" : "2025-12-15",
    "price" : 894.45,
    "dma50" : 860.68,
    "dma100" : 831.09,
    "dma200" : 797.08,
    "volume" : 198417.00
  }, {
    "date" : "2025-12-16",
    "price" : 868.05,
    "dma50" : 860.97,
    "dma100" : 831.49,
    "dma200" : 797.79,
    "volume" : 85961.00
  }, {
    "date" : "2025-12-17",
    "price" : 855.70,
    "dma50" : 860.76,
    "dma100" : 831.79,
    "dma200" : 798.36,
    "volume" : 24099.00
  }, {
    "date" : "2025-12-18",
    "price" : 833.35,
    "dma50" : 859.69,
    "dma100" : 831.97,
    "dma200" : 798.71,
    "volume" : 48645.00
  }, {
    "date" : "2025-12-19",
    "price" : 851.80,
    "dma50" : 859.38,
    "dma100" : 832.51,
    "dma200" : 799.24,
    "volume" : 14877.00
  }, {
    "date" : "2025-12-22",
    "price" : 852.90,
    "dma50" : 859.12,
    "dma100" : 833.39,
    "dma200" : 799.77,
    "volume" : 20816.00
  }, {
    "date" : "2025-12-23",
    "price" : 861.65,
    "dma50" : 859.22,
    "dma100" : 834.27,
    "dma200" : 800.39,
    "volume" : 31549.00
  }, {
    "date" : "2025-12-24",
    "price" : 872.00,
    "dma50" : 859.72,
    "dma100" : 835.27,
    "dma200" : 801.10,
    "volume" : 81174.00
  }, {
    "date" : "2025-12-26",
    "price" : 860.45,
    "dma50" : 859.75,
    "dma100" : 836.22,
    "dma200" : 801.69,
    "volume" : 15760.00
  }, {
    "date" : "2025-12-29",
    "price" : 845.20,
    "dma50" : 859.18,
    "dma100" : 837.18,
    "dma200" : 802.12,
    "volume" : 14837.00
  }, {
    "date" : "2025-12-30",
    "price" : 853.80,
    "dma50" : 858.97,
    "dma100" : 838.19,
    "dma200" : 802.64,
    "volume" : 36561.00
  }, {
    "date" : "2025-12-31",
    "price" : 860.30,
    "dma50" : 859.02,
    "dma100" : 839.42,
    "dma200" : 803.21,
    "volume" : 29647.00
  }, {
    "date" : "2026-01-01",
    "price" : 864.85,
    "dma50" : 859.25,
    "dma100" : 840.80,
    "dma200" : 803.83,
    "volume" : 19890.00
  }, {
    "date" : "2026-01-02",
    "price" : 884.70,
    "dma50" : 860.25,
    "dma100" : 842.44,
    "dma200" : 804.63,
    "volume" : 88533.00
  }, {
    "date" : "2026-01-05",
    "price" : 869.25,
    "dma50" : 860.60,
    "dma100" : 843.89,
    "dma200" : 805.27,
    "volume" : 55528.00
  }, {
    "date" : "2026-01-06",
    "price" : 880.00,
    "dma50" : 861.36,
    "dma100" : 845.31,
    "dma200" : 806.02,
    "volume" : 54412.00
  }, {
    "date" : "2026-01-07",
    "price" : 878.55,
    "dma50" : 862.04,
    "dma100" : 846.81,
    "dma200" : 806.74,
    "volume" : 26539.00
  }, {
    "date" : "2026-01-08",
    "price" : 846.50,
    "dma50" : 861.43,
    "dma100" : 848.06,
    "dma200" : 807.13,
    "volume" : 31258.00
  }, {
    "date" : "2026-01-09",
    "price" : 811.10,
    "dma50" : 859.45,
    "dma100" : 848.99,
    "dma200" : 807.17,
    "volume" : 56220.00
  }, {
    "date" : "2026-01-12",
    "price" : 804.05,
    "dma50" : 857.28,
    "dma100" : 849.77,
    "dma200" : 807.14,
    "volume" : 35945.00
  }, {
    "date" : "2026-01-13",
    "price" : 812.20,
    "dma50" : 855.51,
    "dma100" : 850.64,
    "dma200" : 807.19,
    "volume" : 19695.00
  }, {
    "date" : "2026-01-14",
    "price" : 796.80,
    "dma50" : 853.21,
    "dma100" : 851.22,
    "dma200" : 807.09,
    "volume" : 20517.00
  }, {
    "date" : "2026-01-16",
    "price" : 780.45,
    "dma50" : 850.36,
    "dma100" : 851.38,
    "dma200" : 806.82,
    "volume" : 29753.00
  }, {
    "date" : "2026-01-19",
    "price" : 784.15,
    "dma50" : 847.76,
    "dma100" : 851.67,
    "dma200" : 806.60,
    "volume" : 32211.00
  }, {
    "date" : "2026-01-20",
    "price" : 759.85,
    "dma50" : 844.31,
    "dma100" : 851.78,
    "dma200" : 806.13,
    "volume" : 21551.00
  }, {
    "date" : "2026-01-21",
    "price" : 747.50,
    "dma50" : 840.52,
    "dma100" : 851.86,
    "dma200" : 805.55,
    "volume" : 32096.00
  }, {
    "date" : "2026-01-22",
    "price" : 757.75,
    "dma50" : 837.27,
    "dma100" : 852.03,
    "dma200" : 805.07,
    "volume" : 13883.00
  }, {
    "date" : "2026-01-23",
    "price" : 731.50,
    "dma50" : 833.12,
    "dma100" : 852.01,
    "dma200" : 804.34,
    "volume" : 33934.00
  } ],
  "latestTechnicalAttributes" : {
    "date" : "2026-01-23",
    "price" : 731.50,
    "dma50" : 833.12,
    "dma100" : 852.01,
    "dma200" : 804.34,
    "volume" : 33934.00
  },
  "quarterlyResults" : [ {
    "date" : "2005-03-31",
    "sales" : 216.03,
    "salesGrowthYoY" : null,
    "grossProfitMargin" : 26.15,
    "grossProfit" : 56.49,
    "operatingProfitMargin" : 6.87,
    "operatingProfit" : 14.84,
    "netProfitMargin" : 3.83,
    "netProfit" : 8.27
  }, {
    "date" : "2005-06-30",
    "sales" : 218.87,
    "salesGrowthYoY" : null,
    "grossProfitMargin" : 27.31,
    "grossProfit" : 59.77,
    "operatingProfitMargin" : 7.59,
    "operatingProfit" : 16.61,
    "netProfitMargin" : 3.01,
    "netProfit" : 6.59
  }, {
    "date" : "2005-09-30",
    "sales" : 204.67,
    "salesGrowthYoY" : null,
    "grossProfitMargin" : 28.07,
    "grossProfit" : 57.45,
    "operatingProfitMargin" : 7.75,
    "operatingProfit" : 15.86,
    "netProfitMargin" : 2.50,
    "netProfit" : 5.12
  }, {
    "date" : "2005-12-31",
    "sales" : 207.98,
    "salesGrowthYoY" : null,
    "grossProfitMargin" : 27.08,
    "grossProfit" : 56.32,
    "operatingProfitMargin" : 4.99,
    "operatingProfit" : 10.38,
    "netProfitMargin" : 2.30,
    "netProfit" : 4.78
  }, {
    "date" : "2006-03-31",
    "sales" : 211.84,
    "salesGrowthYoY" : -1.94,
    "grossProfitMargin" : 27.99,
    "grossProfit" : 59.29,
    "operatingProfitMargin" : 5.52,
    "operatingProfit" : 11.69,
    "netProfitMargin" : 2.63,
    "netProfit" : 5.57
  }, {
    "date" : "2006-06-30",
    "sales" : 218.95,
    "salesGrowthYoY" : 0.04,
    "grossProfitMargin" : 29.99,
    "grossProfit" : 65.66,
    "operatingProfitMargin" : 6.50,
    "operatingProfit" : 14.23,
    "netProfitMargin" : 2.51,
    "netProfit" : 5.50
  }, {
    "date" : "2006-09-30",
    "sales" : 248.72,
    "salesGrowthYoY" : 21.52,
    "grossProfitMargin" : 30.85,
    "grossProfit" : 76.73,
    "operatingProfitMargin" : 8.01,
    "operatingProfit" : 19.92,
    "netProfitMargin" : 2.51,
    "netProfit" : 6.24
  }, {
    "date" : "2006-12-31",
    "sales" : 262.67,
    "salesGrowthYoY" : 26.30,
    "grossProfitMargin" : 28.21,
    "grossProfit" : 74.10,
    "operatingProfitMargin" : 7.01,
    "operatingProfit" : 18.41,
    "netProfitMargin" : 1.69,
    "netProfit" : 4.44
  }, {
    "date" : "2007-03-31",
    "sales" : 272.93,
    "salesGrowthYoY" : 28.84,
    "grossProfitMargin" : 28.71,
    "grossProfit" : 78.36,
    "operatingProfitMargin" : 7.70,
    "operatingProfit" : 21.02,
    "netProfitMargin" : 2.94,
    "netProfit" : 8.02
  }, {
    "date" : "2007-06-30",
    "sales" : 250.68,
    "salesGrowthYoY" : 14.49,
    "grossProfitMargin" : 29.76,
    "grossProfit" : 74.60,
    "operatingProfitMargin" : 7.68,
    "operatingProfit" : 19.25,
    "netProfitMargin" : 1.78,
    "netProfit" : 4.46
  }, {
    "date" : "2007-09-30",
    "sales" : 270.74,
    "salesGrowthYoY" : 8.85,
    "grossProfitMargin" : 29.67,
    "grossProfit" : 80.33,
    "operatingProfitMargin" : 8.40,
    "operatingProfit" : 22.74,
    "netProfitMargin" : 2.57,
    "netProfit" : 6.96
  }, {
    "date" : "2007-12-31",
    "sales" : 289.86,
    "salesGrowthYoY" : 10.35,
    "grossProfitMargin" : 29.29,
    "grossProfit" : 84.90,
    "operatingProfitMargin" : 8.66,
    "operatingProfit" : 25.10,
    "netProfitMargin" : 2.81,
    "netProfit" : 8.15
  }, {
    "date" : "2008-03-31",
    "sales" : 318.93,
    "salesGrowthYoY" : 16.85,
    "grossProfitMargin" : 29.26,
    "grossProfit" : 93.32,
    "operatingProfitMargin" : 5.33,
    "operatingProfit" : 17.00,
    "netProfitMargin" : 1.98,
    "netProfit" : 6.31
  }, {
    "date" : "2008-06-30",
    "sales" : 371.53,
    "salesGrowthYoY" : 48.21,
    "grossProfitMargin" : 29.35,
    "grossProfit" : 109.04,
    "operatingProfitMargin" : 7.84,
    "operatingProfit" : 29.13,
    "netProfitMargin" : 1.74,
    "netProfit" : 6.46
  }, {
    "date" : "2008-09-30",
    "sales" : 353.10,
    "salesGrowthYoY" : 30.42,
    "grossProfitMargin" : 30.66,
    "grossProfit" : 108.26,
    "operatingProfitMargin" : 9.05,
    "operatingProfit" : 31.96,
    "netProfitMargin" : 2.18,
    "netProfit" : 7.70
  }, {
    "date" : "2008-12-31",
    "sales" : 216.87,
    "salesGrowthYoY" : -25.18,
    "grossProfitMargin" : 30.92,
    "grossProfit" : 67.06,
    "operatingProfitMargin" : 8.40,
    "operatingProfit" : 18.22,
    "netProfitMargin" : -1.53,
    "netProfit" : -3.32
  }, {
    "date" : "2009-03-31",
    "sales" : 200.43,
    "salesGrowthYoY" : -37.16,
    "grossProfitMargin" : 18.68,
    "grossProfit" : 37.44,
    "operatingProfitMargin" : 3.28,
    "operatingProfit" : 6.57,
    "netProfitMargin" : -4.31,
    "netProfit" : -8.64
  }, {
    "date" : "2009-06-30",
    "sales" : 227.14,
    "salesGrowthYoY" : -38.86,
    "grossProfitMargin" : 31.51,
    "grossProfit" : 71.57,
    "operatingProfitMargin" : 6.31,
    "operatingProfit" : 14.33,
    "netProfitMargin" : -1.09,
    "netProfit" : -2.48
  }, {
    "date" : "2009-09-30",
    "sales" : 277.07,
    "salesGrowthYoY" : -21.53,
    "grossProfitMargin" : 32.71,
    "grossProfit" : 90.63,
    "operatingProfitMargin" : 8.96,
    "operatingProfit" : 24.83,
    "netProfitMargin" : 1.76,
    "netProfit" : 4.88
  }, {
    "date" : "2009-12-31",
    "sales" : 353.95,
    "salesGrowthYoY" : 63.21,
    "grossProfitMargin" : 27.81,
    "grossProfit" : 98.43,
    "operatingProfitMargin" : 7.57,
    "operatingProfit" : 26.79,
    "netProfitMargin" : 1.97,
    "netProfit" : 6.97
  }, {
    "date" : "2010-03-31",
    "sales" : 394.84,
    "salesGrowthYoY" : 97.00,
    "grossProfitMargin" : 27.55,
    "grossProfit" : 108.78,
    "operatingProfitMargin" : 6.38,
    "operatingProfit" : 25.19,
    "netProfitMargin" : 0.91,
    "netProfit" : 3.59
  }, {
    "date" : "2010-06-30",
    "sales" : 391.56,
    "salesGrowthYoY" : 72.39,
    "grossProfitMargin" : 28.26,
    "grossProfit" : 110.65,
    "operatingProfitMargin" : 6.59,
    "operatingProfit" : 25.80,
    "netProfitMargin" : 0.41,
    "netProfit" : 1.61
  }, {
    "date" : "2010-09-30",
    "sales" : 423.88,
    "salesGrowthYoY" : 52.99,
    "grossProfitMargin" : 27.54,
    "grossProfit" : 116.74,
    "operatingProfitMargin" : 7.37,
    "operatingProfit" : 31.24,
    "netProfitMargin" : 1.21,
    "netProfit" : 5.13
  }, {
    "date" : "2010-12-31",
    "sales" : 411.54,
    "salesGrowthYoY" : 16.27,
    "grossProfitMargin" : 28.79,
    "grossProfit" : 118.48,
    "operatingProfitMargin" : 7.87,
    "operatingProfit" : 32.39,
    "netProfitMargin" : 1.36,
    "netProfit" : 5.60
  }, {
    "date" : "2011-03-31",
    "sales" : 474.26,
    "salesGrowthYoY" : 20.11,
    "grossProfitMargin" : 27.55,
    "grossProfit" : 130.66,
    "operatingProfitMargin" : 8.23,
    "operatingProfit" : 39.03,
    "netProfitMargin" : 2.38,
    "netProfit" : 11.29
  }, {
    "date" : "2011-06-30",
    "sales" : 466.59,
    "salesGrowthYoY" : 19.16,
    "grossProfitMargin" : 27.56,
    "grossProfit" : 128.59,
    "operatingProfitMargin" : 7.65,
    "operatingProfit" : 35.69,
    "netProfitMargin" : 1.54,
    "netProfit" : 7.19
  }, {
    "date" : "2011-09-30",
    "sales" : 499.30,
    "salesGrowthYoY" : 17.79,
    "grossProfitMargin" : 30.50,
    "grossProfit" : 152.29,
    "operatingProfitMargin" : 8.97,
    "operatingProfit" : 44.79,
    "netProfitMargin" : 2.20,
    "netProfit" : 10.98
  }, {
    "date" : "2011-12-31",
    "sales" : 533.29,
    "salesGrowthYoY" : 29.58,
    "grossProfitMargin" : 30.93,
    "grossProfit" : 164.95,
    "operatingProfitMargin" : 7.55,
    "operatingProfit" : 40.26,
    "netProfitMargin" : 1.71,
    "netProfit" : 9.12
  }, {
    "date" : "2012-03-31",
    "sales" : 578.37,
    "salesGrowthYoY" : 21.95,
    "grossProfitMargin" : 29.27,
    "grossProfit" : 169.29,
    "operatingProfitMargin" : 8.16,
    "operatingProfit" : 47.19,
    "netProfitMargin" : 1.22,
    "netProfit" : 7.06
  }, {
    "date" : "2012-06-30",
    "sales" : 519.61,
    "salesGrowthYoY" : 11.36,
    "grossProfitMargin" : 31.73,
    "grossProfit" : 164.87,
    "operatingProfitMargin" : 7.71,
    "operatingProfit" : 40.06,
    "netProfitMargin" : 1.72,
    "netProfit" : 8.94
  }, {
    "date" : "2012-09-30",
    "sales" : 496.51,
    "salesGrowthYoY" : -0.56,
    "grossProfitMargin" : 31.86,
    "grossProfit" : 158.19,
    "operatingProfitMargin" : 8.15,
    "operatingProfit" : 40.47,
    "netProfitMargin" : 1.73,
    "netProfit" : 8.59
  }, {
    "date" : "2012-12-31",
    "sales" : 440.95,
    "salesGrowthYoY" : -17.32,
    "grossProfitMargin" : 32.44,
    "grossProfit" : 143.04,
    "operatingProfitMargin" : 8.76,
    "operatingProfit" : 38.63,
    "netProfitMargin" : 2.04,
    "netProfit" : 9.00
  }, {
    "date" : "2013-03-31",
    "sales" : 467.24,
    "salesGrowthYoY" : -19.21,
    "grossProfitMargin" : 30.76,
    "grossProfit" : 143.72,
    "operatingProfitMargin" : 6.68,
    "operatingProfit" : 31.21,
    "netProfitMargin" : 1.15,
    "netProfit" : 5.37
  }, {
    "date" : "2013-06-30",
    "sales" : 449.85,
    "salesGrowthYoY" : -13.43,
    "grossProfitMargin" : 33.06,
    "grossProfit" : 148.72,
    "operatingProfitMargin" : 7.32,
    "operatingProfit" : 32.93,
    "netProfitMargin" : 1.51,
    "netProfit" : 6.79
  }, {
    "date" : "2013-09-30",
    "sales" : 464.99,
    "salesGrowthYoY" : -6.35,
    "grossProfitMargin" : 33.53,
    "grossProfit" : 155.91,
    "operatingProfitMargin" : 7.73,
    "operatingProfit" : 35.94,
    "netProfitMargin" : 1.88,
    "netProfit" : 8.74
  }, {
    "date" : "2013-12-31",
    "sales" : 422.37,
    "salesGrowthYoY" : -4.21,
    "grossProfitMargin" : 34.35,
    "grossProfit" : 145.08,
    "operatingProfitMargin" : 8.20,
    "operatingProfit" : 34.63,
    "netProfitMargin" : 0.98,
    "netProfit" : 4.14
  }, {
    "date" : "2014-03-31",
    "sales" : 485.27,
    "salesGrowthYoY" : 3.86,
    "grossProfitMargin" : 33.08,
    "grossProfit" : 160.53,
    "operatingProfitMargin" : 7.85,
    "operatingProfit" : 38.09,
    "netProfitMargin" : 1.81,
    "netProfit" : 8.78
  }, {
    "date" : "2014-06-30",
    "sales" : 488.82,
    "salesGrowthYoY" : 8.66,
    "grossProfitMargin" : 33.13,
    "grossProfit" : 161.95,
    "operatingProfitMargin" : 8.04,
    "operatingProfit" : 39.30,
    "netProfitMargin" : 1.60,
    "netProfit" : 7.82
  }, {
    "date" : "2014-09-30",
    "sales" : 515.12,
    "salesGrowthYoY" : 10.78,
    "grossProfitMargin" : 31.45,
    "grossProfit" : 162.01,
    "operatingProfitMargin" : 7.33,
    "operatingProfit" : 37.76,
    "netProfitMargin" : 1.85,
    "netProfit" : 9.53
  }, {
    "date" : "2014-12-31",
    "sales" : 476.63,
    "salesGrowthYoY" : 12.85,
    "grossProfitMargin" : 33.97,
    "grossProfit" : 161.91,
    "operatingProfitMargin" : 7.71,
    "operatingProfit" : 36.75,
    "netProfitMargin" : 1.19,
    "netProfit" : 5.67
  }, {
    "date" : "2015-03-31",
    "sales" : 499.30,
    "salesGrowthYoY" : 2.89,
    "grossProfitMargin" : 33.36,
    "grossProfit" : 166.57,
    "operatingProfitMargin" : 7.27,
    "operatingProfit" : 36.30,
    "netProfitMargin" : 1.35,
    "netProfit" : 6.74
  }, {
    "date" : "2015-06-30",
    "sales" : 491.58,
    "salesGrowthYoY" : 0.56,
    "grossProfitMargin" : 33.73,
    "grossProfit" : 165.81,
    "operatingProfitMargin" : 8.35,
    "operatingProfit" : 41.05,
    "netProfitMargin" : 1.58,
    "netProfit" : 7.77
  }, {
    "date" : "2015-09-30",
    "sales" : 518.28,
    "salesGrowthYoY" : 0.61,
    "grossProfitMargin" : 33.50,
    "grossProfit" : 173.62,
    "operatingProfitMargin" : 8.10,
    "operatingProfit" : 41.98,
    "netProfitMargin" : 1.79,
    "netProfit" : 9.28
  }, {
    "date" : "2015-12-31",
    "sales" : 469.84,
    "salesGrowthYoY" : -1.42,
    "grossProfitMargin" : 34.78,
    "grossProfit" : 163.41,
    "operatingProfitMargin" : 7.98,
    "operatingProfit" : 37.49,
    "netProfitMargin" : 1.27,
    "netProfit" : 5.97
  }, {
    "date" : "2016-03-31",
    "sales" : 507.54,
    "salesGrowthYoY" : 1.65,
    "grossProfitMargin" : 37.24,
    "grossProfit" : 189.01,
    "operatingProfitMargin" : 9.86,
    "operatingProfit" : 50.04,
    "netProfitMargin" : 3.34,
    "netProfit" : 16.95
  }, {
    "date" : "2016-06-30",
    "sales" : 533.96,
    "salesGrowthYoY" : 8.62,
    "grossProfitMargin" : 34.90,
    "grossProfit" : 186.35,
    "operatingProfitMargin" : 8.98,
    "operatingProfit" : 47.95,
    "netProfitMargin" : 2.69,
    "netProfit" : 14.36
  }, {
    "date" : "2016-09-30",
    "sales" : 545.66,
    "salesGrowthYoY" : 5.28,
    "grossProfitMargin" : 34.29,
    "grossProfit" : 187.11,
    "operatingProfitMargin" : 8.13,
    "operatingProfit" : 44.36,
    "netProfitMargin" : 2.27,
    "netProfit" : 12.39
  }, {
    "date" : "2016-12-31",
    "sales" : 536.52,
    "salesGrowthYoY" : 14.19,
    "grossProfitMargin" : 33.75,
    "grossProfit" : 181.08,
    "operatingProfitMargin" : 8.33,
    "operatingProfit" : 44.69,
    "netProfitMargin" : 2.67,
    "netProfit" : 14.33
  }, {
    "date" : "2017-03-31",
    "sales" : 556.73,
    "salesGrowthYoY" : 9.69,
    "grossProfitMargin" : 33.94,
    "grossProfit" : 188.95,
    "operatingProfitMargin" : 8.48,
    "operatingProfit" : 47.21,
    "netProfitMargin" : 3.10,
    "netProfit" : 17.26
  }, {
    "date" : "2017-06-30",
    "sales" : 563.87,
    "salesGrowthYoY" : 5.60,
    "grossProfitMargin" : 32.92,
    "grossProfit" : 185.63,
    "operatingProfitMargin" : 8.25,
    "operatingProfit" : 46.52,
    "netProfitMargin" : 2.30,
    "netProfit" : 12.97
  }, {
    "date" : "2017-09-30",
    "sales" : 604.78,
    "salesGrowthYoY" : 10.83,
    "grossProfitMargin" : 31.67,
    "grossProfit" : 191.53,
    "operatingProfitMargin" : 8.33,
    "operatingProfit" : 50.38,
    "netProfitMargin" : 3.18,
    "netProfit" : 19.23
  }, {
    "date" : "2017-12-31",
    "sales" : 591.97,
    "salesGrowthYoY" : 10.34,
    "grossProfitMargin" : 31.64,
    "grossProfit" : 187.30,
    "operatingProfitMargin" : 7.47,
    "operatingProfit" : 44.22,
    "netProfitMargin" : 2.18,
    "netProfit" : 12.90
  }, {
    "date" : "2018-03-31",
    "sales" : 699.62,
    "salesGrowthYoY" : 25.67,
    "grossProfitMargin" : 30.13,
    "grossProfit" : 210.80,
    "operatingProfitMargin" : 7.11,
    "operatingProfit" : 49.74,
    "netProfitMargin" : 2.78,
    "netProfit" : 19.45
  }, {
    "date" : "2018-06-30",
    "sales" : 746.28,
    "salesGrowthYoY" : 32.35,
    "grossProfitMargin" : 30.03,
    "grossProfit" : 224.11,
    "operatingProfitMargin" : 7.39,
    "operatingProfit" : 55.15,
    "netProfitMargin" : 2.41,
    "netProfit" : 17.99
  }, {
    "date" : "2018-09-30",
    "sales" : 795.79,
    "salesGrowthYoY" : 31.58,
    "grossProfitMargin" : 29.16,
    "grossProfit" : 232.05,
    "operatingProfitMargin" : 6.69,
    "operatingProfit" : 53.24,
    "netProfitMargin" : 2.85,
    "netProfit" : 22.68
  }, {
    "date" : "2018-12-31",
    "sales" : 786.03,
    "salesGrowthYoY" : 32.78,
    "grossProfitMargin" : 31.34,
    "grossProfit" : 246.34,
    "operatingProfitMargin" : 7.08,
    "operatingProfit" : 55.65,
    "netProfitMargin" : 1.94,
    "netProfit" : 15.25
  }, {
    "date" : "2019-03-31",
    "sales" : 852.93,
    "salesGrowthYoY" : 21.91,
    "grossProfitMargin" : 28.58,
    "grossProfit" : 243.77,
    "operatingProfitMargin" : 7.20,
    "operatingProfit" : 61.41,
    "netProfitMargin" : 2.31,
    "netProfit" : 19.70
  }, {
    "date" : "2019-06-30",
    "sales" : 711.96,
    "salesGrowthYoY" : -4.60,
    "grossProfitMargin" : 30.80,
    "grossProfit" : 219.28,
    "operatingProfitMargin" : 6.97,
    "operatingProfit" : 49.62,
    "netProfitMargin" : 1.63,
    "netProfit" : 11.60
  }, {
    "date" : "2019-09-30",
    "sales" : 593.15,
    "salesGrowthYoY" : -25.46,
    "grossProfitMargin" : 30.33,
    "grossProfit" : 179.90,
    "operatingProfitMargin" : 6.75,
    "operatingProfit" : 40.04,
    "netProfitMargin" : 4.83,
    "netProfit" : 28.65
  }, {
    "date" : "2019-12-31",
    "sales" : 583.24,
    "salesGrowthYoY" : -25.80,
    "grossProfitMargin" : 30.97,
    "grossProfit" : 180.63,
    "operatingProfitMargin" : 6.99,
    "operatingProfit" : 40.77,
    "netProfitMargin" : 1.58,
    "netProfit" : 9.22
  }, {
    "date" : "2020-03-31",
    "sales" : 540.21,
    "salesGrowthYoY" : -36.66,
    "grossProfitMargin" : 32.12,
    "grossProfit" : 173.52,
    "operatingProfitMargin" : 6.42,
    "operatingProfit" : 34.68,
    "netProfitMargin" : 0.86,
    "netProfit" : 4.65
  }, {
    "date" : "2020-06-30",
    "sales" : 210.52,
    "salesGrowthYoY" : -70.43,
    "grossProfitMargin" : 30.10,
    "grossProfit" : 63.37,
    "operatingProfitMargin" : -10.86,
    "operatingProfit" : -22.86,
    "netProfitMargin" : -18.16,
    "netProfit" : -38.23
  }, {
    "date" : "2020-09-30",
    "sales" : 509.12,
    "salesGrowthYoY" : -14.17,
    "grossProfitMargin" : 33.34,
    "grossProfit" : 169.74,
    "operatingProfitMargin" : 7.67,
    "operatingProfit" : 39.05,
    "netProfitMargin" : 1.46,
    "netProfit" : 7.43
  }, {
    "date" : "2020-12-31",
    "sales" : 640.04,
    "salesGrowthYoY" : 9.74,
    "grossProfitMargin" : 31.89,
    "grossProfit" : 204.11,
    "operatingProfitMargin" : 7.98,
    "operatingProfit" : 51.08,
    "netProfitMargin" : 1.87,
    "netProfit" : 11.97
  }, {
    "date" : "2021-03-31",
    "sales" : 852.07,
    "salesGrowthYoY" : 57.73,
    "grossProfitMargin" : 29.08,
    "grossProfit" : 247.78,
    "operatingProfitMargin" : 8.17,
    "operatingProfit" : 69.61,
    "netProfitMargin" : 3.00,
    "netProfit" : 25.56
  }, {
    "date" : "2021-06-30",
    "sales" : 669.60,
    "salesGrowthYoY" : 218.07,
    "grossProfitMargin" : 30.62,
    "grossProfit" : 205.03,
    "operatingProfitMargin" : 6.79,
    "operatingProfit" : 45.47,
    "netProfitMargin" : 1.51,
    "netProfit" : 10.11
  }, {
    "date" : "2021-09-30",
    "sales" : 910.09,
    "salesGrowthYoY" : 78.76,
    "grossProfitMargin" : 27.91,
    "grossProfit" : 254.01,
    "operatingProfitMargin" : 7.19,
    "operatingProfit" : 65.44,
    "netProfitMargin" : 2.33,
    "netProfit" : 21.21
  }, {
    "date" : "2021-12-31",
    "sales" : 1005.67,
    "salesGrowthYoY" : 57.13,
    "grossProfitMargin" : 26.02,
    "grossProfit" : 261.68,
    "operatingProfitMargin" : 6.63,
    "operatingProfit" : 66.68,
    "netProfitMargin" : 2.05,
    "netProfit" : 20.62
  }, {
    "date" : "2022-03-31",
    "sales" : 1101.33,
    "salesGrowthYoY" : 29.25,
    "grossProfitMargin" : 25.81,
    "grossProfit" : 284.25,
    "operatingProfitMargin" : 6.55,
    "operatingProfit" : 72.14,
    "netProfitMargin" : 2.53,
    "netProfit" : 27.86
  }, {
    "date" : "2022-06-30",
    "sales" : 1053.13,
    "salesGrowthYoY" : 57.28,
    "grossProfitMargin" : 25.98,
    "grossProfit" : 273.60,
    "operatingProfitMargin" : 4.40,
    "operatingProfit" : 46.34,
    "netProfitMargin" : 1.01,
    "netProfit" : 10.64
  }, {
    "date" : "2022-09-30",
    "sales" : 1102.54,
    "salesGrowthYoY" : 21.15,
    "grossProfitMargin" : 27.41,
    "grossProfit" : 302.21,
    "operatingProfitMargin" : 5.26,
    "operatingProfit" : 57.99,
    "netProfitMargin" : 1.32,
    "netProfit" : 14.55
  }, {
    "date" : "2022-12-31",
    "sales" : 1003.97,
    "salesGrowthYoY" : -0.17,
    "grossProfitMargin" : 28.02,
    "grossProfit" : 281.31,
    "operatingProfitMargin" : 4.74,
    "operatingProfit" : 47.59,
    "netProfitMargin" : 1.53,
    "netProfit" : 15.36
  }, {
    "date" : "2023-03-31",
    "sales" : 1168.26,
    "salesGrowthYoY" : 6.08,
    "grossProfitMargin" : 27.45,
    "grossProfit" : 320.69,
    "operatingProfitMargin" : 5.95,
    "operatingProfit" : 69.51,
    "netProfitMargin" : 1.92,
    "netProfit" : 22.43
  }, {
    "date" : "2023-06-30",
    "sales" : 1128.36,
    "salesGrowthYoY" : 7.14,
    "grossProfitMargin" : 28.08,
    "grossProfit" : 316.84,
    "operatingProfitMargin" : 5.24,
    "operatingProfit" : 59.13,
    "netProfitMargin" : 1.17,
    "netProfit" : 13.20
  }, {
    "date" : "2023-09-30",
    "sales" : 1184.48,
    "salesGrowthYoY" : 7.43,
    "grossProfitMargin" : 26.35,
    "grossProfit" : 312.11,
    "operatingProfitMargin" : 4.08,
    "operatingProfit" : 48.33,
    "netProfitMargin" : 0.44,
    "netProfit" : 5.21
  }, {
    "date" : "2023-12-31",
    "sales" : 1130.08,
    "salesGrowthYoY" : 12.56,
    "grossProfitMargin" : 28.03,
    "grossProfit" : 316.76,
    "operatingProfitMargin" : 5.44,
    "operatingProfit" : 61.48,
    "netProfitMargin" : 1.11,
    "netProfit" : 12.54
  }, {
    "date" : "2024-03-31",
    "sales" : 1164.19,
    "salesGrowthYoY" : -0.35,
    "grossProfitMargin" : 29.92,
    "grossProfit" : 348.33,
    "operatingProfitMargin" : 8.02,
    "operatingProfit" : 93.37,
    "netProfitMargin" : 3.16,
    "netProfit" : 36.79
  }, {
    "date" : "2024-06-30",
    "sales" : 1082.58,
    "salesGrowthYoY" : -4.06,
    "grossProfitMargin" : 28.55,
    "grossProfit" : 309.08,
    "operatingProfitMargin" : 6.82,
    "operatingProfit" : 73.83,
    "netProfitMargin" : 2.34,
    "netProfit" : 25.33
  }, {
    "date" : "2024-09-30",
    "sales" : 1083.89,
    "salesGrowthYoY" : -8.49,
    "grossProfitMargin" : 29.17,
    "grossProfit" : 316.17,
    "operatingProfitMargin" : 7.02,
    "operatingProfit" : 76.09,
    "netProfitMargin" : 2.02,
    "netProfit" : 21.89
  }, {
    "date" : "2024-12-31",
    "sales" : 1056.59,
    "salesGrowthYoY" : -6.50,
    "grossProfitMargin" : 30.93,
    "grossProfit" : 326.80,
    "operatingProfitMargin" : 7.46,
    "operatingProfit" : 78.82,
    "netProfitMargin" : 2.14,
    "netProfit" : 22.61
  }, {
    "date" : "2025-03-31",
    "sales" : 1192.27,
    "salesGrowthYoY" : 2.41,
    "grossProfitMargin" : 31.54,
    "grossProfit" : 376.04,
    "operatingProfitMargin" : 8.13,
    "operatingProfit" : 96.93,
    "netProfitMargin" : 3.02,
    "netProfit" : 36.01
  }, {
    "date" : "2025-06-30",
    "sales" : 1182.87,
    "salesGrowthYoY" : 9.26,
    "grossProfitMargin" : 30.84,
    "grossProfit" : 364.80,
    "operatingProfitMargin" : 7.19,
    "operatingProfit" : 85.05,
    "netProfitMargin" : 2.24,
    "netProfit" : 26.50
  }, {
    "date" : "2025-09-30",
    "sales" : 1173.02,
    "salesGrowthYoY" : 8.22,
    "grossProfitMargin" : 31.97,
    "grossProfit" : 375.01,
    "operatingProfitMargin" : 7.18,
    "operatingProfit" : 84.22,
    "netProfitMargin" : 2.37,
    "netProfit" : 27.80
  } ],
  "latestQuarterlyResult" : {
    "date" : "2025-09-30",
    "sales" : 1173.02,
    "salesGrowthYoY" : 8.22,
    "grossProfitMargin" : 31.97,
    "grossProfit" : 375.01,
    "operatingProfitMargin" : 7.18,
    "operatingProfit" : 84.22,
    "netProfitMargin" : 2.37,
    "netProfit" : 27.80
  },
  "companyScore" : {
    "priceHigherThanDma50" : 0.00,
    "priceHigherThanDma100" : 0.00,
    "priceHigherThanDma200" : 0.00,
    "dma50HigherThanDma100" : 0.00,
    "dma50HigherThanDma200" : 5.00,
    "dma100HigherThanDma200" : 5.00,
    "pricePercentageAboveDma50" : 5.61,
    "pricePercentageAboveDma100" : 5.71,
    "pricePercentageAboveDma200" : 5.45,
    "weeklyVolumeHigherThanYearlyVolume" : 0.00,
    "salesGrowthPercentile" : 9.11,
    "operatingProfitMarginPercentile" : 17.41,
    "netProfitMarginPercentile" : 8.93,
    "totalTechnicalScore" : 26.77,
    "totalFundamentalScore" : 35.46,
    "totalScore" : 62.23
  }
}