{
  "metadata" : {
    "screenerCompanyId" : "3767",
    "companyCode" : "WOCKPHARMA",
    "companyName" : "Wockhardt",
    "screenerCompanyLink" : "https://www.screener.in/company/WOCKPHARMA",
    "screenerTechnicalHistoryLink" : "https://www.screener.in/api/company/3767/chart/?q=Price-DMA50-DMA200-Volume&days=365",
    "screenerQuarterlyResultsLink" : "https://www.screener.in/api/company/3767/chart/?q=GPM-OPM-NPM-Quarter+Sales&days=10000",
    "attributes" : {
      "companyCode" : "WOCKPHARMA",
      "companyName" : "Wockhardt",
      "marketCap" : 20068.00,
      "peRatio" : 142.00,
      "description" : "Wockhardt is a global pharmaceutical and biotechnology organization engaged in manufacturing finished dosage formulations, injectables, biopharmaceuticals, orals and topicals (creams and ointments). [1]"
    },
    "companyScore" : {
      "priceHigherThanDma50" : 0.00,
      "priceHigherThanDma100" : 0.00,
      "priceHigherThanDma200" : 0.00,
      "dma50HigherThanDma100" : 0.00,
      "dma50HigherThanDma200" : 0.00,
      "dma100HigherThanDma200" : 5.00,
      "pricePercentageAboveDma50" : 5.49,
      "pricePercentageAboveDma100" : 5.83,
      "pricePercentageAboveDma200" : 5.58,
      "weeklyVolumeHigherThanYearlyVolume" : 0.00,
      "salesGrowthPercentile" : 9.30,
      "operatingProfitMarginPercentile" : 19.25,
      "netProfitMarginPercentile" : 8.37,
      "totalTechnicalScore" : 21.90,
      "totalFundamentalScore" : 36.93,
      "totalScore" : 58.83
    }
  },
  "attributes" : {
    "companyCode" : "WOCKPHARMA",
    "companyName" : "Wockhardt",
    "marketCap" : 20068.00,
    "peRatio" : 142.00,
    "description" : "Wockhardt is a global pharmaceutical and biotechnology organization engaged in manufacturing finished dosage formulations, injectables, biopharmaceuticals, orals and topicals (creams and ointments). [1]"
  },
  "technicalHistory" : [ {
    "date" : "2024-12-02",
    "price" : 1427.75,
    "dma50" : 1155.77,
    "dma100" : null,
    "dma200" : 856.85,
    "volume" : 593577.00
  }, {
    "date" : "2024-12-03",
    "price" : 1403.60,
    "dma50" : 1165.48,
    "dma100" : null,
    "dma200" : 862.29,
    "volume" : 414577.00
  }, {
    "date" : "2024-12-04",
    "price" : 1438.30,
    "dma50" : 1176.18,
    "dma100" : null,
    "dma200" : 868.02,
    "volume" : 272594.00
  }, {
    "date" : "2024-12-05",
    "price" : 1433.60,
    "dma50" : 1186.28,
    "dma100" : null,
    "dma200" : 873.65,
    "volume" : 295141.00
  }, {
    "date" : "2024-12-06",
    "price" : 1389.25,
    "dma50" : 1194.24,
    "dma100" : null,
    "dma200" : 878.78,
    "volume" : 528858.00
  }, {
    "date" : "2024-12-09",
    "price" : 1395.75,
    "dma50" : 1202.14,
    "dma100" : null,
    "dma200" : 883.92,
    "volume" : 596903.00
  }, {
    "date" : "2024-12-10",
    "price" : 1399.05,
    "dma50" : 1209.86,
    "dma100" : null,
    "dma200" : 889.05,
    "volume" : 199951.00
  }, {
    "date" : "2024-12-11",
    "price" : 1427.05,
    "dma50" : 1218.38,
    "dma100" : null,
    "dma200" : 894.40,
    "volume" : 334546.00
  }, {
    "date" : "2024-12-12",
    "price" : 1388.20,
    "dma50" : 1225.04,
    "dma100" : null,
    "dma200" : 899.31,
    "volume" : 295795.00
  }, {
    "date" : "2024-12-13",
    "price" : 1396.95,
    "dma50" : 1231.78,
    "dma100" : null,
    "dma200" : 904.26,
    "volume" : 492668.00
  }, {
    "date" : "2024-12-16",
    "price" : 1531.10,
    "dma50" : 1243.52,
    "dma100" : null,
    "dma200" : 910.50,
    "volume" : 3050118.00
  }, {
    "date" : "2024-12-17",
    "price" : 1482.05,
    "dma50" : 1252.87,
    "dma100" : null,
    "dma200" : 916.19,
    "volume" : 675927.00
  }, {
    "date" : "2024-12-18",
    "price" : 1445.85,
    "dma50" : 1260.44,
    "dma100" : null,
    "dma200" : 921.46,
    "volume" : 462268.00
  }, {
    "date" : "2024-12-19",
    "price" : 1474.45,
    "dma50" : 1268.83,
    "dma100" : null,
    "dma200" : 926.96,
    "volume" : 403034.00
  }, {
    "date" : "2024-12-20",
    "price" : 1454.35,
    "dma50" : 1276.11,
    "dma100" : null,
    "dma200" : 932.21,
    "volume" : 508190.00
  }, {
    "date" : "2024-12-23",
    "price" : 1439.20,
    "dma50" : 1282.50,
    "dma100" : null,
    "dma200" : 937.25,
    "volume" : 298165.00
  }, {
    "date" : "2024-12-24",
    "price" : 1490.20,
    "dma50" : 1290.65,
    "dma100" : null,
    "dma200" : 942.76,
    "volume" : 416263.00
  }, {
    "date" : "2024-12-26",
    "price" : 1460.15,
    "dma50" : 1297.30,
    "dma100" : null,
    "dma200" : 947.90,
    "volume" : 207600.00
  }, {
    "date" : "2024-12-27",
    "price" : 1478.05,
    "dma50" : 1304.38,
    "dma100" : null,
    "dma200" : 953.18,
    "volume" : 257523.00
  }, {
    "date" : "2024-12-30",
    "price" : 1419.60,
    "dma50" : 1308.90,
    "dma100" : null,
    "dma200" : 957.82,
    "volume" : 306329.00
  }, {
    "date" : "2024-12-31",
    "price" : 1416.85,
    "dma50" : 1313.14,
    "dma100" : null,
    "dma200" : 962.39,
    "volume" : 271305.00
  }, {
    "date" : "2025-01-01",
    "price" : 1455.70,
    "dma50" : 1318.73,
    "dma100" : null,
    "dma200" : 967.30,
    "volume" : 280051.00
  }, {
    "date" : "2025-01-02",
    "price" : 1446.45,
    "dma50" : 1323.74,
    "dma100" : null,
    "dma200" : 972.06,
    "volume" : 174084.00
  }, {
    "date" : "2025-01-03",
    "price" : 1519.20,
    "dma50" : 1331.40,
    "dma100" : null,
    "dma200" : 977.51,
    "volume" : 1430329.00
  }, {
    "date" : "2025-01-06",
    "price" : 1465.65,
    "dma50" : 1336.67,
    "dma100" : null,
    "dma200" : 982.36,
    "volume" : 555004.00
  }, {
    "date" : "2025-01-07",
    "price" : 1483.30,
    "dma50" : 1342.42,
    "dma100" : null,
    "dma200" : 987.35,
    "volume" : 372587.00
  }, {
    "date" : "2025-01-08",
    "price" : 1457.75,
    "dma50" : 1346.94,
    "dma100" : null,
    "dma200" : 992.03,
    "volume" : 273330.00
  }, {
    "date" : "2025-01-09",
    "price" : 1443.05,
    "dma50" : 1350.71,
    "dma100" : null,
    "dma200" : 996.52,
    "volume" : 248487.00
  }, {
    "date" : "2025-01-10",
    "price" : 1388.15,
    "dma50" : 1352.18,
    "dma100" : null,
    "dma200" : 1000.41,
    "volume" : 404425.00
  }, {
    "date" : "2025-01-13",
    "price" : 1318.80,
    "dma50" : 1350.87,
    "dma100" : null,
    "dma200" : 1003.58,
    "volume" : 1003304.00
  }, {
    "date" : "2025-01-14",
    "price" : 1367.00,
    "dma50" : 1351.50,
    "dma100" : null,
    "dma200" : 1007.20,
    "volume" : 453485.00
  }, {
    "date" : "2025-01-15",
    "price" : 1337.45,
    "dma50" : 1350.95,
    "dma100" : null,
    "dma200" : 1010.48,
    "volume" : 277397.00
  }, {
    "date" : "2025-01-16",
    "price" : 1368.25,
    "dma50" : 1351.63,
    "dma100" : null,
    "dma200" : 1014.04,
    "volume" : 193253.00
  }, {
    "date" : "2025-01-17",
    "price" : 1404.55,
    "dma50" : 1353.70,
    "dma100" : null,
    "dma200" : 1017.93,
    "volume" : 275988.00
  }, {
    "date" : "2025-01-20",
    "price" : 1392.50,
    "dma50" : 1355.22,
    "dma100" : null,
    "dma200" : 1021.66,
    "volume" : 229348.00
  }, {
    "date" : "2025-01-21",
    "price" : 1339.60,
    "dma50" : 1354.61,
    "dma100" : null,
    "dma200" : 1024.82,
    "volume" : 233641.00
  }, {
    "date" : "2025-01-22",
    "price" : 1300.10,
    "dma50" : 1352.47,
    "dma100" : null,
    "dma200" : 1027.56,
    "volume" : 820387.00
  }, {
    "date" : "2025-01-23",
    "price" : 1430.10,
    "dma50" : 1355.52,
    "dma100" : null,
    "dma200" : 1031.57,
    "volume" : 636060.00
  }, {
    "date" : "2025-01-24",
    "price" : 1376.05,
    "dma50" : 1356.32,
    "dma100" : null,
    "dma200" : 1034.99,
    "volume" : 496772.00
  }, {
    "date" : "2025-01-27",
    "price" : 1275.30,
    "dma50" : 1353.15,
    "dma100" : null,
    "dma200" : 1037.38,
    "volume" : 711911.00
  }, {
    "date" : "2025-01-28",
    "price" : 1276.00,
    "dma50" : 1350.12,
    "dma100" : null,
    "dma200" : 1039.76,
    "volume" : 1118669.00
  }, {
    "date" : "2025-01-29",
    "price" : 1325.45,
    "dma50" : 1349.15,
    "dma100" : null,
    "dma200" : 1042.60,
    "volume" : 326688.00
  }, {
    "date" : "2025-01-30",
    "price" : 1288.10,
    "dma50" : 1346.76,
    "dma100" : null,
    "dma200" : 1045.04,
    "volume" : 355926.00
  }, {
    "date" : "2025-01-31",
    "price" : 1416.90,
    "dma50" : 1349.51,
    "dma100" : null,
    "dma200" : 1048.74,
    "volume" : 1925675.00
  }, {
    "date" : "2025-02-01",
    "price" : 1558.55,
    "dma50" : 1357.71,
    "dma100" : null,
    "dma200" : 1053.82,
    "volume" : 1694472.00
  }, {
    "date" : "2025-02-03",
    "price" : 1572.75,
    "dma50" : 1366.14,
    "dma100" : null,
    "dma200" : 1058.98,
    "volume" : 1508219.00
  }, {
    "date" : "2025-02-04",
    "price" : 1630.40,
    "dma50" : 1376.50,
    "dma100" : null,
    "dma200" : 1064.67,
    "volume" : 780527.00
  }, {
    "date" : "2025-02-05",
    "price" : 1652.60,
    "dma50" : 1387.33,
    "dma100" : null,
    "dma200" : 1070.52,
    "volume" : 561154.00
  }, {
    "date" : "2025-02-06",
    "price" : 1651.10,
    "dma50" : 1397.67,
    "dma100" : null,
    "dma200" : 1076.29,
    "volume" : 496385.00
  }, {
    "date" : "2025-02-07",
    "price" : 1599.35,
    "dma50" : 1405.58,
    "dma100" : null,
    "dma200" : 1081.50,
    "volume" : 692089.00
  }, {
    "date" : "2025-02-10",
    "price" : 1519.40,
    "dma50" : 1410.05,
    "dma100" : null,
    "dma200" : 1085.85,
    "volume" : 796790.00
  }, {
    "date" : "2025-02-11",
    "price" : 1443.45,
    "dma50" : 1411.36,
    "dma100" : null,
    "dma200" : 1089.41,
    "volume" : 330533.00
  }, {
    "date" : "2025-02-12",
    "price" : 1512.10,
    "dma50" : 1415.31,
    "dma100" : null,
    "dma200" : 1093.62,
    "volume" : 1137966.00
  }, {
    "date" : "2025-02-13",
    "price" : 1436.50,
    "dma50" : 1416.14,
    "dma100" : null,
    "dma200" : 1097.03,
    "volume" : 341876.00
  }, {
    "date" : "2025-02-14",
    "price" : 1385.15,
    "dma50" : 1414.92,
    "dma100" : null,
    "dma200" : 1099.90,
    "volume" : 590535.00
  }, {
    "date" : "2025-02-17",
    "price" : 1410.25,
    "dma50" : 1414.74,
    "dma100" : null,
    "dma200" : 1102.99,
    "volume" : 702990.00
  }, {
    "date" : "2025-02-18",
    "price" : 1356.90,
    "dma50" : 1412.47,
    "dma100" : null,
    "dma200" : 1105.51,
    "volume" : 324101.00
  }, {
    "date" : "2025-02-19",
    "price" : 1366.10,
    "dma50" : 1410.65,
    "dma100" : null,
    "dma200" : 1108.10,
    "volume" : 306508.00
  }, {
    "date" : "2025-02-20",
    "price" : 1385.15,
    "dma50" : 1409.65,
    "dma100" : null,
    "dma200" : 1110.86,
    "volume" : 249865.00
  }, {
    "date" : "2025-02-21",
    "price" : 1316.55,
    "dma50" : 1406.00,
    "dma100" : null,
    "dma200" : 1112.91,
    "volume" : 363362.00
  }, {
    "date" : "2025-02-24",
    "price" : 1268.20,
    "dma50" : 1400.60,
    "dma100" : null,
    "dma200" : 1114.45,
    "volume" : 377320.00
  }, {
    "date" : "2025-02-25",
    "price" : 1229.95,
    "dma50" : 1393.91,
    "dma100" : null,
    "dma200" : 1115.60,
    "volume" : 294158.00
  }, {
    "date" : "2025-02-27",
    "price" : 1168.45,
    "dma50" : 1385.06,
    "dma100" : null,
    "dma200" : 1116.13,
    "volume" : 402866.00
  }, {
    "date" : "2025-02-28",
    "price" : 1155.50,
    "dma50" : 1376.06,
    "dma100" : null,
    "dma200" : 1116.52,
    "volume" : 1182581.00
  }, {
    "date" : "2025-03-03",
    "price" : 1200.10,
    "dma50" : 1369.16,
    "dma100" : null,
    "dma200" : 1117.35,
    "volume" : 726205.00
  }, {
    "date" : "2025-03-04",
    "price" : 1223.55,
    "dma50" : 1363.45,
    "dma100" : null,
    "dma200" : 1118.41,
    "volume" : 462562.00
  }, {
    "date" : "2025-03-05",
    "price" : 1284.70,
    "dma50" : 1360.36,
    "dma100" : null,
    "dma200" : 1120.06,
    "volume" : 269022.00
  }, {
    "date" : "2025-03-06",
    "price" : 1330.05,
    "dma50" : 1359.17,
    "dma100" : null,
    "dma200" : 1122.15,
    "volume" : 614312.00
  }, {
    "date" : "2025-03-07",
    "price" : 1319.65,
    "dma50" : 1357.62,
    "dma100" : null,
    "dma200" : 1124.12,
    "volume" : 274662.00
  }, {
    "date" : "2025-03-10",
    "price" : 1259.70,
    "dma50" : 1353.78,
    "dma100" : null,
    "dma200" : 1125.47,
    "volume" : 315182.00
  }, {
    "date" : "2025-03-11",
    "price" : 1289.10,
    "dma50" : 1351.25,
    "dma100" : null,
    "dma200" : 1127.09,
    "volume" : 215747.00
  }, {
    "date" : "2025-03-12",
    "price" : 1313.05,
    "dma50" : 1349.75,
    "dma100" : null,
    "dma200" : 1128.95,
    "volume" : 199034.00
  }, {
    "date" : "2025-03-13",
    "price" : 1292.05,
    "dma50" : 1347.49,
    "dma100" : null,
    "dma200" : 1130.57,
    "volume" : 194715.00
  }, {
    "date" : "2025-03-17",
    "price" : 1289.80,
    "dma50" : 1345.22,
    "dma100" : null,
    "dma200" : 1132.15,
    "volume" : 164599.00
  }, {
    "date" : "2025-03-18",
    "price" : 1354.25,
    "dma50" : 1345.58,
    "dma100" : null,
    "dma200" : 1134.36,
    "volume" : 243359.00
  }, {
    "date" : "2025-03-19",
    "price" : 1421.95,
    "dma50" : 1348.57,
    "dma100" : null,
    "dma200" : 1137.22,
    "volume" : 191528.00
  }, {
    "date" : "2025-03-20",
    "price" : 1470.25,
    "dma50" : 1353.35,
    "dma100" : null,
    "dma200" : 1140.54,
    "volume" : 1145984.00
  }, {
    "date" : "2025-03-21",
    "price" : 1518.80,
    "dma50" : 1359.83,
    "dma100" : null,
    "dma200" : 1144.30,
    "volume" : 708028.00
  }, {
    "date" : "2025-03-24",
    "price" : 1477.95,
    "dma50" : 1364.47,
    "dma100" : null,
    "dma200" : 1147.62,
    "volume" : 258432.00
  }, {
    "date" : "2025-03-25",
    "price" : 1426.60,
    "dma50" : 1366.90,
    "dma100" : null,
    "dma200" : 1150.40,
    "volume" : 287960.00
  }, {
    "date" : "2025-03-26",
    "price" : 1417.55,
    "dma50" : 1368.89,
    "dma100" : null,
    "dma200" : 1153.06,
    "volume" : 187690.00
  }, {
    "date" : "2025-03-27",
    "price" : 1409.20,
    "dma50" : 1370.47,
    "dma100" : null,
    "dma200" : 1155.60,
    "volume" : 733428.00
  }, {
    "date" : "2025-03-28",
    "price" : 1424.40,
    "dma50" : 1372.58,
    "dma100" : null,
    "dma200" : 1158.28,
    "volume" : 402125.00
  }, {
    "date" : "2025-04-01",
    "price" : 1447.90,
    "dma50" : 1375.54,
    "dma100" : null,
    "dma200" : 1161.16,
    "volume" : 633868.00
  }, {
    "date" : "2025-04-02",
    "price" : 1438.35,
    "dma50" : 1378.00,
    "dma100" : null,
    "dma200" : 1163.92,
    "volume" : 277315.00
  }, {
    "date" : "2025-04-03",
    "price" : 1418.70,
    "dma50" : 1379.60,
    "dma100" : null,
    "dma200" : 1166.45,
    "volume" : 1547343.00
  }, {
    "date" : "2025-04-04",
    "price" : 1347.80,
    "dma50" : 1378.35,
    "dma100" : null,
    "dma200" : 1168.26,
    "volume" : 633850.00
  }, {
    "date" : "2025-04-07",
    "price" : 1213.05,
    "dma50" : 1371.87,
    "dma100" : null,
    "dma200" : 1168.70,
    "volume" : 1264415.00
  }, {
    "date" : "2025-04-08",
    "price" : 1264.05,
    "dma50" : 1367.64,
    "dma100" : null,
    "dma200" : 1169.65,
    "volume" : 1012912.00
  }, {
    "date" : "2025-04-09",
    "price" : 1200.20,
    "dma50" : 1361.07,
    "dma100" : null,
    "dma200" : 1169.96,
    "volume" : 926981.00
  }, {
    "date" : "2025-04-11",
    "price" : 1319.15,
    "dma50" : 1359.43,
    "dma100" : null,
    "dma200" : 1171.44,
    "volume" : 969776.00
  }, {
    "date" : "2025-04-15",
    "price" : 1402.30,
    "dma50" : 1361.11,
    "dma100" : null,
    "dma200" : 1173.74,
    "volume" : 532526.00
  }, {
    "date" : "2025-04-16",
    "price" : 1392.40,
    "dma50" : 1362.34,
    "dma100" : null,
    "dma200" : 1175.91,
    "volume" : 415943.00
  }, {
    "date" : "2025-04-17",
    "price" : 1413.80,
    "dma50" : 1364.36,
    "dma100" : null,
    "dma200" : 1178.28,
    "volume" : 326673.00
  }, {
    "date" : "2025-04-21",
    "price" : 1401.40,
    "dma50" : 1365.81,
    "dma100" : null,
    "dma200" : 1180.50,
    "volume" : 282863.00
  }, {
    "date" : "2025-04-22",
    "price" : 1411.10,
    "dma50" : 1367.58,
    "dma100" : null,
    "dma200" : 1182.80,
    "volume" : 203782.00
  }, {
    "date" : "2025-04-23",
    "price" : 1414.60,
    "dma50" : 1369.43,
    "dma100" : null,
    "dma200" : 1185.10,
    "volume" : 302750.00
  }, {
    "date" : "2025-04-24",
    "price" : 1465.20,
    "dma50" : 1373.18,
    "dma100" : null,
    "dma200" : 1187.89,
    "volume" : 1214498.00
  }, {
    "date" : "2025-04-25",
    "price" : 1397.60,
    "dma50" : 1374.14,
    "dma100" : null,
    "dma200" : 1189.98,
    "volume" : 600077.00
  }, {
    "date" : "2025-04-28",
    "price" : 1391.50,
    "dma50" : 1374.82,
    "dma100" : null,
    "dma200" : 1191.98,
    "volume" : 458582.00
  }, {
    "date" : "2025-04-29",
    "price" : 1363.70,
    "dma50" : 1374.39,
    "dma100" : 1396.83,
    "dma200" : 1193.69,
    "volume" : 314029.00
  }, {
    "date" : "2025-04-30",
    "price" : 1296.70,
    "dma50" : 1371.34,
    "dma100" : 1395.76,
    "dma200" : 1194.71,
    "volume" : 512161.00
  }, {
    "date" : "2025-05-02",
    "price" : 1310.10,
    "dma50" : 1368.94,
    "dma100" : 1394.48,
    "dma200" : 1195.86,
    "volume" : 362128.00
  }, {
    "date" : "2025-05-05",
    "price" : 1294.80,
    "dma50" : 1366.03,
    "dma100" : 1393.09,
    "dma200" : 1196.85,
    "volume" : 193740.00
  }, {
    "date" : "2025-05-06",
    "price" : 1230.70,
    "dma50" : 1360.72,
    "dma100" : 1391.50,
    "dma200" : 1197.18,
    "volume" : 490244.00
  }, {
    "date" : "2025-05-07",
    "price" : 1251.60,
    "dma50" : 1356.44,
    "dma100" : 1390.06,
    "dma200" : 1197.73,
    "volume" : 444076.00
  }, {
    "date" : "2025-05-08",
    "price" : 1235.20,
    "dma50" : 1351.69,
    "dma100" : 1388.42,
    "dma200" : 1198.10,
    "volume" : 332002.00
  }, {
    "date" : "2025-05-09",
    "price" : 1224.30,
    "dma50" : 1346.69,
    "dma100" : 1386.40,
    "dma200" : 1198.36,
    "volume" : 439095.00
  }, {
    "date" : "2025-05-12",
    "price" : 1270.00,
    "dma50" : 1343.69,
    "dma100" : 1385.22,
    "dma200" : 1199.07,
    "volume" : 561490.00
  }, {
    "date" : "2025-05-13",
    "price" : 1276.80,
    "dma50" : 1341.06,
    "dma100" : 1384.01,
    "dma200" : 1199.85,
    "volume" : 495797.00
  }, {
    "date" : "2025-05-14",
    "price" : 1257.30,
    "dma50" : 1337.78,
    "dma100" : 1381.28,
    "dma200" : 1200.42,
    "volume" : 307394.00
  }, {
    "date" : "2025-05-15",
    "price" : 1283.40,
    "dma50" : 1335.65,
    "dma100" : 1379.29,
    "dma200" : 1201.24,
    "volume" : 419642.00
  }, {
    "date" : "2025-05-16",
    "price" : 1330.40,
    "dma50" : 1335.44,
    "dma100" : 1378.13,
    "dma200" : 1202.53,
    "volume" : 499611.00
  }, {
    "date" : "2025-05-19",
    "price" : 1358.90,
    "dma50" : 1336.36,
    "dma100" : 1376.98,
    "dma200" : 1204.08,
    "volume" : 614502.00
  }, {
    "date" : "2025-05-20",
    "price" : 1324.70,
    "dma50" : 1335.90,
    "dma100" : 1375.68,
    "dma200" : 1205.28,
    "volume" : 361934.00
  }, {
    "date" : "2025-05-21",
    "price" : 1341.20,
    "dma50" : 1336.11,
    "dma100" : 1374.70,
    "dma200" : 1206.64,
    "volume" : 235488.00
  }, {
    "date" : "2025-05-22",
    "price" : 1320.20,
    "dma50" : 1335.49,
    "dma100" : 1373.00,
    "dma200" : 1207.77,
    "volume" : 344339.00
  }, {
    "date" : "2025-05-23",
    "price" : 1340.60,
    "dma50" : 1335.69,
    "dma100" : 1371.81,
    "dma200" : 1209.09,
    "volume" : 252584.00
  }, {
    "date" : "2025-05-26",
    "price" : 1334.60,
    "dma50" : 1335.64,
    "dma100" : 1370.37,
    "dma200" : 1210.34,
    "volume" : 217642.00
  }, {
    "date" : "2025-05-27",
    "price" : 1351.80,
    "dma50" : 1336.28,
    "dma100" : 1369.69,
    "dma200" : 1211.74,
    "volume" : 300199.00
  }, {
    "date" : "2025-05-28",
    "price" : 1337.10,
    "dma50" : 1336.31,
    "dma100" : 1368.90,
    "dma200" : 1212.99,
    "volume" : 387501.00
  }, {
    "date" : "2025-05-29",
    "price" : 1346.80,
    "dma50" : 1336.72,
    "dma100" : 1367.81,
    "dma200" : 1214.32,
    "volume" : 516081.00
  }, {
    "date" : "2025-05-30",
    "price" : 1465.30,
    "dma50" : 1341.76,
    "dma100" : 1368.00,
    "dma200" : 1216.82,
    "volume" : 2308783.00
  }, {
    "date" : "2025-06-02",
    "price" : 1466.00,
    "dma50" : 1346.64,
    "dma100" : 1367.46,
    "dma200" : 1219.30,
    "volume" : 1134098.00
  }, {
    "date" : "2025-06-03",
    "price" : 1488.50,
    "dma50" : 1352.20,
    "dma100" : 1367.69,
    "dma200" : 1221.98,
    "volume" : 559243.00
  }, {
    "date" : "2025-06-04",
    "price" : 1492.40,
    "dma50" : 1357.70,
    "dma100" : 1367.78,
    "dma200" : 1224.67,
    "volume" : 880578.00
  }, {
    "date" : "2025-06-05",
    "price" : 1529.00,
    "dma50" : 1364.42,
    "dma100" : 1368.50,
    "dma200" : 1227.70,
    "volume" : 1565461.00
  }, {
    "date" : "2025-06-06",
    "price" : 1505.40,
    "dma50" : 1369.94,
    "dma100" : 1369.12,
    "dma200" : 1230.46,
    "volume" : 851749.00
  }, {
    "date" : "2025-06-09",
    "price" : 1510.00,
    "dma50" : 1375.44,
    "dma100" : 1370.34,
    "dma200" : 1233.24,
    "volume" : 359142.00
  }, {
    "date" : "2025-06-10",
    "price" : 1546.60,
    "dma50" : 1382.15,
    "dma100" : 1372.62,
    "dma200" : 1236.36,
    "volume" : 619579.00
  }, {
    "date" : "2025-06-11",
    "price" : 1831.10,
    "dma50" : 1399.75,
    "dma100" : 1377.26,
    "dma200" : 1242.28,
    "volume" : 9430406.00
  }, {
    "date" : "2025-06-12",
    "price" : 1784.50,
    "dma50" : 1414.84,
    "dma100" : 1381.73,
    "dma200" : 1247.67,
    "volume" : 3686106.00
  }, {
    "date" : "2025-06-13",
    "price" : 1776.20,
    "dma50" : 1429.01,
    "dma100" : 1385.81,
    "dma200" : 1252.93,
    "volume" : 1500239.00
  }, {
    "date" : "2025-06-16",
    "price" : 1803.90,
    "dma50" : 1443.71,
    "dma100" : 1389.80,
    "dma200" : 1258.41,
    "volume" : 974748.00
  }, {
    "date" : "2025-06-17",
    "price" : 1727.60,
    "dma50" : 1454.85,
    "dma100" : 1393.15,
    "dma200" : 1263.08,
    "volume" : 807351.00
  }, {
    "date" : "2025-06-18",
    "price" : 1718.50,
    "dma50" : 1465.19,
    "dma100" : 1396.94,
    "dma200" : 1267.61,
    "volume" : 4799296.00
  }, {
    "date" : "2025-06-19",
    "price" : 1687.30,
    "dma50" : 1473.90,
    "dma100" : 1400.81,
    "dma200" : 1271.79,
    "volume" : 1138022.00
  }, {
    "date" : "2025-06-20",
    "price" : 1730.80,
    "dma50" : 1483.97,
    "dma100" : 1403.82,
    "dma200" : 1276.36,
    "volume" : 927283.00
  }, {
    "date" : "2025-06-23",
    "price" : 1752.10,
    "dma50" : 1494.49,
    "dma100" : 1407.58,
    "dma200" : 1281.09,
    "volume" : 603507.00
  }, {
    "date" : "2025-06-24",
    "price" : 1730.90,
    "dma50" : 1503.76,
    "dma100" : 1412.14,
    "dma200" : 1285.57,
    "volume" : 556354.00
  }, {
    "date" : "2025-06-25",
    "price" : 1718.90,
    "dma50" : 1512.19,
    "dma100" : 1416.57,
    "dma200" : 1289.88,
    "volume" : 383593.00
  }, {
    "date" : "2025-06-26",
    "price" : 1655.70,
    "dma50" : 1517.82,
    "dma100" : 1419.87,
    "dma200" : 1293.52,
    "volume" : 2232625.00
  }, {
    "date" : "2025-06-27",
    "price" : 1640.20,
    "dma50" : 1522.62,
    "dma100" : 1423.39,
    "dma200" : 1296.97,
    "volume" : 546444.00
  }, {
    "date" : "2025-06-30",
    "price" : 1714.00,
    "dma50" : 1530.13,
    "dma100" : 1426.36,
    "dma200" : 1301.12,
    "volume" : 1386879.00
  }, {
    "date" : "2025-07-01",
    "price" : 1677.40,
    "dma50" : 1535.90,
    "dma100" : 1427.55,
    "dma200" : 1304.86,
    "volume" : 693939.00
  }, {
    "date" : "2025-07-02",
    "price" : 1697.70,
    "dma50" : 1542.25,
    "dma100" : 1428.80,
    "dma200" : 1308.77,
    "volume" : 772362.00
  }, {
    "date" : "2025-07-03",
    "price" : 1748.40,
    "dma50" : 1550.33,
    "dma100" : 1429.98,
    "dma200" : 1313.15,
    "volume" : 944960.00
  }, {
    "date" : "2025-07-04",
    "price" : 1724.80,
    "dma50" : 1557.17,
    "dma100" : 1430.70,
    "dma200" : 1317.24,
    "volume" : 634384.00
  }, {
    "date" : "2025-07-07",
    "price" : 1703.50,
    "dma50" : 1562.91,
    "dma100" : 1431.22,
    "dma200" : 1321.08,
    "volume" : 459115.00
  }, {
    "date" : "2025-07-08",
    "price" : 1657.80,
    "dma50" : 1566.63,
    "dma100" : 1431.81,
    "dma200" : 1324.44,
    "volume" : 566946.00
  }, {
    "date" : "2025-07-09",
    "price" : 1717.00,
    "dma50" : 1572.53,
    "dma100" : 1433.78,
    "dma200" : 1328.34,
    "volume" : 784104.00
  }, {
    "date" : "2025-07-10",
    "price" : 1696.80,
    "dma50" : 1577.40,
    "dma100" : 1436.32,
    "dma200" : 1332.01,
    "volume" : 600764.00
  }, {
    "date" : "2025-07-11",
    "price" : 1757.10,
    "dma50" : 1584.45,
    "dma100" : 1438.77,
    "dma200" : 1336.24,
    "volume" : 3325871.00
  }, {
    "date" : "2025-07-14",
    "price" : 1816.70,
    "dma50" : 1593.56,
    "dma100" : 1442.57,
    "dma200" : 1341.02,
    "volume" : 2137846.00
  }, {
    "date" : "2025-07-15",
    "price" : 1828.00,
    "dma50" : 1602.75,
    "dma100" : 1447.00,
    "dma200" : 1345.86,
    "volume" : 973608.00
  }, {
    "date" : "2025-07-16",
    "price" : 1821.00,
    "dma50" : 1611.31,
    "dma100" : 1451.11,
    "dma200" : 1350.59,
    "volume" : 528307.00
  }, {
    "date" : "2025-07-17",
    "price" : 1820.20,
    "dma50" : 1619.50,
    "dma100" : 1455.74,
    "dma200" : 1355.26,
    "volume" : 603584.00
  }, {
    "date" : "2025-07-18",
    "price" : 1773.90,
    "dma50" : 1625.56,
    "dma100" : 1459.82,
    "dma200" : 1359.43,
    "volume" : 489592.00
  }, {
    "date" : "2025-07-21",
    "price" : 1733.00,
    "dma50" : 1629.77,
    "dma100" : 1463.30,
    "dma200" : 1363.15,
    "volume" : 449595.00
  }, {
    "date" : "2025-07-22",
    "price" : 1711.30,
    "dma50" : 1632.97,
    "dma100" : 1467.24,
    "dma200" : 1366.61,
    "volume" : 343235.00
  }, {
    "date" : "2025-07-23",
    "price" : 1713.70,
    "dma50" : 1636.13,
    "dma100" : 1471.70,
    "dma200" : 1370.06,
    "volume" : 428972.00
  }, {
    "date" : "2025-07-24",
    "price" : 1701.30,
    "dma50" : 1638.69,
    "dma100" : 1476.41,
    "dma200" : 1373.36,
    "volume" : 356551.00
  }, {
    "date" : "2025-07-25",
    "price" : 1677.50,
    "dma50" : 1640.21,
    "dma100" : 1481.50,
    "dma200" : 1376.39,
    "volume" : 329761.00
  }, {
    "date" : "2025-07-28",
    "price" : 1682.90,
    "dma50" : 1641.89,
    "dma100" : 1486.78,
    "dma200" : 1379.44,
    "volume" : 1296019.00
  }, {
    "date" : "2025-07-29",
    "price" : 1697.30,
    "dma50" : 1644.06,
    "dma100" : 1491.75,
    "dma200" : 1382.60,
    "volume" : 424550.00
  }, {
    "date" : "2025-07-30",
    "price" : 1684.80,
    "dma50" : 1645.66,
    "dma100" : 1496.36,
    "dma200" : 1385.61,
    "volume" : 270647.00
  }, {
    "date" : "2025-07-31",
    "price" : 1667.50,
    "dma50" : 1646.51,
    "dma100" : 1500.19,
    "dma200" : 1388.41,
    "volume" : 313264.00
  }, {
    "date" : "2025-08-01",
    "price" : 1612.40,
    "dma50" : 1645.17,
    "dma100" : 1503.01,
    "dma200" : 1390.64,
    "volume" : 420309.00
  }, {
    "date" : "2025-08-04",
    "price" : 1578.20,
    "dma50" : 1642.55,
    "dma100" : 1505.60,
    "dma200" : 1392.51,
    "volume" : 614321.00
  }, {
    "date" : "2025-08-05",
    "price" : 1545.60,
    "dma50" : 1638.75,
    "dma100" : 1508.46,
    "dma200" : 1394.03,
    "volume" : 386960.00
  }, {
    "date" : "2025-08-06",
    "price" : 1477.20,
    "dma50" : 1632.41,
    "dma100" : 1510.34,
    "dma200" : 1394.86,
    "volume" : 1113951.00
  }, {
    "date" : "2025-08-07",
    "price" : 1521.70,
    "dma50" : 1628.07,
    "dma100" : 1512.42,
    "dma200" : 1396.12,
    "volume" : 1515942.00
  }, {
    "date" : "2025-08-08",
    "price" : 1472.20,
    "dma50" : 1621.96,
    "dma100" : 1514.23,
    "dma200" : 1396.88,
    "volume" : 1094261.00
  }, {
    "date" : "2025-08-11",
    "price" : 1463.00,
    "dma50" : 1615.72,
    "dma100" : 1515.96,
    "dma200" : 1397.53,
    "volume" : 673238.00
  }, {
    "date" : "2025-08-12",
    "price" : 1515.60,
    "dma50" : 1611.80,
    "dma100" : 1517.57,
    "dma200" : 1398.71,
    "volume" : 475878.00
  }, {
    "date" : "2025-08-13",
    "price" : 1501.60,
    "dma50" : 1607.48,
    "dma100" : 1518.37,
    "dma200" : 1399.73,
    "volume" : 346121.00
  }, {
    "date" : "2025-08-14",
    "price" : 1525.00,
    "dma50" : 1604.24,
    "dma100" : 1518.92,
    "dma200" : 1400.98,
    "volume" : 336691.00
  }, {
    "date" : "2025-08-18",
    "price" : 1507.40,
    "dma50" : 1600.44,
    "dma100" : 1518.80,
    "dma200" : 1402.04,
    "volume" : 233081.00
  }, {
    "date" : "2025-08-19",
    "price" : 1493.20,
    "dma50" : 1596.24,
    "dma100" : 1518.95,
    "dma200" : 1402.95,
    "volume" : 177028.00
  }, {
    "date" : "2025-08-20",
    "price" : 1486.60,
    "dma50" : 1591.94,
    "dma100" : 1519.55,
    "dma200" : 1403.78,
    "volume" : 241832.00
  }, {
    "date" : "2025-08-21",
    "price" : 1461.90,
    "dma50" : 1586.84,
    "dma100" : 1520.00,
    "dma200" : 1404.36,
    "volume" : 302221.00
  }, {
    "date" : "2025-08-22",
    "price" : 1479.40,
    "dma50" : 1582.63,
    "dma100" : 1520.70,
    "dma200" : 1405.10,
    "volume" : 269841.00
  }, {
    "date" : "2025-08-25",
    "price" : 1448.90,
    "dma50" : 1577.38,
    "dma100" : 1520.94,
    "dma200" : 1405.54,
    "volume" : 231311.00
  }, {
    "date" : "2025-08-26",
    "price" : 1470.20,
    "dma50" : 1573.18,
    "dma100" : 1521.17,
    "dma200" : 1406.18,
    "volume" : 362004.00
  }, {
    "date" : "2025-08-28",
    "price" : 1426.30,
    "dma50" : 1567.42,
    "dma100" : 1521.05,
    "dma200" : 1406.38,
    "volume" : 353021.00
  }, {
    "date" : "2025-08-29",
    "price" : 1427.50,
    "dma50" : 1561.93,
    "dma100" : 1521.13,
    "dma200" : 1406.59,
    "volume" : 166983.00
  }, {
    "date" : "2025-09-01",
    "price" : 1415.70,
    "dma50" : 1556.20,
    "dma100" : 1521.81,
    "dma200" : 1406.68,
    "volume" : 346667.00
  }, {
    "date" : "2025-09-02",
    "price" : 1415.10,
    "dma50" : 1550.66,
    "dma100" : 1523.83,
    "dma200" : 1406.77,
    "volume" : 245719.00
  }, {
    "date" : "2025-09-03",
    "price" : 1488.00,
    "dma50" : 1548.21,
    "dma100" : 1526.07,
    "dma200" : 1407.58,
    "volume" : 623139.00
  }, {
    "date" : "2025-09-04",
    "price" : 1475.90,
    "dma50" : 1545.37,
    "dma100" : 1528.83,
    "dma200" : 1408.25,
    "volume" : 326266.00
  }, {
    "date" : "2025-09-05",
    "price" : 1478.80,
    "dma50" : 1542.76,
    "dma100" : 1530.43,
    "dma200" : 1408.96,
    "volume" : 210357.00
  }, {
    "date" : "2025-09-08",
    "price" : 1460.60,
    "dma50" : 1539.54,
    "dma100" : 1531.01,
    "dma200" : 1409.47,
    "volume" : 246236.00
  }, {
    "date" : "2025-09-09",
    "price" : 1493.70,
    "dma50" : 1537.74,
    "dma100" : 1532.02,
    "dma200" : 1410.31,
    "volume" : 552745.00
  }, {
    "date" : "2025-09-10",
    "price" : 1559.90,
    "dma50" : 1538.61,
    "dma100" : 1533.48,
    "dma200" : 1411.80,
    "volume" : 617999.00
  }, {
    "date" : "2025-09-11",
    "price" : 1527.30,
    "dma50" : 1538.17,
    "dma100" : 1534.74,
    "dma200" : 1412.95,
    "volume" : 298680.00
  }, {
    "date" : "2025-09-12",
    "price" : 1518.00,
    "dma50" : 1537.38,
    "dma100" : 1535.81,
    "dma200" : 1413.99,
    "volume" : 305261.00
  }, {
    "date" : "2025-09-15",
    "price" : 1513.20,
    "dma50" : 1536.43,
    "dma100" : 1536.80,
    "dma200" : 1414.98,
    "volume" : 149686.00
  }, {
    "date" : "2025-09-16",
    "price" : 1549.00,
    "dma50" : 1536.92,
    "dma100" : 1537.64,
    "dma200" : 1416.31,
    "volume" : 421501.00
  }, {
    "date" : "2025-09-17",
    "price" : 1548.20,
    "dma50" : 1537.36,
    "dma100" : 1539.14,
    "dma200" : 1417.62,
    "volume" : 154266.00
  }, {
    "date" : "2025-09-18",
    "price" : 1526.50,
    "dma50" : 1536.94,
    "dma100" : 1540.49,
    "dma200" : 1418.71,
    "volume" : 205409.00
  }, {
    "date" : "2025-09-19",
    "price" : 1505.70,
    "dma50" : 1535.71,
    "dma100" : 1541.91,
    "dma200" : 1419.57,
    "volume" : 272994.00
  }, {
    "date" : "2025-09-22",
    "price" : 1481.10,
    "dma50" : 1533.57,
    "dma100" : 1543.76,
    "dma200" : 1420.19,
    "volume" : 207798.00
  }, {
    "date" : "2025-09-23",
    "price" : 1476.90,
    "dma50" : 1531.35,
    "dma100" : 1545.42,
    "dma200" : 1420.75,
    "volume" : 142188.00
  }, {
    "date" : "2025-09-24",
    "price" : 1490.10,
    "dma50" : 1529.73,
    "dma100" : 1547.38,
    "dma200" : 1421.44,
    "volume" : 308902.00
  }, {
    "date" : "2025-09-25",
    "price" : 1476.10,
    "dma50" : 1527.63,
    "dma100" : 1549.83,
    "dma200" : 1421.98,
    "volume" : 181647.00
  }, {
    "date" : "2025-09-26",
    "price" : 1336.50,
    "dma50" : 1520.13,
    "dma100" : 1550.68,
    "dma200" : 1421.13,
    "volume" : 2415216.00
  }, {
    "date" : "2025-09-29",
    "price" : 1564.40,
    "dma50" : 1521.87,
    "dma100" : 1553.97,
    "dma200" : 1422.56,
    "volume" : 11686297.00
  }, {
    "date" : "2025-09-30",
    "price" : 1516.00,
    "dma50" : 1521.64,
    "dma100" : 1556.89,
    "dma200" : 1423.49,
    "volume" : 1517401.00
  }, {
    "date" : "2025-10-01",
    "price" : 1492.80,
    "dma50" : 1520.51,
    "dma100" : 1559.12,
    "dma200" : 1424.18,
    "volume" : 837638.00
  }, {
    "date" : "2025-10-03",
    "price" : 1460.00,
    "dma50" : 1518.13,
    "dma100" : 1560.95,
    "dma200" : 1424.54,
    "volume" : 609875.00
  }, {
    "date" : "2025-10-06",
    "price" : 1429.20,
    "dma50" : 1514.65,
    "dma100" : 1562.67,
    "dma200" : 1424.58,
    "volume" : 446727.00
  }, {
    "date" : "2025-10-07",
    "price" : 1424.60,
    "dma50" : 1511.12,
    "dma100" : 1564.08,
    "dma200" : 1424.58,
    "volume" : 468615.00
  }, {
    "date" : "2025-10-08",
    "price" : 1394.50,
    "dma50" : 1506.54,
    "dma100" : 1564.72,
    "dma200" : 1424.28,
    "volume" : 302927.00
  }, {
    "date" : "2025-10-09",
    "price" : 1399.60,
    "dma50" : 1502.35,
    "dma100" : 1565.13,
    "dma200" : 1424.04,
    "volume" : 482272.00
  }, {
    "date" : "2025-10-10",
    "price" : 1418.50,
    "dma50" : 1499.06,
    "dma100" : 1566.07,
    "dma200" : 1423.98,
    "volume" : 330502.00
  }, {
    "date" : "2025-10-13",
    "price" : 1388.30,
    "dma50" : 1494.72,
    "dma100" : 1566.54,
    "dma200" : 1423.63,
    "volume" : 317741.00
  }, {
    "date" : "2025-10-14",
    "price" : 1368.40,
    "dma50" : 1489.76,
    "dma100" : 1567.02,
    "dma200" : 1423.08,
    "volume" : 244670.00
  }, {
    "date" : "2025-10-15",
    "price" : 1355.20,
    "dma50" : 1484.49,
    "dma100" : 1567.17,
    "dma200" : 1422.40,
    "volume" : 322915.00
  }, {
    "date" : "2025-10-16",
    "price" : 1356.50,
    "dma50" : 1479.47,
    "dma100" : 1567.38,
    "dma200" : 1421.75,
    "volume" : 274882.00
  }, {
    "date" : "2025-10-17",
    "price" : 1342.70,
    "dma50" : 1474.10,
    "dma100" : 1567.29,
    "dma200" : 1420.96,
    "volume" : 489567.00
  }, {
    "date" : "2025-10-20",
    "price" : 1339.00,
    "dma50" : 1468.81,
    "dma100" : 1567.31,
    "dma200" : 1420.14,
    "volume" : 353104.00
  }, {
    "date" : "2025-10-21",
    "price" : 1372.70,
    "dma50" : 1465.04,
    "dma100" : 1567.57,
    "dma200" : 1419.67,
    "volume" : 150880.00
  }, {
    "date" : "2025-10-23",
    "price" : 1358.80,
    "dma50" : 1460.87,
    "dma100" : 1566.51,
    "dma200" : 1419.07,
    "volume" : 225210.00
  }, {
    "date" : "2025-10-24",
    "price" : 1332.40,
    "dma50" : 1455.83,
    "dma100" : 1565.17,
    "dma200" : 1418.20,
    "volume" : 249222.00
  }, {
    "date" : "2025-10-27",
    "price" : 1294.40,
    "dma50" : 1449.50,
    "dma100" : 1563.23,
    "dma200" : 1416.97,
    "volume" : 605635.00
  }, {
    "date" : "2025-10-28",
    "price" : 1296.90,
    "dma50" : 1443.52,
    "dma100" : 1561.27,
    "dma200" : 1415.78,
    "volume" : 255793.00
  }, {
    "date" : "2025-10-29",
    "price" : 1306.60,
    "dma50" : 1438.15,
    "dma100" : 1559.05,
    "dma200" : 1414.69,
    "volume" : 349168.00
  }, {
    "date" : "2025-10-30",
    "price" : 1291.10,
    "dma50" : 1432.38,
    "dma100" : 1556.91,
    "dma200" : 1413.46,
    "volume" : 199547.00
  }, {
    "date" : "2025-10-31",
    "price" : 1281.50,
    "dma50" : 1426.46,
    "dma100" : 1554.62,
    "dma200" : 1412.15,
    "volume" : 301056.00
  }, {
    "date" : "2025-11-03",
    "price" : 1413.80,
    "dma50" : 1425.97,
    "dma100" : 1553.29,
    "dma200" : 1412.16,
    "volume" : 6674913.00
  }, {
    "date" : "2025-11-04",
    "price" : 1365.30,
    "dma50" : 1423.59,
    "dma100" : 1548.64,
    "dma200" : 1411.70,
    "volume" : 911778.00
  }, {
    "date" : "2025-11-06",
    "price" : 1353.30,
    "dma50" : 1420.83,
    "dma100" : 1544.32,
    "dma200" : 1411.12,
    "volume" : 385363.00
  }, {
    "date" : "2025-11-07",
    "price" : 1337.70,
    "dma50" : 1417.57,
    "dma100" : 1539.94,
    "dma200" : 1410.39,
    "volume" : 282150.00
  }, {
    "date" : "2025-11-10",
    "price" : 1361.30,
    "dma50" : 1415.37,
    "dma100" : 1535.51,
    "dma200" : 1409.90,
    "volume" : 420819.00
  }, {
    "date" : "2025-11-11",
    "price" : 1331.80,
    "dma50" : 1412.09,
    "dma100" : 1531.56,
    "dma200" : 1409.12,
    "volume" : 270129.00
  }, {
    "date" : "2025-11-12",
    "price" : 1360.20,
    "dma50" : 1410.05,
    "dma100" : 1527.97,
    "dma200" : 1408.63,
    "volume" : 449819.00
  }, {
    "date" : "2025-11-13",
    "price" : 1347.00,
    "dma50" : 1407.58,
    "dma100" : 1524.57,
    "dma200" : 1408.02,
    "volume" : 194347.00
  }, {
    "date" : "2025-11-14",
    "price" : 1345.50,
    "dma50" : 1405.15,
    "dma100" : 1520.72,
    "dma200" : 1407.40,
    "volume" : 320820.00
  }, {
    "date" : "2025-11-17",
    "price" : 1368.30,
    "dma50" : 1403.70,
    "dma100" : 1516.88,
    "dma200" : 1407.01,
    "volume" : 407670.00
  }, {
    "date" : "2025-11-18",
    "price" : 1344.40,
    "dma50" : 1401.38,
    "dma100" : 1513.01,
    "dma200" : 1406.39,
    "volume" : 195752.00
  }, {
    "date" : "2025-11-19",
    "price" : 1330.60,
    "dma50" : 1398.60,
    "dma100" : 1509.13,
    "dma200" : 1405.63,
    "volume" : 203227.00
  }, {
    "date" : "2025-11-20",
    "price" : 1325.10,
    "dma50" : 1395.72,
    "dma100" : 1505.82,
    "dma200" : 1404.83,
    "volume" : 193309.00
  }, {
    "date" : "2025-11-21",
    "price" : 1311.30,
    "dma50" : 1392.41,
    "dma100" : 1502.54,
    "dma200" : 1403.90,
    "volume" : 155907.00
  }, {
    "date" : "2025-11-24",
    "price" : 1292.60,
    "dma50" : 1388.49,
    "dma100" : 1498.32,
    "dma200" : 1402.79,
    "volume" : 314215.00
  }, {
    "date" : "2025-11-25",
    "price" : 1270.20,
    "dma50" : 1383.85,
    "dma100" : 1494.25,
    "dma200" : 1401.47,
    "volume" : 190680.00
  }, {
    "date" : "2025-11-26",
    "price" : 1278.80,
    "dma50" : 1379.73,
    "dma100" : 1490.06,
    "dma200" : 1400.25,
    "volume" : 502991.00
  }, {
    "date" : "2025-11-27",
    "price" : 1278.70,
    "dma50" : 1375.77,
    "dma100" : 1485.36,
    "dma200" : 1399.04,
    "volume" : 476214.00
  }, {
    "date" : "2025-11-28",
    "price" : 1235.00,
    "dma50" : 1370.25,
    "dma100" : 1480.47,
    "dma200" : 1397.41,
    "volume" : 494412.00
  } ],
  "latestTechnicalAttributes" : {
    "date" : "2025-11-28",
    "price" : 1235.00,
    "dma50" : 1370.25,
    "dma100" : 1480.47,
    "dma200" : 1397.41,
    "volume" : 494412.00
  },
  "quarterlyResults" : [ {
    "date" : "2005-03-31",
    "sales" : 201.50,
    "salesGrowthYoY" : null,
    "grossProfitMargin" : 56.92,
    "grossProfit" : 114.69,
    "operatingProfitMargin" : 21.74,
    "operatingProfit" : 43.81,
    "netProfitMargin" : 18.86,
    "netProfit" : 38.00
  }, {
    "date" : "2005-06-30",
    "sales" : 273.70,
    "salesGrowthYoY" : null,
    "grossProfitMargin" : 59.23,
    "grossProfit" : 162.11,
    "operatingProfitMargin" : 32.63,
    "operatingProfit" : 89.31,
    "netProfitMargin" : 29.19,
    "netProfit" : 79.89
  }, {
    "date" : "2005-09-30",
    "sales" : 257.50,
    "salesGrowthYoY" : null,
    "grossProfitMargin" : 58.45,
    "grossProfit" : 150.51,
    "operatingProfitMargin" : 31.18,
    "operatingProfit" : 80.29,
    "netProfitMargin" : 26.87,
    "netProfit" : 69.19
  }, {
    "date" : "2005-12-31",
    "sales" : 230.80,
    "salesGrowthYoY" : null,
    "grossProfitMargin" : 62.52,
    "grossProfit" : 144.30,
    "operatingProfitMargin" : 24.87,
    "operatingProfit" : 57.40,
    "netProfitMargin" : 22.27,
    "netProfit" : 51.40
  }, {
    "date" : "2006-03-31",
    "sales" : 262.20,
    "salesGrowthYoY" : 30.12,
    "grossProfitMargin" : 61.52,
    "grossProfit" : 161.31,
    "operatingProfitMargin" : 25.13,
    "operatingProfit" : 65.89,
    "netProfitMargin" : 23.23,
    "netProfit" : 60.91
  }, {
    "date" : "2006-06-30",
    "sales" : 286.50,
    "salesGrowthYoY" : 4.68,
    "grossProfitMargin" : 57.66,
    "grossProfit" : 165.20,
    "operatingProfitMargin" : 20.73,
    "operatingProfit" : 59.39,
    "netProfitMargin" : 17.28,
    "netProfit" : 49.51
  }, {
    "date" : "2006-09-30",
    "sales" : 335.30,
    "salesGrowthYoY" : 30.21,
    "grossProfitMargin" : 60.48,
    "grossProfit" : 202.79,
    "operatingProfitMargin" : 30.00,
    "operatingProfit" : 100.59,
    "netProfitMargin" : 26.90,
    "netProfit" : 90.20
  }, {
    "date" : "2006-12-31",
    "sales" : 250.00,
    "salesGrowthYoY" : 8.32,
    "grossProfitMargin" : 58.28,
    "grossProfit" : 145.70,
    "operatingProfitMargin" : 18.56,
    "operatingProfit" : 46.40,
    "netProfitMargin" : 19.40,
    "netProfit" : 48.50
  }, {
    "date" : "2007-03-31",
    "sales" : 292.70,
    "salesGrowthYoY" : 11.63,
    "grossProfitMargin" : 57.94,
    "grossProfit" : 169.59,
    "operatingProfitMargin" : 22.96,
    "operatingProfit" : 67.20,
    "netProfitMargin" : 17.77,
    "netProfit" : 52.01
  }, {
    "date" : "2007-06-30",
    "sales" : 303.80,
    "salesGrowthYoY" : 6.04,
    "grossProfitMargin" : 57.41,
    "grossProfit" : 174.41,
    "operatingProfitMargin" : 25.54,
    "operatingProfit" : 77.59,
    "netProfitMargin" : 22.75,
    "netProfit" : 69.11
  }, {
    "date" : "2007-09-30",
    "sales" : 344.85,
    "salesGrowthYoY" : 2.85,
    "grossProfitMargin" : 52.22,
    "grossProfit" : 180.08,
    "operatingProfitMargin" : 26.61,
    "operatingProfit" : 91.76,
    "netProfitMargin" : 17.07,
    "netProfit" : 58.87
  }, {
    "date" : "2007-12-31",
    "sales" : 295.40,
    "salesGrowthYoY" : 18.16,
    "grossProfitMargin" : 53.66,
    "grossProfit" : 158.51,
    "operatingProfitMargin" : 16.99,
    "operatingProfit" : 50.19,
    "netProfitMargin" : 11.48,
    "netProfit" : 33.91
  }, {
    "date" : "2008-03-31",
    "sales" : 326.42,
    "salesGrowthYoY" : 11.52,
    "grossProfitMargin" : 57.34,
    "grossProfit" : 187.17,
    "operatingProfitMargin" : 19.81,
    "operatingProfit" : 64.66,
    "netProfitMargin" : 14.86,
    "netProfit" : 48.51
  }, {
    "date" : "2008-06-30",
    "sales" : 368.79,
    "salesGrowthYoY" : 21.39,
    "grossProfitMargin" : 52.00,
    "grossProfit" : 191.77,
    "operatingProfitMargin" : 18.64,
    "operatingProfit" : 68.74,
    "netProfitMargin" : 4.29,
    "netProfit" : 15.82
  }, {
    "date" : "2008-09-30",
    "sales" : 391.12,
    "salesGrowthYoY" : 13.42,
    "grossProfitMargin" : 51.83,
    "grossProfit" : 202.72,
    "operatingProfitMargin" : 13.95,
    "operatingProfit" : 54.56,
    "netProfitMargin" : 2.57,
    "netProfit" : 10.05
  }, {
    "date" : "2008-12-31",
    "sales" : 365.25,
    "salesGrowthYoY" : 23.65,
    "grossProfitMargin" : 52.47,
    "grossProfit" : 191.65,
    "operatingProfitMargin" : -14.57,
    "operatingProfit" : -53.22,
    "netProfitMargin" : 8.48,
    "netProfit" : 30.97
  }, {
    "date" : "2009-03-31",
    "sales" : 341.01,
    "salesGrowthYoY" : 4.47,
    "grossProfitMargin" : 52.63,
    "grossProfit" : 179.47,
    "operatingProfitMargin" : 15.86,
    "operatingProfit" : 54.08,
    "netProfitMargin" : -1.97,
    "netProfit" : -6.72
  }, {
    "date" : "2009-06-30",
    "sales" : 366.73,
    "salesGrowthYoY" : -0.56,
    "grossProfitMargin" : 51.91,
    "grossProfit" : 190.37,
    "operatingProfitMargin" : 18.67,
    "operatingProfit" : 68.47,
    "netProfitMargin" : 1.03,
    "netProfit" : 3.78
  }, {
    "date" : "2009-09-30",
    "sales" : 383.30,
    "salesGrowthYoY" : -2.00,
    "grossProfitMargin" : 53.19,
    "grossProfit" : 203.88,
    "operatingProfitMargin" : 24.86,
    "operatingProfit" : 95.29,
    "netProfitMargin" : 13.40,
    "netProfit" : 51.36
  }, {
    "date" : "2009-12-31",
    "sales" : 395.44,
    "salesGrowthYoY" : 8.27,
    "grossProfitMargin" : 53.87,
    "grossProfit" : 213.02,
    "operatingProfitMargin" : 21.52,
    "operatingProfit" : 85.10,
    "netProfitMargin" : 11.56,
    "netProfit" : 45.71
  }, {
    "date" : "2010-03-31",
    "sales" : 382.03,
    "salesGrowthYoY" : 12.03,
    "grossProfitMargin" : 55.19,
    "grossProfit" : 210.84,
    "operatingProfitMargin" : 23.69,
    "operatingProfit" : 90.50,
    "netProfitMargin" : 10.82,
    "netProfit" : 41.34
  }, {
    "date" : "2010-06-30",
    "sales" : 399.77,
    "salesGrowthYoY" : 9.01,
    "grossProfitMargin" : 53.36,
    "grossProfit" : 213.32,
    "operatingProfitMargin" : 22.29,
    "operatingProfit" : 89.11,
    "netProfitMargin" : 10.36,
    "netProfit" : 41.42
  }, {
    "date" : "2010-09-30",
    "sales" : 475.10,
    "salesGrowthYoY" : 23.95,
    "grossProfitMargin" : 52.04,
    "grossProfit" : 247.24,
    "operatingProfitMargin" : 18.72,
    "operatingProfit" : 88.94,
    "netProfitMargin" : 7.88,
    "netProfit" : 37.44
  }, {
    "date" : "2010-12-31",
    "sales" : 456.70,
    "salesGrowthYoY" : 15.49,
    "grossProfitMargin" : 52.74,
    "grossProfit" : 240.86,
    "operatingProfitMargin" : 21.89,
    "operatingProfit" : 99.97,
    "netProfitMargin" : 10.59,
    "netProfit" : 48.36
  }, {
    "date" : "2011-03-31",
    "sales" : 423.35,
    "salesGrowthYoY" : 10.82,
    "grossProfitMargin" : 54.68,
    "grossProfit" : 231.49,
    "operatingProfitMargin" : 23.33,
    "operatingProfit" : 98.77,
    "netProfitMargin" : 7.93,
    "netProfit" : 33.57
  }, {
    "date" : "2011-06-30",
    "sales" : 550.85,
    "salesGrowthYoY" : 37.79,
    "grossProfitMargin" : 58.88,
    "grossProfit" : 324.34,
    "operatingProfitMargin" : 26.96,
    "operatingProfit" : 148.51,
    "netProfitMargin" : 15.01,
    "netProfit" : 82.68
  }, {
    "date" : "2011-09-30",
    "sales" : 573.55,
    "salesGrowthYoY" : 20.72,
    "grossProfitMargin" : 61.85,
    "grossProfit" : 354.74,
    "operatingProfitMargin" : 29.07,
    "operatingProfit" : 166.73,
    "netProfitMargin" : 18.21,
    "netProfit" : 104.44
  }, {
    "date" : "2011-12-31",
    "sales" : 583.95,
    "salesGrowthYoY" : 27.86,
    "grossProfitMargin" : 61.26,
    "grossProfit" : 357.73,
    "operatingProfitMargin" : 30.21,
    "operatingProfit" : 176.41,
    "netProfitMargin" : 19.89,
    "netProfit" : 116.15
  }, {
    "date" : "2012-03-31",
    "sales" : 653.59,
    "salesGrowthYoY" : 54.39,
    "grossProfitMargin" : 71.46,
    "grossProfit" : 467.06,
    "operatingProfitMargin" : 43.59,
    "operatingProfit" : 284.90,
    "netProfitMargin" : -21.10,
    "netProfit" : -137.91
  }, {
    "date" : "2012-06-30",
    "sales" : 523.00,
    "salesGrowthYoY" : -5.06,
    "grossProfitMargin" : 53.77,
    "grossProfit" : 281.22,
    "operatingProfitMargin" : 22.01,
    "operatingProfit" : 115.11,
    "netProfitMargin" : 14.17,
    "netProfit" : 74.11
  }, {
    "date" : "2012-09-30",
    "sales" : 604.84,
    "salesGrowthYoY" : 5.46,
    "grossProfitMargin" : 57.40,
    "grossProfit" : 347.18,
    "operatingProfitMargin" : 24.69,
    "operatingProfit" : 149.33,
    "netProfitMargin" : 16.51,
    "netProfit" : 99.86
  }, {
    "date" : "2012-12-31",
    "sales" : 554.83,
    "salesGrowthYoY" : -4.99,
    "grossProfitMargin" : 53.98,
    "grossProfit" : 299.50,
    "operatingProfitMargin" : 13.94,
    "operatingProfit" : 77.34,
    "netProfitMargin" : 7.62,
    "netProfit" : 42.28
  }, {
    "date" : "2013-03-31",
    "sales" : 788.51,
    "salesGrowthYoY" : 20.64,
    "grossProfitMargin" : 64.11,
    "grossProfit" : 505.51,
    "operatingProfitMargin" : 32.11,
    "operatingProfit" : 253.19,
    "netProfitMargin" : 19.37,
    "netProfit" : 152.73
  }, {
    "date" : "2013-06-30",
    "sales" : 501.32,
    "salesGrowthYoY" : -4.15,
    "grossProfitMargin" : 54.86,
    "grossProfit" : 275.02,
    "operatingProfitMargin" : 12.69,
    "operatingProfit" : 63.62,
    "netProfitMargin" : 3.17,
    "netProfit" : 15.89
  }, {
    "date" : "2013-09-30",
    "sales" : 460.15,
    "salesGrowthYoY" : -23.92,
    "grossProfitMargin" : 54.43,
    "grossProfit" : 250.46,
    "operatingProfitMargin" : 3.49,
    "operatingProfit" : 16.06,
    "netProfitMargin" : 29.24,
    "netProfit" : 134.55
  }, {
    "date" : "2013-12-31",
    "sales" : 423.39,
    "salesGrowthYoY" : -23.69,
    "grossProfitMargin" : 57.32,
    "grossProfit" : 242.69,
    "operatingProfitMargin" : -0.63,
    "operatingProfit" : -2.67,
    "netProfitMargin" : 6.10,
    "netProfit" : 25.83
  }, {
    "date" : "2014-03-31",
    "sales" : 420.41,
    "salesGrowthYoY" : -46.68,
    "grossProfitMargin" : 56.64,
    "grossProfit" : 238.12,
    "operatingProfitMargin" : -2.62,
    "operatingProfit" : -11.01,
    "netProfitMargin" : 5.31,
    "netProfit" : 22.32
  }, {
    "date" : "2014-06-30",
    "sales" : 485.44,
    "salesGrowthYoY" : -3.17,
    "grossProfitMargin" : 58.60,
    "grossProfit" : 284.47,
    "operatingProfitMargin" : 6.47,
    "operatingProfit" : 31.41,
    "netProfitMargin" : 1.10,
    "netProfit" : 5.34
  }, {
    "date" : "2014-09-30",
    "sales" : 467.05,
    "salesGrowthYoY" : 1.50,
    "grossProfitMargin" : 59.13,
    "grossProfit" : 276.17,
    "operatingProfitMargin" : 3.98,
    "operatingProfit" : 18.59,
    "netProfitMargin" : 78.35,
    "netProfit" : 365.93
  }, {
    "date" : "2014-12-31",
    "sales" : 443.28,
    "salesGrowthYoY" : 4.70,
    "grossProfitMargin" : 56.66,
    "grossProfit" : 251.16,
    "operatingProfitMargin" : -4.69,
    "operatingProfit" : -20.79,
    "netProfitMargin" : -5.73,
    "netProfit" : -25.40
  }, {
    "date" : "2015-03-31",
    "sales" : 490.78,
    "salesGrowthYoY" : 16.74,
    "grossProfitMargin" : 56.62,
    "grossProfit" : 277.88,
    "operatingProfitMargin" : -0.96,
    "operatingProfit" : -4.71,
    "netProfitMargin" : -2.86,
    "netProfit" : -14.04
  }, {
    "date" : "2015-06-30",
    "sales" : 512.92,
    "salesGrowthYoY" : 5.66,
    "grossProfitMargin" : 54.74,
    "grossProfit" : 280.77,
    "operatingProfitMargin" : 0.36,
    "operatingProfit" : 1.85,
    "netProfitMargin" : -6.13,
    "netProfit" : -31.44
  }, {
    "date" : "2015-09-30",
    "sales" : 566.43,
    "salesGrowthYoY" : 21.28,
    "grossProfitMargin" : 53.55,
    "grossProfit" : 303.32,
    "operatingProfitMargin" : 0.52,
    "operatingProfit" : 2.95,
    "netProfitMargin" : -7.98,
    "netProfit" : -45.20
  }, {
    "date" : "2015-12-31",
    "sales" : 628.83,
    "salesGrowthYoY" : 41.86,
    "grossProfitMargin" : 67.62,
    "grossProfit" : 425.21,
    "operatingProfitMargin" : 18.98,
    "operatingProfit" : 119.35,
    "netProfitMargin" : 13.40,
    "netProfit" : 84.26
  }, {
    "date" : "2016-03-31",
    "sales" : 508.34,
    "salesGrowthYoY" : 3.58,
    "grossProfitMargin" : 59.33,
    "grossProfit" : 301.60,
    "operatingProfitMargin" : 1.84,
    "operatingProfit" : 9.35,
    "netProfitMargin" : 0.16,
    "netProfit" : 0.81
  }, {
    "date" : "2016-06-30",
    "sales" : 613.35,
    "salesGrowthYoY" : 19.58,
    "grossProfitMargin" : 60.34,
    "grossProfit" : 370.10,
    "operatingProfitMargin" : 8.83,
    "operatingProfit" : 54.16,
    "netProfitMargin" : 2.66,
    "netProfit" : 16.32
  }, {
    "date" : "2016-09-30",
    "sales" : 598.28,
    "salesGrowthYoY" : 5.62,
    "grossProfitMargin" : 57.54,
    "grossProfit" : 344.25,
    "operatingProfitMargin" : 3.31,
    "operatingProfit" : 19.80,
    "netProfitMargin" : 24.43,
    "netProfit" : 146.16
  }, {
    "date" : "2016-12-31",
    "sales" : 545.35,
    "salesGrowthYoY" : -13.28,
    "grossProfitMargin" : 57.86,
    "grossProfit" : 315.54,
    "operatingProfitMargin" : 3.81,
    "operatingProfit" : 20.78,
    "netProfitMargin" : -3.57,
    "netProfit" : -19.47
  }, {
    "date" : "2017-03-31",
    "sales" : 540.54,
    "salesGrowthYoY" : 6.33,
    "grossProfitMargin" : 58.84,
    "grossProfit" : 318.05,
    "operatingProfitMargin" : 9.26,
    "operatingProfit" : 50.05,
    "netProfitMargin" : -1.09,
    "netProfit" : -5.89
  }, {
    "date" : "2017-06-30",
    "sales" : 439.90,
    "salesGrowthYoY" : -28.28,
    "grossProfitMargin" : 50.68,
    "grossProfit" : 222.94,
    "operatingProfitMargin" : -17.62,
    "operatingProfit" : -77.51,
    "netProfitMargin" : -23.09,
    "netProfit" : -101.57
  }, {
    "date" : "2017-09-30",
    "sales" : 588.93,
    "salesGrowthYoY" : -1.56,
    "grossProfitMargin" : 54.50,
    "grossProfit" : 320.97,
    "operatingProfitMargin" : 9.03,
    "operatingProfit" : 53.18,
    "netProfitMargin" : 4.30,
    "netProfit" : 25.32
  }, {
    "date" : "2017-12-31",
    "sales" : 535.12,
    "salesGrowthYoY" : -1.88,
    "grossProfitMargin" : 55.66,
    "grossProfit" : 297.85,
    "operatingProfitMargin" : 3.46,
    "operatingProfit" : 18.52,
    "netProfitMargin" : -5.14,
    "netProfit" : -27.51
  }, {
    "date" : "2018-03-31",
    "sales" : 913.34,
    "salesGrowthYoY" : 68.97,
    "grossProfitMargin" : 72.28,
    "grossProfit" : 660.16,
    "operatingProfitMargin" : 35.99,
    "operatingProfit" : 328.71,
    "netProfitMargin" : 18.88,
    "netProfit" : 172.44
  }, {
    "date" : "2018-06-30",
    "sales" : 539.36,
    "salesGrowthYoY" : 22.61,
    "grossProfitMargin" : 58.84,
    "grossProfit" : 317.36,
    "operatingProfitMargin" : 7.45,
    "operatingProfit" : 40.18,
    "netProfitMargin" : -2.80,
    "netProfit" : -15.10
  }, {
    "date" : "2018-09-30",
    "sales" : 634.59,
    "salesGrowthYoY" : 7.75,
    "grossProfitMargin" : 57.14,
    "grossProfit" : 362.60,
    "operatingProfitMargin" : 11.39,
    "operatingProfit" : 72.28,
    "netProfitMargin" : 0.80,
    "netProfit" : 5.08
  }, {
    "date" : "2018-12-31",
    "sales" : 508.60,
    "salesGrowthYoY" : -4.96,
    "grossProfitMargin" : 61.26,
    "grossProfit" : 311.57,
    "operatingProfitMargin" : -3.54,
    "operatingProfit" : -18.00,
    "netProfitMargin" : -7.54,
    "netProfit" : -38.35
  }, {
    "date" : "2019-03-31",
    "sales" : 467.40,
    "salesGrowthYoY" : -48.83,
    "grossProfitMargin" : 61.23,
    "grossProfit" : 286.19,
    "operatingProfitMargin" : -1.78,
    "operatingProfit" : -8.32,
    "netProfitMargin" : -7.17,
    "netProfit" : -33.51
  }, {
    "date" : "2019-06-30",
    "sales" : 214.68,
    "salesGrowthYoY" : -60.20,
    "grossProfitMargin" : 61.71,
    "grossProfit" : 132.48,
    "operatingProfitMargin" : -37.94,
    "operatingProfit" : -81.45,
    "netProfitMargin" : -38.63,
    "netProfit" : -82.93
  }, {
    "date" : "2019-09-30",
    "sales" : 304.99,
    "salesGrowthYoY" : -51.94,
    "grossProfitMargin" : 72.33,
    "grossProfit" : 220.60,
    "operatingProfitMargin" : 19.98,
    "operatingProfit" : 60.94,
    "netProfitMargin" : 0.02,
    "netProfit" : 0.06
  }, {
    "date" : "2019-12-31",
    "sales" : 208.17,
    "salesGrowthYoY" : -59.07,
    "grossProfitMargin" : 57.74,
    "grossProfit" : 120.20,
    "operatingProfitMargin" : -25.15,
    "operatingProfit" : -52.35,
    "netProfitMargin" : -33.55,
    "netProfit" : -69.84
  }, {
    "date" : "2020-03-31",
    "sales" : 162.21,
    "salesGrowthYoY" : -65.30,
    "grossProfitMargin" : 63.80,
    "grossProfit" : 103.49,
    "operatingProfitMargin" : -37.19,
    "operatingProfit" : -60.33,
    "netProfitMargin" : -48.38,
    "netProfit" : -78.48
  }, {
    "date" : "2020-06-30",
    "sales" : 177.58,
    "salesGrowthYoY" : -17.28,
    "grossProfitMargin" : 57.22,
    "grossProfit" : 101.61,
    "operatingProfitMargin" : -326.92,
    "operatingProfit" : -580.54,
    "netProfitMargin" : -316.17,
    "netProfit" : -561.45
  }, {
    "date" : "2020-09-30",
    "sales" : 294.96,
    "salesGrowthYoY" : -3.29,
    "grossProfitMargin" : 56.02,
    "grossProfit" : 165.24,
    "operatingProfitMargin" : -4.17,
    "operatingProfit" : -12.30,
    "netProfitMargin" : -19.45,
    "netProfit" : -57.37
  }, {
    "date" : "2020-12-31",
    "sales" : 252.97,
    "salesGrowthYoY" : 21.52,
    "grossProfitMargin" : 65.64,
    "grossProfit" : 166.05,
    "operatingProfitMargin" : -3.19,
    "operatingProfit" : -8.07,
    "netProfitMargin" : -27.15,
    "netProfit" : -68.68
  }, {
    "date" : "2021-03-31",
    "sales" : 262.00,
    "salesGrowthYoY" : 61.52,
    "grossProfitMargin" : 52.67,
    "grossProfit" : 138.00,
    "operatingProfitMargin" : -9.16,
    "operatingProfit" : -24.00,
    "netProfitMargin" : -17.94,
    "netProfit" : -47.00
  }, {
    "date" : "2021-06-30",
    "sales" : 278.95,
    "salesGrowthYoY" : 57.08,
    "grossProfitMargin" : 61.66,
    "grossProfit" : 172.00,
    "operatingProfitMargin" : 6.16,
    "operatingProfit" : 17.18,
    "netProfitMargin" : -17.45,
    "netProfit" : -48.68
  }, {
    "date" : "2021-09-30",
    "sales" : 310.00,
    "salesGrowthYoY" : 5.10,
    "grossProfitMargin" : 54.52,
    "grossProfit" : 169.01,
    "operatingProfitMargin" : 2.90,
    "operatingProfit" : 8.99,
    "netProfitMargin" : -20.65,
    "netProfit" : -64.02
  }, {
    "date" : "2021-12-31",
    "sales" : 309.00,
    "salesGrowthYoY" : 22.15,
    "grossProfitMargin" : 60.52,
    "grossProfit" : 187.01,
    "operatingProfitMargin" : 4.85,
    "operatingProfit" : 14.99,
    "netProfitMargin" : -21.68,
    "netProfit" : -66.99
  }, {
    "date" : "2022-03-31",
    "sales" : 474.00,
    "salesGrowthYoY" : 80.92,
    "grossProfitMargin" : 77.64,
    "grossProfit" : 368.01,
    "operatingProfitMargin" : 39.24,
    "operatingProfit" : 186.00,
    "netProfitMargin" : 8.44,
    "netProfit" : 40.01
  }, {
    "date" : "2022-06-30",
    "sales" : 241.00,
    "salesGrowthYoY" : -13.60,
    "grossProfitMargin" : 64.73,
    "grossProfit" : 156.00,
    "operatingProfitMargin" : 2.07,
    "operatingProfit" : 4.99,
    "netProfitMargin" : -15.35,
    "netProfit" : -36.99
  }, {
    "date" : "2022-09-30",
    "sales" : 258.00,
    "salesGrowthYoY" : -16.77,
    "grossProfitMargin" : 62.79,
    "grossProfit" : 162.00,
    "operatingProfitMargin" : 4.26,
    "operatingProfit" : 10.99,
    "netProfitMargin" : -9.69,
    "netProfit" : -25.00
  }, {
    "date" : "2022-12-31",
    "sales" : 282.00,
    "salesGrowthYoY" : -8.74,
    "grossProfitMargin" : 62.41,
    "grossProfit" : 176.00,
    "operatingProfitMargin" : 9.22,
    "operatingProfit" : 26.00,
    "netProfitMargin" : -19.50,
    "netProfit" : -54.99
  }, {
    "date" : "2023-03-31",
    "sales" : 291.00,
    "salesGrowthYoY" : -38.61,
    "grossProfitMargin" : 60.82,
    "grossProfit" : 176.99,
    "operatingProfitMargin" : -10.31,
    "operatingProfit" : -30.00,
    "netProfitMargin" : -41.37,
    "netProfit" : -120.39
  }, {
    "date" : "2023-06-30",
    "sales" : 251.00,
    "salesGrowthYoY" : 4.15,
    "grossProfitMargin" : 58.96,
    "grossProfit" : 147.99,
    "operatingProfitMargin" : -1.99,
    "operatingProfit" : -4.99,
    "netProfitMargin" : -40.24,
    "netProfit" : -101.00
  }, {
    "date" : "2023-09-30",
    "sales" : 260.00,
    "salesGrowthYoY" : 0.78,
    "grossProfitMargin" : 59.62,
    "grossProfit" : 155.01,
    "operatingProfitMargin" : -3.85,
    "operatingProfit" : -10.01,
    "netProfitMargin" : -41.15,
    "netProfit" : -106.99
  }, {
    "date" : "2023-12-31",
    "sales" : 288.00,
    "salesGrowthYoY" : 2.13,
    "grossProfitMargin" : 59.03,
    "grossProfit" : 170.01,
    "operatingProfitMargin" : 8.68,
    "operatingProfit" : 25.00,
    "netProfitMargin" : -25.69,
    "netProfit" : -73.99
  }, {
    "date" : "2024-03-31",
    "sales" : 355.00,
    "salesGrowthYoY" : 21.99,
    "grossProfitMargin" : 61.97,
    "grossProfit" : 219.99,
    "operatingProfitMargin" : -12.96,
    "operatingProfit" : -46.01,
    "netProfitMargin" : -35.49,
    "netProfit" : -125.99
  }, {
    "date" : "2024-06-30",
    "sales" : 352.00,
    "salesGrowthYoY" : 40.24,
    "grossProfitMargin" : 63.92,
    "grossProfit" : 225.00,
    "operatingProfitMargin" : 22.73,
    "operatingProfit" : 80.01,
    "netProfitMargin" : 1.70,
    "netProfit" : 5.98
  }, {
    "date" : "2024-09-30",
    "sales" : 370.00,
    "salesGrowthYoY" : 42.31,
    "grossProfitMargin" : 62.70,
    "grossProfit" : 231.99,
    "operatingProfitMargin" : 13.24,
    "operatingProfit" : 48.99,
    "netProfitMargin" : -9.73,
    "netProfit" : -36.00
  }, {
    "date" : "2024-12-31",
    "sales" : 325.00,
    "salesGrowthYoY" : 12.85,
    "grossProfitMargin" : 73.54,
    "grossProfit" : 239.01,
    "operatingProfitMargin" : 19.08,
    "operatingProfit" : 62.01,
    "netProfitMargin" : -6.77,
    "netProfit" : -22.00
  }, {
    "date" : "2025-03-31",
    "sales" : 355.00,
    "salesGrowthYoY" : 0.00,
    "grossProfitMargin" : 76.06,
    "grossProfit" : 270.01,
    "operatingProfitMargin" : 29.86,
    "operatingProfit" : 106.00,
    "netProfitMargin" : 11.27,
    "netProfit" : 40.01
  }, {
    "date" : "2025-06-30",
    "sales" : 413.00,
    "salesGrowthYoY" : 17.33,
    "grossProfitMargin" : 72.64,
    "grossProfit" : 300.00,
    "operatingProfitMargin" : 31.72,
    "operatingProfit" : 131.00,
    "netProfitMargin" : 16.71,
    "netProfit" : 69.01
  }, {
    "date" : "2025-09-30",
    "sales" : 380.00,
    "salesGrowthYoY" : 2.70,
    "grossProfitMargin" : 81.32,
    "grossProfit" : 309.02,
    "operatingProfitMargin" : 29.74,
    "operatingProfit" : 113.01,
    "netProfitMargin" : 14.21,
    "netProfit" : 54.00
  } ],
  "latestQuarterlyResult" : {
    "date" : "2025-09-30",
    "sales" : 380.00,
    "salesGrowthYoY" : 2.70,
    "grossProfitMargin" : 81.32,
    "grossProfit" : 309.02,
    "operatingProfitMargin" : 29.74,
    "operatingProfit" : 113.01,
    "netProfitMargin" : 14.21,
    "netProfit" : 54.00
  },
  "companyScore" : {
    "priceHigherThanDma50" : 0.00,
    "priceHigherThanDma100" : 0.00,
    "priceHigherThanDma200" : 0.00,
    "dma50HigherThanDma100" : 0.00,
    "dma50HigherThanDma200" : 0.00,
    "dma100HigherThanDma200" : 5.00,
    "pricePercentageAboveDma50" : 5.49,
    "pricePercentageAboveDma100" : 5.83,
    "pricePercentageAboveDma200" : 5.58,
    "weeklyVolumeHigherThanYearlyVolume" : 0.00,
    "salesGrowthPercentile" : 9.30,
    "operatingProfitMarginPercentile" : 19.25,
    "netProfitMarginPercentile" : 8.37,
    "totalTechnicalScore" : 21.90,
    "totalFundamentalScore" : 36.93,
    "totalScore" : 58.83
  }
}