{
  "metadata" : {
    "screenerCompanyId" : "3800",
    "companyCode" : "ZENSARTECH",
    "companyName" : "Zensar Tech.",
    "screenerCompanyLink" : "https://www.screener.in/company/ZENSARTECH/consolidated/",
    "screenerTechnicalHistoryLink" : "https://www.screener.in/api/company/3800/chart/?q=Price-DMA50-DMA200-Volume&days=365",
    "screenerQuarterlyResultsLink" : "https://www.screener.in/api/company/3800/chart/?q=GPM-OPM-NPM-Quarter+Sales&days=10000",
    "attributes" : {
      "companyCode" : "ZENSARTECH",
      "companyName" : "Zensar Tech.",
      "marketCap" : 12790.00,
      "peRatio" : 16.80,
      "description" : "Zensar Technologies is a leading digital solutions and technology services company. It is a part of the Mumbai-based RPG group and is headquartered in Pune, India. It operates in two segments: Application Management Service and Infrastructure management service. It is focused on industry verticals, such as Hitech & manufacturing, consumer services, and banking, financial services, and insurance. They have offices located in India, the USA, UK, Europe, and Africa. [1] [2]"
    },
    "companyScore" : {
      "priceHigherThanDma50" : 0.00,
      "priceHigherThanDma100" : 0.00,
      "priceHigherThanDma200" : 0.00,
      "dma50HigherThanDma100" : 0.00,
      "dma50HigherThanDma200" : 0.00,
      "dma100HigherThanDma200" : 0.00,
      "pricePercentageAboveDma50" : 5.79,
      "pricePercentageAboveDma100" : 6.09,
      "pricePercentageAboveDma200" : 6.17,
      "weeklyVolumeHigherThanYearlyVolume" : 0.00,
      "salesGrowthPercentile" : 16.75,
      "operatingProfitMarginPercentile" : 14.05,
      "netProfitMarginPercentile" : 9.40,
      "totalTechnicalScore" : 18.05,
      "totalFundamentalScore" : 40.20,
      "totalScore" : 58.25
    }
  },
  "attributes" : {
    "companyCode" : "ZENSARTECH",
    "companyName" : "Zensar Tech.",
    "marketCap" : 12790.00,
    "peRatio" : 16.80,
    "description" : "Zensar Technologies is a leading digital solutions and technology services company. It is a part of the Mumbai-based RPG group and is headquartered in Pune, India. It operates in two segments: Application Management Service and Infrastructure management service. It is focused on industry verticals, such as Hitech & manufacturing, consumer services, and banking, financial services, and insurance. They have offices located in India, the USA, UK, Europe, and Africa. [1] [2]"
  },
  "technicalHistory" : [ {
    "date" : "2025-02-21",
    "price" : 791.25,
    "dma50" : 814.71,
    "dma100" : null,
    "dma200" : 735.86,
    "volume" : 1083454.00
  }, {
    "date" : "2025-02-24",
    "price" : 761.85,
    "dma50" : 812.64,
    "dma100" : null,
    "dma200" : 736.12,
    "volume" : 2598329.00
  }, {
    "date" : "2025-02-25",
    "price" : 804.05,
    "dma50" : 812.30,
    "dma100" : null,
    "dma200" : 736.80,
    "volume" : 4378934.00
  }, {
    "date" : "2025-02-27",
    "price" : 797.70,
    "dma50" : 811.73,
    "dma100" : null,
    "dma200" : 737.40,
    "volume" : 1150994.00
  }, {
    "date" : "2025-02-28",
    "price" : 738.45,
    "dma50" : 808.86,
    "dma100" : null,
    "dma200" : 737.41,
    "volume" : 2425225.00
  }, {
    "date" : "2025-03-03",
    "price" : 702.90,
    "dma50" : 804.70,
    "dma100" : null,
    "dma200" : 737.07,
    "volume" : 2660408.00
  }, {
    "date" : "2025-03-04",
    "price" : 711.70,
    "dma50" : 801.05,
    "dma100" : null,
    "dma200" : 736.82,
    "volume" : 1139549.00
  }, {
    "date" : "2025-03-05",
    "price" : 718.85,
    "dma50" : 797.83,
    "dma100" : null,
    "dma200" : 736.64,
    "volume" : 6505999.00
  }, {
    "date" : "2025-03-06",
    "price" : 751.60,
    "dma50" : 796.02,
    "dma100" : null,
    "dma200" : 736.79,
    "volume" : 2465678.00
  }, {
    "date" : "2025-03-07",
    "price" : 742.85,
    "dma50" : 793.93,
    "dma100" : null,
    "dma200" : 736.85,
    "volume" : 853368.00
  }, {
    "date" : "2025-03-10",
    "price" : 726.40,
    "dma50" : 791.28,
    "dma100" : null,
    "dma200" : 736.74,
    "volume" : 740769.00
  }, {
    "date" : "2025-03-11",
    "price" : 681.55,
    "dma50" : 786.98,
    "dma100" : null,
    "dma200" : 736.19,
    "volume" : 2206616.00
  }, {
    "date" : "2025-03-12",
    "price" : 666.20,
    "dma50" : 782.24,
    "dma100" : null,
    "dma200" : 735.50,
    "volume" : 1649010.00
  }, {
    "date" : "2025-03-13",
    "price" : 654.15,
    "dma50" : 777.22,
    "dma100" : null,
    "dma200" : 734.69,
    "volume" : 968714.00
  }, {
    "date" : "2025-03-17",
    "price" : 642.40,
    "dma50" : 771.93,
    "dma100" : null,
    "dma200" : 733.77,
    "volume" : 1292131.00
  }, {
    "date" : "2025-03-18",
    "price" : 667.25,
    "dma50" : 767.83,
    "dma100" : null,
    "dma200" : 733.11,
    "volume" : 1058035.00
  }, {
    "date" : "2025-03-19",
    "price" : 671.00,
    "dma50" : 764.03,
    "dma100" : null,
    "dma200" : 732.49,
    "volume" : 1053994.00
  }, {
    "date" : "2025-03-20",
    "price" : 676.30,
    "dma50" : 760.59,
    "dma100" : null,
    "dma200" : 731.93,
    "volume" : 1576555.00
  }, {
    "date" : "2025-03-21",
    "price" : 674.05,
    "dma50" : 757.20,
    "dma100" : null,
    "dma200" : 731.35,
    "volume" : 811101.00
  }, {
    "date" : "2025-03-24",
    "price" : 697.30,
    "dma50" : 754.85,
    "dma100" : null,
    "dma200" : 731.02,
    "volume" : 1733322.00
  }, {
    "date" : "2025-03-25",
    "price" : 715.75,
    "dma50" : 753.31,
    "dma100" : null,
    "dma200" : 730.86,
    "volume" : 5436880.00
  }, {
    "date" : "2025-03-26",
    "price" : 702.25,
    "dma50" : 751.31,
    "dma100" : null,
    "dma200" : 730.58,
    "volume" : 1427909.00
  }, {
    "date" : "2025-03-27",
    "price" : 688.25,
    "dma50" : 748.84,
    "dma100" : null,
    "dma200" : 730.16,
    "volume" : 1282091.00
  }, {
    "date" : "2025-03-28",
    "price" : 700.85,
    "dma50" : 746.96,
    "dma100" : null,
    "dma200" : 729.87,
    "volume" : 2376372.00
  }, {
    "date" : "2025-04-01",
    "price" : 691.90,
    "dma50" : 744.80,
    "dma100" : null,
    "dma200" : 729.49,
    "volume" : 1082389.00
  }, {
    "date" : "2025-04-02",
    "price" : 714.05,
    "dma50" : 743.59,
    "dma100" : null,
    "dma200" : 729.33,
    "volume" : 2021102.00
  }, {
    "date" : "2025-04-03",
    "price" : 682.45,
    "dma50" : 741.19,
    "dma100" : null,
    "dma200" : 728.87,
    "volume" : 1129466.00
  }, {
    "date" : "2025-04-04",
    "price" : 654.70,
    "dma50" : 737.80,
    "dma100" : null,
    "dma200" : 728.13,
    "volume" : 874750.00
  }, {
    "date" : "2025-04-07",
    "price" : 651.05,
    "dma50" : 734.40,
    "dma100" : null,
    "dma200" : 727.36,
    "volume" : 2785008.00
  }, {
    "date" : "2025-04-08",
    "price" : 653.05,
    "dma50" : 731.21,
    "dma100" : null,
    "dma200" : 726.62,
    "volume" : 848822.00
  }, {
    "date" : "2025-04-09",
    "price" : 627.55,
    "dma50" : 727.15,
    "dma100" : null,
    "dma200" : 725.64,
    "volume" : 923737.00
  }, {
    "date" : "2025-04-11",
    "price" : 633.45,
    "dma50" : 723.47,
    "dma100" : null,
    "dma200" : 724.72,
    "volume" : 960714.00
  }, {
    "date" : "2025-04-15",
    "price" : 652.80,
    "dma50" : 720.70,
    "dma100" : null,
    "dma200" : 724.01,
    "volume" : 905697.00
  }, {
    "date" : "2025-04-16",
    "price" : 656.45,
    "dma50" : 718.18,
    "dma100" : null,
    "dma200" : 723.33,
    "volume" : 621313.00
  }, {
    "date" : "2025-04-17",
    "price" : 653.10,
    "dma50" : 715.63,
    "dma100" : null,
    "dma200" : 722.63,
    "volume" : 481651.00
  }, {
    "date" : "2025-04-21",
    "price" : 689.45,
    "dma50" : 714.60,
    "dma100" : null,
    "dma200" : 722.30,
    "volume" : 1586831.00
  }, {
    "date" : "2025-04-22",
    "price" : 678.85,
    "dma50" : 713.20,
    "dma100" : null,
    "dma200" : 721.87,
    "volume" : 484708.00
  }, {
    "date" : "2025-04-23",
    "price" : 691.30,
    "dma50" : 712.34,
    "dma100" : null,
    "dma200" : 721.57,
    "volume" : 2171808.00
  }, {
    "date" : "2025-04-24",
    "price" : 703.45,
    "dma50" : 711.99,
    "dma100" : null,
    "dma200" : 721.39,
    "volume" : 871748.00
  }, {
    "date" : "2025-04-25",
    "price" : 702.00,
    "dma50" : 711.60,
    "dma100" : null,
    "dma200" : 721.19,
    "volume" : 1697822.00
  }, {
    "date" : "2025-04-28",
    "price" : 721.05,
    "dma50" : 711.97,
    "dma100" : null,
    "dma200" : 721.19,
    "volume" : 2020676.00
  }, {
    "date" : "2025-04-29",
    "price" : 749.00,
    "dma50" : 713.42,
    "dma100" : null,
    "dma200" : 721.47,
    "volume" : 1965378.00
  }, {
    "date" : "2025-04-30",
    "price" : 719.45,
    "dma50" : 713.66,
    "dma100" : null,
    "dma200" : 721.45,
    "volume" : 865817.00
  }, {
    "date" : "2025-05-02",
    "price" : 717.50,
    "dma50" : 713.81,
    "dma100" : null,
    "dma200" : 721.41,
    "volume" : 545702.00
  }, {
    "date" : "2025-05-05",
    "price" : 713.45,
    "dma50" : 713.80,
    "dma100" : null,
    "dma200" : 721.33,
    "volume" : 357769.00
  }, {
    "date" : "2025-05-06",
    "price" : 701.25,
    "dma50" : 713.30,
    "dma100" : null,
    "dma200" : 721.13,
    "volume" : 458480.00
  }, {
    "date" : "2025-05-07",
    "price" : 699.65,
    "dma50" : 712.77,
    "dma100" : null,
    "dma200" : 720.92,
    "volume" : 512437.00
  }, {
    "date" : "2025-05-08",
    "price" : 720.75,
    "dma50" : 713.08,
    "dma100" : null,
    "dma200" : 720.92,
    "volume" : 1266630.00
  }, {
    "date" : "2025-05-09",
    "price" : 703.45,
    "dma50" : 712.70,
    "dma100" : null,
    "dma200" : 720.74,
    "volume" : 766625.00
  }, {
    "date" : "2025-05-12",
    "price" : 750.50,
    "dma50" : 714.19,
    "dma100" : null,
    "dma200" : 721.04,
    "volume" : 1554281.00
  }, {
    "date" : "2025-05-13",
    "price" : 766.90,
    "dma50" : 716.25,
    "dma100" : null,
    "dma200" : 721.49,
    "volume" : 935980.00
  }, {
    "date" : "2025-05-14",
    "price" : 783.60,
    "dma50" : 718.89,
    "dma100" : null,
    "dma200" : 722.11,
    "volume" : 1771136.00
  }, {
    "date" : "2025-05-15",
    "price" : 807.35,
    "dma50" : 722.36,
    "dma100" : null,
    "dma200" : 722.96,
    "volume" : 1062781.00
  }, {
    "date" : "2025-05-16",
    "price" : 798.75,
    "dma50" : 725.36,
    "dma100" : null,
    "dma200" : 723.71,
    "volume" : 911710.00
  }, {
    "date" : "2025-05-19",
    "price" : 787.30,
    "dma50" : 727.79,
    "dma100" : null,
    "dma200" : 724.35,
    "volume" : 530303.00
  }, {
    "date" : "2025-05-20",
    "price" : 840.60,
    "dma50" : 732.21,
    "dma100" : null,
    "dma200" : 725.50,
    "volume" : 16225491.00
  }, {
    "date" : "2025-05-21",
    "price" : 829.10,
    "dma50" : 736.01,
    "dma100" : null,
    "dma200" : 726.53,
    "volume" : 1289482.00
  }, {
    "date" : "2025-05-22",
    "price" : 820.45,
    "dma50" : 739.32,
    "dma100" : null,
    "dma200" : 727.47,
    "volume" : 654400.00
  }, {
    "date" : "2025-05-23",
    "price" : 843.25,
    "dma50" : 743.40,
    "dma100" : null,
    "dma200" : 728.62,
    "volume" : 4518791.00
  }, {
    "date" : "2025-05-26",
    "price" : 839.20,
    "dma50" : 747.15,
    "dma100" : null,
    "dma200" : 729.72,
    "volume" : 580617.00
  }, {
    "date" : "2025-05-27",
    "price" : 829.60,
    "dma50" : 750.39,
    "dma100" : null,
    "dma200" : 730.72,
    "volume" : 345615.00
  }, {
    "date" : "2025-05-28",
    "price" : 835.15,
    "dma50" : 753.71,
    "dma100" : null,
    "dma200" : 731.75,
    "volume" : 641394.00
  }, {
    "date" : "2025-05-29",
    "price" : 850.40,
    "dma50" : 757.50,
    "dma100" : null,
    "dma200" : 732.94,
    "volume" : 801436.00
  }, {
    "date" : "2025-05-30",
    "price" : 833.05,
    "dma50" : 760.47,
    "dma100" : null,
    "dma200" : 733.93,
    "volume" : 536268.00
  }, {
    "date" : "2025-06-02",
    "price" : 825.60,
    "dma50" : 763.02,
    "dma100" : null,
    "dma200" : 734.84,
    "volume" : 251363.00
  }, {
    "date" : "2025-06-03",
    "price" : 822.30,
    "dma50" : 765.35,
    "dma100" : null,
    "dma200" : 735.71,
    "volume" : 306357.00
  }, {
    "date" : "2025-06-04",
    "price" : 821.95,
    "dma50" : 767.57,
    "dma100" : null,
    "dma200" : 736.57,
    "volume" : 447694.00
  }, {
    "date" : "2025-06-05",
    "price" : 831.50,
    "dma50" : 770.07,
    "dma100" : null,
    "dma200" : 737.52,
    "volume" : 318372.00
  }, {
    "date" : "2025-06-06",
    "price" : 822.70,
    "dma50" : 772.14,
    "dma100" : null,
    "dma200" : 738.36,
    "volume" : 214184.00
  }, {
    "date" : "2025-06-09",
    "price" : 854.45,
    "dma50" : 775.36,
    "dma100" : null,
    "dma200" : 739.52,
    "volume" : 1338516.00
  }, {
    "date" : "2025-06-10",
    "price" : 866.95,
    "dma50" : 778.96,
    "dma100" : null,
    "dma200" : 740.79,
    "volume" : 2502146.00
  }, {
    "date" : "2025-06-11",
    "price" : 846.55,
    "dma50" : 781.61,
    "dma100" : null,
    "dma200" : 741.84,
    "volume" : 700539.00
  }, {
    "date" : "2025-06-12",
    "price" : 861.50,
    "dma50" : 784.74,
    "dma100" : null,
    "dma200" : 743.03,
    "volume" : 1920774.00
  }, {
    "date" : "2025-06-13",
    "price" : 867.35,
    "dma50" : 787.98,
    "dma100" : null,
    "dma200" : 744.27,
    "volume" : 1133169.00
  }, {
    "date" : "2025-06-16",
    "price" : 879.45,
    "dma50" : 791.57,
    "dma100" : null,
    "dma200" : 745.61,
    "volume" : 780319.00
  }, {
    "date" : "2025-06-17",
    "price" : 875.60,
    "dma50" : 794.86,
    "dma100" : null,
    "dma200" : 746.91,
    "volume" : 628852.00
  }, {
    "date" : "2025-06-18",
    "price" : 867.05,
    "dma50" : 797.69,
    "dma100" : null,
    "dma200" : 748.10,
    "volume" : 662366.00
  }, {
    "date" : "2025-06-19",
    "price" : 845.70,
    "dma50" : 799.58,
    "dma100" : null,
    "dma200" : 749.07,
    "volume" : 426495.00
  }, {
    "date" : "2025-06-20",
    "price" : 846.85,
    "dma50" : 801.43,
    "dma100" : null,
    "dma200" : 750.04,
    "volume" : 337966.00
  }, {
    "date" : "2025-06-23",
    "price" : 836.70,
    "dma50" : 802.81,
    "dma100" : null,
    "dma200" : 750.91,
    "volume" : 300042.00
  }, {
    "date" : "2025-06-24",
    "price" : 834.55,
    "dma50" : 804.06,
    "dma100" : null,
    "dma200" : 751.74,
    "volume" : 327499.00
  }, {
    "date" : "2025-06-25",
    "price" : 852.45,
    "dma50" : 805.95,
    "dma100" : null,
    "dma200" : 752.74,
    "volume" : 861342.00
  }, {
    "date" : "2025-06-26",
    "price" : 846.30,
    "dma50" : 807.54,
    "dma100" : null,
    "dma200" : 753.67,
    "volume" : 229847.00
  }, {
    "date" : "2025-06-27",
    "price" : 844.75,
    "dma50" : 809.00,
    "dma100" : null,
    "dma200" : 754.58,
    "volume" : 420371.00
  }, {
    "date" : "2025-06-30",
    "price" : 842.55,
    "dma50" : 810.31,
    "dma100" : null,
    "dma200" : 755.45,
    "volume" : 376612.00
  }, {
    "date" : "2025-07-01",
    "price" : 840.65,
    "dma50" : 811.50,
    "dma100" : null,
    "dma200" : 756.30,
    "volume" : 232580.00
  }, {
    "date" : "2025-07-02",
    "price" : 852.20,
    "dma50" : 813.10,
    "dma100" : null,
    "dma200" : 757.26,
    "volume" : 2334658.00
  }, {
    "date" : "2025-07-03",
    "price" : 852.40,
    "dma50" : 814.64,
    "dma100" : null,
    "dma200" : 758.20,
    "volume" : 433507.00
  }, {
    "date" : "2025-07-04",
    "price" : 852.65,
    "dma50" : 816.13,
    "dma100" : null,
    "dma200" : 759.14,
    "volume" : 314802.00
  }, {
    "date" : "2025-07-07",
    "price" : 854.65,
    "dma50" : 817.64,
    "dma100" : null,
    "dma200" : 760.09,
    "volume" : 397207.00
  }, {
    "date" : "2025-07-08",
    "price" : 844.95,
    "dma50" : 818.71,
    "dma100" : null,
    "dma200" : 760.94,
    "volume" : 650818.00
  }, {
    "date" : "2025-07-09",
    "price" : 849.25,
    "dma50" : 819.91,
    "dma100" : null,
    "dma200" : 761.82,
    "volume" : 430483.00
  }, {
    "date" : "2025-07-10",
    "price" : 846.50,
    "dma50" : 820.95,
    "dma100" : null,
    "dma200" : 762.66,
    "volume" : 501495.00
  }, {
    "date" : "2025-07-11",
    "price" : 818.70,
    "dma50" : 820.86,
    "dma100" : null,
    "dma200" : 763.22,
    "volume" : 569746.00
  }, {
    "date" : "2025-07-14",
    "price" : 808.65,
    "dma50" : 820.38,
    "dma100" : null,
    "dma200" : 763.67,
    "volume" : 335837.00
  }, {
    "date" : "2025-07-15",
    "price" : 810.50,
    "dma50" : 820.00,
    "dma100" : null,
    "dma200" : 764.13,
    "volume" : 447638.00
  }, {
    "date" : "2025-07-16",
    "price" : 829.85,
    "dma50" : 820.38,
    "dma100" : null,
    "dma200" : 764.79,
    "volume" : 2621925.00
  }, {
    "date" : "2025-07-17",
    "price" : 830.80,
    "dma50" : 820.79,
    "dma100" : null,
    "dma200" : 765.44,
    "volume" : 590400.00
  }, {
    "date" : "2025-07-18",
    "price" : 826.40,
    "dma50" : 821.01,
    "dma100" : null,
    "dma200" : 766.05,
    "volume" : 476388.00
  }, {
    "date" : "2025-07-21",
    "price" : 845.45,
    "dma50" : 821.97,
    "dma100" : null,
    "dma200" : 766.84,
    "volume" : 1153211.00
  }, {
    "date" : "2025-07-22",
    "price" : 811.30,
    "dma50" : 821.55,
    "dma100" : 768.58,
    "dma200" : 767.28,
    "volume" : 1029966.00
  }, {
    "date" : "2025-07-23",
    "price" : 816.10,
    "dma50" : 821.34,
    "dma100" : 769.12,
    "dma200" : 767.77,
    "volume" : 2030353.00
  }, {
    "date" : "2025-07-24",
    "price" : 824.90,
    "dma50" : 821.48,
    "dma100" : 769.33,
    "dma200" : 768.34,
    "volume" : 717627.00
  }, {
    "date" : "2025-07-25",
    "price" : 796.65,
    "dma50" : 820.50,
    "dma100" : 769.32,
    "dma200" : 768.62,
    "volume" : 411151.00
  }, {
    "date" : "2025-07-28",
    "price" : 800.10,
    "dma50" : 819.70,
    "dma100" : 769.93,
    "dma200" : 768.93,
    "volume" : 914385.00
  }, {
    "date" : "2025-07-29",
    "price" : 808.45,
    "dma50" : 819.26,
    "dma100" : 770.99,
    "dma200" : 769.33,
    "volume" : 338471.00
  }, {
    "date" : "2025-07-30",
    "price" : 810.05,
    "dma50" : 818.90,
    "dma100" : 771.97,
    "dma200" : 769.73,
    "volume" : 280517.00
  }, {
    "date" : "2025-07-31",
    "price" : 806.15,
    "dma50" : 818.40,
    "dma100" : 772.85,
    "dma200" : 770.09,
    "volume" : 456426.00
  }, {
    "date" : "2025-08-01",
    "price" : 792.20,
    "dma50" : 817.37,
    "dma100" : 773.25,
    "dma200" : 770.31,
    "volume" : 379893.00
  }, {
    "date" : "2025-08-04",
    "price" : 800.65,
    "dma50" : 816.72,
    "dma100" : 773.83,
    "dma200" : 770.62,
    "volume" : 429933.00
  }, {
    "date" : "2025-08-05",
    "price" : 801.65,
    "dma50" : 816.13,
    "dma100" : 774.58,
    "dma200" : 770.92,
    "volume" : 283734.00
  }, {
    "date" : "2025-08-06",
    "price" : 785.35,
    "dma50" : 814.92,
    "dma100" : 775.62,
    "dma200" : 771.07,
    "volume" : 383971.00
  }, {
    "date" : "2025-08-07",
    "price" : 790.00,
    "dma50" : 813.94,
    "dma100" : 776.86,
    "dma200" : 771.26,
    "volume" : 228580.00
  }, {
    "date" : "2025-08-08",
    "price" : 785.65,
    "dma50" : 812.83,
    "dma100" : 778.17,
    "dma200" : 771.40,
    "volume" : 176765.00
  }, {
    "date" : "2025-08-11",
    "price" : 791.55,
    "dma50" : 812.00,
    "dma100" : 779.66,
    "dma200" : 771.60,
    "volume" : 210616.00
  }, {
    "date" : "2025-08-12",
    "price" : 808.80,
    "dma50" : 811.87,
    "dma100" : 781.08,
    "dma200" : 771.97,
    "volume" : 676426.00
  }, {
    "date" : "2025-08-13",
    "price" : 801.15,
    "dma50" : 811.45,
    "dma100" : 782.38,
    "dma200" : 772.26,
    "volume" : 324832.00
  }, {
    "date" : "2025-08-14",
    "price" : 803.15,
    "dma50" : 811.13,
    "dma100" : 783.65,
    "dma200" : 772.57,
    "volume" : 234158.00
  }, {
    "date" : "2025-08-18",
    "price" : 798.05,
    "dma50" : 810.61,
    "dma100" : 784.89,
    "dma200" : 772.82,
    "volume" : 358434.00
  }, {
    "date" : "2025-08-19",
    "price" : 802.60,
    "dma50" : 810.30,
    "dma100" : 785.94,
    "dma200" : 773.12,
    "volume" : 205952.00
  }, {
    "date" : "2025-08-20",
    "price" : 815.20,
    "dma50" : 810.49,
    "dma100" : 786.94,
    "dma200" : 773.54,
    "volume" : 708378.00
  }, {
    "date" : "2025-08-21",
    "price" : 809.35,
    "dma50" : 810.45,
    "dma100" : 788.01,
    "dma200" : 773.89,
    "volume" : 372382.00
  }, {
    "date" : "2025-08-22",
    "price" : 792.50,
    "dma50" : 809.74,
    "dma100" : 789.05,
    "dma200" : 774.08,
    "volume" : 212816.00
  }, {
    "date" : "2025-08-25",
    "price" : 810.75,
    "dma50" : 809.78,
    "dma100" : 790.15,
    "dma200" : 774.44,
    "volume" : 1021484.00
  }, {
    "date" : "2025-08-26",
    "price" : 804.55,
    "dma50" : 809.58,
    "dma100" : 791.28,
    "dma200" : 774.74,
    "volume" : 326988.00
  }, {
    "date" : "2025-08-28",
    "price" : 778.20,
    "dma50" : 808.35,
    "dma100" : 791.92,
    "dma200" : 774.78,
    "volume" : 269878.00
  }, {
    "date" : "2025-08-29",
    "price" : 768.10,
    "dma50" : 806.77,
    "dma100" : 792.77,
    "dma200" : 774.71,
    "volume" : 183828.00
  }, {
    "date" : "2025-09-01",
    "price" : 787.35,
    "dma50" : 806.01,
    "dma100" : 794.10,
    "dma200" : 774.84,
    "volume" : 189794.00
  }, {
    "date" : "2025-09-02",
    "price" : 793.05,
    "dma50" : 805.50,
    "dma100" : 795.52,
    "dma200" : 775.02,
    "volume" : 161582.00
  }, {
    "date" : "2025-09-03",
    "price" : 778.65,
    "dma50" : 804.45,
    "dma100" : 796.78,
    "dma200" : 775.05,
    "volume" : 818575.00
  }, {
    "date" : "2025-09-04",
    "price" : 779.60,
    "dma50" : 803.47,
    "dma100" : 798.30,
    "dma200" : 775.10,
    "volume" : 231939.00
  }, {
    "date" : "2025-09-05",
    "price" : 776.35,
    "dma50" : 802.41,
    "dma100" : 799.73,
    "dma200" : 775.11,
    "volume" : 408569.00
  }, {
    "date" : "2025-09-08",
    "price" : 772.00,
    "dma50" : 801.22,
    "dma100" : 800.92,
    "dma200" : 775.08,
    "volume" : 262047.00
  }, {
    "date" : "2025-09-09",
    "price" : 777.85,
    "dma50" : 800.30,
    "dma100" : 802.13,
    "dma200" : 775.11,
    "volume" : 228636.00
  }, {
    "date" : "2025-09-10",
    "price" : 825.30,
    "dma50" : 801.28,
    "dma100" : 803.85,
    "dma200" : 775.61,
    "volume" : 1834246.00
  }, {
    "date" : "2025-09-11",
    "price" : 818.40,
    "dma50" : 801.95,
    "dma100" : 805.14,
    "dma200" : 776.03,
    "volume" : 270780.00
  }, {
    "date" : "2025-09-12",
    "price" : 818.25,
    "dma50" : 802.59,
    "dma100" : 806.54,
    "dma200" : 776.45,
    "volume" : 214924.00
  }, {
    "date" : "2025-09-15",
    "price" : 808.55,
    "dma50" : 802.82,
    "dma100" : 807.71,
    "dma200" : 776.77,
    "volume" : 235304.00
  }, {
    "date" : "2025-09-16",
    "price" : 819.75,
    "dma50" : 803.49,
    "dma100" : 808.87,
    "dma200" : 777.20,
    "volume" : 283303.00
  }, {
    "date" : "2025-09-17",
    "price" : 836.20,
    "dma50" : 804.77,
    "dma100" : 810.22,
    "dma200" : 777.79,
    "volume" : 795792.00
  }, {
    "date" : "2025-09-18",
    "price" : 850.50,
    "dma50" : 806.56,
    "dma100" : 811.51,
    "dma200" : 778.51,
    "volume" : 1721227.00
  }, {
    "date" : "2025-09-19",
    "price" : 857.75,
    "dma50" : 808.57,
    "dma100" : 812.60,
    "dma200" : 779.30,
    "volume" : 364152.00
  }, {
    "date" : "2025-09-22",
    "price" : 810.30,
    "dma50" : 808.64,
    "dma100" : 813.51,
    "dma200" : 779.61,
    "volume" : 748230.00
  }, {
    "date" : "2025-09-23",
    "price" : 808.10,
    "dma50" : 808.62,
    "dma100" : 814.41,
    "dma200" : 779.89,
    "volume" : 291096.00
  }, {
    "date" : "2025-09-24",
    "price" : 808.00,
    "dma50" : 808.59,
    "dma100" : 815.36,
    "dma200" : 780.17,
    "volume" : 196081.00
  }, {
    "date" : "2025-09-25",
    "price" : 802.95,
    "dma50" : 808.37,
    "dma100" : 816.37,
    "dma200" : 780.40,
    "volume" : 183244.00
  }, {
    "date" : "2025-09-26",
    "price" : 774.40,
    "dma50" : 807.04,
    "dma100" : 817.12,
    "dma200" : 780.34,
    "volume" : 342455.00
  }, {
    "date" : "2025-09-29",
    "price" : 749.55,
    "dma50" : 804.79,
    "dma100" : 817.41,
    "dma200" : 780.03,
    "volume" : 611317.00
  }, {
    "date" : "2025-09-30",
    "price" : 763.10,
    "dma50" : 803.15,
    "dma100" : 818.01,
    "dma200" : 779.86,
    "volume" : 808545.00
  }, {
    "date" : "2025-10-01",
    "price" : 768.75,
    "dma50" : 801.80,
    "dma100" : 818.19,
    "dma200" : 779.75,
    "volume" : 169363.00
  }, {
    "date" : "2025-10-03",
    "price" : 760.20,
    "dma50" : 800.17,
    "dma100" : 818.12,
    "dma200" : 779.56,
    "volume" : 244991.00
  }, {
    "date" : "2025-10-06",
    "price" : 755.75,
    "dma50" : 798.43,
    "dma100" : 817.84,
    "dma200" : 779.32,
    "volume" : 283458.00
  }, {
    "date" : "2025-10-07",
    "price" : 760.90,
    "dma50" : 796.96,
    "dma100" : 817.38,
    "dma200" : 779.14,
    "volume" : 203031.00
  }, {
    "date" : "2025-10-08",
    "price" : 770.25,
    "dma50" : 795.91,
    "dma100" : 817.09,
    "dma200" : 779.05,
    "volume" : 280979.00
  }, {
    "date" : "2025-10-09",
    "price" : 784.90,
    "dma50" : 795.48,
    "dma100" : 817.07,
    "dma200" : 779.11,
    "volume" : 406081.00
  }, {
    "date" : "2025-10-10",
    "price" : 798.65,
    "dma50" : 795.60,
    "dma100" : 816.65,
    "dma200" : 779.30,
    "volume" : 988229.00
  }, {
    "date" : "2025-10-13",
    "price" : 778.00,
    "dma50" : 794.91,
    "dma100" : 816.14,
    "dma200" : 779.29,
    "volume" : 180929.00
  }, {
    "date" : "2025-10-14",
    "price" : 755.80,
    "dma50" : 793.38,
    "dma100" : 815.49,
    "dma200" : 779.06,
    "volume" : 328727.00
  }, {
    "date" : "2025-10-15",
    "price" : 756.30,
    "dma50" : 791.92,
    "dma100" : 814.62,
    "dma200" : 778.83,
    "volume" : 836150.00
  }, {
    "date" : "2025-10-16",
    "price" : 774.95,
    "dma50" : 791.26,
    "dma100" : 813.98,
    "dma200" : 778.79,
    "volume" : 819923.00
  }, {
    "date" : "2025-10-17",
    "price" : 782.70,
    "dma50" : 790.92,
    "dma100" : 813.51,
    "dma200" : 778.83,
    "volume" : 689967.00
  }, {
    "date" : "2025-10-20",
    "price" : 781.70,
    "dma50" : 790.56,
    "dma100" : 812.98,
    "dma200" : 778.86,
    "volume" : 231166.00
  }, {
    "date" : "2025-10-21",
    "price" : 779.90,
    "dma50" : 790.14,
    "dma100" : 812.27,
    "dma200" : 778.87,
    "volume" : 38563.00
  }, {
    "date" : "2025-10-23",
    "price" : 801.10,
    "dma50" : 790.57,
    "dma100" : 811.95,
    "dma200" : 779.09,
    "volume" : 1476831.00
  }, {
    "date" : "2025-10-24",
    "price" : 805.00,
    "dma50" : 791.14,
    "dma100" : 811.75,
    "dma200" : 779.35,
    "volume" : 408441.00
  }, {
    "date" : "2025-10-27",
    "price" : 807.95,
    "dma50" : 791.80,
    "dma100" : 811.60,
    "dma200" : 779.63,
    "volume" : 296173.00
  }, {
    "date" : "2025-10-28",
    "price" : 800.30,
    "dma50" : 792.13,
    "dma100" : 811.39,
    "dma200" : 779.84,
    "volume" : 200021.00
  }, {
    "date" : "2025-10-29",
    "price" : 801.60,
    "dma50" : 792.50,
    "dma100" : 811.09,
    "dma200" : 780.05,
    "volume" : 394836.00
  }, {
    "date" : "2025-10-30",
    "price" : 803.90,
    "dma50" : 792.95,
    "dma100" : 810.90,
    "dma200" : 780.29,
    "volume" : 179656.00
  }, {
    "date" : "2025-10-31",
    "price" : 797.55,
    "dma50" : 793.13,
    "dma100" : 810.33,
    "dma200" : 780.46,
    "volume" : 372468.00
  }, {
    "date" : "2025-11-03",
    "price" : 755.90,
    "dma50" : 791.67,
    "dma100" : 809.22,
    "dma200" : 780.22,
    "volume" : 1646457.00
  }, {
    "date" : "2025-11-04",
    "price" : 736.10,
    "dma50" : 789.49,
    "dma100" : 808.12,
    "dma200" : 779.78,
    "volume" : 910441.00
  }, {
    "date" : "2025-11-06",
    "price" : 703.40,
    "dma50" : 786.11,
    "dma100" : 806.54,
    "dma200" : 779.02,
    "volume" : 777975.00
  }, {
    "date" : "2025-11-07",
    "price" : 697.65,
    "dma50" : 782.65,
    "dma100" : 804.84,
    "dma200" : 778.21,
    "volume" : 715550.00
  }, {
    "date" : "2025-11-10",
    "price" : 722.75,
    "dma50" : 780.30,
    "dma100" : 803.27,
    "dma200" : 777.66,
    "volume" : 697905.00
  }, {
    "date" : "2025-11-11",
    "price" : 729.10,
    "dma50" : 778.29,
    "dma100" : 801.81,
    "dma200" : 777.17,
    "volume" : 757592.00
  }, {
    "date" : "2025-11-12",
    "price" : 741.45,
    "dma50" : 776.84,
    "dma100" : 800.55,
    "dma200" : 776.82,
    "volume" : 402687.00
  }, {
    "date" : "2025-11-13",
    "price" : 728.80,
    "dma50" : 774.96,
    "dma100" : 799.38,
    "dma200" : 776.34,
    "volume" : 305024.00
  }, {
    "date" : "2025-11-14",
    "price" : 724.85,
    "dma50" : 772.99,
    "dma100" : 798.16,
    "dma200" : 775.83,
    "volume" : 477707.00
  }, {
    "date" : "2025-11-17",
    "price" : 724.25,
    "dma50" : 771.08,
    "dma100" : 797.04,
    "dma200" : 775.32,
    "volume" : 268654.00
  }, {
    "date" : "2025-11-18",
    "price" : 703.85,
    "dma50" : 768.45,
    "dma100" : 795.73,
    "dma200" : 774.60,
    "volume" : 347236.00
  }, {
    "date" : "2025-11-19",
    "price" : 709.50,
    "dma50" : 766.14,
    "dma100" : 794.30,
    "dma200" : 773.96,
    "volume" : 644568.00
  }, {
    "date" : "2025-11-20",
    "price" : 719.60,
    "dma50" : 764.31,
    "dma100" : 793.03,
    "dma200" : 773.42,
    "volume" : 597992.00
  }, {
    "date" : "2025-11-21",
    "price" : 709.30,
    "dma50" : 762.15,
    "dma100" : 791.68,
    "dma200" : 772.78,
    "volume" : 290630.00
  }, {
    "date" : "2025-11-24",
    "price" : 716.75,
    "dma50" : 760.37,
    "dma100" : 790.42,
    "dma200" : 772.22,
    "volume" : 657747.00
  }, {
    "date" : "2025-11-25",
    "price" : 716.15,
    "dma50" : 758.64,
    "dma100" : 789.18,
    "dma200" : 771.66,
    "volume" : 267372.00
  }, {
    "date" : "2025-11-26",
    "price" : 735.30,
    "dma50" : 757.72,
    "dma100" : 788.01,
    "dma200" : 771.30,
    "volume" : 801803.00
  }, {
    "date" : "2025-11-27",
    "price" : 747.05,
    "dma50" : 757.30,
    "dma100" : 786.95,
    "dma200" : 771.06,
    "volume" : 522402.00
  }, {
    "date" : "2025-11-28",
    "price" : 749.65,
    "dma50" : 757.00,
    "dma100" : 785.92,
    "dma200" : 770.85,
    "volume" : 281355.00
  }, {
    "date" : "2025-12-01",
    "price" : 745.95,
    "dma50" : 756.57,
    "dma100" : 784.84,
    "dma200" : 770.60,
    "volume" : 358362.00
  }, {
    "date" : "2025-12-02",
    "price" : 733.60,
    "dma50" : 755.67,
    "dma100" : 783.72,
    "dma200" : 770.23,
    "volume" : 536987.00
  }, {
    "date" : "2025-12-03",
    "price" : 738.40,
    "dma50" : 754.99,
    "dma100" : 782.61,
    "dma200" : 769.91,
    "volume" : 404383.00
  }, {
    "date" : "2025-12-04",
    "price" : 750.75,
    "dma50" : 754.83,
    "dma100" : 781.66,
    "dma200" : 769.72,
    "volume" : 528947.00
  }, {
    "date" : "2025-12-05",
    "price" : 746.15,
    "dma50" : 754.49,
    "dma100" : 780.93,
    "dma200" : 769.49,
    "volume" : 221480.00
  }, {
    "date" : "2025-12-08",
    "price" : 730.20,
    "dma50" : 753.53,
    "dma100" : 780.15,
    "dma200" : 769.10,
    "volume" : 239847.00
  }, {
    "date" : "2025-12-09",
    "price" : 726.35,
    "dma50" : 752.47,
    "dma100" : 779.31,
    "dma200" : 768.67,
    "volume" : 258267.00
  }, {
    "date" : "2025-12-10",
    "price" : 719.70,
    "dma50" : 751.18,
    "dma100" : 778.20,
    "dma200" : 768.19,
    "volume" : 396260.00
  }, {
    "date" : "2025-12-11",
    "price" : 732.40,
    "dma50" : 750.45,
    "dma100" : 777.22,
    "dma200" : 767.83,
    "volume" : 252030.00
  }, {
    "date" : "2025-12-12",
    "price" : 736.10,
    "dma50" : 749.88,
    "dma100" : 776.32,
    "dma200" : 767.51,
    "volume" : 155582.00
  }, {
    "date" : "2025-12-15",
    "price" : 731.15,
    "dma50" : 749.15,
    "dma100" : 775.17,
    "dma200" : 767.15,
    "volume" : 138022.00
  }, {
    "date" : "2025-12-16",
    "price" : 730.65,
    "dma50" : 748.42,
    "dma100" : 774.37,
    "dma200" : 766.79,
    "volume" : 171383.00
  }, {
    "date" : "2025-12-17",
    "price" : 728.75,
    "dma50" : 747.65,
    "dma100" : 773.49,
    "dma200" : 766.41,
    "volume" : 228079.00
  }, {
    "date" : "2025-12-18",
    "price" : 733.00,
    "dma50" : 747.08,
    "dma100" : 772.57,
    "dma200" : 766.08,
    "volume" : 477960.00
  }, {
    "date" : "2025-12-19",
    "price" : 741.50,
    "dma50" : 746.86,
    "dma100" : 772.02,
    "dma200" : 765.83,
    "volume" : 202360.00
  }, {
    "date" : "2025-12-22",
    "price" : 747.40,
    "dma50" : 746.88,
    "dma100" : 771.50,
    "dma200" : 765.65,
    "volume" : 168535.00
  }, {
    "date" : "2025-12-23",
    "price" : 739.85,
    "dma50" : 746.60,
    "dma100" : 770.81,
    "dma200" : 765.39,
    "volume" : 256264.00
  }, {
    "date" : "2025-12-24",
    "price" : 739.70,
    "dma50" : 746.33,
    "dma100" : 770.11,
    "dma200" : 765.14,
    "volume" : 306635.00
  }, {
    "date" : "2025-12-26",
    "price" : 723.25,
    "dma50" : 745.43,
    "dma100" : 769.28,
    "dma200" : 764.72,
    "volume" : 144880.00
  }, {
    "date" : "2025-12-29",
    "price" : 713.10,
    "dma50" : 744.16,
    "dma100" : 768.49,
    "dma200" : 764.21,
    "volume" : 189579.00
  }, {
    "date" : "2025-12-30",
    "price" : 693.85,
    "dma50" : 742.19,
    "dma100" : 767.42,
    "dma200" : 763.51,
    "volume" : 561297.00
  }, {
    "date" : "2025-12-31",
    "price" : 703.65,
    "dma50" : 740.68,
    "dma100" : 766.44,
    "dma200" : 762.91,
    "volume" : 307016.00
  }, {
    "date" : "2026-01-01",
    "price" : 701.15,
    "dma50" : 739.13,
    "dma100" : 765.60,
    "dma200" : 762.30,
    "volume" : 136739.00
  }, {
    "date" : "2026-01-02",
    "price" : 699.35,
    "dma50" : 737.57,
    "dma100" : 764.69,
    "dma200" : 761.67,
    "volume" : 133390.00
  }, {
    "date" : "2026-01-05",
    "price" : 709.50,
    "dma50" : 736.47,
    "dma100" : 763.93,
    "dma200" : 761.15,
    "volume" : 1156462.00
  }, {
    "date" : "2026-01-06",
    "price" : 702.20,
    "dma50" : 735.12,
    "dma100" : 763.04,
    "dma200" : 760.56,
    "volume" : 221802.00
  }, {
    "date" : "2026-01-07",
    "price" : 704.75,
    "dma50" : 733.93,
    "dma100" : 761.99,
    "dma200" : 760.01,
    "volume" : 390373.00
  }, {
    "date" : "2026-01-08",
    "price" : 718.45,
    "dma50" : 733.32,
    "dma100" : 761.17,
    "dma200" : 759.60,
    "volume" : 574336.00
  }, {
    "date" : "2026-01-09",
    "price" : 709.40,
    "dma50" : 732.39,
    "dma100" : 760.23,
    "dma200" : 759.10,
    "volume" : 975461.00
  }, {
    "date" : "2026-01-12",
    "price" : 712.25,
    "dma50" : 731.60,
    "dma100" : 759.37,
    "dma200" : 758.63,
    "volume" : 364596.00
  }, {
    "date" : "2026-01-13",
    "price" : 713.40,
    "dma50" : 730.88,
    "dma100" : 758.48,
    "dma200" : 758.18,
    "volume" : 1306335.00
  }, {
    "date" : "2026-01-14",
    "price" : 709.80,
    "dma50" : 730.06,
    "dma100" : 757.43,
    "dma200" : 757.70,
    "volume" : 735692.00
  }, {
    "date" : "2026-01-16",
    "price" : 715.10,
    "dma50" : 729.47,
    "dma100" : 756.48,
    "dma200" : 757.27,
    "volume" : 440641.00
  }, {
    "date" : "2026-01-19",
    "price" : 719.70,
    "dma50" : 729.09,
    "dma100" : 755.76,
    "dma200" : 756.90,
    "volume" : 865945.00
  }, {
    "date" : "2026-01-20",
    "price" : 702.75,
    "dma50" : 728.05,
    "dma100" : 754.68,
    "dma200" : 756.36,
    "volume" : 703404.00
  }, {
    "date" : "2026-01-21",
    "price" : 698.40,
    "dma50" : 726.89,
    "dma100" : 753.61,
    "dma200" : 755.79,
    "volume" : 575671.00
  }, {
    "date" : "2026-01-22",
    "price" : 722.30,
    "dma50" : 726.71,
    "dma100" : 753.06,
    "dma200" : 755.45,
    "volume" : 340611.00
  }, {
    "date" : "2026-01-23",
    "price" : 704.75,
    "dma50" : 725.85,
    "dma100" : 752.42,
    "dma200" : 754.95,
    "volume" : 906211.00
  }, {
    "date" : "2026-01-27",
    "price" : 675.00,
    "dma50" : 723.86,
    "dma100" : 751.30,
    "dma200" : 754.15,
    "volume" : 1204382.00
  }, {
    "date" : "2026-01-28",
    "price" : 688.20,
    "dma50" : 722.46,
    "dma100" : 750.25,
    "dma200" : 753.50,
    "volume" : 428781.00
  }, {
    "date" : "2026-01-29",
    "price" : 668.55,
    "dma50" : 720.34,
    "dma100" : 749.15,
    "dma200" : 752.65,
    "volume" : 338996.00
  }, {
    "date" : "2026-01-30",
    "price" : 650.20,
    "dma50" : 717.59,
    "dma100" : 747.85,
    "dma200" : 751.63,
    "volume" : 805626.00
  }, {
    "date" : "2026-02-01",
    "price" : 667.00,
    "dma50" : 715.61,
    "dma100" : 746.76,
    "dma200" : 750.79,
    "volume" : 747559.00
  }, {
    "date" : "2026-02-02",
    "price" : 672.10,
    "dma50" : 713.90,
    "dma100" : 745.76,
    "dma200" : 750.01,
    "volume" : 359757.00
  }, {
    "date" : "2026-02-03",
    "price" : 672.60,
    "dma50" : 712.28,
    "dma100" : 744.71,
    "dma200" : 749.24,
    "volume" : 741163.00
  }, {
    "date" : "2026-02-04",
    "price" : 651.80,
    "dma50" : 709.91,
    "dma100" : 742.97,
    "dma200" : 748.27,
    "volume" : 1136045.00
  }, {
    "date" : "2026-02-05",
    "price" : 641.20,
    "dma50" : 707.22,
    "dma100" : 741.20,
    "dma200" : 747.20,
    "volume" : 264819.00
  }, {
    "date" : "2026-02-06",
    "price" : 629.60,
    "dma50" : 704.17,
    "dma100" : 739.32,
    "dma200" : 746.03,
    "volume" : 332086.00
  }, {
    "date" : "2026-02-09",
    "price" : 625.05,
    "dma50" : 701.07,
    "dma100" : 737.48,
    "dma200" : 744.83,
    "volume" : 534212.00
  }, {
    "date" : "2026-02-10",
    "price" : 622.85,
    "dma50" : 698.00,
    "dma100" : 735.51,
    "dma200" : 743.61,
    "volume" : 268992.00
  }, {
    "date" : "2026-02-11",
    "price" : 613.70,
    "dma50" : 694.70,
    "dma100" : 733.29,
    "dma200" : 742.32,
    "volume" : 322669.00
  }, {
    "date" : "2026-02-12",
    "price" : 576.85,
    "dma50" : 690.07,
    "dma100" : 730.55,
    "dma200" : 740.67,
    "volume" : 880506.00
  }, {
    "date" : "2026-02-13",
    "price" : 588.35,
    "dma50" : 686.09,
    "dma100" : 727.86,
    "dma200" : 739.16,
    "volume" : 2460278.00
  }, {
    "date" : "2026-02-16",
    "price" : 576.20,
    "dma50" : 681.78,
    "dma100" : 725.52,
    "dma200" : 737.54,
    "volume" : 729120.00
  }, {
    "date" : "2026-02-17",
    "price" : 583.90,
    "dma50" : 677.94,
    "dma100" : 723.27,
    "dma200" : 736.01,
    "volume" : 653929.00
  }, {
    "date" : "2026-02-18",
    "price" : 578.60,
    "dma50" : 674.04,
    "dma100" : 720.98,
    "dma200" : 734.44,
    "volume" : 645494.00
  }, {
    "date" : "2026-02-19",
    "price" : 569.20,
    "dma50" : 669.93,
    "dma100" : 718.64,
    "dma200" : 732.80,
    "volume" : 342157.00
  }, {
    "date" : "2026-02-20",
    "price" : 560.25,
    "dma50" : 665.63,
    "dma100" : 716.50,
    "dma200" : 731.08,
    "volume" : 382190.00
  } ],
  "latestTechnicalAttributes" : {
    "date" : "2026-02-20",
    "price" : 560.25,
    "dma50" : 665.63,
    "dma100" : 716.50,
    "dma200" : 731.08,
    "volume" : 382190.00
  },
  "quarterlyResults" : [ {
    "date" : "2005-03-31",
    "sales" : 45.09,
    "salesGrowthYoY" : null,
    "grossProfitMargin" : 100.00,
    "grossProfit" : 45.09,
    "operatingProfitMargin" : 5.32,
    "operatingProfit" : 2.40,
    "netProfitMargin" : -2.68,
    "netProfit" : -1.21
  }, {
    "date" : "2005-06-30",
    "sales" : 50.54,
    "salesGrowthYoY" : null,
    "grossProfitMargin" : 100.00,
    "grossProfit" : 50.54,
    "operatingProfitMargin" : 11.77,
    "operatingProfit" : 5.95,
    "netProfitMargin" : 4.73,
    "netProfit" : 2.39
  }, {
    "date" : "2005-09-30",
    "sales" : 52.75,
    "salesGrowthYoY" : null,
    "grossProfitMargin" : 100.00,
    "grossProfit" : 52.75,
    "operatingProfitMargin" : 11.32,
    "operatingProfit" : 5.97,
    "netProfitMargin" : 4.30,
    "netProfit" : 2.27
  }, {
    "date" : "2005-12-31",
    "sales" : 60.04,
    "salesGrowthYoY" : null,
    "grossProfitMargin" : 100.00,
    "grossProfit" : 60.04,
    "operatingProfitMargin" : 18.50,
    "operatingProfit" : 11.11,
    "netProfitMargin" : 12.44,
    "netProfit" : 7.47
  }, {
    "date" : "2006-03-31",
    "sales" : 65.76,
    "salesGrowthYoY" : 45.84,
    "grossProfitMargin" : 100.00,
    "grossProfit" : 65.76,
    "operatingProfitMargin" : 23.75,
    "operatingProfit" : 15.62,
    "netProfitMargin" : 19.75,
    "netProfit" : 12.99
  }, {
    "date" : "2006-06-30",
    "sales" : 66.80,
    "salesGrowthYoY" : 32.17,
    "grossProfitMargin" : 100.00,
    "grossProfit" : 66.80,
    "operatingProfitMargin" : 16.93,
    "operatingProfit" : 11.31,
    "netProfitMargin" : 13.34,
    "netProfit" : 8.91
  }, {
    "date" : "2006-09-30",
    "sales" : 70.45,
    "salesGrowthYoY" : 33.55,
    "grossProfitMargin" : 100.00,
    "grossProfit" : 70.45,
    "operatingProfitMargin" : 11.21,
    "operatingProfit" : 7.90,
    "netProfitMargin" : 6.29,
    "netProfit" : 4.43
  }, {
    "date" : "2006-12-31",
    "sales" : 67.08,
    "salesGrowthYoY" : 11.73,
    "grossProfitMargin" : 99.99,
    "grossProfit" : 67.07,
    "operatingProfitMargin" : 15.35,
    "operatingProfit" : 10.30,
    "netProfitMargin" : 11.91,
    "netProfit" : 7.99
  }, {
    "date" : "2007-03-31",
    "sales" : 73.95,
    "salesGrowthYoY" : 12.45,
    "grossProfitMargin" : 99.92,
    "grossProfit" : 73.89,
    "operatingProfitMargin" : 18.99,
    "operatingProfit" : 14.04,
    "netProfitMargin" : 16.94,
    "netProfit" : 12.53
  }, {
    "date" : "2007-06-30",
    "sales" : 75.06,
    "salesGrowthYoY" : 12.37,
    "grossProfitMargin" : 100.00,
    "grossProfit" : 75.06,
    "operatingProfitMargin" : 10.29,
    "operatingProfit" : 7.72,
    "netProfitMargin" : 9.97,
    "netProfit" : 7.48
  }, {
    "date" : "2007-09-30",
    "sales" : 83.58,
    "salesGrowthYoY" : 18.64,
    "grossProfitMargin" : 100.00,
    "grossProfit" : 83.58,
    "operatingProfitMargin" : 15.84,
    "operatingProfit" : 13.24,
    "netProfitMargin" : 13.56,
    "netProfit" : 11.33
  }, {
    "date" : "2007-12-31",
    "sales" : 87.73,
    "salesGrowthYoY" : 30.78,
    "grossProfitMargin" : 99.78,
    "grossProfit" : 87.54,
    "operatingProfitMargin" : 16.22,
    "operatingProfit" : 14.23,
    "netProfitMargin" : 11.81,
    "netProfit" : 10.36
  }, {
    "date" : "2008-03-31",
    "sales" : 90.65,
    "salesGrowthYoY" : 22.58,
    "grossProfitMargin" : 99.92,
    "grossProfit" : 90.58,
    "operatingProfitMargin" : 21.47,
    "operatingProfit" : 19.46,
    "netProfitMargin" : 17.92,
    "netProfit" : 16.24
  }, {
    "date" : "2008-06-30",
    "sales" : 102.71,
    "salesGrowthYoY" : 36.84,
    "grossProfitMargin" : 100.00,
    "grossProfit" : 102.71,
    "operatingProfitMargin" : 23.56,
    "operatingProfit" : 24.20,
    "netProfitMargin" : 19.00,
    "netProfit" : 19.51
  }, {
    "date" : "2008-09-30",
    "sales" : 111.91,
    "salesGrowthYoY" : 33.90,
    "grossProfitMargin" : 99.80,
    "grossProfit" : 111.69,
    "operatingProfitMargin" : 18.49,
    "operatingProfit" : 20.69,
    "netProfitMargin" : 12.24,
    "netProfit" : 13.70
  }, {
    "date" : "2008-12-31",
    "sales" : 111.46,
    "salesGrowthYoY" : 27.05,
    "grossProfitMargin" : 99.03,
    "grossProfit" : 110.38,
    "operatingProfitMargin" : 12.46,
    "operatingProfit" : 13.89,
    "netProfitMargin" : 6.49,
    "netProfit" : 7.23
  }, {
    "date" : "2009-03-31",
    "sales" : 111.03,
    "salesGrowthYoY" : 22.48,
    "grossProfitMargin" : 99.86,
    "grossProfit" : 110.87,
    "operatingProfitMargin" : 25.32,
    "operatingProfit" : 28.11,
    "netProfitMargin" : 18.02,
    "netProfit" : 20.01
  }, {
    "date" : "2009-06-30",
    "sales" : 120.01,
    "salesGrowthYoY" : 16.84,
    "grossProfitMargin" : 98.64,
    "grossProfit" : 118.38,
    "operatingProfitMargin" : 24.16,
    "operatingProfit" : 28.99,
    "netProfitMargin" : 17.78,
    "netProfit" : 21.34
  }, {
    "date" : "2009-09-30",
    "sales" : 137.18,
    "salesGrowthYoY" : 22.58,
    "grossProfitMargin" : 97.38,
    "grossProfit" : 133.59,
    "operatingProfitMargin" : 23.42,
    "operatingProfit" : 32.13,
    "netProfitMargin" : 20.45,
    "netProfit" : 28.05
  }, {
    "date" : "2009-12-31",
    "sales" : 130.48,
    "salesGrowthYoY" : 17.06,
    "grossProfitMargin" : 99.58,
    "grossProfit" : 129.93,
    "operatingProfitMargin" : 23.83,
    "operatingProfit" : 31.09,
    "netProfitMargin" : 19.34,
    "netProfit" : 25.23
  }, {
    "date" : "2010-03-31",
    "sales" : 120.43,
    "salesGrowthYoY" : 8.47,
    "grossProfitMargin" : 101.00,
    "grossProfit" : 121.63,
    "operatingProfitMargin" : 14.08,
    "operatingProfit" : 16.96,
    "netProfitMargin" : 7.94,
    "netProfit" : 9.56
  }, {
    "date" : "2010-06-30",
    "sales" : 138.64,
    "salesGrowthYoY" : 15.52,
    "grossProfitMargin" : 98.62,
    "grossProfit" : 136.73,
    "operatingProfitMargin" : 23.68,
    "operatingProfit" : 32.83,
    "netProfitMargin" : 20.77,
    "netProfit" : 28.80
  }, {
    "date" : "2010-09-30",
    "sales" : 146.59,
    "salesGrowthYoY" : 6.86,
    "grossProfitMargin" : 96.89,
    "grossProfit" : 142.03,
    "operatingProfitMargin" : 17.05,
    "operatingProfit" : 24.99,
    "netProfitMargin" : 12.03,
    "netProfit" : 17.63
  }, {
    "date" : "2010-12-31",
    "sales" : 155.12,
    "salesGrowthYoY" : 18.88,
    "grossProfitMargin" : 96.93,
    "grossProfit" : 150.36,
    "operatingProfitMargin" : 18.62,
    "operatingProfit" : 28.88,
    "netProfitMargin" : 13.13,
    "netProfit" : 20.37
  }, {
    "date" : "2011-03-31",
    "sales" : 144.62,
    "salesGrowthYoY" : 20.09,
    "grossProfitMargin" : 99.66,
    "grossProfit" : 144.13,
    "operatingProfitMargin" : 12.14,
    "operatingProfit" : 17.56,
    "netProfitMargin" : 14.96,
    "netProfit" : 21.64
  }, {
    "date" : "2011-06-30",
    "sales" : 154.05,
    "salesGrowthYoY" : 11.12,
    "grossProfitMargin" : 95.31,
    "grossProfit" : 146.83,
    "operatingProfitMargin" : 15.05,
    "operatingProfit" : 23.18,
    "netProfitMargin" : 9.35,
    "netProfit" : 14.40
  }, {
    "date" : "2011-09-30",
    "sales" : 164.39,
    "salesGrowthYoY" : 12.14,
    "grossProfitMargin" : 99.23,
    "grossProfit" : 163.12,
    "operatingProfitMargin" : 16.50,
    "operatingProfit" : 27.12,
    "netProfitMargin" : 15.05,
    "netProfit" : 24.74
  }, {
    "date" : "2011-12-31",
    "sales" : 197.91,
    "salesGrowthYoY" : 27.59,
    "grossProfitMargin" : 93.86,
    "grossProfit" : 185.76,
    "operatingProfitMargin" : 21.49,
    "operatingProfit" : 42.53,
    "netProfitMargin" : 17.69,
    "netProfit" : 35.01
  }, {
    "date" : "2012-03-31",
    "sales" : 196.39,
    "salesGrowthYoY" : 35.80,
    "grossProfitMargin" : 98.58,
    "grossProfit" : 193.60,
    "operatingProfitMargin" : 17.27,
    "operatingProfit" : 33.92,
    "netProfitMargin" : 10.38,
    "netProfit" : 20.39
  }, {
    "date" : "2012-06-30",
    "sales" : 213.06,
    "salesGrowthYoY" : 38.31,
    "grossProfitMargin" : 95.37,
    "grossProfit" : 203.20,
    "operatingProfitMargin" : 21.36,
    "operatingProfit" : 45.51,
    "netProfitMargin" : 19.18,
    "netProfit" : 40.86
  }, {
    "date" : "2012-09-30",
    "sales" : 204.82,
    "salesGrowthYoY" : 24.59,
    "grossProfitMargin" : 96.14,
    "grossProfit" : 196.91,
    "operatingProfitMargin" : 14.33,
    "operatingProfit" : 29.35,
    "netProfitMargin" : 7.71,
    "netProfit" : 15.79
  }, {
    "date" : "2012-12-31",
    "sales" : 220.42,
    "salesGrowthYoY" : 11.37,
    "grossProfitMargin" : 95.45,
    "grossProfit" : 210.39,
    "operatingProfitMargin" : 21.02,
    "operatingProfit" : 46.33,
    "netProfitMargin" : 18.98,
    "netProfit" : 41.84
  }, {
    "date" : "2013-03-31",
    "sales" : 199.36,
    "salesGrowthYoY" : 1.51,
    "grossProfitMargin" : 98.32,
    "grossProfit" : 196.01,
    "operatingProfitMargin" : 21.51,
    "operatingProfit" : 42.88,
    "netProfitMargin" : 11.56,
    "netProfit" : 23.05
  }, {
    "date" : "2013-06-30",
    "sales" : 218.15,
    "salesGrowthYoY" : 2.39,
    "grossProfitMargin" : 99.03,
    "grossProfit" : 216.03,
    "operatingProfitMargin" : 22.09,
    "operatingProfit" : 48.19,
    "netProfitMargin" : 21.15,
    "netProfit" : 46.14
  }, {
    "date" : "2013-09-30",
    "sales" : 244.18,
    "salesGrowthYoY" : 19.22,
    "grossProfitMargin" : 99.32,
    "grossProfit" : 242.52,
    "operatingProfitMargin" : 29.90,
    "operatingProfit" : 73.01,
    "netProfitMargin" : 21.35,
    "netProfit" : 52.13
  }, {
    "date" : "2013-12-31",
    "sales" : 226.66,
    "salesGrowthYoY" : 2.83,
    "grossProfitMargin" : 99.43,
    "grossProfit" : 225.37,
    "operatingProfitMargin" : 24.71,
    "operatingProfit" : 56.01,
    "netProfitMargin" : 19.59,
    "netProfit" : 44.40
  }, {
    "date" : "2014-03-31",
    "sales" : 232.45,
    "salesGrowthYoY" : 16.60,
    "grossProfitMargin" : 99.21,
    "grossProfit" : 230.61,
    "operatingProfitMargin" : 30.59,
    "operatingProfit" : 71.11,
    "netProfitMargin" : 19.17,
    "netProfit" : 44.56
  }, {
    "date" : "2014-06-30",
    "sales" : 239.31,
    "salesGrowthYoY" : 9.70,
    "grossProfitMargin" : 98.34,
    "grossProfit" : 235.34,
    "operatingProfitMargin" : 27.42,
    "operatingProfit" : 65.62,
    "netProfitMargin" : 18.98,
    "netProfit" : 45.42
  }, {
    "date" : "2014-09-30",
    "sales" : 265.94,
    "salesGrowthYoY" : 8.91,
    "grossProfitMargin" : 98.86,
    "grossProfit" : 262.91,
    "operatingProfitMargin" : 24.50,
    "operatingProfit" : 65.16,
    "netProfitMargin" : 18.22,
    "netProfit" : 48.45
  }, {
    "date" : "2014-12-31",
    "sales" : 289.93,
    "salesGrowthYoY" : 27.91,
    "grossProfitMargin" : 94.15,
    "grossProfit" : 272.97,
    "operatingProfitMargin" : 23.12,
    "operatingProfit" : 67.03,
    "netProfitMargin" : 16.01,
    "netProfit" : 46.42
  }, {
    "date" : "2015-03-31",
    "sales" : 285.66,
    "salesGrowthYoY" : 22.89,
    "grossProfitMargin" : 99.15,
    "grossProfit" : 283.23,
    "operatingProfitMargin" : 24.39,
    "operatingProfit" : 69.67,
    "netProfitMargin" : 14.99,
    "netProfit" : 42.82
  }, {
    "date" : "2015-06-30",
    "sales" : 289.66,
    "salesGrowthYoY" : 21.04,
    "grossProfitMargin" : 98.12,
    "grossProfit" : 284.21,
    "operatingProfitMargin" : 25.17,
    "operatingProfit" : 72.91,
    "netProfitMargin" : 21.91,
    "netProfit" : 63.46
  }, {
    "date" : "2015-09-30",
    "sales" : 335.26,
    "salesGrowthYoY" : 26.07,
    "grossProfitMargin" : 93.39,
    "grossProfit" : 313.10,
    "operatingProfitMargin" : 26.77,
    "operatingProfit" : 89.75,
    "netProfitMargin" : 22.05,
    "netProfit" : 73.92
  }, {
    "date" : "2015-12-31",
    "sales" : 309.10,
    "salesGrowthYoY" : 6.61,
    "grossProfitMargin" : 93.39,
    "grossProfit" : 288.67,
    "operatingProfitMargin" : 21.67,
    "operatingProfit" : 66.98,
    "netProfitMargin" : 14.88,
    "netProfit" : 45.99
  }, {
    "date" : "2016-03-31",
    "sales" : 311.26,
    "salesGrowthYoY" : 8.96,
    "grossProfitMargin" : 98.54,
    "grossProfit" : 306.72,
    "operatingProfitMargin" : 25.33,
    "operatingProfit" : 78.84,
    "netProfitMargin" : 17.61,
    "netProfit" : 54.81
  }, {
    "date" : "2016-06-30",
    "sales" : 322.80,
    "salesGrowthYoY" : 11.44,
    "grossProfitMargin" : 90.05,
    "grossProfit" : 290.68,
    "operatingProfitMargin" : 21.16,
    "operatingProfit" : 68.30,
    "netProfitMargin" : 16.46,
    "netProfit" : 53.13
  }, {
    "date" : "2016-09-30",
    "sales" : 327.36,
    "salesGrowthYoY" : -2.36,
    "grossProfitMargin" : 92.91,
    "grossProfit" : 304.15,
    "operatingProfitMargin" : 20.78,
    "operatingProfit" : 68.03,
    "netProfitMargin" : 13.37,
    "netProfit" : 43.77
  }, {
    "date" : "2016-12-31",
    "sales" : 324.57,
    "salesGrowthYoY" : 5.00,
    "grossProfitMargin" : 96.56,
    "grossProfit" : 313.40,
    "operatingProfitMargin" : 25.31,
    "operatingProfit" : 82.15,
    "netProfitMargin" : 19.54,
    "netProfit" : 63.42
  }, {
    "date" : "2017-03-31",
    "sales" : 297.66,
    "salesGrowthYoY" : -4.37,
    "grossProfitMargin" : 100.00,
    "grossProfit" : 297.66,
    "operatingProfitMargin" : 16.23,
    "operatingProfit" : 48.31,
    "netProfitMargin" : 6.68,
    "netProfit" : 19.88
  }, {
    "date" : "2017-06-30",
    "sales" : 303.31,
    "salesGrowthYoY" : -6.04,
    "grossProfitMargin" : 98.69,
    "grossProfit" : 299.34,
    "operatingProfitMargin" : 16.83,
    "operatingProfit" : 51.05,
    "netProfitMargin" : 11.55,
    "netProfit" : 35.03
  }, {
    "date" : "2017-09-30",
    "sales" : 322.86,
    "salesGrowthYoY" : -1.37,
    "grossProfitMargin" : 98.19,
    "grossProfit" : 317.02,
    "operatingProfitMargin" : 22.31,
    "operatingProfit" : 72.03,
    "netProfitMargin" : 19.06,
    "netProfit" : 61.54
  }, {
    "date" : "2017-12-31",
    "sales" : 318.46,
    "salesGrowthYoY" : -1.88,
    "grossProfitMargin" : 96.59,
    "grossProfit" : 307.60,
    "operatingProfitMargin" : 19.31,
    "operatingProfit" : 61.49,
    "netProfitMargin" : 12.03,
    "netProfit" : 38.31
  }, {
    "date" : "2018-03-31",
    "sales" : 341.18,
    "salesGrowthYoY" : 14.62,
    "grossProfitMargin" : 98.51,
    "grossProfit" : 336.10,
    "operatingProfitMargin" : 19.77,
    "operatingProfit" : 67.45,
    "netProfitMargin" : 16.91,
    "netProfit" : 57.69
  }, {
    "date" : "2018-06-30",
    "sales" : 342.83,
    "salesGrowthYoY" : 13.03,
    "grossProfitMargin" : 98.84,
    "grossProfit" : 338.85,
    "operatingProfitMargin" : 22.04,
    "operatingProfit" : 75.56,
    "netProfitMargin" : 17.24,
    "netProfit" : 59.10
  }, {
    "date" : "2018-09-30",
    "sales" : 349.18,
    "salesGrowthYoY" : 8.15,
    "grossProfitMargin" : 99.25,
    "grossProfit" : 346.56,
    "operatingProfitMargin" : 24.99,
    "operatingProfit" : 87.26,
    "netProfitMargin" : 23.66,
    "netProfit" : 82.62
  }, {
    "date" : "2018-12-31",
    "sales" : 325.39,
    "salesGrowthYoY" : 2.18,
    "grossProfitMargin" : 98.80,
    "grossProfit" : 321.49,
    "operatingProfitMargin" : 18.85,
    "operatingProfit" : 61.34,
    "netProfitMargin" : 10.26,
    "netProfit" : 33.39
  }, {
    "date" : "2019-03-31",
    "sales" : 352.69,
    "salesGrowthYoY" : 3.37,
    "grossProfitMargin" : 99.55,
    "grossProfit" : 351.10,
    "operatingProfitMargin" : 21.65,
    "operatingProfit" : 76.36,
    "netProfitMargin" : 23.51,
    "netProfit" : 82.92
  }, {
    "date" : "2019-06-30",
    "sales" : 337.06,
    "salesGrowthYoY" : -1.68,
    "grossProfitMargin" : 99.44,
    "grossProfit" : 335.17,
    "operatingProfitMargin" : 21.22,
    "operatingProfit" : 71.52,
    "netProfitMargin" : 14.12,
    "netProfit" : 47.59
  }, {
    "date" : "2019-09-30",
    "sales" : 351.10,
    "salesGrowthYoY" : 0.55,
    "grossProfitMargin" : 99.24,
    "grossProfit" : 348.43,
    "operatingProfitMargin" : 20.64,
    "operatingProfit" : 72.47,
    "netProfitMargin" : 18.31,
    "netProfit" : 64.29
  }, {
    "date" : "2019-12-31",
    "sales" : 329.14,
    "salesGrowthYoY" : 1.15,
    "grossProfitMargin" : 99.19,
    "grossProfit" : 326.47,
    "operatingProfitMargin" : 23.61,
    "operatingProfit" : 77.71,
    "netProfitMargin" : 14.77,
    "netProfit" : 48.61
  }, {
    "date" : "2020-03-31",
    "sales" : 352.99,
    "salesGrowthYoY" : 0.09,
    "grossProfitMargin" : 99.56,
    "grossProfit" : 351.44,
    "operatingProfitMargin" : 27.24,
    "operatingProfit" : 96.15,
    "netProfitMargin" : 19.99,
    "netProfit" : 70.56
  }, {
    "date" : "2020-06-30",
    "sales" : 328.40,
    "salesGrowthYoY" : -2.57,
    "grossProfitMargin" : 99.85,
    "grossProfit" : 327.91,
    "operatingProfitMargin" : 29.99,
    "operatingProfit" : 98.49,
    "netProfitMargin" : 19.88,
    "netProfit" : 65.29
  }, {
    "date" : "2020-09-30",
    "sales" : 336.76,
    "salesGrowthYoY" : -4.08,
    "grossProfitMargin" : 99.85,
    "grossProfit" : 336.25,
    "operatingProfitMargin" : 31.18,
    "operatingProfit" : 105.00,
    "netProfitMargin" : 18.87,
    "netProfit" : 63.55
  }, {
    "date" : "2020-12-31",
    "sales" : 348.70,
    "salesGrowthYoY" : 5.94,
    "grossProfitMargin" : 98.28,
    "grossProfit" : 342.70,
    "operatingProfitMargin" : 33.35,
    "operatingProfit" : 116.29,
    "netProfitMargin" : 22.86,
    "netProfit" : 79.71
  }, {
    "date" : "2021-03-31",
    "sales" : 347.90,
    "salesGrowthYoY" : -1.44,
    "grossProfitMargin" : 99.97,
    "grossProfit" : 347.80,
    "operatingProfitMargin" : 26.04,
    "operatingProfit" : 90.59,
    "netProfitMargin" : 23.28,
    "netProfit" : 80.99
  }, {
    "date" : "2021-06-30",
    "sales" : 370.20,
    "salesGrowthYoY" : 12.73,
    "grossProfitMargin" : 100.00,
    "grossProfit" : 370.20,
    "operatingProfitMargin" : 28.58,
    "operatingProfit" : 105.80,
    "netProfitMargin" : 20.53,
    "netProfit" : 76.00
  }, {
    "date" : "2021-09-30",
    "sales" : 401.80,
    "salesGrowthYoY" : 19.31,
    "grossProfitMargin" : 99.33,
    "grossProfit" : 399.11,
    "operatingProfitMargin" : 24.27,
    "operatingProfit" : 97.52,
    "netProfitMargin" : 17.05,
    "netProfit" : 68.51
  }, {
    "date" : "2021-12-31",
    "sales" : 411.80,
    "salesGrowthYoY" : 18.10,
    "grossProfitMargin" : 99.71,
    "grossProfit" : 410.61,
    "operatingProfitMargin" : 23.36,
    "operatingProfit" : 96.20,
    "netProfitMargin" : 17.14,
    "netProfit" : 70.58
  }, {
    "date" : "2022-03-31",
    "sales" : 445.10,
    "salesGrowthYoY" : 27.94,
    "grossProfitMargin" : 99.93,
    "grossProfit" : 444.79,
    "operatingProfitMargin" : 25.90,
    "operatingProfit" : 115.28,
    "netProfitMargin" : 23.79,
    "netProfit" : 105.89
  }, {
    "date" : "2022-06-30",
    "sales" : 435.40,
    "salesGrowthYoY" : 17.61,
    "grossProfitMargin" : 100.00,
    "grossProfit" : 435.40,
    "operatingProfitMargin" : 20.23,
    "operatingProfit" : 88.08,
    "netProfitMargin" : 12.61,
    "netProfit" : 54.90
  }, {
    "date" : "2022-09-30",
    "sales" : 461.40,
    "salesGrowthYoY" : 14.83,
    "grossProfitMargin" : 99.83,
    "grossProfit" : 460.62,
    "operatingProfitMargin" : 13.29,
    "operatingProfit" : 61.32,
    "netProfitMargin" : 9.28,
    "netProfit" : 42.82
  }, {
    "date" : "2022-12-31",
    "sales" : 449.60,
    "salesGrowthYoY" : 9.18,
    "grossProfitMargin" : 99.76,
    "grossProfit" : 448.52,
    "operatingProfitMargin" : 18.33,
    "operatingProfit" : 82.41,
    "netProfitMargin" : 13.10,
    "netProfit" : 58.90
  }, {
    "date" : "2023-03-31",
    "sales" : 477.00,
    "salesGrowthYoY" : 7.17,
    "grossProfitMargin" : 100.02,
    "grossProfit" : 477.10,
    "operatingProfitMargin" : 23.82,
    "operatingProfit" : 113.62,
    "netProfitMargin" : 31.82,
    "netProfit" : 151.78
  }, {
    "date" : "2023-06-30",
    "sales" : 489.20,
    "salesGrowthYoY" : 12.36,
    "grossProfitMargin" : 100.00,
    "grossProfit" : 489.20,
    "operatingProfitMargin" : 26.25,
    "operatingProfit" : 128.41,
    "netProfitMargin" : 30.42,
    "netProfit" : 148.81
  }, {
    "date" : "2023-09-30",
    "sales" : 513.90,
    "salesGrowthYoY" : 11.38,
    "grossProfitMargin" : 100.00,
    "grossProfit" : 513.90,
    "operatingProfitMargin" : 29.21,
    "operatingProfit" : 150.11,
    "netProfitMargin" : 22.28,
    "netProfit" : 114.50
  }, {
    "date" : "2023-12-31",
    "sales" : 501.00,
    "salesGrowthYoY" : 11.43,
    "grossProfitMargin" : 100.00,
    "grossProfit" : 501.00,
    "operatingProfitMargin" : 24.25,
    "operatingProfit" : 121.49,
    "netProfitMargin" : 20.16,
    "netProfit" : 101.00
  }, {
    "date" : "2024-03-31",
    "sales" : 515.10,
    "salesGrowthYoY" : 7.99,
    "grossProfitMargin" : 100.00,
    "grossProfit" : 515.10,
    "operatingProfitMargin" : 24.42,
    "operatingProfit" : 125.79,
    "netProfitMargin" : 21.90,
    "netProfit" : 112.81
  }, {
    "date" : "2024-06-30",
    "sales" : 529.60,
    "salesGrowthYoY" : 8.26,
    "grossProfitMargin" : 100.00,
    "grossProfit" : 529.60,
    "operatingProfitMargin" : 21.79,
    "operatingProfit" : 115.40,
    "netProfitMargin" : 33.74,
    "netProfit" : 178.69
  }, {
    "date" : "2024-09-30",
    "sales" : 556.20,
    "salesGrowthYoY" : 8.23,
    "grossProfitMargin" : 100.00,
    "grossProfit" : 556.20,
    "operatingProfitMargin" : 21.56,
    "operatingProfit" : 119.92,
    "netProfitMargin" : 20.89,
    "netProfit" : 116.19
  }, {
    "date" : "2024-12-31",
    "sales" : 559.20,
    "salesGrowthYoY" : 11.62,
    "grossProfitMargin" : 100.00,
    "grossProfit" : 559.20,
    "operatingProfitMargin" : 21.17,
    "operatingProfit" : 118.38,
    "netProfitMargin" : 27.40,
    "netProfit" : 153.22
  }, {
    "date" : "2025-03-31",
    "sales" : 581.10,
    "salesGrowthYoY" : 12.81,
    "grossProfitMargin" : 100.00,
    "grossProfit" : 581.10,
    "operatingProfitMargin" : 23.66,
    "operatingProfit" : 137.49,
    "netProfitMargin" : 25.25,
    "netProfit" : 146.73
  }, {
    "date" : "2025-06-30",
    "sales" : 622.20,
    "salesGrowthYoY" : 17.48,
    "grossProfitMargin" : 99.94,
    "grossProfit" : 621.83,
    "operatingProfitMargin" : 20.85,
    "operatingProfit" : 129.73,
    "netProfitMargin" : 27.61,
    "netProfit" : 171.79
  }, {
    "date" : "2025-09-30",
    "sales" : 673.40,
    "salesGrowthYoY" : 21.07,
    "grossProfitMargin" : 99.99,
    "grossProfit" : 673.33,
    "operatingProfitMargin" : 21.80,
    "operatingProfit" : 146.80,
    "netProfitMargin" : 22.69,
    "netProfit" : 152.79
  }, {
    "date" : "2025-12-31",
    "sales" : 701.40,
    "salesGrowthYoY" : 25.43,
    "grossProfitMargin" : 99.97,
    "grossProfit" : 701.19,
    "operatingProfitMargin" : 24.07,
    "operatingProfit" : 168.83,
    "netProfitMargin" : 25.77,
    "netProfit" : 180.75
  } ],
  "latestQuarterlyResult" : {
    "date" : "2025-12-31",
    "sales" : 701.40,
    "salesGrowthYoY" : 25.43,
    "grossProfitMargin" : 99.97,
    "grossProfit" : 701.19,
    "operatingProfitMargin" : 24.07,
    "operatingProfit" : 168.83,
    "netProfitMargin" : 25.77,
    "netProfit" : 180.75
  },
  "companyScore" : {
    "priceHigherThanDma50" : 0.00,
    "priceHigherThanDma100" : 0.00,
    "priceHigherThanDma200" : 0.00,
    "dma50HigherThanDma100" : 0.00,
    "dma50HigherThanDma200" : 0.00,
    "dma100HigherThanDma200" : 0.00,
    "pricePercentageAboveDma50" : 5.79,
    "pricePercentageAboveDma100" : 6.09,
    "pricePercentageAboveDma200" : 6.17,
    "weeklyVolumeHigherThanYearlyVolume" : 0.00,
    "salesGrowthPercentile" : 16.75,
    "operatingProfitMarginPercentile" : 14.05,
    "netProfitMarginPercentile" : 9.40,
    "totalTechnicalScore" : 18.05,
    "totalFundamentalScore" : 40.20,
    "totalScore" : 58.25
  }
}