{
  "metadata" : {
    "screenerCompanyId" : "3791",
    "companyCode" : "ZENTEC",
    "companyName" : "Zen Technologies",
    "screenerCompanyLink" : "https://www.screener.in/company/ZENTEC/consolidated/",
    "screenerTechnicalHistoryLink" : "https://www.screener.in/api/company/3791/chart/?q=Price-DMA50-DMA200-Volume&days=365",
    "screenerQuarterlyResultsLink" : "https://www.screener.in/api/company/3791/chart/?q=GPM-OPM-NPM-Quarter+Sales&days=10000",
    "attributes" : {
      "companyCode" : "ZENTEC",
      "companyName" : "Zen Technologies",
      "marketCap" : 12063.00,
      "peRatio" : 46.00,
      "description" : "Zen Technologies Limited was incorporated in 1996. The company designs develop and manufacture combat training solutions and Counter-drone solutions for defense and security forces. It is actively involved in the indigenization of technologies, which are beneficial to Indian armed forces, state police forces, and paramilitary forces. Zen Technologies is headquartered in Hyderabad, India with offices in India, UAE, and the USA. [1] [2] [3]"
    },
    "companyScore" : {
      "priceHigherThanDma50" : 0.00,
      "priceHigherThanDma100" : 0.00,
      "priceHigherThanDma200" : 0.00,
      "dma50HigherThanDma100" : 0.00,
      "dma50HigherThanDma200" : 0.00,
      "dma100HigherThanDma200" : 0.00,
      "pricePercentageAboveDma50" : 5.08,
      "pricePercentageAboveDma100" : 5.21,
      "pricePercentageAboveDma200" : 5.48,
      "weeklyVolumeHigherThanYearlyVolume" : 5.00,
      "salesGrowthPercentile" : 7.25,
      "operatingProfitMarginPercentile" : 19.58,
      "netProfitMarginPercentile" : 9.56,
      "totalTechnicalScore" : 20.77,
      "totalFundamentalScore" : 36.39,
      "totalScore" : 57.16
    }
  },
  "attributes" : {
    "companyCode" : "ZENTEC",
    "companyName" : "Zen Technologies",
    "marketCap" : 12063.00,
    "peRatio" : 46.00,
    "description" : "Zen Technologies Limited was incorporated in 1996. The company designs develop and manufacture combat training solutions and Counter-drone solutions for defense and security forces. It is actively involved in the indigenization of technologies, which are beneficial to Indian armed forces, state police forces, and paramilitary forces. Zen Technologies is headquartered in Hyderabad, India with offices in India, UAE, and the USA. [1] [2] [3]"
  },
  "technicalHistory" : [ {
    "date" : "2025-02-06",
    "price" : 1640.85,
    "dma50" : 1998.04,
    "dma100" : null,
    "dma200" : 1687.34,
    "volume" : 294950.00
  }, {
    "date" : "2025-02-07",
    "price" : 1662.40,
    "dma50" : 1984.87,
    "dma100" : null,
    "dma200" : 1687.09,
    "volume" : 339383.00
  }, {
    "date" : "2025-02-10",
    "price" : 1616.95,
    "dma50" : 1970.45,
    "dma100" : null,
    "dma200" : 1686.39,
    "volume" : 446812.00
  }, {
    "date" : "2025-02-11",
    "price" : 1482.25,
    "dma50" : 1951.30,
    "dma100" : null,
    "dma200" : 1684.36,
    "volume" : 1266295.00
  }, {
    "date" : "2025-02-12",
    "price" : 1448.05,
    "dma50" : 1931.57,
    "dma100" : null,
    "dma200" : 1682.01,
    "volume" : 1063896.00
  }, {
    "date" : "2025-02-13",
    "price" : 1450.75,
    "dma50" : 1912.71,
    "dma100" : null,
    "dma200" : 1679.71,
    "volume" : 846595.00
  }, {
    "date" : "2025-02-14",
    "price" : 1350.00,
    "dma50" : 1890.64,
    "dma100" : null,
    "dma200" : 1676.43,
    "volume" : 997370.00
  }, {
    "date" : "2025-02-17",
    "price" : 1080.00,
    "dma50" : 1858.85,
    "dma100" : null,
    "dma200" : 1670.49,
    "volume" : 1627507.00
  }, {
    "date" : "2025-02-18",
    "price" : 972.00,
    "dma50" : 1824.07,
    "dma100" : null,
    "dma200" : 1663.54,
    "volume" : 6519915.00
  }, {
    "date" : "2025-02-19",
    "price" : 1069.20,
    "dma50" : 1794.47,
    "dma100" : null,
    "dma200" : 1657.63,
    "volume" : 2227672.00
  }, {
    "date" : "2025-02-20",
    "price" : 1114.45,
    "dma50" : 1767.80,
    "dma100" : null,
    "dma200" : 1652.22,
    "volume" : 3153253.00
  }, {
    "date" : "2025-02-21",
    "price" : 1087.80,
    "dma50" : 1741.14,
    "dma100" : null,
    "dma200" : 1646.61,
    "volume" : 1238245.00
  }, {
    "date" : "2025-02-24",
    "price" : 1093.80,
    "dma50" : 1715.75,
    "dma100" : null,
    "dma200" : 1641.11,
    "volume" : 1181272.00
  }, {
    "date" : "2025-02-25",
    "price" : 1098.40,
    "dma50" : 1691.54,
    "dma100" : null,
    "dma200" : 1635.71,
    "volume" : 587246.00
  }, {
    "date" : "2025-02-27",
    "price" : 1109.90,
    "dma50" : 1668.73,
    "dma100" : null,
    "dma200" : 1630.47,
    "volume" : 710777.00
  }, {
    "date" : "2025-02-28",
    "price" : 1045.30,
    "dma50" : 1644.28,
    "dma100" : null,
    "dma200" : 1624.65,
    "volume" : 1085802.00
  }, {
    "date" : "2025-03-03",
    "price" : 1040.95,
    "dma50" : 1620.62,
    "dma100" : null,
    "dma200" : 1618.84,
    "volume" : 1392745.00
  }, {
    "date" : "2025-03-04",
    "price" : 1076.40,
    "dma50" : 1599.28,
    "dma100" : null,
    "dma200" : 1613.45,
    "volume" : 1093425.00
  }, {
    "date" : "2025-03-05",
    "price" : 1133.45,
    "dma50" : 1581.01,
    "dma100" : null,
    "dma200" : 1608.67,
    "volume" : 1225421.00
  }, {
    "date" : "2025-03-06",
    "price" : 1181.10,
    "dma50" : 1565.33,
    "dma100" : null,
    "dma200" : 1604.41,
    "volume" : 780232.00
  }, {
    "date" : "2025-03-07",
    "price" : 1255.45,
    "dma50" : 1553.18,
    "dma100" : null,
    "dma200" : 1600.94,
    "volume" : 2023764.00
  }, {
    "date" : "2025-03-10",
    "price" : 1192.25,
    "dma50" : 1539.02,
    "dma100" : null,
    "dma200" : 1596.88,
    "volume" : 1088377.00
  }, {
    "date" : "2025-03-11",
    "price" : 1190.70,
    "dma50" : 1525.36,
    "dma100" : null,
    "dma200" : 1592.83,
    "volume" : 906604.00
  }, {
    "date" : "2025-03-12",
    "price" : 1206.10,
    "dma50" : 1512.84,
    "dma100" : null,
    "dma200" : 1588.99,
    "volume" : 645064.00
  }, {
    "date" : "2025-03-13",
    "price" : 1214.55,
    "dma50" : 1501.15,
    "dma100" : null,
    "dma200" : 1585.26,
    "volume" : 601011.00
  }, {
    "date" : "2025-03-17",
    "price" : 1238.80,
    "dma50" : 1490.86,
    "dma100" : null,
    "dma200" : 1581.81,
    "volume" : 525162.00
  }, {
    "date" : "2025-03-18",
    "price" : 1252.25,
    "dma50" : 1481.50,
    "dma100" : null,
    "dma200" : 1578.53,
    "volume" : 497295.00
  }, {
    "date" : "2025-03-19",
    "price" : 1268.25,
    "dma50" : 1473.14,
    "dma100" : null,
    "dma200" : 1575.45,
    "volume" : 925748.00
  }, {
    "date" : "2025-03-20",
    "price" : 1292.90,
    "dma50" : 1466.07,
    "dma100" : null,
    "dma200" : 1572.64,
    "volume" : 789017.00
  }, {
    "date" : "2025-03-21",
    "price" : 1422.15,
    "dma50" : 1464.35,
    "dma100" : null,
    "dma200" : 1571.14,
    "volume" : 1031188.00
  }, {
    "date" : "2025-03-24",
    "price" : 1522.10,
    "dma50" : 1466.61,
    "dma100" : null,
    "dma200" : 1570.65,
    "volume" : 1710036.00
  }, {
    "date" : "2025-03-25",
    "price" : 1467.45,
    "dma50" : 1466.65,
    "dma100" : null,
    "dma200" : 1569.62,
    "volume" : 1755061.00
  }, {
    "date" : "2025-03-26",
    "price" : 1442.85,
    "dma50" : 1465.71,
    "dma100" : null,
    "dma200" : 1568.36,
    "volume" : 753053.00
  }, {
    "date" : "2025-03-27",
    "price" : 1457.20,
    "dma50" : 1465.38,
    "dma100" : null,
    "dma200" : 1567.26,
    "volume" : 925795.00
  }, {
    "date" : "2025-03-28",
    "price" : 1478.55,
    "dma50" : 1465.90,
    "dma100" : null,
    "dma200" : 1566.37,
    "volume" : 719523.00
  }, {
    "date" : "2025-04-01",
    "price" : 1430.95,
    "dma50" : 1464.52,
    "dma100" : null,
    "dma200" : 1565.03,
    "volume" : 485486.00
  }, {
    "date" : "2025-04-02",
    "price" : 1444.50,
    "dma50" : 1463.74,
    "dma100" : null,
    "dma200" : 1563.83,
    "volume" : 370868.00
  }, {
    "date" : "2025-04-03",
    "price" : 1453.60,
    "dma50" : 1463.34,
    "dma100" : null,
    "dma200" : 1562.73,
    "volume" : 387173.00
  }, {
    "date" : "2025-04-04",
    "price" : 1449.65,
    "dma50" : 1462.80,
    "dma100" : null,
    "dma200" : 1561.60,
    "volume" : 601994.00
  }, {
    "date" : "2025-04-07",
    "price" : 1377.20,
    "dma50" : 1459.45,
    "dma100" : null,
    "dma200" : 1559.77,
    "volume" : 219606.00
  }, {
    "date" : "2025-04-08",
    "price" : 1428.85,
    "dma50" : 1458.25,
    "dma100" : null,
    "dma200" : 1558.47,
    "volume" : 587676.00
  }, {
    "date" : "2025-04-09",
    "price" : 1448.90,
    "dma50" : 1457.88,
    "dma100" : null,
    "dma200" : 1557.38,
    "volume" : 399337.00
  }, {
    "date" : "2025-04-11",
    "price" : 1462.00,
    "dma50" : 1458.04,
    "dma100" : null,
    "dma200" : 1556.43,
    "volume" : 328269.00
  }, {
    "date" : "2025-04-15",
    "price" : 1495.80,
    "dma50" : 1459.52,
    "dma100" : null,
    "dma200" : 1555.82,
    "volume" : 469940.00
  }, {
    "date" : "2025-04-16",
    "price" : 1513.90,
    "dma50" : 1461.66,
    "dma100" : null,
    "dma200" : 1555.41,
    "volume" : 387221.00
  }, {
    "date" : "2025-04-17",
    "price" : 1497.70,
    "dma50" : 1463.07,
    "dma100" : null,
    "dma200" : 1554.83,
    "volume" : 230476.00
  }, {
    "date" : "2025-04-21",
    "price" : 1475.00,
    "dma50" : 1463.54,
    "dma100" : null,
    "dma200" : 1554.04,
    "volume" : 396711.00
  }, {
    "date" : "2025-04-22",
    "price" : 1460.00,
    "dma50" : 1463.40,
    "dma100" : null,
    "dma200" : 1553.10,
    "volume" : 268064.00
  }, {
    "date" : "2025-04-23",
    "price" : 1439.00,
    "dma50" : 1462.44,
    "dma100" : null,
    "dma200" : 1551.97,
    "volume" : 288011.00
  }, {
    "date" : "2025-04-24",
    "price" : 1415.60,
    "dma50" : 1460.60,
    "dma100" : null,
    "dma200" : 1550.61,
    "volume" : 238633.00
  }, {
    "date" : "2025-04-25",
    "price" : 1416.10,
    "dma50" : 1458.86,
    "dma100" : null,
    "dma200" : 1549.27,
    "volume" : 532404.00
  }, {
    "date" : "2025-04-28",
    "price" : 1455.60,
    "dma50" : 1458.73,
    "dma100" : null,
    "dma200" : 1548.34,
    "volume" : 788844.00
  }, {
    "date" : "2025-04-29",
    "price" : 1471.20,
    "dma50" : 1459.22,
    "dma100" : null,
    "dma200" : 1547.57,
    "volume" : 523304.00
  }, {
    "date" : "2025-04-30",
    "price" : 1416.40,
    "dma50" : 1457.54,
    "dma100" : null,
    "dma200" : 1546.27,
    "volume" : 330667.00
  }, {
    "date" : "2025-05-02",
    "price" : 1389.50,
    "dma50" : 1454.87,
    "dma100" : null,
    "dma200" : 1544.71,
    "volume" : 316988.00
  }, {
    "date" : "2025-05-05",
    "price" : 1378.20,
    "dma50" : 1451.87,
    "dma100" : null,
    "dma200" : 1543.05,
    "volume" : 322610.00
  }, {
    "date" : "2025-05-06",
    "price" : 1361.60,
    "dma50" : 1448.33,
    "dma100" : null,
    "dma200" : 1541.25,
    "volume" : 447604.00
  }, {
    "date" : "2025-05-07",
    "price" : 1384.80,
    "dma50" : 1445.84,
    "dma100" : null,
    "dma200" : 1539.69,
    "volume" : 413632.00
  }, {
    "date" : "2025-05-08",
    "price" : 1339.50,
    "dma50" : 1441.67,
    "dma100" : null,
    "dma200" : 1537.70,
    "volume" : 282158.00
  }, {
    "date" : "2025-05-09",
    "price" : 1406.40,
    "dma50" : 1440.28,
    "dma100" : null,
    "dma200" : 1536.39,
    "volume" : 479919.00
  }, {
    "date" : "2025-05-12",
    "price" : 1476.70,
    "dma50" : 1441.71,
    "dma100" : null,
    "dma200" : 1535.80,
    "volume" : 136684.00
  }, {
    "date" : "2025-05-13",
    "price" : 1550.50,
    "dma50" : 1445.98,
    "dma100" : null,
    "dma200" : 1535.94,
    "volume" : 1708903.00
  }, {
    "date" : "2025-05-14",
    "price" : 1628.00,
    "dma50" : 1453.11,
    "dma100" : null,
    "dma200" : 1536.86,
    "volume" : 189152.00
  }, {
    "date" : "2025-05-15",
    "price" : 1709.40,
    "dma50" : 1463.17,
    "dma100" : null,
    "dma200" : 1538.58,
    "volume" : 115482.00
  }, {
    "date" : "2025-05-16",
    "price" : 1794.80,
    "dma50" : 1476.17,
    "dma100" : null,
    "dma200" : 1541.12,
    "volume" : 1102960.00
  }, {
    "date" : "2025-05-19",
    "price" : 1884.50,
    "dma50" : 1492.18,
    "dma100" : null,
    "dma200" : 1544.54,
    "volume" : 1068121.00
  }, {
    "date" : "2025-05-20",
    "price" : 1901.20,
    "dma50" : 1508.22,
    "dma100" : null,
    "dma200" : 1548.09,
    "volume" : 3078626.00
  }, {
    "date" : "2025-05-21",
    "price" : 1881.70,
    "dma50" : 1522.87,
    "dma100" : null,
    "dma200" : 1551.41,
    "volume" : 1015346.00
  }, {
    "date" : "2025-05-22",
    "price" : 1888.80,
    "dma50" : 1537.22,
    "dma100" : null,
    "dma200" : 1554.77,
    "volume" : 504109.00
  }, {
    "date" : "2025-05-23",
    "price" : 1892.00,
    "dma50" : 1551.13,
    "dma100" : null,
    "dma200" : 1558.12,
    "volume" : 399905.00
  }, {
    "date" : "2025-05-26",
    "price" : 1877.80,
    "dma50" : 1563.94,
    "dma100" : null,
    "dma200" : 1561.30,
    "volume" : 352117.00
  }, {
    "date" : "2025-05-27",
    "price" : 1917.80,
    "dma50" : 1577.82,
    "dma100" : null,
    "dma200" : 1564.85,
    "volume" : 948856.00
  }, {
    "date" : "2025-05-28",
    "price" : 2013.60,
    "dma50" : 1594.91,
    "dma100" : null,
    "dma200" : 1569.32,
    "volume" : 1003721.00
  }, {
    "date" : "2025-05-29",
    "price" : 2114.20,
    "dma50" : 1615.27,
    "dma100" : null,
    "dma200" : 1574.74,
    "volume" : 852809.00
  }, {
    "date" : "2025-05-30",
    "price" : 2139.80,
    "dma50" : 1635.84,
    "dma100" : null,
    "dma200" : 1580.36,
    "volume" : 997034.00
  }, {
    "date" : "2025-06-02",
    "price" : 2117.70,
    "dma50" : 1654.74,
    "dma100" : null,
    "dma200" : 1585.71,
    "volume" : 620270.00
  }, {
    "date" : "2025-06-03",
    "price" : 2147.40,
    "dma50" : 1674.06,
    "dma100" : null,
    "dma200" : 1591.30,
    "volume" : 551269.00
  }, {
    "date" : "2025-06-04",
    "price" : 2229.60,
    "dma50" : 1695.85,
    "dma100" : null,
    "dma200" : 1597.65,
    "volume" : 830635.00
  }, {
    "date" : "2025-06-05",
    "price" : 2193.00,
    "dma50" : 1715.34,
    "dma100" : null,
    "dma200" : 1603.57,
    "volume" : 681169.00
  }, {
    "date" : "2025-06-06",
    "price" : 2083.40,
    "dma50" : 1729.78,
    "dma100" : null,
    "dma200" : 1608.35,
    "volume" : 1336137.00
  }, {
    "date" : "2025-06-09",
    "price" : 2013.70,
    "dma50" : 1740.91,
    "dma100" : null,
    "dma200" : 1612.38,
    "volume" : 844213.00
  }, {
    "date" : "2025-06-10",
    "price" : 2031.60,
    "dma50" : 1752.31,
    "dma100" : null,
    "dma200" : 1616.55,
    "volume" : 542295.00
  }, {
    "date" : "2025-06-11",
    "price" : 1953.10,
    "dma50" : 1760.18,
    "dma100" : null,
    "dma200" : 1619.90,
    "volume" : 982075.00
  }, {
    "date" : "2025-06-12",
    "price" : 1904.00,
    "dma50" : 1765.82,
    "dma100" : null,
    "dma200" : 1622.73,
    "volume" : 480539.00
  }, {
    "date" : "2025-06-13",
    "price" : 1975.10,
    "dma50" : 1774.03,
    "dma100" : null,
    "dma200" : 1626.23,
    "volume" : 1618663.00
  }, {
    "date" : "2025-06-16",
    "price" : 1973.00,
    "dma50" : 1781.83,
    "dma100" : null,
    "dma200" : 1629.68,
    "volume" : 569248.00
  }, {
    "date" : "2025-06-17",
    "price" : 1949.20,
    "dma50" : 1788.40,
    "dma100" : null,
    "dma200" : 1632.86,
    "volume" : 594305.00
  }, {
    "date" : "2025-06-18",
    "price" : 1937.60,
    "dma50" : 1794.25,
    "dma100" : null,
    "dma200" : 1635.89,
    "volume" : 448930.00
  }, {
    "date" : "2025-06-19",
    "price" : 1894.10,
    "dma50" : 1798.16,
    "dma100" : null,
    "dma200" : 1638.46,
    "volume" : 533347.00
  }, {
    "date" : "2025-06-20",
    "price" : 1899.70,
    "dma50" : 1802.15,
    "dma100" : null,
    "dma200" : 1641.06,
    "volume" : 665568.00
  }, {
    "date" : "2025-06-23",
    "price" : 1994.60,
    "dma50" : 1809.69,
    "dma100" : null,
    "dma200" : 1644.58,
    "volume" : 1676834.00
  }, {
    "date" : "2025-06-24",
    "price" : 1936.00,
    "dma50" : 1814.65,
    "dma100" : null,
    "dma200" : 1647.48,
    "volume" : 1549724.00
  }, {
    "date" : "2025-06-25",
    "price" : 1895.00,
    "dma50" : 1817.80,
    "dma100" : null,
    "dma200" : 1649.94,
    "volume" : 639406.00
  }, {
    "date" : "2025-06-26",
    "price" : 1897.90,
    "dma50" : 1820.94,
    "dma100" : null,
    "dma200" : 1652.41,
    "volume" : 334960.00
  }, {
    "date" : "2025-06-27",
    "price" : 1923.90,
    "dma50" : 1824.98,
    "dma100" : null,
    "dma200" : 1655.11,
    "volume" : 661175.00
  }, {
    "date" : "2025-06-30",
    "price" : 1981.30,
    "dma50" : 1831.11,
    "dma100" : null,
    "dma200" : 1658.36,
    "volume" : 884847.00
  }, {
    "date" : "2025-07-01",
    "price" : 1978.00,
    "dma50" : 1836.87,
    "dma100" : null,
    "dma200" : 1661.54,
    "volume" : 431996.00
  }, {
    "date" : "2025-07-02",
    "price" : 1952.50,
    "dma50" : 1841.40,
    "dma100" : null,
    "dma200" : 1664.43,
    "volume" : 322247.00
  }, {
    "date" : "2025-07-03",
    "price" : 1925.40,
    "dma50" : 1844.70,
    "dma100" : null,
    "dma200" : 1667.03,
    "volume" : 256106.00
  }, {
    "date" : "2025-07-04",
    "price" : 1932.70,
    "dma50" : 1848.15,
    "dma100" : null,
    "dma200" : 1669.67,
    "volume" : 427756.00
  }, {
    "date" : "2025-07-07",
    "price" : 1938.30,
    "dma50" : 1851.68,
    "dma100" : 1581.55,
    "dma200" : 1672.35,
    "volume" : 346447.00
  }, {
    "date" : "2025-07-08",
    "price" : 1953.60,
    "dma50" : 1855.68,
    "dma100" : 1584.46,
    "dma200" : 1675.14,
    "volume" : 395746.00
  }, {
    "date" : "2025-07-09",
    "price" : 1953.80,
    "dma50" : 1859.53,
    "dma100" : 1587.83,
    "dma200" : 1677.92,
    "volume" : 334129.00
  }, {
    "date" : "2025-07-10",
    "price" : 1895.80,
    "dma50" : 1860.95,
    "dma100" : 1591.97,
    "dma200" : 1680.09,
    "volume" : 498246.00
  }, {
    "date" : "2025-07-11",
    "price" : 1858.20,
    "dma50" : 1860.84,
    "dma100" : 1596.07,
    "dma200" : 1681.86,
    "volume" : 549659.00
  }, {
    "date" : "2025-07-14",
    "price" : 1824.80,
    "dma50" : 1859.43,
    "dma100" : 1599.81,
    "dma200" : 1683.28,
    "volume" : 347064.00
  }, {
    "date" : "2025-07-15",
    "price" : 1837.80,
    "dma50" : 1858.58,
    "dma100" : 1604.69,
    "dma200" : 1684.82,
    "volume" : 194303.00
  }, {
    "date" : "2025-07-16",
    "price" : 1833.80,
    "dma50" : 1857.61,
    "dma100" : 1612.23,
    "dma200" : 1686.30,
    "volume" : 157356.00
  }, {
    "date" : "2025-07-17",
    "price" : 1861.10,
    "dma50" : 1857.75,
    "dma100" : 1621.12,
    "dma200" : 1688.04,
    "volume" : 253600.00
  }, {
    "date" : "2025-07-18",
    "price" : 1880.10,
    "dma50" : 1858.62,
    "dma100" : 1629.23,
    "dma200" : 1689.95,
    "volume" : 342932.00
  }, {
    "date" : "2025-07-21",
    "price" : 1905.90,
    "dma50" : 1860.48,
    "dma100" : 1637.14,
    "dma200" : 1692.10,
    "volume" : 295410.00
  }, {
    "date" : "2025-07-22",
    "price" : 1898.30,
    "dma50" : 1861.96,
    "dma100" : 1645.25,
    "dma200" : 1694.15,
    "volume" : 190932.00
  }, {
    "date" : "2025-07-23",
    "price" : 1900.10,
    "dma50" : 1863.45,
    "dma100" : 1653.31,
    "dma200" : 1696.20,
    "volume" : 177971.00
  }, {
    "date" : "2025-07-24",
    "price" : 1866.50,
    "dma50" : 1863.57,
    "dma100" : 1660.99,
    "dma200" : 1697.89,
    "volume" : 178457.00
  }, {
    "date" : "2025-07-25",
    "price" : 1779.60,
    "dma50" : 1860.28,
    "dma100" : 1667.69,
    "dma200" : 1698.71,
    "volume" : 364060.00
  }, {
    "date" : "2025-07-28",
    "price" : 1690.70,
    "dma50" : 1853.63,
    "dma100" : 1674.14,
    "dma200" : 1698.63,
    "volume" : 84263.00
  }, {
    "date" : "2025-07-29",
    "price" : 1606.20,
    "dma50" : 1843.93,
    "dma100" : 1679.79,
    "dma200" : 1697.71,
    "volume" : 80873.00
  }, {
    "date" : "2025-07-30",
    "price" : 1525.90,
    "dma50" : 1831.46,
    "dma100" : 1684.29,
    "dma200" : 1696.00,
    "volume" : 161737.00
  }, {
    "date" : "2025-07-31",
    "price" : 1464.10,
    "dma50" : 1817.05,
    "dma100" : 1687.60,
    "dma200" : 1693.69,
    "volume" : 2380270.00
  }, {
    "date" : "2025-08-01",
    "price" : 1533.20,
    "dma50" : 1805.92,
    "dma100" : 1691.12,
    "dma200" : 1692.09,
    "volume" : 987901.00
  }, {
    "date" : "2025-08-04",
    "price" : 1496.70,
    "dma50" : 1793.79,
    "dma100" : 1693.53,
    "dma200" : 1690.15,
    "volume" : 519771.00
  }, {
    "date" : "2025-08-05",
    "price" : 1474.40,
    "dma50" : 1781.27,
    "dma100" : 1696.35,
    "dma200" : 1688.00,
    "volume" : 353355.00
  }, {
    "date" : "2025-08-06",
    "price" : 1427.90,
    "dma50" : 1767.41,
    "dma100" : 1698.72,
    "dma200" : 1685.41,
    "volume" : 421739.00
  }, {
    "date" : "2025-08-07",
    "price" : 1434.70,
    "dma50" : 1754.36,
    "dma100" : 1701.01,
    "dma200" : 1682.92,
    "volume" : 336092.00
  }, {
    "date" : "2025-08-08",
    "price" : 1404.70,
    "dma50" : 1740.65,
    "dma100" : 1702.91,
    "dma200" : 1680.15,
    "volume" : 273876.00
  }, {
    "date" : "2025-08-11",
    "price" : 1430.70,
    "dma50" : 1728.49,
    "dma100" : 1704.83,
    "dma200" : 1677.67,
    "volume" : 574867.00
  }, {
    "date" : "2025-08-12",
    "price" : 1402.40,
    "dma50" : 1715.71,
    "dma100" : 1706.33,
    "dma200" : 1674.93,
    "volume" : 262922.00
  }, {
    "date" : "2025-08-13",
    "price" : 1421.50,
    "dma50" : 1704.17,
    "dma100" : 1707.86,
    "dma200" : 1672.41,
    "volume" : 255054.00
  }, {
    "date" : "2025-08-14",
    "price" : 1406.60,
    "dma50" : 1692.50,
    "dma100" : 1709.00,
    "dma200" : 1669.76,
    "volume" : 159019.00
  }, {
    "date" : "2025-08-18",
    "price" : 1429.30,
    "dma50" : 1682.18,
    "dma100" : 1709.07,
    "dma200" : 1667.37,
    "volume" : 525635.00
  }, {
    "date" : "2025-08-19",
    "price" : 1421.60,
    "dma50" : 1671.96,
    "dma100" : 1708.07,
    "dma200" : 1664.93,
    "volume" : 249027.00
  }, {
    "date" : "2025-08-20",
    "price" : 1420.10,
    "dma50" : 1662.08,
    "dma100" : 1707.59,
    "dma200" : 1662.49,
    "volume" : 231449.00
  }, {
    "date" : "2025-08-21",
    "price" : 1421.60,
    "dma50" : 1652.65,
    "dma100" : 1707.38,
    "dma200" : 1660.09,
    "volume" : 282414.00
  }, {
    "date" : "2025-08-22",
    "price" : 1492.60,
    "dma50" : 1646.38,
    "dma100" : 1707.73,
    "dma200" : 1658.43,
    "volume" : 888481.00
  }, {
    "date" : "2025-08-25",
    "price" : 1539.60,
    "dma50" : 1642.19,
    "dma100" : 1708.34,
    "dma200" : 1657.24,
    "volume" : 909709.00
  }, {
    "date" : "2025-08-26",
    "price" : 1504.10,
    "dma50" : 1636.77,
    "dma100" : 1709.08,
    "dma200" : 1655.72,
    "volume" : 620598.00
  }, {
    "date" : "2025-08-28",
    "price" : 1459.70,
    "dma50" : 1629.83,
    "dma100" : 1709.23,
    "dma200" : 1653.77,
    "volume" : 352687.00
  }, {
    "date" : "2025-08-29",
    "price" : 1459.60,
    "dma50" : 1623.15,
    "dma100" : 1709.29,
    "dma200" : 1651.84,
    "volume" : 297650.00
  }, {
    "date" : "2025-09-01",
    "price" : 1505.00,
    "dma50" : 1618.52,
    "dma100" : 1709.84,
    "dma200" : 1650.38,
    "volume" : 550379.00
  }, {
    "date" : "2025-09-02",
    "price" : 1502.90,
    "dma50" : 1613.99,
    "dma100" : 1711.10,
    "dma200" : 1648.91,
    "volume" : 551762.00
  }, {
    "date" : "2025-09-03",
    "price" : 1482.50,
    "dma50" : 1608.83,
    "dma100" : 1711.64,
    "dma200" : 1647.25,
    "volume" : 365561.00
  }, {
    "date" : "2025-09-04",
    "price" : 1475.50,
    "dma50" : 1603.60,
    "dma100" : 1711.90,
    "dma200" : 1645.54,
    "volume" : 356418.00
  }, {
    "date" : "2025-09-05",
    "price" : 1479.20,
    "dma50" : 1598.72,
    "dma100" : 1712.07,
    "dma200" : 1643.89,
    "volume" : 227103.00
  }, {
    "date" : "2025-09-08",
    "price" : 1458.50,
    "dma50" : 1593.22,
    "dma100" : 1711.70,
    "dma200" : 1642.04,
    "volume" : 215441.00
  }, {
    "date" : "2025-09-09",
    "price" : 1437.90,
    "dma50" : 1587.13,
    "dma100" : 1710.94,
    "dma200" : 1640.01,
    "volume" : 291744.00
  }, {
    "date" : "2025-09-10",
    "price" : 1502.60,
    "dma50" : 1583.82,
    "dma100" : 1710.99,
    "dma200" : 1638.65,
    "volume" : 424685.00
  }, {
    "date" : "2025-09-11",
    "price" : 1458.80,
    "dma50" : 1578.91,
    "dma100" : 1710.83,
    "dma200" : 1636.86,
    "volume" : 503793.00
  }, {
    "date" : "2025-09-12",
    "price" : 1481.50,
    "dma50" : 1575.09,
    "dma100" : 1711.04,
    "dma200" : 1635.31,
    "volume" : 682551.00
  }, {
    "date" : "2025-09-15",
    "price" : 1498.50,
    "dma50" : 1572.09,
    "dma100" : 1711.64,
    "dma200" : 1633.95,
    "volume" : 529721.00
  }, {
    "date" : "2025-09-16",
    "price" : 1470.60,
    "dma50" : 1568.11,
    "dma100" : 1712.19,
    "dma200" : 1632.32,
    "volume" : 319010.00
  }, {
    "date" : "2025-09-17",
    "price" : 1544.10,
    "dma50" : 1567.17,
    "dma100" : 1713.47,
    "dma200" : 1631.45,
    "volume" : 1343420.00
  }, {
    "date" : "2025-09-18",
    "price" : 1621.30,
    "dma50" : 1569.29,
    "dma100" : 1715.12,
    "dma200" : 1631.35,
    "volume" : 2117333.00
  }, {
    "date" : "2025-09-19",
    "price" : 1604.20,
    "dma50" : 1570.66,
    "dma100" : 1716.45,
    "dma200" : 1631.08,
    "volume" : 1020302.00
  }, {
    "date" : "2025-09-22",
    "price" : 1605.40,
    "dma50" : 1572.02,
    "dma100" : 1718.34,
    "dma200" : 1630.82,
    "volume" : 443872.00
  }, {
    "date" : "2025-09-23",
    "price" : 1603.50,
    "dma50" : 1573.26,
    "dma100" : 1720.48,
    "dma200" : 1630.55,
    "volume" : 352270.00
  }, {
    "date" : "2025-09-24",
    "price" : 1533.20,
    "dma50" : 1571.69,
    "dma100" : 1722.03,
    "dma200" : 1629.58,
    "volume" : 426421.00
  }, {
    "date" : "2025-09-25",
    "price" : 1520.30,
    "dma50" : 1569.67,
    "dma100" : 1723.62,
    "dma200" : 1628.49,
    "volume" : 283500.00
  }, {
    "date" : "2025-09-26",
    "price" : 1500.80,
    "dma50" : 1566.97,
    "dma100" : 1724.78,
    "dma200" : 1627.22,
    "volume" : 363872.00
  }, {
    "date" : "2025-09-29",
    "price" : 1426.40,
    "dma50" : 1561.46,
    "dma100" : 1725.65,
    "dma200" : 1625.22,
    "volume" : 534202.00
  }, {
    "date" : "2025-09-30",
    "price" : 1432.80,
    "dma50" : 1556.41,
    "dma100" : 1725.91,
    "dma200" : 1623.31,
    "volume" : 383473.00
  }, {
    "date" : "2025-10-01",
    "price" : 1467.00,
    "dma50" : 1552.91,
    "dma100" : 1725.82,
    "dma200" : 1621.75,
    "volume" : 402898.00
  }, {
    "date" : "2025-10-03",
    "price" : 1487.50,
    "dma50" : 1550.34,
    "dma100" : 1725.19,
    "dma200" : 1620.42,
    "volume" : 276364.00
  }, {
    "date" : "2025-10-06",
    "price" : 1455.60,
    "dma50" : 1546.63,
    "dma100" : 1723.46,
    "dma200" : 1618.78,
    "volume" : 391758.00
  }, {
    "date" : "2025-10-07",
    "price" : 1436.60,
    "dma50" : 1542.31,
    "dma100" : 1720.73,
    "dma200" : 1616.96,
    "volume" : 258921.00
  }, {
    "date" : "2025-10-08",
    "price" : 1423.60,
    "dma50" : 1537.66,
    "dma100" : 1717.02,
    "dma200" : 1615.04,
    "volume" : 289727.00
  }, {
    "date" : "2025-10-09",
    "price" : 1414.30,
    "dma50" : 1532.82,
    "dma100" : 1712.32,
    "dma200" : 1613.04,
    "volume" : 402131.00
  }, {
    "date" : "2025-10-10",
    "price" : 1419.00,
    "dma50" : 1528.36,
    "dma100" : 1707.50,
    "dma200" : 1611.11,
    "volume" : 532852.00
  }, {
    "date" : "2025-10-13",
    "price" : 1393.70,
    "dma50" : 1523.07,
    "dma100" : 1702.62,
    "dma200" : 1608.95,
    "volume" : 496041.00
  }, {
    "date" : "2025-10-14",
    "price" : 1362.60,
    "dma50" : 1516.78,
    "dma100" : 1697.36,
    "dma200" : 1606.50,
    "volume" : 480079.00
  }, {
    "date" : "2025-10-15",
    "price" : 1367.40,
    "dma50" : 1510.92,
    "dma100" : 1692.11,
    "dma200" : 1604.12,
    "volume" : 292533.00
  }, {
    "date" : "2025-10-16",
    "price" : 1349.70,
    "dma50" : 1504.60,
    "dma100" : 1686.83,
    "dma200" : 1601.59,
    "volume" : 337070.00
  }, {
    "date" : "2025-10-17",
    "price" : 1376.60,
    "dma50" : 1499.58,
    "dma100" : 1681.42,
    "dma200" : 1599.35,
    "volume" : 466468.00
  }, {
    "date" : "2025-10-20",
    "price" : 1373.10,
    "dma50" : 1494.62,
    "dma100" : 1675.01,
    "dma200" : 1597.10,
    "volume" : 171024.00
  }, {
    "date" : "2025-10-21",
    "price" : 1400.20,
    "dma50" : 1490.92,
    "dma100" : 1667.87,
    "dma200" : 1595.14,
    "volume" : 145310.00
  }, {
    "date" : "2025-10-23",
    "price" : 1386.40,
    "dma50" : 1486.82,
    "dma100" : 1660.34,
    "dma200" : 1593.06,
    "volume" : 267300.00
  }, {
    "date" : "2025-10-24",
    "price" : 1396.50,
    "dma50" : 1483.28,
    "dma100" : 1653.13,
    "dma200" : 1591.11,
    "volume" : 333178.00
  }, {
    "date" : "2025-10-27",
    "price" : 1339.80,
    "dma50" : 1477.65,
    "dma100" : 1645.05,
    "dma200" : 1588.60,
    "volume" : 1410994.00
  }, {
    "date" : "2025-10-28",
    "price" : 1340.80,
    "dma50" : 1472.28,
    "dma100" : 1636.16,
    "dma200" : 1586.14,
    "volume" : 397262.00
  }, {
    "date" : "2025-10-29",
    "price" : 1362.10,
    "dma50" : 1467.96,
    "dma100" : 1627.85,
    "dma200" : 1583.91,
    "volume" : 372066.00
  }, {
    "date" : "2025-10-30",
    "price" : 1376.90,
    "dma50" : 1464.39,
    "dma100" : 1620.79,
    "dma200" : 1581.85,
    "volume" : 308702.00
  }, {
    "date" : "2025-10-31",
    "price" : 1357.20,
    "dma50" : 1460.19,
    "dma100" : 1614.22,
    "dma200" : 1579.61,
    "volume" : 282366.00
  }, {
    "date" : "2025-11-03",
    "price" : 1413.30,
    "dma50" : 1458.35,
    "dma100" : 1608.04,
    "dma200" : 1577.96,
    "volume" : 1421273.00
  }, {
    "date" : "2025-11-04",
    "price" : 1407.00,
    "dma50" : 1456.34,
    "dma100" : 1602.58,
    "dma200" : 1576.26,
    "volume" : 355486.00
  }, {
    "date" : "2025-11-06",
    "price" : 1377.20,
    "dma50" : 1453.23,
    "dma100" : 1597.31,
    "dma200" : 1574.28,
    "volume" : 307215.00
  }, {
    "date" : "2025-11-07",
    "price" : 1358.80,
    "dma50" : 1449.53,
    "dma100" : 1591.15,
    "dma200" : 1572.13,
    "volume" : 326619.00
  }, {
    "date" : "2025-11-10",
    "price" : 1361.30,
    "dma50" : 1446.07,
    "dma100" : 1585.03,
    "dma200" : 1570.04,
    "volume" : 247665.00
  }, {
    "date" : "2025-11-11",
    "price" : 1384.50,
    "dma50" : 1443.66,
    "dma100" : 1579.38,
    "dma200" : 1568.19,
    "volume" : 386131.00
  }, {
    "date" : "2025-11-12",
    "price" : 1390.30,
    "dma50" : 1441.56,
    "dma100" : 1573.91,
    "dma200" : 1566.42,
    "volume" : 232561.00
  }, {
    "date" : "2025-11-13",
    "price" : 1367.60,
    "dma50" : 1438.66,
    "dma100" : 1568.65,
    "dma200" : 1564.44,
    "volume" : 737360.00
  }, {
    "date" : "2025-11-14",
    "price" : 1434.40,
    "dma50" : 1438.50,
    "dma100" : 1563.99,
    "dma200" : 1563.15,
    "volume" : 1864195.00
  }, {
    "date" : "2025-11-17",
    "price" : 1449.40,
    "dma50" : 1438.92,
    "dma100" : 1558.54,
    "dma200" : 1562.02,
    "volume" : 805291.00
  }, {
    "date" : "2025-11-18",
    "price" : 1399.40,
    "dma50" : 1437.37,
    "dma100" : 1553.18,
    "dma200" : 1560.40,
    "volume" : 365734.00
  }, {
    "date" : "2025-11-19",
    "price" : 1401.70,
    "dma50" : 1435.97,
    "dma100" : 1548.24,
    "dma200" : 1558.82,
    "volume" : 234597.00
  }, {
    "date" : "2025-11-20",
    "price" : 1445.80,
    "dma50" : 1436.36,
    "dma100" : 1543.72,
    "dma200" : 1557.69,
    "volume" : 1497571.00
  }, {
    "date" : "2025-11-21",
    "price" : 1412.60,
    "dma50" : 1435.43,
    "dma100" : 1538.61,
    "dma200" : 1556.25,
    "volume" : 429471.00
  }, {
    "date" : "2025-11-24",
    "price" : 1382.80,
    "dma50" : 1433.36,
    "dma100" : 1532.62,
    "dma200" : 1554.52,
    "volume" : 331048.00
  }, {
    "date" : "2025-11-25",
    "price" : 1397.40,
    "dma50" : 1431.95,
    "dma100" : 1526.82,
    "dma200" : 1552.96,
    "volume" : 353667.00
  }, {
    "date" : "2025-11-26",
    "price" : 1406.80,
    "dma50" : 1430.97,
    "dma100" : 1521.36,
    "dma200" : 1551.51,
    "volume" : 494720.00
  }, {
    "date" : "2025-11-27",
    "price" : 1407.80,
    "dma50" : 1430.06,
    "dma100" : 1516.18,
    "dma200" : 1550.08,
    "volume" : 354541.00
  }, {
    "date" : "2025-11-28",
    "price" : 1406.70,
    "dma50" : 1429.14,
    "dma100" : 1510.92,
    "dma200" : 1548.65,
    "volume" : 185603.00
  }, {
    "date" : "2025-12-01",
    "price" : 1395.60,
    "dma50" : 1427.83,
    "dma100" : 1505.50,
    "dma200" : 1547.13,
    "volume" : 234698.00
  }, {
    "date" : "2025-12-02",
    "price" : 1392.20,
    "dma50" : 1426.43,
    "dma100" : 1499.88,
    "dma200" : 1545.59,
    "volume" : 260319.00
  }, {
    "date" : "2025-12-03",
    "price" : 1380.10,
    "dma50" : 1424.61,
    "dma100" : 1494.15,
    "dma200" : 1543.94,
    "volume" : 213178.00
  }, {
    "date" : "2025-12-04",
    "price" : 1374.70,
    "dma50" : 1422.66,
    "dma100" : 1488.94,
    "dma200" : 1542.26,
    "volume" : 165636.00
  }, {
    "date" : "2025-12-05",
    "price" : 1388.70,
    "dma50" : 1421.32,
    "dma100" : 1484.24,
    "dma200" : 1540.73,
    "volume" : 1423695.00
  }, {
    "date" : "2025-12-08",
    "price" : 1362.20,
    "dma50" : 1419.01,
    "dma100" : 1479.62,
    "dma200" : 1538.95,
    "volume" : 404753.00
  }, {
    "date" : "2025-12-09",
    "price" : 1345.10,
    "dma50" : 1416.11,
    "dma100" : 1474.69,
    "dma200" : 1537.02,
    "volume" : 335543.00
  }, {
    "date" : "2025-12-10",
    "price" : 1368.20,
    "dma50" : 1414.23,
    "dma100" : 1470.03,
    "dma200" : 1535.34,
    "volume" : 310002.00
  }, {
    "date" : "2025-12-11",
    "price" : 1373.60,
    "dma50" : 1412.64,
    "dma100" : 1465.16,
    "dma200" : 1533.73,
    "volume" : 242510.00
  }, {
    "date" : "2025-12-12",
    "price" : 1389.10,
    "dma50" : 1411.71,
    "dma100" : 1460.25,
    "dma200" : 1532.29,
    "volume" : 269626.00
  }, {
    "date" : "2025-12-15",
    "price" : 1368.60,
    "dma50" : 1410.02,
    "dma100" : 1454.87,
    "dma200" : 1530.66,
    "volume" : 146423.00
  }, {
    "date" : "2025-12-16",
    "price" : 1364.10,
    "dma50" : 1408.22,
    "dma100" : 1449.53,
    "dma200" : 1529.01,
    "volume" : 190373.00
  }, {
    "date" : "2025-12-17",
    "price" : 1363.50,
    "dma50" : 1406.47,
    "dma100" : 1444.17,
    "dma200" : 1527.36,
    "volume" : 238512.00
  }, {
    "date" : "2025-12-18",
    "price" : 1344.20,
    "dma50" : 1404.03,
    "dma100" : 1438.94,
    "dma200" : 1525.54,
    "volume" : 209676.00
  }, {
    "date" : "2025-12-19",
    "price" : 1366.10,
    "dma50" : 1402.54,
    "dma100" : 1434.81,
    "dma200" : 1523.95,
    "volume" : 192166.00
  }, {
    "date" : "2025-12-22",
    "price" : 1394.60,
    "dma50" : 1402.23,
    "dma100" : 1431.85,
    "dma200" : 1522.66,
    "volume" : 523497.00
  }, {
    "date" : "2025-12-23",
    "price" : 1395.00,
    "dma50" : 1401.94,
    "dma100" : 1429.74,
    "dma200" : 1521.39,
    "volume" : 408087.00
  }, {
    "date" : "2025-12-24",
    "price" : 1391.60,
    "dma50" : 1401.54,
    "dma100" : 1428.39,
    "dma200" : 1520.10,
    "volume" : 281438.00
  }, {
    "date" : "2025-12-26",
    "price" : 1374.80,
    "dma50" : 1400.49,
    "dma100" : 1427.50,
    "dma200" : 1518.66,
    "volume" : 323969.00
  }, {
    "date" : "2025-12-29",
    "price" : 1389.40,
    "dma50" : 1400.05,
    "dma100" : 1426.06,
    "dma200" : 1517.37,
    "volume" : 384985.00
  }, {
    "date" : "2025-12-30",
    "price" : 1352.90,
    "dma50" : 1398.20,
    "dma100" : 1424.62,
    "dma200" : 1515.73,
    "volume" : 657308.00
  }, {
    "date" : "2025-12-31",
    "price" : 1368.40,
    "dma50" : 1397.04,
    "dma100" : 1423.56,
    "dma200" : 1514.27,
    "volume" : 362115.00
  }, {
    "date" : "2026-01-01",
    "price" : 1356.60,
    "dma50" : 1395.45,
    "dma100" : 1422.85,
    "dma200" : 1512.70,
    "volume" : 142095.00
  }, {
    "date" : "2026-01-02",
    "price" : 1362.40,
    "dma50" : 1394.15,
    "dma100" : 1422.13,
    "dma200" : 1511.20,
    "volume" : 137708.00
  }, {
    "date" : "2026-01-05",
    "price" : 1369.70,
    "dma50" : 1393.20,
    "dma100" : 1421.78,
    "dma200" : 1509.80,
    "volume" : 369043.00
  }, {
    "date" : "2026-01-06",
    "price" : 1350.20,
    "dma50" : 1391.51,
    "dma100" : 1420.97,
    "dma200" : 1508.21,
    "volume" : 195224.00
  }, {
    "date" : "2026-01-07",
    "price" : 1320.00,
    "dma50" : 1388.70,
    "dma100" : 1420.15,
    "dma200" : 1506.34,
    "volume" : 438435.00
  }, {
    "date" : "2026-01-08",
    "price" : 1330.00,
    "dma50" : 1386.40,
    "dma100" : 1419.23,
    "dma200" : 1504.58,
    "volume" : 281124.00
  }, {
    "date" : "2026-01-09",
    "price" : 1293.00,
    "dma50" : 1382.74,
    "dma100" : 1418.10,
    "dma200" : 1502.48,
    "volume" : 412770.00
  }, {
    "date" : "2026-01-12",
    "price" : 1266.60,
    "dma50" : 1378.19,
    "dma100" : 1416.47,
    "dma200" : 1500.13,
    "volume" : 498688.00
  }, {
    "date" : "2026-01-13",
    "price" : 1236.40,
    "dma50" : 1372.63,
    "dma100" : 1414.62,
    "dma200" : 1497.50,
    "volume" : 392309.00
  }, {
    "date" : "2026-01-14",
    "price" : 1228.10,
    "dma50" : 1366.96,
    "dma100" : 1412.70,
    "dma200" : 1494.82,
    "volume" : 268085.00
  }, {
    "date" : "2026-01-16",
    "price" : 1328.40,
    "dma50" : 1365.45,
    "dma100" : 1411.77,
    "dma200" : 1493.17,
    "volume" : 5017652.00
  }, {
    "date" : "2026-01-19",
    "price" : 1331.00,
    "dma50" : 1364.09,
    "dma100" : 1410.15,
    "dma200" : 1491.55,
    "volume" : 568261.00
  }, {
    "date" : "2026-01-20",
    "price" : 1304.30,
    "dma50" : 1361.75,
    "dma100" : 1407.80,
    "dma200" : 1489.69,
    "volume" : 522346.00
  }, {
    "date" : "2026-01-21",
    "price" : 1311.00,
    "dma50" : 1359.76,
    "dma100" : 1405.87,
    "dma200" : 1487.91,
    "volume" : 646481.00
  }, {
    "date" : "2026-01-22",
    "price" : 1301.70,
    "dma50" : 1357.48,
    "dma100" : 1404.29,
    "dma200" : 1486.06,
    "volume" : 296446.00
  }, {
    "date" : "2026-01-23",
    "price" : 1287.60,
    "dma50" : 1354.74,
    "dma100" : 1402.57,
    "dma200" : 1484.09,
    "volume" : 292722.00
  }, {
    "date" : "2026-01-27",
    "price" : 1279.90,
    "dma50" : 1351.81,
    "dma100" : 1400.31,
    "dma200" : 1482.05,
    "volume" : 310789.00
  }, {
    "date" : "2026-01-28",
    "price" : 1362.80,
    "dma50" : 1352.24,
    "dma100" : 1398.91,
    "dma200" : 1480.87,
    "volume" : 656519.00
  }, {
    "date" : "2026-01-29",
    "price" : 1384.10,
    "dma50" : 1353.49,
    "dma100" : 1397.93,
    "dma200" : 1479.90,
    "volume" : 477764.00
  }, {
    "date" : "2026-01-30",
    "price" : 1415.60,
    "dma50" : 1355.92,
    "dma100" : 1397.33,
    "dma200" : 1479.26,
    "volume" : 591979.00
  }, {
    "date" : "2026-02-01",
    "price" : 1336.30,
    "dma50" : 1355.15,
    "dma100" : 1395.90,
    "dma200" : 1477.84,
    "volume" : 1628967.00
  }, {
    "date" : "2026-02-02",
    "price" : 1345.50,
    "dma50" : 1354.78,
    "dma100" : 1394.77,
    "dma200" : 1476.52,
    "volume" : 462534.00
  }, {
    "date" : "2026-02-03",
    "price" : 1349.00,
    "dma50" : 1354.55,
    "dma100" : 1393.88,
    "dma200" : 1475.26,
    "volume" : 540781.00
  }, {
    "date" : "2026-02-04",
    "price" : 1345.00,
    "dma50" : 1354.17,
    "dma100" : 1392.31,
    "dma200" : 1473.96,
    "volume" : 399631.00
  }, {
    "date" : "2026-02-05",
    "price" : 1332.20,
    "dma50" : 1353.31,
    "dma100" : 1391.04,
    "dma200" : 1472.55,
    "volume" : 352062.00
  } ],
  "latestTechnicalAttributes" : {
    "date" : "2026-02-05",
    "price" : 1332.20,
    "dma50" : 1353.31,
    "dma100" : 1391.04,
    "dma200" : 1472.55,
    "volume" : 352062.00
  },
  "quarterlyResults" : [ {
    "date" : "2005-03-31",
    "sales" : 9.68,
    "salesGrowthYoY" : null,
    "grossProfitMargin" : 89.67,
    "grossProfit" : 8.68,
    "operatingProfitMargin" : 53.51,
    "operatingProfit" : 5.18,
    "netProfitMargin" : 36.16,
    "netProfit" : 3.50
  }, {
    "date" : "2005-06-30",
    "sales" : 4.21,
    "salesGrowthYoY" : null,
    "grossProfitMargin" : 90.74,
    "grossProfit" : 3.82,
    "operatingProfitMargin" : 50.83,
    "operatingProfit" : 2.14,
    "netProfitMargin" : 35.63,
    "netProfit" : 1.50
  }, {
    "date" : "2005-09-30",
    "sales" : 0.38,
    "salesGrowthYoY" : null,
    "grossProfitMargin" : 76.32,
    "grossProfit" : 0.29,
    "operatingProfitMargin" : -405.26,
    "operatingProfit" : -1.54,
    "netProfitMargin" : -457.89,
    "netProfit" : -1.74
  }, {
    "date" : "2005-12-31",
    "sales" : 1.15,
    "salesGrowthYoY" : null,
    "grossProfitMargin" : 82.61,
    "grossProfit" : 0.95,
    "operatingProfitMargin" : -52.17,
    "operatingProfit" : -0.60,
    "netProfitMargin" : -46.09,
    "netProfit" : -0.53
  }, {
    "date" : "2006-03-31",
    "sales" : 14.49,
    "salesGrowthYoY" : 49.69,
    "grossProfitMargin" : 89.72,
    "grossProfit" : 13.00,
    "operatingProfitMargin" : 69.29,
    "operatingProfit" : 10.04,
    "netProfitMargin" : 50.86,
    "netProfit" : 7.37
  }, {
    "date" : "2006-06-30",
    "sales" : 4.15,
    "salesGrowthYoY" : -1.43,
    "grossProfitMargin" : 84.10,
    "grossProfit" : 3.49,
    "operatingProfitMargin" : 37.11,
    "operatingProfit" : 1.54,
    "netProfitMargin" : 26.51,
    "netProfit" : 1.10
  }, {
    "date" : "2006-09-30",
    "sales" : 0.32,
    "salesGrowthYoY" : -15.79,
    "grossProfitMargin" : 81.25,
    "grossProfit" : 0.26,
    "operatingProfitMargin" : -700.00,
    "operatingProfit" : -2.24,
    "netProfitMargin" : -681.25,
    "netProfit" : -2.18
  }, {
    "date" : "2006-12-31",
    "sales" : 0.48,
    "salesGrowthYoY" : -58.26,
    "grossProfitMargin" : 83.33,
    "grossProfit" : 0.40,
    "operatingProfitMargin" : -304.17,
    "operatingProfit" : -1.46,
    "netProfitMargin" : -297.92,
    "netProfit" : -1.43
  }, {
    "date" : "2007-03-31",
    "sales" : 17.50,
    "salesGrowthYoY" : 20.77,
    "grossProfitMargin" : 90.69,
    "grossProfit" : 15.87,
    "operatingProfitMargin" : 66.06,
    "operatingProfit" : 11.56,
    "netProfitMargin" : 52.46,
    "netProfit" : 9.18
  }, {
    "date" : "2007-06-30",
    "sales" : 0.59,
    "salesGrowthYoY" : -85.78,
    "grossProfitMargin" : 79.66,
    "grossProfit" : 0.47,
    "operatingProfitMargin" : -232.20,
    "operatingProfit" : -1.37,
    "netProfitMargin" : -193.22,
    "netProfit" : -1.14
  }, {
    "date" : "2007-09-30",
    "sales" : 2.39,
    "salesGrowthYoY" : 646.88,
    "grossProfitMargin" : 92.05,
    "grossProfit" : 2.20,
    "operatingProfitMargin" : -17.15,
    "operatingProfit" : -0.41,
    "netProfitMargin" : -3.35,
    "netProfit" : -0.08
  }, {
    "date" : "2007-12-31",
    "sales" : 4.55,
    "salesGrowthYoY" : 847.92,
    "grossProfitMargin" : 97.14,
    "grossProfit" : 4.42,
    "operatingProfitMargin" : 56.92,
    "operatingProfit" : 2.59,
    "netProfitMargin" : 54.73,
    "netProfit" : 2.49
  }, {
    "date" : "2008-03-31",
    "sales" : 13.05,
    "salesGrowthYoY" : -25.43,
    "grossProfitMargin" : 76.55,
    "grossProfit" : 9.99,
    "operatingProfitMargin" : 38.31,
    "operatingProfit" : 5.00,
    "netProfitMargin" : 36.25,
    "netProfit" : 4.73
  }, {
    "date" : "2008-06-30",
    "sales" : 2.46,
    "salesGrowthYoY" : 316.95,
    "grossProfitMargin" : 91.06,
    "grossProfit" : 2.24,
    "operatingProfitMargin" : -15.45,
    "operatingProfit" : -0.38,
    "netProfitMargin" : -12.60,
    "netProfit" : -0.31
  }, {
    "date" : "2008-09-30",
    "sales" : 0.37,
    "salesGrowthYoY" : -84.52,
    "grossProfitMargin" : 91.89,
    "grossProfit" : 0.34,
    "operatingProfitMargin" : -1075.68,
    "operatingProfit" : -3.98,
    "netProfitMargin" : -1140.54,
    "netProfit" : -4.22
  }, {
    "date" : "2008-12-31",
    "sales" : 13.05,
    "salesGrowthYoY" : 186.81,
    "grossProfitMargin" : 76.55,
    "grossProfit" : 9.99,
    "operatingProfitMargin" : 38.31,
    "operatingProfit" : 5.00,
    "netProfitMargin" : 36.25,
    "netProfit" : 4.73
  }, {
    "date" : "2009-03-31",
    "sales" : 47.18,
    "salesGrowthYoY" : 261.53,
    "grossProfitMargin" : 75.86,
    "grossProfit" : 35.79,
    "operatingProfitMargin" : 45.95,
    "operatingProfit" : 21.68,
    "netProfitMargin" : 38.91,
    "netProfit" : 18.36
  }, {
    "date" : "2009-06-30",
    "sales" : 20.16,
    "salesGrowthYoY" : 719.51,
    "grossProfitMargin" : 84.82,
    "grossProfit" : 17.10,
    "operatingProfitMargin" : 49.75,
    "operatingProfit" : 10.03,
    "netProfitMargin" : 42.86,
    "netProfit" : 8.64
  }, {
    "date" : "2009-09-30",
    "sales" : 14.55,
    "salesGrowthYoY" : 3832.43,
    "grossProfitMargin" : 81.24,
    "grossProfit" : 11.82,
    "operatingProfitMargin" : 41.99,
    "operatingProfit" : 6.11,
    "netProfitMargin" : 37.87,
    "netProfit" : 5.51
  }, {
    "date" : "2009-12-31",
    "sales" : 3.58,
    "salesGrowthYoY" : -72.57,
    "grossProfitMargin" : 85.75,
    "grossProfit" : 3.07,
    "operatingProfitMargin" : -49.44,
    "operatingProfit" : -1.77,
    "netProfitMargin" : -3.07,
    "netProfit" : -0.11
  }, {
    "date" : "2010-03-31",
    "sales" : 13.95,
    "salesGrowthYoY" : -70.43,
    "grossProfitMargin" : 70.11,
    "grossProfit" : 9.78,
    "operatingProfitMargin" : 24.95,
    "operatingProfit" : 3.48,
    "netProfitMargin" : 20.86,
    "netProfit" : 2.91
  }, {
    "date" : "2010-06-30",
    "sales" : 3.25,
    "salesGrowthYoY" : -83.88,
    "grossProfitMargin" : 66.46,
    "grossProfit" : 2.16,
    "operatingProfitMargin" : -64.62,
    "operatingProfit" : -2.10,
    "netProfitMargin" : -52.92,
    "netProfit" : -1.72
  }, {
    "date" : "2010-09-30",
    "sales" : 2.20,
    "salesGrowthYoY" : -84.88,
    "grossProfitMargin" : 66.82,
    "grossProfit" : 1.47,
    "operatingProfitMargin" : -135.00,
    "operatingProfit" : -2.97,
    "netProfitMargin" : -128.18,
    "netProfit" : -2.82
  }, {
    "date" : "2010-12-31",
    "sales" : 1.39,
    "salesGrowthYoY" : -61.17,
    "grossProfitMargin" : 84.17,
    "grossProfit" : 1.17,
    "operatingProfitMargin" : -269.78,
    "operatingProfit" : -3.75,
    "netProfitMargin" : -288.49,
    "netProfit" : -4.01
  }, {
    "date" : "2011-03-31",
    "sales" : 10.57,
    "salesGrowthYoY" : -24.23,
    "grossProfitMargin" : 69.25,
    "grossProfit" : 7.32,
    "operatingProfitMargin" : 3.60,
    "operatingProfit" : 0.38,
    "netProfitMargin" : 61.21,
    "netProfit" : 6.47
  }, {
    "date" : "2011-06-30",
    "sales" : 4.85,
    "salesGrowthYoY" : 49.23,
    "grossProfitMargin" : 71.96,
    "grossProfit" : 3.49,
    "operatingProfitMargin" : -21.44,
    "operatingProfit" : -1.04,
    "netProfitMargin" : -27.01,
    "netProfit" : -1.31
  }, {
    "date" : "2011-09-30",
    "sales" : 1.82,
    "salesGrowthYoY" : -17.27,
    "grossProfitMargin" : 58.79,
    "grossProfit" : 1.07,
    "operatingProfitMargin" : -231.87,
    "operatingProfit" : -4.22,
    "netProfitMargin" : -219.23,
    "netProfit" : -3.99
  }, {
    "date" : "2011-12-31",
    "sales" : 22.30,
    "salesGrowthYoY" : 1504.32,
    "grossProfitMargin" : 70.85,
    "grossProfit" : 15.80,
    "operatingProfitMargin" : 41.52,
    "operatingProfit" : 9.26,
    "netProfitMargin" : 34.39,
    "netProfit" : 7.67
  }, {
    "date" : "2012-03-31",
    "sales" : 72.85,
    "salesGrowthYoY" : 589.21,
    "grossProfitMargin" : 76.49,
    "grossProfit" : 55.72,
    "operatingProfitMargin" : 41.61,
    "operatingProfit" : 30.31,
    "netProfitMargin" : 34.37,
    "netProfit" : 25.04
  }, {
    "date" : "2012-06-30",
    "sales" : 5.98,
    "salesGrowthYoY" : 23.30,
    "grossProfitMargin" : 74.58,
    "grossProfit" : 4.46,
    "operatingProfitMargin" : -15.22,
    "operatingProfit" : -0.91,
    "netProfitMargin" : -12.04,
    "netProfit" : -0.72
  }, {
    "date" : "2012-09-30",
    "sales" : 26.36,
    "salesGrowthYoY" : 1348.35,
    "grossProfitMargin" : 75.99,
    "grossProfit" : 20.03,
    "operatingProfitMargin" : 52.43,
    "operatingProfit" : 13.82,
    "netProfitMargin" : 31.41,
    "netProfit" : 8.28
  }, {
    "date" : "2012-12-31",
    "sales" : 1.09,
    "salesGrowthYoY" : -95.11,
    "grossProfitMargin" : 73.39,
    "grossProfit" : 0.80,
    "operatingProfitMargin" : -452.29,
    "operatingProfit" : -4.93,
    "netProfitMargin" : -361.47,
    "netProfit" : -3.94
  }, {
    "date" : "2013-03-31",
    "sales" : 3.69,
    "salesGrowthYoY" : -94.93,
    "grossProfitMargin" : 86.45,
    "grossProfit" : 3.19,
    "operatingProfitMargin" : -104.34,
    "operatingProfit" : -3.85,
    "netProfitMargin" : 17.89,
    "netProfit" : 0.66
  }, {
    "date" : "2013-06-30",
    "sales" : 1.45,
    "salesGrowthYoY" : -75.75,
    "grossProfitMargin" : 76.55,
    "grossProfit" : 1.11,
    "operatingProfitMargin" : -433.10,
    "operatingProfit" : -6.28,
    "netProfitMargin" : -424.14,
    "netProfit" : -6.15
  }, {
    "date" : "2013-09-30",
    "sales" : 1.17,
    "salesGrowthYoY" : -95.56,
    "grossProfitMargin" : 75.21,
    "grossProfit" : 0.88,
    "operatingProfitMargin" : -544.44,
    "operatingProfit" : -6.37,
    "netProfitMargin" : -550.43,
    "netProfit" : -6.44
  }, {
    "date" : "2013-12-31",
    "sales" : 37.96,
    "salesGrowthYoY" : 3382.57,
    "grossProfitMargin" : 73.29,
    "grossProfit" : 27.82,
    "operatingProfitMargin" : 47.47,
    "operatingProfit" : 18.02,
    "netProfitMargin" : 43.86,
    "netProfit" : 16.65
  }, {
    "date" : "2014-03-31",
    "sales" : 5.71,
    "salesGrowthYoY" : 54.74,
    "grossProfitMargin" : 74.96,
    "grossProfit" : 4.28,
    "operatingProfitMargin" : -84.59,
    "operatingProfit" : -4.83,
    "netProfitMargin" : -69.35,
    "netProfit" : -3.96
  }, {
    "date" : "2014-06-30",
    "sales" : 3.66,
    "salesGrowthYoY" : 152.41,
    "grossProfitMargin" : 40.71,
    "grossProfit" : 1.49,
    "operatingProfitMargin" : -166.94,
    "operatingProfit" : -6.11,
    "netProfitMargin" : -166.39,
    "netProfit" : -6.09
  }, {
    "date" : "2014-09-30",
    "sales" : 2.90,
    "salesGrowthYoY" : 147.86,
    "grossProfitMargin" : 28.28,
    "grossProfit" : 0.82,
    "operatingProfitMargin" : -214.83,
    "operatingProfit" : -6.23,
    "netProfitMargin" : -221.38,
    "netProfit" : -6.42
  }, {
    "date" : "2014-12-31",
    "sales" : 7.44,
    "salesGrowthYoY" : -80.40,
    "grossProfitMargin" : 67.34,
    "grossProfit" : 5.01,
    "operatingProfitMargin" : -33.87,
    "operatingProfit" : -2.52,
    "netProfitMargin" : -37.23,
    "netProfit" : -2.77
  }, {
    "date" : "2015-03-31",
    "sales" : 64.55,
    "salesGrowthYoY" : 1030.47,
    "grossProfitMargin" : 72.64,
    "grossProfit" : 46.89,
    "operatingProfitMargin" : 55.35,
    "operatingProfit" : 35.73,
    "netProfitMargin" : 48.06,
    "netProfit" : 31.02
  }, {
    "date" : "2015-06-30",
    "sales" : 34.77,
    "salesGrowthYoY" : 850.00,
    "grossProfitMargin" : 69.14,
    "grossProfit" : 24.04,
    "operatingProfitMargin" : 44.61,
    "operatingProfit" : 15.51,
    "netProfitMargin" : 33.88,
    "netProfit" : 11.78
  }, {
    "date" : "2015-09-30",
    "sales" : 5.75,
    "salesGrowthYoY" : 98.28,
    "grossProfitMargin" : 71.83,
    "grossProfit" : 4.13,
    "operatingProfitMargin" : -61.22,
    "operatingProfit" : -3.52,
    "netProfitMargin" : -39.13,
    "netProfit" : -2.25
  }, {
    "date" : "2015-12-31",
    "sales" : 4.45,
    "salesGrowthYoY" : -40.19,
    "grossProfitMargin" : 96.85,
    "grossProfit" : 4.31,
    "operatingProfitMargin" : -82.02,
    "operatingProfit" : -3.65,
    "netProfitMargin" : -59.78,
    "netProfit" : -2.66
  }, {
    "date" : "2016-03-31",
    "sales" : 7.64,
    "salesGrowthYoY" : -88.16,
    "grossProfitMargin" : 70.42,
    "grossProfit" : 5.38,
    "operatingProfitMargin" : -83.51,
    "operatingProfit" : -6.38,
    "netProfitMargin" : -59.55,
    "netProfit" : -4.55
  }, {
    "date" : "2016-06-30",
    "sales" : 2.66,
    "salesGrowthYoY" : -92.35,
    "grossProfitMargin" : 91.73,
    "grossProfit" : 2.44,
    "operatingProfitMargin" : -200.38,
    "operatingProfit" : -5.33,
    "netProfitMargin" : -229.70,
    "netProfit" : -6.11
  }, {
    "date" : "2016-09-30",
    "sales" : 7.76,
    "salesGrowthYoY" : 34.96,
    "grossProfitMargin" : 81.44,
    "grossProfit" : 6.32,
    "operatingProfitMargin" : -42.27,
    "operatingProfit" : -3.28,
    "netProfitMargin" : -43.43,
    "netProfit" : -3.37
  }, {
    "date" : "2016-12-31",
    "sales" : 33.64,
    "salesGrowthYoY" : 655.96,
    "grossProfitMargin" : 79.93,
    "grossProfit" : 26.89,
    "operatingProfitMargin" : 46.85,
    "operatingProfit" : 15.76,
    "netProfitMargin" : 41.05,
    "netProfit" : 13.81
  }, {
    "date" : "2017-03-31",
    "sales" : 17.87,
    "salesGrowthYoY" : 133.90,
    "grossProfitMargin" : 78.62,
    "grossProfit" : 14.05,
    "operatingProfitMargin" : 10.58,
    "operatingProfit" : 1.89,
    "netProfitMargin" : 6.44,
    "netProfit" : 1.15
  }, {
    "date" : "2017-06-30",
    "sales" : 8.47,
    "salesGrowthYoY" : 218.42,
    "grossProfitMargin" : 71.55,
    "grossProfit" : 6.06,
    "operatingProfitMargin" : -17.71,
    "operatingProfit" : -1.50,
    "netProfitMargin" : -23.61,
    "netProfit" : -2.00
  }, {
    "date" : "2017-09-30",
    "sales" : 8.23,
    "salesGrowthYoY" : 6.06,
    "grossProfitMargin" : 91.37,
    "grossProfit" : 7.52,
    "operatingProfitMargin" : -18.59,
    "operatingProfit" : -1.53,
    "netProfitMargin" : -26.12,
    "netProfit" : -2.15
  }, {
    "date" : "2017-12-31",
    "sales" : 8.88,
    "salesGrowthYoY" : -73.60,
    "grossProfitMargin" : 97.64,
    "grossProfit" : 8.67,
    "operatingProfitMargin" : 9.12,
    "operatingProfit" : 0.81,
    "netProfitMargin" : 3.38,
    "netProfit" : 0.30
  }, {
    "date" : "2018-03-31",
    "sales" : 13.38,
    "salesGrowthYoY" : -25.13,
    "grossProfitMargin" : 98.28,
    "grossProfit" : 13.15,
    "operatingProfitMargin" : 2.77,
    "operatingProfit" : 0.37,
    "netProfitMargin" : 25.78,
    "netProfit" : 3.45
  }, {
    "date" : "2018-06-30",
    "sales" : 6.09,
    "salesGrowthYoY" : -28.10,
    "grossProfitMargin" : 95.89,
    "grossProfit" : 5.84,
    "operatingProfitMargin" : -54.35,
    "operatingProfit" : -3.31,
    "netProfitMargin" : -54.52,
    "netProfit" : -3.32
  }, {
    "date" : "2018-09-30",
    "sales" : 7.80,
    "salesGrowthYoY" : -5.22,
    "grossProfitMargin" : 96.28,
    "grossProfit" : 7.51,
    "operatingProfitMargin" : -20.51,
    "operatingProfit" : -1.60,
    "netProfitMargin" : -35.00,
    "netProfit" : -2.73
  }, {
    "date" : "2018-12-31",
    "sales" : 33.66,
    "salesGrowthYoY" : 279.05,
    "grossProfitMargin" : 75.40,
    "grossProfit" : 25.38,
    "operatingProfitMargin" : 45.66,
    "operatingProfit" : 15.37,
    "netProfitMargin" : 34.85,
    "netProfit" : 11.73
  }, {
    "date" : "2019-03-31",
    "sales" : 44.67,
    "salesGrowthYoY" : 233.86,
    "grossProfitMargin" : 62.19,
    "grossProfit" : 27.78,
    "operatingProfitMargin" : 27.04,
    "operatingProfit" : 12.08,
    "netProfitMargin" : 30.33,
    "netProfit" : 13.55
  }, {
    "date" : "2019-06-30",
    "sales" : 48.79,
    "salesGrowthYoY" : 701.15,
    "grossProfitMargin" : 69.34,
    "grossProfit" : 33.83,
    "operatingProfitMargin" : 49.97,
    "operatingProfit" : 24.38,
    "netProfitMargin" : 34.54,
    "netProfit" : 16.85
  }, {
    "date" : "2019-09-30",
    "sales" : 47.12,
    "salesGrowthYoY" : 504.10,
    "grossProfitMargin" : 72.50,
    "grossProfit" : 34.16,
    "operatingProfitMargin" : 47.81,
    "operatingProfit" : 22.53,
    "netProfitMargin" : 32.62,
    "netProfit" : 15.37
  }, {
    "date" : "2019-12-31",
    "sales" : 32.36,
    "salesGrowthYoY" : -3.86,
    "grossProfitMargin" : 78.28,
    "grossProfit" : 25.33,
    "operatingProfitMargin" : 45.89,
    "operatingProfit" : 14.85,
    "netProfitMargin" : 32.39,
    "netProfit" : 10.48
  }, {
    "date" : "2020-03-31",
    "sales" : 18.71,
    "salesGrowthYoY" : -58.12,
    "grossProfitMargin" : 79.21,
    "grossProfit" : 14.82,
    "operatingProfitMargin" : 9.83,
    "operatingProfit" : 1.84,
    "netProfitMargin" : 95.19,
    "netProfit" : 17.81
  }, {
    "date" : "2020-06-30",
    "sales" : 4.16,
    "salesGrowthYoY" : -91.47,
    "grossProfitMargin" : 100.00,
    "grossProfit" : 4.16,
    "operatingProfitMargin" : -21.39,
    "operatingProfit" : -0.89,
    "netProfitMargin" : -16.59,
    "netProfit" : -0.69
  }, {
    "date" : "2020-09-30",
    "sales" : 10.62,
    "salesGrowthYoY" : -77.46,
    "grossProfitMargin" : 87.10,
    "grossProfit" : 9.25,
    "operatingProfitMargin" : 21.00,
    "operatingProfit" : 2.23,
    "netProfitMargin" : 7.25,
    "netProfit" : 0.77
  }, {
    "date" : "2020-12-31",
    "sales" : 15.88,
    "salesGrowthYoY" : -50.93,
    "grossProfitMargin" : 84.89,
    "grossProfit" : 13.48,
    "operatingProfitMargin" : 25.63,
    "operatingProfit" : 4.07,
    "netProfitMargin" : 16.94,
    "netProfit" : 2.69
  }, {
    "date" : "2021-03-31",
    "sales" : 18.91,
    "salesGrowthYoY" : 1.07,
    "grossProfitMargin" : 77.84,
    "grossProfit" : 14.72,
    "operatingProfitMargin" : 12.37,
    "operatingProfit" : 2.34,
    "netProfitMargin" : 7.03,
    "netProfit" : 1.33
  }, {
    "date" : "2021-06-30",
    "sales" : 9.13,
    "salesGrowthYoY" : 119.47,
    "grossProfitMargin" : 95.07,
    "grossProfit" : 8.68,
    "operatingProfitMargin" : -0.55,
    "operatingProfit" : -0.05,
    "netProfitMargin" : -3.72,
    "netProfit" : -0.34
  }, {
    "date" : "2021-09-30",
    "sales" : 16.25,
    "salesGrowthYoY" : 53.01,
    "grossProfitMargin" : 75.26,
    "grossProfit" : 12.23,
    "operatingProfitMargin" : 6.95,
    "operatingProfit" : 1.13,
    "netProfitMargin" : 5.23,
    "netProfit" : 0.85
  }, {
    "date" : "2021-12-31",
    "sales" : 12.36,
    "salesGrowthYoY" : -22.17,
    "grossProfitMargin" : 80.74,
    "grossProfit" : 9.98,
    "operatingProfitMargin" : 8.33,
    "operatingProfit" : 1.03,
    "netProfitMargin" : 0.97,
    "netProfit" : 0.12
  }, {
    "date" : "2022-03-31",
    "sales" : 15.97,
    "salesGrowthYoY" : -15.55,
    "grossProfitMargin" : 91.05,
    "grossProfit" : 14.54,
    "operatingProfitMargin" : -0.56,
    "operatingProfit" : -0.09,
    "netProfitMargin" : 10.33,
    "netProfit" : 1.65
  }, {
    "date" : "2022-06-30",
    "sales" : 33.23,
    "salesGrowthYoY" : 263.96,
    "grossProfitMargin" : 72.98,
    "grossProfit" : 24.25,
    "operatingProfitMargin" : 33.76,
    "operatingProfit" : 11.22,
    "netProfitMargin" : 24.71,
    "netProfit" : 8.21
  }, {
    "date" : "2022-09-30",
    "sales" : 21.13,
    "salesGrowthYoY" : 30.03,
    "grossProfitMargin" : 92.66,
    "grossProfit" : 19.58,
    "operatingProfitMargin" : 25.51,
    "operatingProfit" : 5.39,
    "netProfitMargin" : 21.68,
    "netProfit" : 4.58
  }, {
    "date" : "2022-12-31",
    "sales" : 32.93,
    "salesGrowthYoY" : 166.42,
    "grossProfitMargin" : 70.24,
    "grossProfit" : 23.13,
    "operatingProfitMargin" : 25.39,
    "operatingProfit" : 8.36,
    "netProfitMargin" : 18.71,
    "netProfit" : 6.16
  }, {
    "date" : "2023-03-31",
    "sales" : 74.14,
    "salesGrowthYoY" : 364.25,
    "grossProfitMargin" : 72.32,
    "grossProfit" : 53.62,
    "operatingProfitMargin" : 35.49,
    "operatingProfit" : 26.31,
    "netProfitMargin" : 23.29,
    "netProfit" : 17.27
  }, {
    "date" : "2023-06-30",
    "sales" : 132.45,
    "salesGrowthYoY" : 298.59,
    "grossProfitMargin" : 73.23,
    "grossProfit" : 96.99,
    "operatingProfitMargin" : 49.95,
    "operatingProfit" : 66.16,
    "netProfitMargin" : 35.58,
    "netProfit" : 47.13
  }, {
    "date" : "2023-09-30",
    "sales" : 64.03,
    "salesGrowthYoY" : 203.03,
    "grossProfitMargin" : 72.70,
    "grossProfit" : 46.55,
    "operatingProfitMargin" : 34.00,
    "operatingProfit" : 21.77,
    "netProfitMargin" : 27.08,
    "netProfit" : 17.34
  }, {
    "date" : "2023-12-31",
    "sales" : 98.08,
    "salesGrowthYoY" : 197.84,
    "grossProfitMargin" : 73.00,
    "grossProfit" : 71.60,
    "operatingProfitMargin" : 45.10,
    "operatingProfit" : 44.23,
    "netProfitMargin" : 32.29,
    "netProfit" : 31.67
  }, {
    "date" : "2024-03-31",
    "sales" : 135.71,
    "salesGrowthYoY" : 83.05,
    "grossProfitMargin" : 57.39,
    "grossProfit" : 77.88,
    "operatingProfitMargin" : 33.21,
    "operatingProfit" : 45.07,
    "netProfitMargin" : 23.10,
    "netProfit" : 31.35
  }, {
    "date" : "2024-06-30",
    "sales" : 253.96,
    "salesGrowthYoY" : 91.74,
    "grossProfitMargin" : 52.90,
    "grossProfit" : 134.34,
    "operatingProfitMargin" : 40.64,
    "operatingProfit" : 103.21,
    "netProfitMargin" : 29.21,
    "netProfit" : 74.18
  }, {
    "date" : "2024-09-30",
    "sales" : 241.69,
    "salesGrowthYoY" : 277.46,
    "grossProfitMargin" : 47.19,
    "grossProfit" : 114.05,
    "operatingProfitMargin" : 32.86,
    "operatingProfit" : 79.42,
    "netProfitMargin" : 26.99,
    "netProfit" : 65.23
  }, {
    "date" : "2024-12-31",
    "sales" : 141.52,
    "salesGrowthYoY" : 44.29,
    "grossProfitMargin" : 48.57,
    "grossProfit" : 68.74,
    "operatingProfitMargin" : 25.95,
    "operatingProfit" : 36.72,
    "netProfitMargin" : 27.29,
    "netProfit" : 38.62
  }, {
    "date" : "2025-03-31",
    "sales" : 293.50,
    "salesGrowthYoY" : 116.27,
    "grossProfitMargin" : 59.05,
    "grossProfit" : 173.31,
    "operatingProfitMargin" : 32.16,
    "operatingProfit" : 94.39,
    "netProfitMargin" : 28.93,
    "netProfit" : 84.91
  }, {
    "date" : "2025-06-30",
    "sales" : 111.06,
    "salesGrowthYoY" : -56.27,
    "grossProfitMargin" : 55.11,
    "grossProfit" : 61.21,
    "operatingProfitMargin" : 34.25,
    "operatingProfit" : 38.04,
    "netProfitMargin" : 33.42,
    "netProfit" : 37.12
  }, {
    "date" : "2025-09-30",
    "sales" : 124.65,
    "salesGrowthYoY" : -48.43,
    "grossProfitMargin" : 55.07,
    "grossProfit" : 68.64,
    "operatingProfitMargin" : 33.53,
    "operatingProfit" : 41.80,
    "netProfitMargin" : 37.03,
    "netProfit" : 46.16
  }, {
    "date" : "2025-12-31",
    "sales" : 116.15,
    "salesGrowthYoY" : -17.93,
    "grossProfitMargin" : 72.91,
    "grossProfit" : 84.68,
    "operatingProfitMargin" : 45.28,
    "operatingProfit" : 52.59,
    "netProfitMargin" : 41.17,
    "netProfit" : 47.82
  } ],
  "latestQuarterlyResult" : {
    "date" : "2025-12-31",
    "sales" : 116.15,
    "salesGrowthYoY" : -17.93,
    "grossProfitMargin" : 72.91,
    "grossProfit" : 84.68,
    "operatingProfitMargin" : 45.28,
    "operatingProfit" : 52.59,
    "netProfitMargin" : 41.17,
    "netProfit" : 47.82
  },
  "companyScore" : {
    "priceHigherThanDma50" : 0.00,
    "priceHigherThanDma100" : 0.00,
    "priceHigherThanDma200" : 0.00,
    "dma50HigherThanDma100" : 0.00,
    "dma50HigherThanDma200" : 0.00,
    "dma100HigherThanDma200" : 0.00,
    "pricePercentageAboveDma50" : 5.08,
    "pricePercentageAboveDma100" : 5.21,
    "pricePercentageAboveDma200" : 5.48,
    "weeklyVolumeHigherThanYearlyVolume" : 5.00,
    "salesGrowthPercentile" : 7.25,
    "operatingProfitMarginPercentile" : 19.58,
    "netProfitMarginPercentile" : 9.56,
    "totalTechnicalScore" : 20.77,
    "totalFundamentalScore" : 36.39,
    "totalScore" : 57.16
  }
}