{
  "metadata" : {
    "screenerCompanyId" : "2737",
    "companyCode" : "500365",
    "companyName" : "Welspun Special.",
    "screenerCompanyLink" : "https://www.screener.in/company/500365/",
    "screenerTechnicalHistoryLink" : "https://www.screener.in/api/company/2737/chart/?q=Price-DMA50-DMA200-Volume&days=365",
    "screenerQuarterlyResultsLink" : "https://www.screener.in/api/company/2737/chart/?q=GPM-OPM-NPM-Quarter+Sales&days=10000",
    "attributes" : {
      "companyCode" : "500365",
      "companyName" : "Welspun Special.",
      "marketCap" : 2450.00,
      "peRatio" : 112.00,
      "description" : "Welspun Specialty Solutions is fully Integrated Manufacturing Facility for Stainless Steel Long Products and Seamless Pipes & Tubes spread over an area of 126 acres in Jhagadia, Gujarat."
    },
    "companyScore" : {
      "priceHigherThanDma50" : 5.00,
      "priceHigherThanDma100" : 0.00,
      "priceHigherThanDma200" : 5.00,
      "dma50HigherThanDma100" : 0.00,
      "dma50HigherThanDma200" : 5.00,
      "dma100HigherThanDma200" : 5.00,
      "pricePercentageAboveDma50" : 4.95,
      "pricePercentageAboveDma100" : 5.00,
      "pricePercentageAboveDma200" : 4.89,
      "weeklyVolumeHigherThanYearlyVolume" : 5.00,
      "salesGrowthPercentile" : 11.75,
      "operatingProfitMarginPercentile" : 19.29,
      "netProfitMarginPercentile" : 9.52,
      "totalTechnicalScore" : 39.84,
      "totalFundamentalScore" : 40.56,
      "totalScore" : 80.40
    }
  },
  "attributes" : {
    "companyCode" : "500365",
    "companyName" : "Welspun Special.",
    "marketCap" : 2450.00,
    "peRatio" : 112.00,
    "description" : "Welspun Specialty Solutions is fully Integrated Manufacturing Facility for Stainless Steel Long Products and Seamless Pipes & Tubes spread over an area of 126 acres in Jhagadia, Gujarat."
  },
  "technicalHistory" : [ {
    "date" : "2025-01-31",
    "price" : 38.16,
    "dma50" : 42.63,
    "dma100" : null,
    "dma200" : 41.86,
    "volume" : 159427.00
  }, {
    "date" : "2025-02-01",
    "price" : 39.02,
    "dma50" : 42.49,
    "dma100" : null,
    "dma200" : 41.83,
    "volume" : 61437.00
  }, {
    "date" : "2025-02-03",
    "price" : 37.84,
    "dma50" : 42.30,
    "dma100" : null,
    "dma200" : 41.79,
    "volume" : 76654.00
  }, {
    "date" : "2025-02-04",
    "price" : 38.14,
    "dma50" : 42.14,
    "dma100" : null,
    "dma200" : 41.75,
    "volume" : 51831.00
  }, {
    "date" : "2025-02-05",
    "price" : 37.70,
    "dma50" : 41.97,
    "dma100" : null,
    "dma200" : 41.71,
    "volume" : 62862.00
  }, {
    "date" : "2025-02-06",
    "price" : 38.02,
    "dma50" : 41.81,
    "dma100" : null,
    "dma200" : 41.68,
    "volume" : 79870.00
  }, {
    "date" : "2025-02-07",
    "price" : 38.11,
    "dma50" : 41.67,
    "dma100" : null,
    "dma200" : 41.64,
    "volume" : 132172.00
  }, {
    "date" : "2025-02-10",
    "price" : 37.04,
    "dma50" : 41.49,
    "dma100" : null,
    "dma200" : 41.60,
    "volume" : 98381.00
  }, {
    "date" : "2025-02-11",
    "price" : 35.31,
    "dma50" : 41.24,
    "dma100" : null,
    "dma200" : 41.53,
    "volume" : 136412.00
  }, {
    "date" : "2025-02-12",
    "price" : 33.92,
    "dma50" : 40.96,
    "dma100" : null,
    "dma200" : 41.46,
    "volume" : 125073.00
  }, {
    "date" : "2025-02-13",
    "price" : 33.93,
    "dma50" : 40.68,
    "dma100" : null,
    "dma200" : 41.38,
    "volume" : 164784.00
  }, {
    "date" : "2025-02-14",
    "price" : 34.01,
    "dma50" : 40.42,
    "dma100" : null,
    "dma200" : 41.31,
    "volume" : 285060.00
  }, {
    "date" : "2025-02-17",
    "price" : 32.45,
    "dma50" : 40.11,
    "dma100" : null,
    "dma200" : 41.22,
    "volume" : 140241.00
  }, {
    "date" : "2025-02-18",
    "price" : 30.98,
    "dma50" : 39.75,
    "dma100" : null,
    "dma200" : 41.12,
    "volume" : 174772.00
  }, {
    "date" : "2025-02-19",
    "price" : 32.53,
    "dma50" : 39.47,
    "dma100" : null,
    "dma200" : 41.03,
    "volume" : 100059.00
  }, {
    "date" : "2025-02-20",
    "price" : 34.15,
    "dma50" : 39.26,
    "dma100" : null,
    "dma200" : 40.97,
    "volume" : 38962.00
  }, {
    "date" : "2025-02-21",
    "price" : 35.85,
    "dma50" : 39.12,
    "dma100" : null,
    "dma200" : 40.91,
    "volume" : 179166.00
  }, {
    "date" : "2025-02-24",
    "price" : 37.45,
    "dma50" : 39.06,
    "dma100" : null,
    "dma200" : 40.88,
    "volume" : 736429.00
  }, {
    "date" : "2025-02-25",
    "price" : 36.74,
    "dma50" : 38.97,
    "dma100" : null,
    "dma200" : 40.84,
    "volume" : 939976.00
  }, {
    "date" : "2025-02-27",
    "price" : 34.91,
    "dma50" : 38.81,
    "dma100" : null,
    "dma200" : 40.78,
    "volume" : 1687663.00
  }, {
    "date" : "2025-02-28",
    "price" : 33.22,
    "dma50" : 38.59,
    "dma100" : null,
    "dma200" : 40.70,
    "volume" : 1065198.00
  }, {
    "date" : "2025-03-03",
    "price" : 31.56,
    "dma50" : 38.31,
    "dma100" : null,
    "dma200" : 40.61,
    "volume" : 162737.00
  }, {
    "date" : "2025-03-04",
    "price" : 29.99,
    "dma50" : 37.99,
    "dma100" : null,
    "dma200" : 40.51,
    "volume" : 277049.00
  }, {
    "date" : "2025-03-05",
    "price" : 31.22,
    "dma50" : 37.72,
    "dma100" : null,
    "dma200" : 40.42,
    "volume" : 322494.00
  }, {
    "date" : "2025-03-06",
    "price" : 32.78,
    "dma50" : 37.53,
    "dma100" : null,
    "dma200" : 40.34,
    "volume" : 321946.00
  }, {
    "date" : "2025-03-07",
    "price" : 32.96,
    "dma50" : 37.35,
    "dma100" : null,
    "dma200" : 40.27,
    "volume" : 1058277.00
  }, {
    "date" : "2025-03-10",
    "price" : 31.32,
    "dma50" : 37.11,
    "dma100" : null,
    "dma200" : 40.18,
    "volume" : 275013.00
  }, {
    "date" : "2025-03-11",
    "price" : 29.76,
    "dma50" : 36.82,
    "dma100" : null,
    "dma200" : 40.07,
    "volume" : 295818.00
  }, {
    "date" : "2025-03-12",
    "price" : 29.21,
    "dma50" : 36.53,
    "dma100" : null,
    "dma200" : 39.97,
    "volume" : 410799.00
  }, {
    "date" : "2025-03-13",
    "price" : 29.18,
    "dma50" : 36.24,
    "dma100" : null,
    "dma200" : 39.86,
    "volume" : 370697.00
  }, {
    "date" : "2025-03-17",
    "price" : 28.49,
    "dma50" : 35.93,
    "dma100" : null,
    "dma200" : 39.74,
    "volume" : 578079.00
  }, {
    "date" : "2025-03-18",
    "price" : 28.97,
    "dma50" : 35.66,
    "dma100" : null,
    "dma200" : 39.64,
    "volume" : 697957.00
  }, {
    "date" : "2025-03-19",
    "price" : 29.88,
    "dma50" : 35.43,
    "dma100" : null,
    "dma200" : 39.54,
    "volume" : 732176.00
  }, {
    "date" : "2025-03-20",
    "price" : 30.14,
    "dma50" : 35.23,
    "dma100" : null,
    "dma200" : 39.45,
    "volume" : 572679.00
  }, {
    "date" : "2025-03-21",
    "price" : 31.16,
    "dma50" : 35.07,
    "dma100" : null,
    "dma200" : 39.36,
    "volume" : 414970.00
  }, {
    "date" : "2025-03-24",
    "price" : 31.27,
    "dma50" : 34.92,
    "dma100" : null,
    "dma200" : 39.28,
    "volume" : 640867.00
  }, {
    "date" : "2025-03-25",
    "price" : 29.74,
    "dma50" : 34.71,
    "dma100" : null,
    "dma200" : 39.19,
    "volume" : 768887.00
  }, {
    "date" : "2025-03-26",
    "price" : 28.51,
    "dma50" : 34.47,
    "dma100" : null,
    "dma200" : 39.08,
    "volume" : 738000.00
  }, {
    "date" : "2025-03-27",
    "price" : 27.09,
    "dma50" : 34.18,
    "dma100" : null,
    "dma200" : 38.96,
    "volume" : 685760.00
  }, {
    "date" : "2025-03-28",
    "price" : 26.62,
    "dma50" : 33.89,
    "dma100" : null,
    "dma200" : 38.84,
    "volume" : 1546616.00
  }, {
    "date" : "2025-04-01",
    "price" : 27.88,
    "dma50" : 33.65,
    "dma100" : null,
    "dma200" : 38.73,
    "volume" : 841434.00
  }, {
    "date" : "2025-04-02",
    "price" : 27.98,
    "dma50" : 33.43,
    "dma100" : null,
    "dma200" : 38.62,
    "volume" : 275730.00
  }, {
    "date" : "2025-04-03",
    "price" : 29.23,
    "dma50" : 33.26,
    "dma100" : null,
    "dma200" : 38.53,
    "volume" : 617919.00
  }, {
    "date" : "2025-04-04",
    "price" : 29.44,
    "dma50" : 33.11,
    "dma100" : null,
    "dma200" : 38.44,
    "volume" : 1035863.00
  }, {
    "date" : "2025-04-07",
    "price" : 26.50,
    "dma50" : 32.85,
    "dma100" : null,
    "dma200" : 38.32,
    "volume" : 1228092.00
  }, {
    "date" : "2025-04-08",
    "price" : 25.95,
    "dma50" : 32.58,
    "dma100" : null,
    "dma200" : 38.20,
    "volume" : 921829.00
  }, {
    "date" : "2025-04-09",
    "price" : 25.99,
    "dma50" : 32.32,
    "dma100" : null,
    "dma200" : 38.08,
    "volume" : 393814.00
  }, {
    "date" : "2025-04-11",
    "price" : 26.89,
    "dma50" : 32.11,
    "dma100" : null,
    "dma200" : 37.97,
    "volume" : 445448.00
  }, {
    "date" : "2025-04-15",
    "price" : 26.98,
    "dma50" : 31.91,
    "dma100" : null,
    "dma200" : 37.86,
    "volume" : 559085.00
  }, {
    "date" : "2025-04-16",
    "price" : 27.14,
    "dma50" : 31.72,
    "dma100" : null,
    "dma200" : 37.75,
    "volume" : 377139.00
  }, {
    "date" : "2025-04-17",
    "price" : 27.88,
    "dma50" : 31.57,
    "dma100" : null,
    "dma200" : 37.65,
    "volume" : 261677.00
  }, {
    "date" : "2025-04-21",
    "price" : 30.66,
    "dma50" : 31.54,
    "dma100" : null,
    "dma200" : 37.58,
    "volume" : 751090.00
  }, {
    "date" : "2025-04-22",
    "price" : 33.72,
    "dma50" : 31.62,
    "dma100" : null,
    "dma200" : 37.54,
    "volume" : 1463171.00
  }, {
    "date" : "2025-04-23",
    "price" : 34.06,
    "dma50" : 31.72,
    "dma100" : null,
    "dma200" : 37.51,
    "volume" : 1067205.00
  }, {
    "date" : "2025-04-24",
    "price" : 34.19,
    "dma50" : 31.81,
    "dma100" : null,
    "dma200" : 37.48,
    "volume" : 857647.00
  }, {
    "date" : "2025-04-25",
    "price" : 32.52,
    "dma50" : 31.84,
    "dma100" : null,
    "dma200" : 37.43,
    "volume" : 594381.00
  }, {
    "date" : "2025-04-28",
    "price" : 32.71,
    "dma50" : 31.88,
    "dma100" : null,
    "dma200" : 37.38,
    "volume" : 224566.00
  }, {
    "date" : "2025-04-29",
    "price" : 32.54,
    "dma50" : 31.90,
    "dma100" : null,
    "dma200" : 37.33,
    "volume" : 327132.00
  }, {
    "date" : "2025-04-30",
    "price" : 31.50,
    "dma50" : 31.89,
    "dma100" : null,
    "dma200" : 37.27,
    "volume" : 202412.00
  }, {
    "date" : "2025-05-02",
    "price" : 31.19,
    "dma50" : 31.86,
    "dma100" : null,
    "dma200" : 37.21,
    "volume" : 200959.00
  }, {
    "date" : "2025-05-05",
    "price" : 31.14,
    "dma50" : 31.83,
    "dma100" : null,
    "dma200" : 37.15,
    "volume" : 120814.00
  }, {
    "date" : "2025-05-06",
    "price" : 29.31,
    "dma50" : 31.73,
    "dma100" : null,
    "dma200" : 37.07,
    "volume" : 305631.00
  }, {
    "date" : "2025-05-07",
    "price" : 29.84,
    "dma50" : 31.66,
    "dma100" : null,
    "dma200" : 37.00,
    "volume" : 191548.00
  }, {
    "date" : "2025-05-08",
    "price" : 29.21,
    "dma50" : 31.56,
    "dma100" : null,
    "dma200" : 36.93,
    "volume" : 132472.00
  }, {
    "date" : "2025-05-09",
    "price" : 28.59,
    "dma50" : 31.45,
    "dma100" : null,
    "dma200" : 36.84,
    "volume" : 253969.00
  }, {
    "date" : "2025-05-12",
    "price" : 31.41,
    "dma50" : 31.44,
    "dma100" : null,
    "dma200" : 36.79,
    "volume" : 333150.00
  }, {
    "date" : "2025-05-13",
    "price" : 32.03,
    "dma50" : 31.47,
    "dma100" : null,
    "dma200" : 36.74,
    "volume" : 402303.00
  }, {
    "date" : "2025-05-14",
    "price" : 32.06,
    "dma50" : 31.49,
    "dma100" : null,
    "dma200" : 36.69,
    "volume" : 522205.00
  }, {
    "date" : "2025-05-15",
    "price" : 31.84,
    "dma50" : 31.50,
    "dma100" : null,
    "dma200" : 36.65,
    "volume" : 348546.00
  }, {
    "date" : "2025-05-16",
    "price" : 32.25,
    "dma50" : 31.53,
    "dma100" : null,
    "dma200" : 36.60,
    "volume" : 263103.00
  }, {
    "date" : "2025-05-19",
    "price" : 32.76,
    "dma50" : 31.58,
    "dma100" : null,
    "dma200" : 36.56,
    "volume" : 288909.00
  }, {
    "date" : "2025-05-20",
    "price" : 32.04,
    "dma50" : 31.60,
    "dma100" : null,
    "dma200" : 36.52,
    "volume" : 281502.00
  }, {
    "date" : "2025-05-21",
    "price" : 31.58,
    "dma50" : 31.60,
    "dma100" : null,
    "dma200" : 36.47,
    "volume" : 200369.00
  }, {
    "date" : "2025-05-22",
    "price" : 31.53,
    "dma50" : 31.60,
    "dma100" : null,
    "dma200" : 36.42,
    "volume" : 143258.00
  }, {
    "date" : "2025-05-23",
    "price" : 32.92,
    "dma50" : 31.65,
    "dma100" : null,
    "dma200" : 36.39,
    "volume" : 558475.00
  }, {
    "date" : "2025-05-26",
    "price" : 32.91,
    "dma50" : 31.70,
    "dma100" : null,
    "dma200" : 36.35,
    "volume" : 382724.00
  }, {
    "date" : "2025-05-27",
    "price" : 32.96,
    "dma50" : 31.75,
    "dma100" : null,
    "dma200" : 36.32,
    "volume" : 59289.00
  }, {
    "date" : "2025-05-28",
    "price" : 32.89,
    "dma50" : 31.79,
    "dma100" : null,
    "dma200" : 36.28,
    "volume" : 152639.00
  }, {
    "date" : "2025-05-29",
    "price" : 32.93,
    "dma50" : 31.84,
    "dma100" : null,
    "dma200" : 36.25,
    "volume" : 201689.00
  }, {
    "date" : "2025-05-30",
    "price" : 32.50,
    "dma50" : 31.86,
    "dma100" : null,
    "dma200" : 36.21,
    "volume" : 187519.00
  }, {
    "date" : "2025-06-02",
    "price" : 32.83,
    "dma50" : 31.90,
    "dma100" : null,
    "dma200" : 36.18,
    "volume" : 89444.00
  }, {
    "date" : "2025-06-03",
    "price" : 32.47,
    "dma50" : 31.92,
    "dma100" : null,
    "dma200" : 36.14,
    "volume" : 83098.00
  }, {
    "date" : "2025-06-04",
    "price" : 33.76,
    "dma50" : 31.99,
    "dma100" : null,
    "dma200" : 36.12,
    "volume" : 759008.00
  }, {
    "date" : "2025-06-05",
    "price" : 33.83,
    "dma50" : 32.07,
    "dma100" : null,
    "dma200" : 36.10,
    "volume" : 683305.00
  }, {
    "date" : "2025-06-06",
    "price" : 34.32,
    "dma50" : 32.16,
    "dma100" : null,
    "dma200" : 36.08,
    "volume" : 436544.00
  }, {
    "date" : "2025-06-09",
    "price" : 35.10,
    "dma50" : 32.27,
    "dma100" : null,
    "dma200" : 36.07,
    "volume" : 353047.00
  }, {
    "date" : "2025-06-10",
    "price" : 35.96,
    "dma50" : 32.42,
    "dma100" : null,
    "dma200" : 36.07,
    "volume" : 622760.00
  }, {
    "date" : "2025-06-11",
    "price" : 37.88,
    "dma50" : 32.63,
    "dma100" : null,
    "dma200" : 36.09,
    "volume" : 981279.00
  }, {
    "date" : "2025-06-12",
    "price" : 37.37,
    "dma50" : 32.82,
    "dma100" : null,
    "dma200" : 36.10,
    "volume" : 572637.00
  }, {
    "date" : "2025-06-13",
    "price" : 37.11,
    "dma50" : 32.98,
    "dma100" : null,
    "dma200" : 36.11,
    "volume" : 354149.00
  }, {
    "date" : "2025-06-16",
    "price" : 36.98,
    "dma50" : 33.14,
    "dma100" : null,
    "dma200" : 36.12,
    "volume" : 195768.00
  }, {
    "date" : "2025-06-17",
    "price" : 36.20,
    "dma50" : 33.26,
    "dma100" : null,
    "dma200" : 36.12,
    "volume" : 236538.00
  }, {
    "date" : "2025-06-18",
    "price" : 35.10,
    "dma50" : 33.33,
    "dma100" : null,
    "dma200" : 36.11,
    "volume" : 336433.00
  }, {
    "date" : "2025-06-19",
    "price" : 33.75,
    "dma50" : 33.35,
    "dma100" : null,
    "dma200" : 36.08,
    "volume" : 214196.00
  }, {
    "date" : "2025-06-20",
    "price" : 34.45,
    "dma50" : 33.39,
    "dma100" : null,
    "dma200" : 36.07,
    "volume" : 103798.00
  }, {
    "date" : "2025-06-23",
    "price" : 35.32,
    "dma50" : 33.47,
    "dma100" : null,
    "dma200" : 36.06,
    "volume" : 223688.00
  }, {
    "date" : "2025-06-24",
    "price" : 34.73,
    "dma50" : 33.52,
    "dma100" : null,
    "dma200" : 36.05,
    "volume" : 171961.00
  }, {
    "date" : "2025-06-25",
    "price" : 35.40,
    "dma50" : 33.59,
    "dma100" : null,
    "dma200" : 36.04,
    "volume" : 177885.00
  }, {
    "date" : "2025-06-26",
    "price" : 34.98,
    "dma50" : 33.65,
    "dma100" : null,
    "dma200" : 36.03,
    "volume" : 514352.00
  }, {
    "date" : "2025-06-27",
    "price" : 35.23,
    "dma50" : 33.71,
    "dma100" : null,
    "dma200" : 36.02,
    "volume" : 179867.00
  }, {
    "date" : "2025-06-30",
    "price" : 35.06,
    "dma50" : 33.76,
    "dma100" : 32.47,
    "dma200" : 36.01,
    "volume" : 1280329.00
  }, {
    "date" : "2025-07-01",
    "price" : 34.05,
    "dma50" : 33.77,
    "dma100" : 32.42,
    "dma200" : 35.99,
    "volume" : 651809.00
  }, {
    "date" : "2025-07-02",
    "price" : 35.43,
    "dma50" : 33.84,
    "dma100" : 32.39,
    "dma200" : 35.99,
    "volume" : 904990.00
  }, {
    "date" : "2025-07-03",
    "price" : 35.18,
    "dma50" : 33.89,
    "dma100" : 32.36,
    "dma200" : 35.98,
    "volume" : 237992.00
  }, {
    "date" : "2025-07-04",
    "price" : 34.82,
    "dma50" : 33.93,
    "dma100" : 32.33,
    "dma200" : 35.97,
    "volume" : 203088.00
  }, {
    "date" : "2025-07-07",
    "price" : 34.82,
    "dma50" : 33.96,
    "dma100" : 32.30,
    "dma200" : 35.96,
    "volume" : 93569.00
  }, {
    "date" : "2025-07-08",
    "price" : 34.57,
    "dma50" : 33.99,
    "dma100" : 32.27,
    "dma200" : 35.94,
    "volume" : 220223.00
  }, {
    "date" : "2025-07-09",
    "price" : 34.85,
    "dma50" : 34.02,
    "dma100" : 32.25,
    "dma200" : 35.93,
    "volume" : 210095.00
  }, {
    "date" : "2025-07-10",
    "price" : 34.42,
    "dma50" : 34.03,
    "dma100" : 32.24,
    "dma200" : 35.92,
    "volume" : 108681.00
  }, {
    "date" : "2025-07-11",
    "price" : 34.16,
    "dma50" : 34.04,
    "dma100" : 32.24,
    "dma200" : 35.90,
    "volume" : 282130.00
  }, {
    "date" : "2025-07-14",
    "price" : 33.86,
    "dma50" : 34.03,
    "dma100" : 32.24,
    "dma200" : 35.88,
    "volume" : 211823.00
  }, {
    "date" : "2025-07-15",
    "price" : 34.43,
    "dma50" : 34.05,
    "dma100" : 32.24,
    "dma200" : 35.86,
    "volume" : 191085.00
  }, {
    "date" : "2025-07-16",
    "price" : 34.11,
    "dma50" : 34.05,
    "dma100" : 32.26,
    "dma200" : 35.85,
    "volume" : 143027.00
  }, {
    "date" : "2025-07-17",
    "price" : 34.41,
    "dma50" : 34.06,
    "dma100" : 32.29,
    "dma200" : 35.83,
    "volume" : 192324.00
  }, {
    "date" : "2025-07-18",
    "price" : 34.04,
    "dma50" : 34.06,
    "dma100" : 32.31,
    "dma200" : 35.81,
    "volume" : 129266.00
  }, {
    "date" : "2025-07-21",
    "price" : 34.61,
    "dma50" : 34.09,
    "dma100" : 32.31,
    "dma200" : 35.80,
    "volume" : 631267.00
  }, {
    "date" : "2025-07-22",
    "price" : 34.91,
    "dma50" : 34.12,
    "dma100" : 32.30,
    "dma200" : 35.79,
    "volume" : 458852.00
  }, {
    "date" : "2025-07-23",
    "price" : 33.60,
    "dma50" : 34.10,
    "dma100" : 32.26,
    "dma200" : 35.77,
    "volume" : 342767.00
  }, {
    "date" : "2025-07-24",
    "price" : 33.39,
    "dma50" : 34.07,
    "dma100" : 32.23,
    "dma200" : 35.75,
    "volume" : 244392.00
  }, {
    "date" : "2025-07-25",
    "price" : 32.90,
    "dma50" : 34.02,
    "dma100" : 32.21,
    "dma200" : 35.72,
    "volume" : 270695.00
  }, {
    "date" : "2025-07-28",
    "price" : 32.57,
    "dma50" : 33.97,
    "dma100" : 32.20,
    "dma200" : 35.69,
    "volume" : 173945.00
  }, {
    "date" : "2025-07-29",
    "price" : 32.97,
    "dma50" : 33.93,
    "dma100" : 32.22,
    "dma200" : 35.66,
    "volume" : 323972.00
  }, {
    "date" : "2025-07-30",
    "price" : 33.02,
    "dma50" : 33.89,
    "dma100" : 32.25,
    "dma200" : 35.64,
    "volume" : 254339.00
  }, {
    "date" : "2025-07-31",
    "price" : 33.01,
    "dma50" : 33.86,
    "dma100" : 32.27,
    "dma200" : 35.61,
    "volume" : 473971.00
  }, {
    "date" : "2025-08-01",
    "price" : 32.79,
    "dma50" : 33.82,
    "dma100" : 32.27,
    "dma200" : 35.58,
    "volume" : 151185.00
  }, {
    "date" : "2025-08-04",
    "price" : 32.22,
    "dma50" : 33.75,
    "dma100" : 32.26,
    "dma200" : 35.55,
    "volume" : 205866.00
  }, {
    "date" : "2025-08-05",
    "price" : 32.97,
    "dma50" : 33.72,
    "dma100" : 32.28,
    "dma200" : 35.52,
    "volume" : 237615.00
  }, {
    "date" : "2025-08-06",
    "price" : 32.58,
    "dma50" : 33.68,
    "dma100" : 32.30,
    "dma200" : 35.49,
    "volume" : 96089.00
  }, {
    "date" : "2025-08-07",
    "price" : 31.44,
    "dma50" : 33.59,
    "dma100" : 32.33,
    "dma200" : 35.45,
    "volume" : 387762.00
  }, {
    "date" : "2025-08-08",
    "price" : 30.91,
    "dma50" : 33.48,
    "dma100" : 32.34,
    "dma200" : 35.41,
    "volume" : 179315.00
  }, {
    "date" : "2025-08-11",
    "price" : 30.95,
    "dma50" : 33.39,
    "dma100" : 32.37,
    "dma200" : 35.36,
    "volume" : 170623.00
  }, {
    "date" : "2025-08-12",
    "price" : 30.83,
    "dma50" : 33.29,
    "dma100" : 32.39,
    "dma200" : 35.32,
    "volume" : 211613.00
  }, {
    "date" : "2025-08-13",
    "price" : 30.82,
    "dma50" : 33.19,
    "dma100" : 32.40,
    "dma200" : 35.27,
    "volume" : 60799.00
  }, {
    "date" : "2025-08-14",
    "price" : 30.91,
    "dma50" : 33.10,
    "dma100" : 32.40,
    "dma200" : 35.23,
    "volume" : 156386.00
  }, {
    "date" : "2025-08-18",
    "price" : 30.86,
    "dma50" : 33.01,
    "dma100" : 32.40,
    "dma200" : 35.19,
    "volume" : 181880.00
  }, {
    "date" : "2025-08-19",
    "price" : 30.89,
    "dma50" : 32.93,
    "dma100" : 32.40,
    "dma200" : 35.14,
    "volume" : 342043.00
  }, {
    "date" : "2025-08-20",
    "price" : 31.03,
    "dma50" : 32.85,
    "dma100" : 32.41,
    "dma200" : 35.10,
    "volume" : 327594.00
  }, {
    "date" : "2025-08-21",
    "price" : 31.05,
    "dma50" : 32.78,
    "dma100" : 32.44,
    "dma200" : 35.06,
    "volume" : 307265.00
  }, {
    "date" : "2025-08-22",
    "price" : 30.85,
    "dma50" : 32.71,
    "dma100" : 32.47,
    "dma200" : 35.02,
    "volume" : 123097.00
  }, {
    "date" : "2025-08-25",
    "price" : 31.00,
    "dma50" : 32.64,
    "dma100" : 32.52,
    "dma200" : 34.98,
    "volume" : 1348589.00
  }, {
    "date" : "2025-08-26",
    "price" : 30.50,
    "dma50" : 32.56,
    "dma100" : 32.54,
    "dma200" : 34.94,
    "volume" : 202209.00
  }, {
    "date" : "2025-08-28",
    "price" : 31.00,
    "dma50" : 32.50,
    "dma100" : 32.57,
    "dma200" : 34.90,
    "volume" : 313678.00
  }, {
    "date" : "2025-08-29",
    "price" : 30.62,
    "dma50" : 32.42,
    "dma100" : 32.59,
    "dma200" : 34.85,
    "volume" : 84358.00
  }, {
    "date" : "2025-09-01",
    "price" : 30.95,
    "dma50" : 32.36,
    "dma100" : 32.60,
    "dma200" : 34.82,
    "volume" : 182181.00
  }, {
    "date" : "2025-09-02",
    "price" : 30.85,
    "dma50" : 32.30,
    "dma100" : 32.65,
    "dma200" : 34.78,
    "volume" : 212313.00
  }, {
    "date" : "2025-09-03",
    "price" : 30.99,
    "dma50" : 32.25,
    "dma100" : 32.70,
    "dma200" : 34.74,
    "volume" : 178328.00
  }, {
    "date" : "2025-09-04",
    "price" : 30.74,
    "dma50" : 32.19,
    "dma100" : 32.74,
    "dma200" : 34.70,
    "volume" : 222250.00
  }, {
    "date" : "2025-09-05",
    "price" : 31.07,
    "dma50" : 32.15,
    "dma100" : 32.79,
    "dma200" : 34.66,
    "volume" : 556999.00
  }, {
    "date" : "2025-09-08",
    "price" : 32.15,
    "dma50" : 32.15,
    "dma100" : 32.84,
    "dma200" : 34.64,
    "volume" : 431068.00
  }, {
    "date" : "2025-09-09",
    "price" : 32.58,
    "dma50" : 32.17,
    "dma100" : 32.89,
    "dma200" : 34.62,
    "volume" : 420353.00
  }, {
    "date" : "2025-09-10",
    "price" : 32.69,
    "dma50" : 32.19,
    "dma100" : 32.94,
    "dma200" : 34.60,
    "volume" : 301942.00
  }, {
    "date" : "2025-09-11",
    "price" : 32.83,
    "dma50" : 32.21,
    "dma100" : 32.96,
    "dma200" : 34.58,
    "volume" : 225168.00
  }, {
    "date" : "2025-09-12",
    "price" : 35.18,
    "dma50" : 32.33,
    "dma100" : 32.98,
    "dma200" : 34.59,
    "volume" : 952013.00
  }, {
    "date" : "2025-09-15",
    "price" : 36.11,
    "dma50" : 32.48,
    "dma100" : 33.00,
    "dma200" : 34.60,
    "volume" : 411221.00
  }, {
    "date" : "2025-09-16",
    "price" : 36.02,
    "dma50" : 32.62,
    "dma100" : 33.02,
    "dma200" : 34.62,
    "volume" : 211151.00
  }, {
    "date" : "2025-09-17",
    "price" : 35.44,
    "dma50" : 32.73,
    "dma100" : 33.04,
    "dma200" : 34.62,
    "volume" : 315836.00
  }, {
    "date" : "2025-09-18",
    "price" : 36.78,
    "dma50" : 32.89,
    "dma100" : 33.08,
    "dma200" : 34.64,
    "volume" : 659641.00
  }, {
    "date" : "2025-09-19",
    "price" : 39.13,
    "dma50" : 33.13,
    "dma100" : 33.15,
    "dma200" : 34.69,
    "volume" : 2006359.00
  }, {
    "date" : "2025-09-22",
    "price" : 38.88,
    "dma50" : 33.36,
    "dma100" : 33.22,
    "dma200" : 34.73,
    "volume" : 721058.00
  }, {
    "date" : "2025-09-23",
    "price" : 38.51,
    "dma50" : 33.56,
    "dma100" : 33.30,
    "dma200" : 34.77,
    "volume" : 219334.00
  }, {
    "date" : "2025-09-24",
    "price" : 38.38,
    "dma50" : 33.75,
    "dma100" : 33.37,
    "dma200" : 34.80,
    "volume" : 184248.00
  }, {
    "date" : "2025-09-25",
    "price" : 37.04,
    "dma50" : 33.88,
    "dma100" : 33.45,
    "dma200" : 34.83,
    "volume" : 278031.00
  }, {
    "date" : "2025-09-26",
    "price" : 36.03,
    "dma50" : 33.96,
    "dma100" : 33.51,
    "dma200" : 34.84,
    "volume" : 284807.00
  }, {
    "date" : "2025-09-29",
    "price" : 35.99,
    "dma50" : 34.04,
    "dma100" : 33.58,
    "dma200" : 34.85,
    "volume" : 302484.00
  }, {
    "date" : "2025-09-30",
    "price" : 35.87,
    "dma50" : 34.11,
    "dma100" : 33.65,
    "dma200" : 34.86,
    "volume" : 123579.00
  }, {
    "date" : "2025-10-01",
    "price" : 36.47,
    "dma50" : 34.20,
    "dma100" : 33.70,
    "dma200" : 34.88,
    "volume" : 161296.00
  }, {
    "date" : "2025-10-03",
    "price" : 37.49,
    "dma50" : 34.33,
    "dma100" : 33.76,
    "dma200" : 34.90,
    "volume" : 242415.00
  }, {
    "date" : "2025-10-06",
    "price" : 39.05,
    "dma50" : 34.52,
    "dma100" : 33.83,
    "dma200" : 34.94,
    "volume" : 571364.00
  }, {
    "date" : "2025-10-07",
    "price" : 38.71,
    "dma50" : 34.68,
    "dma100" : 33.89,
    "dma200" : 34.98,
    "volume" : 168204.00
  }, {
    "date" : "2025-10-08",
    "price" : 37.37,
    "dma50" : 34.79,
    "dma100" : 33.95,
    "dma200" : 35.01,
    "volume" : 328196.00
  }, {
    "date" : "2025-10-09",
    "price" : 36.94,
    "dma50" : 34.87,
    "dma100" : 33.99,
    "dma200" : 35.02,
    "volume" : 152349.00
  }, {
    "date" : "2025-10-10",
    "price" : 37.42,
    "dma50" : 34.97,
    "dma100" : 34.04,
    "dma200" : 35.05,
    "volume" : 111393.00
  }, {
    "date" : "2025-10-13",
    "price" : 36.71,
    "dma50" : 35.04,
    "dma100" : 34.09,
    "dma200" : 35.06,
    "volume" : 134185.00
  }, {
    "date" : "2025-10-14",
    "price" : 35.90,
    "dma50" : 35.07,
    "dma100" : 34.14,
    "dma200" : 35.07,
    "volume" : 145292.00
  }, {
    "date" : "2025-10-15",
    "price" : 36.87,
    "dma50" : 35.14,
    "dma100" : 34.18,
    "dma200" : 35.09,
    "volume" : 158928.00
  }, {
    "date" : "2025-10-16",
    "price" : 36.78,
    "dma50" : 35.21,
    "dma100" : 34.21,
    "dma200" : 35.11,
    "volume" : 72591.00
  }, {
    "date" : "2025-10-17",
    "price" : 37.49,
    "dma50" : 35.30,
    "dma100" : 34.26,
    "dma200" : 35.13,
    "volume" : 178236.00
  }, {
    "date" : "2025-10-20",
    "price" : 38.42,
    "dma50" : 35.42,
    "dma100" : 34.31,
    "dma200" : 35.16,
    "volume" : 228886.00
  }, {
    "date" : "2025-10-21",
    "price" : 38.40,
    "dma50" : 35.54,
    "dma100" : 34.37,
    "dma200" : 35.20,
    "volume" : 97667.00
  }, {
    "date" : "2025-10-23",
    "price" : 37.20,
    "dma50" : 35.60,
    "dma100" : 34.42,
    "dma200" : 35.22,
    "volume" : 299474.00
  }, {
    "date" : "2025-10-24",
    "price" : 38.08,
    "dma50" : 35.70,
    "dma100" : 34.47,
    "dma200" : 35.24,
    "volume" : 195382.00
  }, {
    "date" : "2025-10-27",
    "price" : 40.37,
    "dma50" : 35.88,
    "dma100" : 34.55,
    "dma200" : 35.30,
    "volume" : 4065867.00
  }, {
    "date" : "2025-10-28",
    "price" : 39.76,
    "dma50" : 36.04,
    "dma100" : 34.61,
    "dma200" : 35.34,
    "volume" : 2014068.00
  }, {
    "date" : "2025-10-29",
    "price" : 38.61,
    "dma50" : 36.14,
    "dma100" : 34.66,
    "dma200" : 35.37,
    "volume" : 607876.00
  }, {
    "date" : "2025-10-30",
    "price" : 38.28,
    "dma50" : 36.22,
    "dma100" : 34.70,
    "dma200" : 35.40,
    "volume" : 465820.00
  }, {
    "date" : "2025-10-31",
    "price" : 37.40,
    "dma50" : 36.27,
    "dma100" : 34.72,
    "dma200" : 35.42,
    "volume" : 345457.00
  }, {
    "date" : "2025-11-03",
    "price" : 37.04,
    "dma50" : 36.30,
    "dma100" : 34.73,
    "dma200" : 35.44,
    "volume" : 553900.00
  }, {
    "date" : "2025-11-04",
    "price" : 37.76,
    "dma50" : 36.35,
    "dma100" : 34.73,
    "dma200" : 35.46,
    "volume" : 484459.00
  }, {
    "date" : "2025-11-06",
    "price" : 39.11,
    "dma50" : 36.46,
    "dma100" : 34.75,
    "dma200" : 35.50,
    "volume" : 616612.00
  }, {
    "date" : "2025-11-07",
    "price" : 39.69,
    "dma50" : 36.59,
    "dma100" : 34.77,
    "dma200" : 35.54,
    "volume" : 627138.00
  }, {
    "date" : "2025-11-10",
    "price" : 38.75,
    "dma50" : 36.67,
    "dma100" : 34.79,
    "dma200" : 35.57,
    "volume" : 417189.00
  }, {
    "date" : "2025-11-11",
    "price" : 38.49,
    "dma50" : 36.74,
    "dma100" : 34.81,
    "dma200" : 35.60,
    "volume" : 248226.00
  }, {
    "date" : "2025-11-12",
    "price" : 39.66,
    "dma50" : 36.86,
    "dma100" : 34.86,
    "dma200" : 35.64,
    "volume" : 482552.00
  }, {
    "date" : "2025-11-13",
    "price" : 39.77,
    "dma50" : 36.97,
    "dma100" : 34.92,
    "dma200" : 35.68,
    "volume" : 311683.00
  }, {
    "date" : "2025-11-14",
    "price" : 38.94,
    "dma50" : 37.05,
    "dma100" : 34.96,
    "dma200" : 35.71,
    "volume" : 242935.00
  }, {
    "date" : "2025-11-17",
    "price" : 38.77,
    "dma50" : 37.12,
    "dma100" : 35.00,
    "dma200" : 35.74,
    "volume" : 180173.00
  }, {
    "date" : "2025-11-18",
    "price" : 38.87,
    "dma50" : 37.19,
    "dma100" : 35.04,
    "dma200" : 35.78,
    "volume" : 112941.00
  }, {
    "date" : "2025-11-19",
    "price" : 38.51,
    "dma50" : 37.24,
    "dma100" : 35.07,
    "dma200" : 35.80,
    "volume" : 260766.00
  }, {
    "date" : "2025-11-20",
    "price" : 38.16,
    "dma50" : 37.27,
    "dma100" : 35.10,
    "dma200" : 35.83,
    "volume" : 209218.00
  }, {
    "date" : "2025-11-21",
    "price" : 37.73,
    "dma50" : 37.29,
    "dma100" : 35.13,
    "dma200" : 35.84,
    "volume" : 141973.00
  }, {
    "date" : "2025-11-24",
    "price" : 36.86,
    "dma50" : 37.28,
    "dma100" : 35.14,
    "dma200" : 35.85,
    "volume" : 209484.00
  }, {
    "date" : "2025-11-25",
    "price" : 36.93,
    "dma50" : 37.26,
    "dma100" : 35.17,
    "dma200" : 35.87,
    "volume" : 85363.00
  }, {
    "date" : "2025-11-26",
    "price" : 36.79,
    "dma50" : 37.24,
    "dma100" : 35.19,
    "dma200" : 35.87,
    "volume" : 86725.00
  }, {
    "date" : "2025-11-27",
    "price" : 36.60,
    "dma50" : 37.22,
    "dma100" : 35.20,
    "dma200" : 35.88,
    "volume" : 141669.00
  }, {
    "date" : "2025-11-28",
    "price" : 36.69,
    "dma50" : 37.20,
    "dma100" : 35.22,
    "dma200" : 35.89,
    "volume" : 169301.00
  }, {
    "date" : "2025-12-01",
    "price" : 36.71,
    "dma50" : 37.18,
    "dma100" : 35.24,
    "dma200" : 35.90,
    "volume" : 101911.00
  }, {
    "date" : "2025-12-02",
    "price" : 36.21,
    "dma50" : 37.14,
    "dma100" : 35.25,
    "dma200" : 35.90,
    "volume" : 348897.00
  }, {
    "date" : "2025-12-03",
    "price" : 36.25,
    "dma50" : 37.11,
    "dma100" : 35.27,
    "dma200" : 35.90,
    "volume" : 126814.00
  }, {
    "date" : "2025-12-04",
    "price" : 35.98,
    "dma50" : 37.06,
    "dma100" : 35.28,
    "dma200" : 35.91,
    "volume" : 110040.00
  }, {
    "date" : "2025-12-05",
    "price" : 36.48,
    "dma50" : 37.04,
    "dma100" : 35.31,
    "dma200" : 35.91,
    "volume" : 269511.00
  }, {
    "date" : "2025-12-08",
    "price" : 34.97,
    "dma50" : 36.96,
    "dma100" : 35.32,
    "dma200" : 35.90,
    "volume" : 251163.00
  }, {
    "date" : "2025-12-09",
    "price" : 35.78,
    "dma50" : 36.91,
    "dma100" : 35.33,
    "dma200" : 35.90,
    "volume" : 157447.00
  }, {
    "date" : "2025-12-10",
    "price" : 35.33,
    "dma50" : 36.85,
    "dma100" : 35.34,
    "dma200" : 35.90,
    "volume" : 246747.00
  }, {
    "date" : "2025-12-11",
    "price" : 35.35,
    "dma50" : 36.79,
    "dma100" : 35.35,
    "dma200" : 35.89,
    "volume" : 101412.00
  }, {
    "date" : "2025-12-12",
    "price" : 35.79,
    "dma50" : 36.75,
    "dma100" : 35.37,
    "dma200" : 35.89,
    "volume" : 23229.00
  }, {
    "date" : "2025-12-15",
    "price" : 35.29,
    "dma50" : 36.69,
    "dma100" : 35.38,
    "dma200" : 35.88,
    "volume" : 56221.00
  }, {
    "date" : "2025-12-16",
    "price" : 35.01,
    "dma50" : 36.63,
    "dma100" : 35.38,
    "dma200" : 35.87,
    "volume" : 94039.00
  }, {
    "date" : "2025-12-17",
    "price" : 35.04,
    "dma50" : 36.57,
    "dma100" : 35.39,
    "dma200" : 35.87,
    "volume" : 85232.00
  }, {
    "date" : "2025-12-18",
    "price" : 36.83,
    "dma50" : 36.58,
    "dma100" : 35.43,
    "dma200" : 35.88,
    "volume" : 633430.00
  }, {
    "date" : "2025-12-19",
    "price" : 40.56,
    "dma50" : 36.73,
    "dma100" : 35.50,
    "dma200" : 35.92,
    "volume" : 1283583.00
  }, {
    "date" : "2025-12-22",
    "price" : 38.34,
    "dma50" : 36.80,
    "dma100" : 35.56,
    "dma200" : 35.95,
    "volume" : 29026380.00
  }, {
    "date" : "2025-12-23",
    "price" : 37.51,
    "dma50" : 36.82,
    "dma100" : 35.61,
    "dma200" : 35.96,
    "volume" : 385055.00
  }, {
    "date" : "2025-12-24",
    "price" : 38.98,
    "dma50" : 36.91,
    "dma100" : 35.67,
    "dma200" : 35.99,
    "volume" : 318152.00
  }, {
    "date" : "2025-12-26",
    "price" : 39.11,
    "dma50" : 36.99,
    "dma100" : 35.73,
    "dma200" : 36.02,
    "volume" : 329838.00
  }, {
    "date" : "2025-12-29",
    "price" : 38.88,
    "dma50" : 37.07,
    "dma100" : 35.79,
    "dma200" : 36.05,
    "volume" : 179599.00
  }, {
    "date" : "2025-12-30",
    "price" : 38.61,
    "dma50" : 37.13,
    "dma100" : 35.85,
    "dma200" : 36.08,
    "volume" : 222015.00
  }, {
    "date" : "2025-12-31",
    "price" : 38.98,
    "dma50" : 37.20,
    "dma100" : 35.91,
    "dma200" : 36.11,
    "volume" : 343378.00
  }, {
    "date" : "2026-01-01",
    "price" : 38.90,
    "dma50" : 37.27,
    "dma100" : 35.98,
    "dma200" : 36.13,
    "volume" : 119428.00
  }, {
    "date" : "2026-01-02",
    "price" : 38.34,
    "dma50" : 37.31,
    "dma100" : 36.05,
    "dma200" : 36.16,
    "volume" : 535435.00
  }, {
    "date" : "2026-01-05",
    "price" : 38.23,
    "dma50" : 37.35,
    "dma100" : 36.12,
    "dma200" : 36.18,
    "volume" : 367979.00
  }, {
    "date" : "2026-01-06",
    "price" : 38.17,
    "dma50" : 37.38,
    "dma100" : 36.19,
    "dma200" : 36.20,
    "volume" : 242951.00
  }, {
    "date" : "2026-01-07",
    "price" : 38.50,
    "dma50" : 37.42,
    "dma100" : 36.27,
    "dma200" : 36.22,
    "volume" : 186487.00
  }, {
    "date" : "2026-01-08",
    "price" : 37.58,
    "dma50" : 37.43,
    "dma100" : 36.33,
    "dma200" : 36.23,
    "volume" : 224520.00
  }, {
    "date" : "2026-01-09",
    "price" : 36.73,
    "dma50" : 37.40,
    "dma100" : 36.39,
    "dma200" : 36.24,
    "volume" : 155759.00
  }, {
    "date" : "2026-01-12",
    "price" : 36.20,
    "dma50" : 37.35,
    "dma100" : 36.45,
    "dma200" : 36.24,
    "volume" : 157196.00
  }, {
    "date" : "2026-01-13",
    "price" : 36.14,
    "dma50" : 37.31,
    "dma100" : 36.50,
    "dma200" : 36.24,
    "volume" : 116758.00
  }, {
    "date" : "2026-01-14",
    "price" : 35.82,
    "dma50" : 37.25,
    "dma100" : 36.55,
    "dma200" : 36.23,
    "volume" : 196352.00
  }, {
    "date" : "2026-01-16",
    "price" : 35.81,
    "dma50" : 37.19,
    "dma100" : 36.59,
    "dma200" : 36.23,
    "volume" : 111091.00
  }, {
    "date" : "2026-01-19",
    "price" : 35.36,
    "dma50" : 37.12,
    "dma100" : 36.64,
    "dma200" : 36.22,
    "volume" : 206822.00
  }, {
    "date" : "2026-01-20",
    "price" : 35.44,
    "dma50" : 37.05,
    "dma100" : 36.68,
    "dma200" : 36.21,
    "volume" : 516826.00
  }, {
    "date" : "2026-01-21",
    "price" : 35.08,
    "dma50" : 36.98,
    "dma100" : 36.73,
    "dma200" : 36.20,
    "volume" : 196516.00
  }, {
    "date" : "2026-01-22",
    "price" : 35.49,
    "dma50" : 36.92,
    "dma100" : 36.77,
    "dma200" : 36.19,
    "volume" : 219899.00
  }, {
    "date" : "2026-01-23",
    "price" : 34.29,
    "dma50" : 36.82,
    "dma100" : 36.81,
    "dma200" : 36.17,
    "volume" : 237507.00
  }, {
    "date" : "2026-01-27",
    "price" : 33.90,
    "dma50" : 36.70,
    "dma100" : 36.84,
    "dma200" : 36.15,
    "volume" : 412053.00
  }, {
    "date" : "2026-01-28",
    "price" : 35.08,
    "dma50" : 36.64,
    "dma100" : 36.88,
    "dma200" : 36.14,
    "volume" : 508865.00
  }, {
    "date" : "2026-01-29",
    "price" : 35.88,
    "dma50" : 36.61,
    "dma100" : 36.93,
    "dma200" : 36.14,
    "volume" : 1108940.00
  }, {
    "date" : "2026-01-30",
    "price" : 36.97,
    "dma50" : 36.62,
    "dma100" : 36.99,
    "dma200" : 36.15,
    "volume" : 296156.00
  } ],
  "latestTechnicalAttributes" : {
    "date" : "2026-01-30",
    "price" : 36.97,
    "dma50" : 36.62,
    "dma100" : 36.99,
    "dma200" : 36.15,
    "volume" : 296156.00
  },
  "quarterlyResults" : [ {
    "date" : "2005-03-31",
    "sales" : 58.30,
    "salesGrowthYoY" : null,
    "grossProfitMargin" : 22.37,
    "grossProfit" : 13.04,
    "operatingProfitMargin" : 4.91,
    "operatingProfit" : 2.86,
    "netProfitMargin" : -21.01,
    "netProfit" : -12.25
  }, {
    "date" : "2005-06-30",
    "sales" : 49.07,
    "salesGrowthYoY" : null,
    "grossProfitMargin" : 22.93,
    "grossProfit" : 11.25,
    "operatingProfitMargin" : 5.26,
    "operatingProfit" : 2.58,
    "netProfitMargin" : -24.72,
    "netProfit" : -12.13
  }, {
    "date" : "2005-09-30",
    "sales" : 48.90,
    "salesGrowthYoY" : null,
    "grossProfitMargin" : 21.25,
    "grossProfit" : 10.39,
    "operatingProfitMargin" : -4.56,
    "operatingProfit" : -2.23,
    "netProfitMargin" : 295.13,
    "netProfit" : 144.32
  }, {
    "date" : "2005-12-31",
    "sales" : 48.64,
    "salesGrowthYoY" : null,
    "grossProfitMargin" : 21.50,
    "grossProfit" : 10.46,
    "operatingProfitMargin" : 1.75,
    "operatingProfit" : 0.85,
    "netProfitMargin" : -17.72,
    "netProfit" : -8.62
  }, {
    "date" : "2006-03-31",
    "sales" : 40.70,
    "salesGrowthYoY" : -30.19,
    "grossProfitMargin" : 18.03,
    "grossProfit" : 7.34,
    "operatingProfitMargin" : -4.79,
    "operatingProfit" : -1.95,
    "netProfitMargin" : -28.01,
    "netProfit" : -11.40
  }, {
    "date" : "2006-06-30",
    "sales" : 58.24,
    "salesGrowthYoY" : 18.69,
    "grossProfitMargin" : 18.03,
    "grossProfit" : 10.50,
    "operatingProfitMargin" : 2.04,
    "operatingProfit" : 1.19,
    "netProfitMargin" : -12.05,
    "netProfit" : -7.02
  }, {
    "date" : "2006-09-30",
    "sales" : 22.62,
    "salesGrowthYoY" : -53.74,
    "grossProfitMargin" : 0.22,
    "grossProfit" : 0.05,
    "operatingProfitMargin" : -41.16,
    "operatingProfit" : -9.31,
    "netProfitMargin" : -81.34,
    "netProfit" : -18.40
  }, {
    "date" : "2006-12-31",
    "sales" : 47.28,
    "salesGrowthYoY" : -2.80,
    "grossProfitMargin" : 16.24,
    "grossProfit" : 7.68,
    "operatingProfitMargin" : -6.22,
    "operatingProfit" : -2.94,
    "netProfitMargin" : -25.08,
    "netProfit" : -11.86
  }, {
    "date" : "2007-03-31",
    "sales" : 74.39,
    "salesGrowthYoY" : 82.78,
    "grossProfitMargin" : 20.94,
    "grossProfit" : 15.58,
    "operatingProfitMargin" : 5.34,
    "operatingProfit" : 3.97,
    "netProfitMargin" : -3.08,
    "netProfit" : -2.29
  }, {
    "date" : "2007-06-30",
    "sales" : 87.45,
    "salesGrowthYoY" : 50.15,
    "grossProfitMargin" : 20.53,
    "grossProfit" : 17.95,
    "operatingProfitMargin" : 6.45,
    "operatingProfit" : 5.64,
    "netProfitMargin" : -3.81,
    "netProfit" : -3.33
  }, {
    "date" : "2007-09-30",
    "sales" : 74.42,
    "salesGrowthYoY" : 229.00,
    "grossProfitMargin" : 18.65,
    "grossProfit" : 13.88,
    "operatingProfitMargin" : -1.30,
    "operatingProfit" : -0.97,
    "netProfitMargin" : -14.50,
    "netProfit" : -10.79
  }, {
    "date" : "2007-12-31",
    "sales" : 75.88,
    "salesGrowthYoY" : 60.49,
    "grossProfitMargin" : 13.75,
    "grossProfit" : 10.43,
    "operatingProfitMargin" : -5.31,
    "operatingProfit" : -4.03,
    "netProfitMargin" : -17.76,
    "netProfit" : -13.48
  }, {
    "date" : "2008-03-31",
    "sales" : 96.43,
    "salesGrowthYoY" : 29.63,
    "grossProfitMargin" : 16.43,
    "grossProfit" : 15.84,
    "operatingProfitMargin" : -0.65,
    "operatingProfit" : -0.63,
    "netProfitMargin" : 0.60,
    "netProfit" : 0.58
  }, {
    "date" : "2008-06-30",
    "sales" : 105.79,
    "salesGrowthYoY" : 20.97,
    "grossProfitMargin" : 18.07,
    "grossProfit" : 19.12,
    "operatingProfitMargin" : 3.02,
    "operatingProfit" : 3.19,
    "netProfitMargin" : -4.59,
    "netProfit" : -4.86
  }, {
    "date" : "2008-09-30",
    "sales" : 83.09,
    "salesGrowthYoY" : 11.65,
    "grossProfitMargin" : 6.85,
    "grossProfit" : 5.69,
    "operatingProfitMargin" : -10.23,
    "operatingProfit" : -8.50,
    "netProfitMargin" : -15.90,
    "netProfit" : -13.21
  }, {
    "date" : "2008-12-31",
    "sales" : 63.16,
    "salesGrowthYoY" : -16.76,
    "grossProfitMargin" : 0.90,
    "grossProfit" : 0.57,
    "operatingProfitMargin" : -21.31,
    "operatingProfit" : -13.46,
    "netProfitMargin" : -31.03,
    "netProfit" : -19.60
  }, {
    "date" : "2009-03-31",
    "sales" : 39.98,
    "salesGrowthYoY" : -58.54,
    "grossProfitMargin" : 14.33,
    "grossProfit" : 5.73,
    "operatingProfitMargin" : -5.98,
    "operatingProfit" : -2.39,
    "netProfitMargin" : -22.64,
    "netProfit" : -9.05
  }, {
    "date" : "2009-06-30",
    "sales" : 77.31,
    "salesGrowthYoY" : -26.92,
    "grossProfitMargin" : 20.67,
    "grossProfit" : 15.98,
    "operatingProfitMargin" : -0.80,
    "operatingProfit" : -0.62,
    "netProfitMargin" : -9.92,
    "netProfit" : -7.67
  }, {
    "date" : "2009-09-30",
    "sales" : 72.26,
    "salesGrowthYoY" : -13.03,
    "grossProfitMargin" : 19.51,
    "grossProfit" : 14.10,
    "operatingProfitMargin" : -2.24,
    "operatingProfit" : -1.62,
    "netProfitMargin" : -12.90,
    "netProfit" : -9.32
  }, {
    "date" : "2009-12-31",
    "sales" : 98.98,
    "salesGrowthYoY" : 56.71,
    "grossProfitMargin" : 16.93,
    "grossProfit" : 16.76,
    "operatingProfitMargin" : -1.72,
    "operatingProfit" : -1.70,
    "netProfitMargin" : -12.55,
    "netProfit" : -12.42
  }, {
    "date" : "2010-03-31",
    "sales" : 122.95,
    "salesGrowthYoY" : 207.53,
    "grossProfitMargin" : 22.49,
    "grossProfit" : 27.65,
    "operatingProfitMargin" : -2.64,
    "operatingProfit" : -3.25,
    "netProfitMargin" : -8.09,
    "netProfit" : -9.95
  }, {
    "date" : "2010-06-30",
    "sales" : 144.32,
    "salesGrowthYoY" : 86.68,
    "grossProfitMargin" : 18.73,
    "grossProfit" : 27.03,
    "operatingProfitMargin" : 1.51,
    "operatingProfit" : 2.18,
    "netProfitMargin" : -7.81,
    "netProfit" : -11.27
  }, {
    "date" : "2010-09-30",
    "sales" : 157.60,
    "salesGrowthYoY" : 118.10,
    "grossProfitMargin" : 21.33,
    "grossProfit" : 33.62,
    "operatingProfitMargin" : 2.35,
    "operatingProfit" : 3.70,
    "netProfitMargin" : -5.73,
    "netProfit" : -9.03
  }, {
    "date" : "2010-12-31",
    "sales" : 147.27,
    "salesGrowthYoY" : 48.79,
    "grossProfitMargin" : 18.52,
    "grossProfit" : 27.27,
    "operatingProfitMargin" : -0.07,
    "operatingProfit" : -0.10,
    "netProfitMargin" : -9.21,
    "netProfit" : -13.56
  }, {
    "date" : "2011-03-31",
    "sales" : 146.62,
    "salesGrowthYoY" : 19.25,
    "grossProfitMargin" : 15.56,
    "grossProfit" : 22.81,
    "operatingProfitMargin" : -3.79,
    "operatingProfit" : -5.56,
    "netProfitMargin" : -12.73,
    "netProfit" : -18.66
  }, {
    "date" : "2011-06-30",
    "sales" : 136.91,
    "salesGrowthYoY" : -5.13,
    "grossProfitMargin" : 19.06,
    "grossProfit" : 26.10,
    "operatingProfitMargin" : 1.45,
    "operatingProfit" : 1.99,
    "netProfitMargin" : -8.71,
    "netProfit" : -11.92
  }, {
    "date" : "2011-09-30",
    "sales" : 159.88,
    "salesGrowthYoY" : 1.45,
    "grossProfitMargin" : 22.45,
    "grossProfit" : 35.89,
    "operatingProfitMargin" : 4.53,
    "operatingProfit" : 7.24,
    "netProfitMargin" : -7.02,
    "netProfit" : -11.22
  }, {
    "date" : "2011-12-31",
    "sales" : 154.03,
    "salesGrowthYoY" : 4.59,
    "grossProfitMargin" : 20.55,
    "grossProfit" : 31.65,
    "operatingProfitMargin" : 1.92,
    "operatingProfit" : 2.96,
    "netProfitMargin" : -7.34,
    "netProfit" : -11.31
  }, {
    "date" : "2012-03-31",
    "sales" : 134.05,
    "salesGrowthYoY" : -8.57,
    "grossProfitMargin" : 12.05,
    "grossProfit" : 16.15,
    "operatingProfitMargin" : -3.42,
    "operatingProfit" : -4.58,
    "netProfitMargin" : -16.83,
    "netProfit" : -22.56
  }, {
    "date" : "2012-06-30",
    "sales" : 117.92,
    "salesGrowthYoY" : -13.87,
    "grossProfitMargin" : 16.58,
    "grossProfit" : 19.55,
    "operatingProfitMargin" : -3.81,
    "operatingProfit" : -4.49,
    "netProfitMargin" : -18.20,
    "netProfit" : -21.46
  }, {
    "date" : "2012-09-30",
    "sales" : 75.72,
    "salesGrowthYoY" : -52.64,
    "grossProfitMargin" : 12.08,
    "grossProfit" : 9.15,
    "operatingProfitMargin" : -12.81,
    "operatingProfit" : -9.70,
    "netProfitMargin" : -36.05,
    "netProfit" : -27.30
  }, {
    "date" : "2012-12-31",
    "sales" : 85.07,
    "salesGrowthYoY" : -44.77,
    "grossProfitMargin" : 13.96,
    "grossProfit" : 11.88,
    "operatingProfitMargin" : -7.17,
    "operatingProfit" : -6.10,
    "netProfitMargin" : -26.58,
    "netProfit" : -22.61
  }, {
    "date" : "2013-03-31",
    "sales" : 75.50,
    "salesGrowthYoY" : -43.68,
    "grossProfitMargin" : 14.64,
    "grossProfit" : 11.05,
    "operatingProfitMargin" : -6.49,
    "operatingProfit" : -4.90,
    "netProfitMargin" : -29.06,
    "netProfit" : -21.94
  }, {
    "date" : "2013-06-30",
    "sales" : 103.89,
    "salesGrowthYoY" : -11.90,
    "grossProfitMargin" : 18.11,
    "grossProfit" : 18.81,
    "operatingProfitMargin" : -1.22,
    "operatingProfit" : -1.27,
    "netProfitMargin" : -18.30,
    "netProfit" : -19.01
  }, {
    "date" : "2013-09-30",
    "sales" : 109.68,
    "salesGrowthYoY" : 44.85,
    "grossProfitMargin" : 17.81,
    "grossProfit" : 19.53,
    "operatingProfitMargin" : -0.51,
    "operatingProfit" : -0.56,
    "netProfitMargin" : -17.80,
    "netProfit" : -19.52
  }, {
    "date" : "2013-12-31",
    "sales" : 104.09,
    "salesGrowthYoY" : 22.36,
    "grossProfitMargin" : 15.28,
    "grossProfit" : 15.90,
    "operatingProfitMargin" : -0.34,
    "operatingProfit" : -0.35,
    "netProfitMargin" : -15.99,
    "netProfit" : -16.64
  }, {
    "date" : "2014-03-31",
    "sales" : 99.46,
    "salesGrowthYoY" : 31.74,
    "grossProfitMargin" : 19.43,
    "grossProfit" : 19.33,
    "operatingProfitMargin" : 3.28,
    "operatingProfit" : 3.26,
    "netProfitMargin" : -14.23,
    "netProfit" : -14.15
  }, {
    "date" : "2014-06-30",
    "sales" : 97.80,
    "salesGrowthYoY" : -5.86,
    "grossProfitMargin" : 14.55,
    "grossProfit" : 14.23,
    "operatingProfitMargin" : 0.50,
    "operatingProfit" : 0.49,
    "netProfitMargin" : -14.03,
    "netProfit" : -13.72
  }, {
    "date" : "2014-09-30",
    "sales" : 112.11,
    "salesGrowthYoY" : 2.22,
    "grossProfitMargin" : 10.55,
    "grossProfit" : 11.83,
    "operatingProfitMargin" : -5.13,
    "operatingProfit" : -5.75,
    "netProfitMargin" : -18.42,
    "netProfit" : -20.65
  }, {
    "date" : "2014-12-31",
    "sales" : 61.03,
    "salesGrowthYoY" : -41.37,
    "grossProfitMargin" : 13.89,
    "grossProfit" : 8.48,
    "operatingProfitMargin" : -7.75,
    "operatingProfit" : -4.73,
    "netProfitMargin" : -31.84,
    "netProfit" : -19.43
  }, {
    "date" : "2015-03-31",
    "sales" : 62.80,
    "salesGrowthYoY" : -36.86,
    "grossProfitMargin" : 17.20,
    "grossProfit" : 10.80,
    "operatingProfitMargin" : 1.34,
    "operatingProfit" : 0.84,
    "netProfitMargin" : -8.61,
    "netProfit" : -5.41
  }, {
    "date" : "2015-06-30",
    "sales" : 73.86,
    "salesGrowthYoY" : -24.48,
    "grossProfitMargin" : 17.18,
    "grossProfit" : 12.69,
    "operatingProfitMargin" : -1.41,
    "operatingProfit" : -1.04,
    "netProfitMargin" : -21.92,
    "netProfit" : -16.19
  }, {
    "date" : "2015-09-30",
    "sales" : 70.24,
    "salesGrowthYoY" : -37.35,
    "grossProfitMargin" : 13.38,
    "grossProfit" : 9.40,
    "operatingProfitMargin" : -6.65,
    "operatingProfit" : -4.67,
    "netProfitMargin" : -26.67,
    "netProfit" : -18.73
  }, {
    "date" : "2015-12-31",
    "sales" : 64.79,
    "salesGrowthYoY" : 6.16,
    "grossProfitMargin" : 19.77,
    "grossProfit" : 12.81,
    "operatingProfitMargin" : -3.80,
    "operatingProfit" : -2.46,
    "netProfitMargin" : -24.54,
    "netProfit" : -15.90
  }, {
    "date" : "2016-03-31",
    "sales" : 59.28,
    "salesGrowthYoY" : -5.61,
    "grossProfitMargin" : 14.10,
    "grossProfit" : 8.36,
    "operatingProfitMargin" : -8.00,
    "operatingProfit" : -4.74,
    "netProfitMargin" : -21.02,
    "netProfit" : -12.46
  }, {
    "date" : "2016-06-30",
    "sales" : 65.90,
    "salesGrowthYoY" : -10.78,
    "grossProfitMargin" : 19.82,
    "grossProfit" : 13.06,
    "operatingProfitMargin" : -0.03,
    "operatingProfit" : -0.02,
    "netProfitMargin" : -23.51,
    "netProfit" : -15.49
  }, {
    "date" : "2016-09-30",
    "sales" : 70.52,
    "salesGrowthYoY" : 0.40,
    "grossProfitMargin" : 30.97,
    "grossProfit" : 21.84,
    "operatingProfitMargin" : -0.75,
    "operatingProfit" : -0.53,
    "netProfitMargin" : -22.82,
    "netProfit" : -16.09
  }, {
    "date" : "2016-12-31",
    "sales" : 56.12,
    "salesGrowthYoY" : -13.38,
    "grossProfitMargin" : 6.06,
    "grossProfit" : 3.40,
    "operatingProfitMargin" : -13.24,
    "operatingProfit" : -7.43,
    "netProfitMargin" : -34.75,
    "netProfit" : -19.50
  }, {
    "date" : "2017-03-31",
    "sales" : 57.27,
    "salesGrowthYoY" : -3.39,
    "grossProfitMargin" : 23.36,
    "grossProfit" : 13.38,
    "operatingProfitMargin" : -8.10,
    "operatingProfit" : -4.64,
    "netProfitMargin" : -29.49,
    "netProfit" : -16.89
  }, {
    "date" : "2017-06-30",
    "sales" : 39.07,
    "salesGrowthYoY" : -40.71,
    "grossProfitMargin" : 24.52,
    "grossProfit" : 9.58,
    "operatingProfitMargin" : 1.46,
    "operatingProfit" : 0.57,
    "netProfitMargin" : -26.87,
    "netProfit" : -10.50
  }, {
    "date" : "2017-09-30",
    "sales" : 12.54,
    "salesGrowthYoY" : -82.22,
    "grossProfitMargin" : -8.05,
    "grossProfit" : -1.01,
    "operatingProfitMargin" : -66.03,
    "operatingProfit" : -8.28,
    "netProfitMargin" : -169.62,
    "netProfit" : -21.27
  }, {
    "date" : "2017-12-31",
    "sales" : 82.30,
    "salesGrowthYoY" : 46.65,
    "grossProfitMargin" : 17.70,
    "grossProfit" : 14.57,
    "operatingProfitMargin" : -1.90,
    "operatingProfit" : -1.56,
    "netProfitMargin" : -16.90,
    "netProfit" : -13.91
  }, {
    "date" : "2018-03-31",
    "sales" : 101.36,
    "salesGrowthYoY" : 76.99,
    "grossProfitMargin" : 17.77,
    "grossProfit" : 18.01,
    "operatingProfitMargin" : -1.45,
    "operatingProfit" : -1.47,
    "netProfitMargin" : -13.63,
    "netProfit" : -13.82
  }, {
    "date" : "2018-06-30",
    "sales" : 110.46,
    "salesGrowthYoY" : 182.72,
    "grossProfitMargin" : 18.93,
    "grossProfit" : 20.91,
    "operatingProfitMargin" : -5.21,
    "operatingProfit" : -5.75,
    "netProfitMargin" : -9.79,
    "netProfit" : -10.81
  }, {
    "date" : "2018-09-30",
    "sales" : 130.06,
    "salesGrowthYoY" : 937.16,
    "grossProfitMargin" : 15.46,
    "grossProfit" : 20.11,
    "operatingProfitMargin" : -8.94,
    "operatingProfit" : -11.63,
    "netProfitMargin" : -10.80,
    "netProfit" : -14.05
  }, {
    "date" : "2018-12-31",
    "sales" : 116.69,
    "salesGrowthYoY" : 41.79,
    "grossProfitMargin" : 15.37,
    "grossProfit" : 17.94,
    "operatingProfitMargin" : -13.04,
    "operatingProfit" : -15.22,
    "netProfitMargin" : -15.26,
    "netProfit" : -17.81
  }, {
    "date" : "2019-03-31",
    "sales" : 79.00,
    "salesGrowthYoY" : -22.06,
    "grossProfitMargin" : 27.42,
    "grossProfit" : 21.66,
    "operatingProfitMargin" : -6.11,
    "operatingProfit" : -4.83,
    "netProfitMargin" : -8.78,
    "netProfit" : -6.94
  }, {
    "date" : "2019-06-30",
    "sales" : 114.07,
    "salesGrowthYoY" : 3.27,
    "grossProfitMargin" : 16.31,
    "grossProfit" : 18.60,
    "operatingProfitMargin" : -3.38,
    "operatingProfit" : -3.86,
    "netProfitMargin" : -6.91,
    "netProfit" : -7.88
  }, {
    "date" : "2019-09-30",
    "sales" : 63.26,
    "salesGrowthYoY" : -51.36,
    "grossProfitMargin" : 9.12,
    "grossProfit" : 5.77,
    "operatingProfitMargin" : -23.60,
    "operatingProfit" : -14.93,
    "netProfitMargin" : -34.05,
    "netProfit" : -21.54
  }, {
    "date" : "2019-12-31",
    "sales" : 63.15,
    "salesGrowthYoY" : -45.88,
    "grossProfitMargin" : -1.66,
    "grossProfit" : -1.05,
    "operatingProfitMargin" : -37.40,
    "operatingProfit" : -23.62,
    "netProfitMargin" : -48.93,
    "netProfit" : -30.90
  }, {
    "date" : "2020-03-31",
    "sales" : 54.68,
    "salesGrowthYoY" : -30.78,
    "grossProfitMargin" : -15.56,
    "grossProfit" : -8.51,
    "operatingProfitMargin" : -52.41,
    "operatingProfit" : -28.66,
    "netProfitMargin" : -57.86,
    "netProfit" : -31.64
  }, {
    "date" : "2020-06-30",
    "sales" : 18.18,
    "salesGrowthYoY" : -84.06,
    "grossProfitMargin" : 26.79,
    "grossProfit" : 4.87,
    "operatingProfitMargin" : -19.36,
    "operatingProfit" : -3.52,
    "netProfitMargin" : -57.54,
    "netProfit" : -10.46
  }, {
    "date" : "2020-09-30",
    "sales" : 29.43,
    "salesGrowthYoY" : -53.48,
    "grossProfitMargin" : 15.53,
    "grossProfit" : 4.57,
    "operatingProfitMargin" : -15.77,
    "operatingProfit" : -4.64,
    "netProfitMargin" : -35.98,
    "netProfit" : -10.59
  }, {
    "date" : "2020-12-31",
    "sales" : 17.83,
    "salesGrowthYoY" : -71.77,
    "grossProfitMargin" : 27.87,
    "grossProfit" : 4.97,
    "operatingProfitMargin" : -43.19,
    "operatingProfit" : -7.70,
    "netProfitMargin" : -75.77,
    "netProfit" : -13.51
  }, {
    "date" : "2021-03-31",
    "sales" : 27.99,
    "salesGrowthYoY" : -48.81,
    "grossProfitMargin" : 32.19,
    "grossProfit" : 9.01,
    "operatingProfitMargin" : -16.08,
    "operatingProfit" : -4.50,
    "netProfitMargin" : -34.80,
    "netProfit" : -9.74
  }, {
    "date" : "2021-06-30",
    "sales" : 18.43,
    "salesGrowthYoY" : 1.38,
    "grossProfitMargin" : 22.35,
    "grossProfit" : 4.12,
    "operatingProfitMargin" : -34.07,
    "operatingProfit" : -6.28,
    "netProfitMargin" : -71.13,
    "netProfit" : -13.11
  }, {
    "date" : "2021-09-30",
    "sales" : 20.71,
    "salesGrowthYoY" : -29.63,
    "grossProfitMargin" : 32.59,
    "grossProfit" : 6.75,
    "operatingProfitMargin" : -21.00,
    "operatingProfit" : -4.35,
    "netProfitMargin" : -53.84,
    "netProfit" : -11.15
  }, {
    "date" : "2021-12-31",
    "sales" : 39.71,
    "salesGrowthYoY" : 122.71,
    "grossProfitMargin" : 34.63,
    "grossProfit" : 13.75,
    "operatingProfitMargin" : -7.20,
    "operatingProfit" : -2.86,
    "netProfitMargin" : -22.87,
    "netProfit" : -9.08
  }, {
    "date" : "2022-03-31",
    "sales" : 84.44,
    "salesGrowthYoY" : 201.68,
    "grossProfitMargin" : 19.49,
    "grossProfit" : 16.46,
    "operatingProfitMargin" : -5.81,
    "operatingProfit" : -4.91,
    "netProfitMargin" : 2.33,
    "netProfit" : 1.97
  }, {
    "date" : "2022-06-30",
    "sales" : 81.76,
    "salesGrowthYoY" : 343.62,
    "grossProfitMargin" : 22.22,
    "grossProfit" : 18.17,
    "operatingProfitMargin" : -3.49,
    "operatingProfit" : -2.85,
    "netProfitMargin" : -9.74,
    "netProfit" : -7.96
  }, {
    "date" : "2022-09-30",
    "sales" : 87.09,
    "salesGrowthYoY" : 320.52,
    "grossProfitMargin" : 25.49,
    "grossProfit" : 22.20,
    "operatingProfitMargin" : -7.33,
    "operatingProfit" : -6.38,
    "netProfitMargin" : -12.30,
    "netProfit" : -10.71
  }, {
    "date" : "2022-12-31",
    "sales" : 111.18,
    "salesGrowthYoY" : 179.98,
    "grossProfitMargin" : 29.00,
    "grossProfit" : 32.24,
    "operatingProfitMargin" : 7.08,
    "operatingProfit" : 7.87,
    "netProfitMargin" : -2.81,
    "netProfit" : -3.12
  }, {
    "date" : "2023-03-31",
    "sales" : 137.80,
    "salesGrowthYoY" : 63.19,
    "grossProfitMargin" : 35.36,
    "grossProfit" : 48.73,
    "operatingProfitMargin" : 13.12,
    "operatingProfit" : 18.08,
    "netProfitMargin" : 5.85,
    "netProfit" : 8.06
  }, {
    "date" : "2023-06-30",
    "sales" : 162.83,
    "salesGrowthYoY" : 99.16,
    "grossProfitMargin" : 30.36,
    "grossProfit" : 49.44,
    "operatingProfitMargin" : 12.18,
    "operatingProfit" : 19.83,
    "netProfitMargin" : 6.84,
    "netProfit" : 11.14
  }, {
    "date" : "2023-09-30",
    "sales" : 207.82,
    "salesGrowthYoY" : 138.63,
    "grossProfitMargin" : 23.66,
    "grossProfit" : 49.17,
    "operatingProfitMargin" : 5.77,
    "operatingProfit" : 11.99,
    "netProfitMargin" : 2.50,
    "netProfit" : 5.20
  }, {
    "date" : "2023-12-31",
    "sales" : 174.75,
    "salesGrowthYoY" : 57.18,
    "grossProfitMargin" : 26.54,
    "grossProfit" : 46.38,
    "operatingProfitMargin" : 6.82,
    "operatingProfit" : 11.92,
    "netProfitMargin" : 3.49,
    "netProfit" : 6.10
  }, {
    "date" : "2024-03-31",
    "sales" : 151.27,
    "salesGrowthYoY" : 9.78,
    "grossProfitMargin" : 33.66,
    "grossProfit" : 50.92,
    "operatingProfitMargin" : 7.98,
    "operatingProfit" : 12.07,
    "netProfitMargin" : 26.46,
    "netProfit" : 40.03
  }, {
    "date" : "2024-06-30",
    "sales" : 162.10,
    "salesGrowthYoY" : -0.45,
    "grossProfitMargin" : 30.74,
    "grossProfit" : 49.83,
    "operatingProfitMargin" : 6.69,
    "operatingProfit" : 10.84,
    "netProfitMargin" : 1.20,
    "netProfit" : 1.95
  }, {
    "date" : "2024-09-30",
    "sales" : 167.42,
    "salesGrowthYoY" : -19.44,
    "grossProfitMargin" : 25.04,
    "grossProfit" : 41.92,
    "operatingProfitMargin" : 1.65,
    "operatingProfit" : 2.76,
    "netProfitMargin" : -3.79,
    "netProfit" : -6.35
  }, {
    "date" : "2024-12-31",
    "sales" : 194.05,
    "salesGrowthYoY" : 11.04,
    "grossProfitMargin" : 25.75,
    "grossProfit" : 49.97,
    "operatingProfitMargin" : 3.84,
    "operatingProfit" : 7.45,
    "netProfitMargin" : -1.86,
    "netProfit" : -3.61
  }, {
    "date" : "2025-03-31",
    "sales" : 200.15,
    "salesGrowthYoY" : 32.31,
    "grossProfitMargin" : 24.97,
    "grossProfit" : 49.98,
    "operatingProfitMargin" : 4.86,
    "operatingProfit" : 9.73,
    "netProfitMargin" : 1.78,
    "netProfit" : 3.56
  }, {
    "date" : "2025-06-30",
    "sales" : 201.32,
    "salesGrowthYoY" : 24.19,
    "grossProfitMargin" : 18.56,
    "grossProfit" : 37.36,
    "operatingProfitMargin" : 2.14,
    "operatingProfit" : 4.31,
    "netProfitMargin" : -0.37,
    "netProfit" : -0.74
  }, {
    "date" : "2025-09-30",
    "sales" : 239.08,
    "salesGrowthYoY" : 42.80,
    "grossProfitMargin" : 22.43,
    "grossProfit" : 53.63,
    "operatingProfitMargin" : 6.05,
    "operatingProfit" : 14.46,
    "netProfitMargin" : 4.04,
    "netProfit" : 9.66
  }, {
    "date" : "2025-12-31",
    "sales" : 226.05,
    "salesGrowthYoY" : 16.49,
    "grossProfitMargin" : 26.11,
    "grossProfit" : 59.02,
    "operatingProfitMargin" : 7.50,
    "operatingProfit" : 16.95,
    "netProfitMargin" : 4.21,
    "netProfit" : 9.52
  } ],
  "latestQuarterlyResult" : {
    "date" : "2025-12-31",
    "sales" : 226.05,
    "salesGrowthYoY" : 16.49,
    "grossProfitMargin" : 26.11,
    "grossProfit" : 59.02,
    "operatingProfitMargin" : 7.50,
    "operatingProfit" : 16.95,
    "netProfitMargin" : 4.21,
    "netProfit" : 9.52
  },
  "companyScore" : {
    "priceHigherThanDma50" : 5.00,
    "priceHigherThanDma100" : 0.00,
    "priceHigherThanDma200" : 5.00,
    "dma50HigherThanDma100" : 0.00,
    "dma50HigherThanDma200" : 5.00,
    "dma100HigherThanDma200" : 5.00,
    "pricePercentageAboveDma50" : 4.95,
    "pricePercentageAboveDma100" : 5.00,
    "pricePercentageAboveDma200" : 4.89,
    "weeklyVolumeHigherThanYearlyVolume" : 5.00,
    "salesGrowthPercentile" : 11.75,
    "operatingProfitMarginPercentile" : 19.29,
    "netProfitMarginPercentile" : 9.52,
    "totalTechnicalScore" : 39.84,
    "totalFundamentalScore" : 40.56,
    "totalScore" : 80.40
  }
}