{
  "metadata" : {
    "screenerCompanyId" : "2276",
    "companyCode" : "500307",
    "companyName" : "Nirlon",
    "screenerCompanyLink" : "https://www.screener.in/company/500307",
    "screenerTechnicalHistoryLink" : "https://www.screener.in/api/company/2276/chart/?q=Price-DMA50-DMA200-Volume&days=365",
    "screenerQuarterlyResultsLink" : "https://www.screener.in/api/company/2276/chart/?q=GPM-OPM-NPM-Quarter+Sales&days=10000",
    "attributes" : {
      "companyCode" : "500307",
      "companyName" : "Nirlon",
      "marketCap" : 4512.00,
      "peRatio" : 14.20,
      "description" : "Nirlon Ltd is in business of development and management of the Industrial Park / Information Technology (IT) Park, i.e. Nirlon Knowledge Park (NKP) - Goregaon (East), Mumbai[1] It was a pioneer in manufacturing of synthetic yarns and industrial rubber products. However, from 1988 to 2006, Nirlon successfully underwent bankruptcy restructuring. Nirlon commenced development of Nirlon Knowledge Park in 2006.[2]"
    },
    "companyScore" : {
      "priceHigherThanDma50" : 0.00,
      "priceHigherThanDma100" : 0.00,
      "priceHigherThanDma200" : 0.00,
      "dma50HigherThanDma100" : 0.00,
      "dma50HigherThanDma200" : 5.00,
      "dma100HigherThanDma200" : 5.00,
      "pricePercentageAboveDma50" : 5.10,
      "pricePercentageAboveDma100" : 5.21,
      "pricePercentageAboveDma200" : 5.08,
      "weeklyVolumeHigherThanYearlyVolume" : 0.00,
      "salesGrowthPercentile" : 4.56,
      "operatingProfitMarginPercentile" : 19.20,
      "netProfitMarginPercentile" : 9.76,
      "totalTechnicalScore" : 25.39,
      "totalFundamentalScore" : 33.52,
      "totalScore" : 58.91
    }
  },
  "attributes" : {
    "companyCode" : "500307",
    "companyName" : "Nirlon",
    "marketCap" : 4512.00,
    "peRatio" : 14.20,
    "description" : "Nirlon Ltd is in business of development and management of the Industrial Park / Information Technology (IT) Park, i.e. Nirlon Knowledge Park (NKP) - Goregaon (East), Mumbai[1] It was a pioneer in manufacturing of synthetic yarns and industrial rubber products. However, from 1988 to 2006, Nirlon successfully underwent bankruptcy restructuring. Nirlon commenced development of Nirlon Knowledge Park in 2006.[2]"
  },
  "technicalHistory" : [ {
    "date" : "2024-11-27",
    "price" : 423.15,
    "dma50" : 418.28,
    "dma100" : null,
    "dma200" : 421.50,
    "volume" : 12404.00
  }, {
    "date" : "2024-11-28",
    "price" : 430.05,
    "dma50" : 418.74,
    "dma100" : null,
    "dma200" : 421.58,
    "volume" : 18055.00
  }, {
    "date" : "2024-11-29",
    "price" : 430.65,
    "dma50" : 419.21,
    "dma100" : null,
    "dma200" : 421.67,
    "volume" : 17043.00
  }, {
    "date" : "2024-12-02",
    "price" : 429.15,
    "dma50" : 419.60,
    "dma100" : null,
    "dma200" : 421.75,
    "volume" : 6662.00
  }, {
    "date" : "2024-12-03",
    "price" : 429.75,
    "dma50" : 419.99,
    "dma100" : null,
    "dma200" : 421.83,
    "volume" : 6650.00
  }, {
    "date" : "2024-12-04",
    "price" : 430.15,
    "dma50" : 420.39,
    "dma100" : null,
    "dma200" : 421.91,
    "volume" : 7380.00
  }, {
    "date" : "2024-12-05",
    "price" : 429.80,
    "dma50" : 420.76,
    "dma100" : null,
    "dma200" : 421.99,
    "volume" : 5317.00
  }, {
    "date" : "2024-12-06",
    "price" : 430.05,
    "dma50" : 421.13,
    "dma100" : null,
    "dma200" : 422.07,
    "volume" : 7341.00
  }, {
    "date" : "2024-12-09",
    "price" : 425.25,
    "dma50" : 421.29,
    "dma100" : null,
    "dma200" : 422.10,
    "volume" : 20437.00
  }, {
    "date" : "2024-12-10",
    "price" : 428.95,
    "dma50" : 421.59,
    "dma100" : null,
    "dma200" : 422.17,
    "volume" : 13318.00
  }, {
    "date" : "2024-12-11",
    "price" : 427.40,
    "dma50" : 421.82,
    "dma100" : null,
    "dma200" : 422.22,
    "volume" : 11417.00
  }, {
    "date" : "2024-12-12",
    "price" : 432.20,
    "dma50" : 422.22,
    "dma100" : null,
    "dma200" : 422.32,
    "volume" : 14826.00
  }, {
    "date" : "2024-12-13",
    "price" : 433.40,
    "dma50" : 422.66,
    "dma100" : null,
    "dma200" : 422.43,
    "volume" : 12124.00
  }, {
    "date" : "2024-12-16",
    "price" : 433.50,
    "dma50" : 423.09,
    "dma100" : null,
    "dma200" : 422.54,
    "volume" : 14978.00
  }, {
    "date" : "2024-12-17",
    "price" : 433.15,
    "dma50" : 423.48,
    "dma100" : null,
    "dma200" : 422.65,
    "volume" : 6306.00
  }, {
    "date" : "2024-12-18",
    "price" : 433.85,
    "dma50" : 423.89,
    "dma100" : null,
    "dma200" : 422.76,
    "volume" : 10351.00
  }, {
    "date" : "2024-12-19",
    "price" : 430.55,
    "dma50" : 424.15,
    "dma100" : null,
    "dma200" : 422.84,
    "volume" : 11101.00
  }, {
    "date" : "2024-12-20",
    "price" : 432.20,
    "dma50" : 424.46,
    "dma100" : null,
    "dma200" : 422.93,
    "volume" : 10387.00
  }, {
    "date" : "2024-12-23",
    "price" : 429.35,
    "dma50" : 424.66,
    "dma100" : null,
    "dma200" : 422.99,
    "volume" : 10668.00
  }, {
    "date" : "2024-12-24",
    "price" : 427.25,
    "dma50" : 424.76,
    "dma100" : null,
    "dma200" : 423.04,
    "volume" : 10605.00
  }, {
    "date" : "2024-12-26",
    "price" : 435.90,
    "dma50" : 425.19,
    "dma100" : null,
    "dma200" : 423.16,
    "volume" : 6254.00
  }, {
    "date" : "2024-12-27",
    "price" : 450.45,
    "dma50" : 426.19,
    "dma100" : null,
    "dma200" : 423.43,
    "volume" : 36257.00
  }, {
    "date" : "2024-12-30",
    "price" : 473.65,
    "dma50" : 428.05,
    "dma100" : null,
    "dma200" : 423.93,
    "volume" : 62821.00
  }, {
    "date" : "2024-12-31",
    "price" : 503.30,
    "dma50" : 431.00,
    "dma100" : null,
    "dma200" : 424.72,
    "volume" : 273985.00
  }, {
    "date" : "2025-01-01",
    "price" : 500.60,
    "dma50" : 433.73,
    "dma100" : null,
    "dma200" : 425.48,
    "volume" : 40389.00
  }, {
    "date" : "2025-01-02",
    "price" : 498.30,
    "dma50" : 436.26,
    "dma100" : null,
    "dma200" : 426.20,
    "volume" : 22817.00
  }, {
    "date" : "2025-01-03",
    "price" : 488.85,
    "dma50" : 438.32,
    "dma100" : null,
    "dma200" : 426.83,
    "volume" : 10950.00
  }, {
    "date" : "2025-01-06",
    "price" : 483.30,
    "dma50" : 440.09,
    "dma100" : null,
    "dma200" : 427.39,
    "volume" : 26227.00
  }, {
    "date" : "2025-01-07",
    "price" : 485.90,
    "dma50" : 441.88,
    "dma100" : null,
    "dma200" : 427.97,
    "volume" : 11964.00
  }, {
    "date" : "2025-01-08",
    "price" : 489.55,
    "dma50" : 443.75,
    "dma100" : null,
    "dma200" : 428.58,
    "volume" : 10733.00
  }, {
    "date" : "2025-01-09",
    "price" : 498.95,
    "dma50" : 445.92,
    "dma100" : null,
    "dma200" : 429.28,
    "volume" : 30991.00
  }, {
    "date" : "2025-01-10",
    "price" : 485.35,
    "dma50" : 447.46,
    "dma100" : null,
    "dma200" : 429.84,
    "volume" : 35066.00
  }, {
    "date" : "2025-01-13",
    "price" : 481.25,
    "dma50" : 448.79,
    "dma100" : null,
    "dma200" : 430.35,
    "volume" : 54390.00
  }, {
    "date" : "2025-01-14",
    "price" : 498.50,
    "dma50" : 450.74,
    "dma100" : null,
    "dma200" : 431.03,
    "volume" : 30367.00
  }, {
    "date" : "2025-01-15",
    "price" : 499.80,
    "dma50" : 452.66,
    "dma100" : null,
    "dma200" : 431.72,
    "volume" : 11316.00
  }, {
    "date" : "2025-01-16",
    "price" : 518.00,
    "dma50" : 455.22,
    "dma100" : null,
    "dma200" : 432.57,
    "volume" : 37046.00
  }, {
    "date" : "2025-01-17",
    "price" : 512.65,
    "dma50" : 457.48,
    "dma100" : null,
    "dma200" : 433.37,
    "volume" : 14128.00
  }, {
    "date" : "2025-01-20",
    "price" : 515.35,
    "dma50" : 459.75,
    "dma100" : null,
    "dma200" : 434.19,
    "volume" : 11354.00
  }, {
    "date" : "2025-01-21",
    "price" : 503.60,
    "dma50" : 461.46,
    "dma100" : null,
    "dma200" : 434.88,
    "volume" : 24926.00
  }, {
    "date" : "2025-01-22",
    "price" : 500.10,
    "dma50" : 462.98,
    "dma100" : null,
    "dma200" : 435.53,
    "volume" : 8663.00
  }, {
    "date" : "2025-01-23",
    "price" : 499.65,
    "dma50" : 464.42,
    "dma100" : null,
    "dma200" : 436.16,
    "volume" : 12788.00
  }, {
    "date" : "2025-01-24",
    "price" : 500.25,
    "dma50" : 465.82,
    "dma100" : null,
    "dma200" : 436.80,
    "volume" : 10634.00
  }, {
    "date" : "2025-01-27",
    "price" : 504.55,
    "dma50" : 467.34,
    "dma100" : null,
    "dma200" : 437.48,
    "volume" : 46033.00
  }, {
    "date" : "2025-01-28",
    "price" : 500.80,
    "dma50" : 468.65,
    "dma100" : null,
    "dma200" : 438.11,
    "volume" : 14592.00
  }, {
    "date" : "2025-01-29",
    "price" : 505.30,
    "dma50" : 470.09,
    "dma100" : null,
    "dma200" : 438.77,
    "volume" : 10848.00
  }, {
    "date" : "2025-01-30",
    "price" : 504.60,
    "dma50" : 471.44,
    "dma100" : null,
    "dma200" : 439.43,
    "volume" : 143826.00
  }, {
    "date" : "2025-01-31",
    "price" : 506.85,
    "dma50" : 472.83,
    "dma100" : null,
    "dma200" : 440.10,
    "volume" : 5970.00
  }, {
    "date" : "2025-02-01",
    "price" : 507.10,
    "dma50" : 474.18,
    "dma100" : null,
    "dma200" : 440.77,
    "volume" : 11654.00
  }, {
    "date" : "2025-02-03",
    "price" : 511.20,
    "dma50" : 475.63,
    "dma100" : null,
    "dma200" : 441.47,
    "volume" : 38518.00
  }, {
    "date" : "2025-02-04",
    "price" : 509.60,
    "dma50" : 476.96,
    "dma100" : null,
    "dma200" : 442.15,
    "volume" : 8501.00
  }, {
    "date" : "2025-02-05",
    "price" : 509.70,
    "dma50" : 478.24,
    "dma100" : null,
    "dma200" : 442.82,
    "volume" : 5086.00
  }, {
    "date" : "2025-02-06",
    "price" : 509.35,
    "dma50" : 479.46,
    "dma100" : null,
    "dma200" : 443.48,
    "volume" : 1946.00
  }, {
    "date" : "2025-02-07",
    "price" : 519.90,
    "dma50" : 481.05,
    "dma100" : null,
    "dma200" : 444.24,
    "volume" : 12060.00
  }, {
    "date" : "2025-02-10",
    "price" : 512.10,
    "dma50" : 482.27,
    "dma100" : null,
    "dma200" : 444.92,
    "volume" : 12565.00
  }, {
    "date" : "2025-02-11",
    "price" : 510.10,
    "dma50" : 483.36,
    "dma100" : null,
    "dma200" : 445.56,
    "volume" : 30777.00
  }, {
    "date" : "2025-02-12",
    "price" : 509.75,
    "dma50" : 484.39,
    "dma100" : null,
    "dma200" : 446.20,
    "volume" : 7599.00
  }, {
    "date" : "2025-02-13",
    "price" : 510.45,
    "dma50" : 485.42,
    "dma100" : null,
    "dma200" : 446.84,
    "volume" : 14584.00
  }, {
    "date" : "2025-02-14",
    "price" : 510.10,
    "dma50" : 486.38,
    "dma100" : null,
    "dma200" : 447.47,
    "volume" : 77675.00
  }, {
    "date" : "2025-02-17",
    "price" : 505.70,
    "dma50" : 487.14,
    "dma100" : null,
    "dma200" : 448.05,
    "volume" : 23443.00
  }, {
    "date" : "2025-02-18",
    "price" : 505.25,
    "dma50" : 487.85,
    "dma100" : null,
    "dma200" : 448.62,
    "volume" : 43678.00
  }, {
    "date" : "2025-02-19",
    "price" : 511.90,
    "dma50" : 488.79,
    "dma100" : null,
    "dma200" : 449.25,
    "volume" : 52831.00
  }, {
    "date" : "2025-02-20",
    "price" : 514.55,
    "dma50" : 489.80,
    "dma100" : null,
    "dma200" : 449.90,
    "volume" : 34365.00
  }, {
    "date" : "2025-02-21",
    "price" : 507.45,
    "dma50" : 490.50,
    "dma100" : null,
    "dma200" : 450.47,
    "volume" : 26598.00
  }, {
    "date" : "2025-02-24",
    "price" : 500.15,
    "dma50" : 490.88,
    "dma100" : null,
    "dma200" : 450.97,
    "volume" : 29903.00
  }, {
    "date" : "2025-02-25",
    "price" : 496.40,
    "dma50" : 491.09,
    "dma100" : null,
    "dma200" : 451.42,
    "volume" : 10218.00
  }, {
    "date" : "2025-02-27",
    "price" : 489.85,
    "dma50" : 491.04,
    "dma100" : null,
    "dma200" : 451.80,
    "volume" : 11740.00
  }, {
    "date" : "2025-02-28",
    "price" : 489.80,
    "dma50" : 490.99,
    "dma100" : null,
    "dma200" : 452.18,
    "volume" : 86365.00
  }, {
    "date" : "2025-03-03",
    "price" : 490.25,
    "dma50" : 490.97,
    "dma100" : null,
    "dma200" : 452.56,
    "volume" : 13769.00
  }, {
    "date" : "2025-03-04",
    "price" : 490.00,
    "dma50" : 490.93,
    "dma100" : null,
    "dma200" : 452.93,
    "volume" : 4736.00
  }, {
    "date" : "2025-03-05",
    "price" : 494.85,
    "dma50" : 491.08,
    "dma100" : null,
    "dma200" : 453.35,
    "volume" : 57790.00
  }, {
    "date" : "2025-03-06",
    "price" : 496.10,
    "dma50" : 491.28,
    "dma100" : null,
    "dma200" : 453.77,
    "volume" : 4717.00
  }, {
    "date" : "2025-03-07",
    "price" : 496.25,
    "dma50" : 491.47,
    "dma100" : null,
    "dma200" : 454.20,
    "volume" : 3924.00
  }, {
    "date" : "2025-03-10",
    "price" : 500.00,
    "dma50" : 491.81,
    "dma100" : null,
    "dma200" : 454.65,
    "volume" : 27566.00
  }, {
    "date" : "2025-03-11",
    "price" : 496.50,
    "dma50" : 491.99,
    "dma100" : null,
    "dma200" : 455.07,
    "volume" : 27761.00
  }, {
    "date" : "2025-03-12",
    "price" : 500.00,
    "dma50" : 492.31,
    "dma100" : null,
    "dma200" : 455.52,
    "volume" : 28975.00
  }, {
    "date" : "2025-03-13",
    "price" : 496.00,
    "dma50" : 492.45,
    "dma100" : null,
    "dma200" : 455.92,
    "volume" : 51041.00
  }, {
    "date" : "2025-03-17",
    "price" : 499.65,
    "dma50" : 492.73,
    "dma100" : null,
    "dma200" : 456.35,
    "volume" : 31709.00
  }, {
    "date" : "2025-03-18",
    "price" : 501.30,
    "dma50" : 493.07,
    "dma100" : null,
    "dma200" : 456.80,
    "volume" : 3285.00
  }, {
    "date" : "2025-03-19",
    "price" : 500.00,
    "dma50" : 493.34,
    "dma100" : null,
    "dma200" : 457.23,
    "volume" : 55099.00
  }, {
    "date" : "2025-03-20",
    "price" : 500.00,
    "dma50" : 493.60,
    "dma100" : null,
    "dma200" : 457.66,
    "volume" : 29770.00
  }, {
    "date" : "2025-03-21",
    "price" : 500.00,
    "dma50" : 493.85,
    "dma100" : null,
    "dma200" : 458.08,
    "volume" : 26485.00
  }, {
    "date" : "2025-03-24",
    "price" : 500.00,
    "dma50" : 494.09,
    "dma100" : null,
    "dma200" : 458.49,
    "volume" : 56597.00
  }, {
    "date" : "2025-03-25",
    "price" : 498.00,
    "dma50" : 494.25,
    "dma100" : null,
    "dma200" : 458.89,
    "volume" : 185465.00
  }, {
    "date" : "2025-03-26",
    "price" : 500.05,
    "dma50" : 494.47,
    "dma100" : null,
    "dma200" : 459.30,
    "volume" : 43718.00
  }, {
    "date" : "2025-03-27",
    "price" : 500.10,
    "dma50" : 494.70,
    "dma100" : null,
    "dma200" : 459.70,
    "volume" : 76835.00
  }, {
    "date" : "2025-03-28",
    "price" : 511.90,
    "dma50" : 495.37,
    "dma100" : null,
    "dma200" : 460.22,
    "volume" : 13503.00
  }, {
    "date" : "2025-04-01",
    "price" : 534.35,
    "dma50" : 496.90,
    "dma100" : null,
    "dma200" : 460.96,
    "volume" : 58390.00
  }, {
    "date" : "2025-04-02",
    "price" : 541.30,
    "dma50" : 498.64,
    "dma100" : null,
    "dma200" : 461.76,
    "volume" : 50112.00
  }, {
    "date" : "2025-04-03",
    "price" : 541.95,
    "dma50" : 500.34,
    "dma100" : null,
    "dma200" : 462.56,
    "volume" : 26382.00
  }, {
    "date" : "2025-04-04",
    "price" : 540.60,
    "dma50" : 501.92,
    "dma100" : null,
    "dma200" : 463.33,
    "volume" : 10194.00
  }, {
    "date" : "2025-04-07",
    "price" : 527.50,
    "dma50" : 502.92,
    "dma100" : null,
    "dma200" : 463.97,
    "volume" : 37918.00
  }, {
    "date" : "2025-04-08",
    "price" : 536.05,
    "dma50" : 504.22,
    "dma100" : null,
    "dma200" : 464.69,
    "volume" : 12620.00
  }, {
    "date" : "2025-04-09",
    "price" : 532.95,
    "dma50" : 505.35,
    "dma100" : null,
    "dma200" : 465.37,
    "volume" : 11531.00
  }, {
    "date" : "2025-04-11",
    "price" : 530.15,
    "dma50" : 506.32,
    "dma100" : null,
    "dma200" : 466.01,
    "volume" : 18614.00
  }, {
    "date" : "2025-04-15",
    "price" : 529.75,
    "dma50" : 507.24,
    "dma100" : null,
    "dma200" : 466.65,
    "volume" : 21504.00
  }, {
    "date" : "2025-04-16",
    "price" : 530.00,
    "dma50" : 508.13,
    "dma100" : null,
    "dma200" : 467.28,
    "volume" : 9218.00
  }, {
    "date" : "2025-04-17",
    "price" : 538.65,
    "dma50" : 509.33,
    "dma100" : null,
    "dma200" : 467.99,
    "volume" : 15025.00
  }, {
    "date" : "2025-04-21",
    "price" : 529.10,
    "dma50" : 510.10,
    "dma100" : null,
    "dma200" : 468.60,
    "volume" : 18233.00
  }, {
    "date" : "2025-04-22",
    "price" : 527.95,
    "dma50" : 510.80,
    "dma100" : null,
    "dma200" : 469.19,
    "volume" : 15650.00
  }, {
    "date" : "2025-04-23",
    "price" : 526.30,
    "dma50" : 511.41,
    "dma100" : null,
    "dma200" : 469.75,
    "volume" : 8742.00
  }, {
    "date" : "2025-04-24",
    "price" : 528.55,
    "dma50" : 512.08,
    "dma100" : 491.28,
    "dma200" : 470.34,
    "volume" : 7202.00
  }, {
    "date" : "2025-04-25",
    "price" : 507.15,
    "dma50" : 511.89,
    "dma100" : 492.06,
    "dma200" : 470.71,
    "volume" : 35360.00
  }, {
    "date" : "2025-04-28",
    "price" : 518.05,
    "dma50" : 512.13,
    "dma100" : 492.93,
    "dma200" : 471.18,
    "volume" : 31543.00
  }, {
    "date" : "2025-04-29",
    "price" : 525.80,
    "dma50" : 512.67,
    "dma100" : 493.90,
    "dma200" : 471.72,
    "volume" : 51721.00
  }, {
    "date" : "2025-04-30",
    "price" : 525.00,
    "dma50" : 513.15,
    "dma100" : 494.85,
    "dma200" : 472.25,
    "volume" : 19706.00
  }, {
    "date" : "2025-05-02",
    "price" : 528.25,
    "dma50" : 513.74,
    "dma100" : 495.83,
    "dma200" : 472.81,
    "volume" : 10966.00
  }, {
    "date" : "2025-05-05",
    "price" : 530.05,
    "dma50" : 514.38,
    "dma100" : 496.83,
    "dma200" : 473.38,
    "volume" : 5392.00
  }, {
    "date" : "2025-05-06",
    "price" : 530.10,
    "dma50" : 515.00,
    "dma100" : 497.83,
    "dma200" : 473.94,
    "volume" : 14046.00
  }, {
    "date" : "2025-05-07",
    "price" : 533.25,
    "dma50" : 515.71,
    "dma100" : 498.91,
    "dma200" : 474.53,
    "volume" : 15603.00
  }, {
    "date" : "2025-05-08",
    "price" : 530.00,
    "dma50" : 516.27,
    "dma100" : 499.92,
    "dma200" : 475.08,
    "volume" : 16447.00
  }, {
    "date" : "2025-05-09",
    "price" : 524.85,
    "dma50" : 516.61,
    "dma100" : 500.90,
    "dma200" : 475.58,
    "volume" : 5892.00
  }, {
    "date" : "2025-05-12",
    "price" : 530.05,
    "dma50" : 517.14,
    "dma100" : 501.88,
    "dma200" : 476.12,
    "volume" : 10212.00
  }, {
    "date" : "2025-05-13",
    "price" : 530.35,
    "dma50" : 517.66,
    "dma100" : 502.85,
    "dma200" : 476.66,
    "volume" : 3328.00
  }, {
    "date" : "2025-05-14",
    "price" : 532.70,
    "dma50" : 518.25,
    "dma100" : 503.84,
    "dma200" : 477.22,
    "volume" : 5717.00
  }, {
    "date" : "2025-05-15",
    "price" : 532.50,
    "dma50" : 518.80,
    "dma100" : 504.83,
    "dma200" : 477.77,
    "volume" : 3958.00
  }, {
    "date" : "2025-05-16",
    "price" : 550.10,
    "dma50" : 520.03,
    "dma100" : 505.99,
    "dma200" : 478.49,
    "volume" : 15551.00
  }, {
    "date" : "2025-05-19",
    "price" : 542.85,
    "dma50" : 520.93,
    "dma100" : 507.12,
    "dma200" : 479.13,
    "volume" : 9281.00
  }, {
    "date" : "2025-05-20",
    "price" : 543.60,
    "dma50" : 521.82,
    "dma100" : 508.23,
    "dma200" : 479.77,
    "volume" : 12738.00
  }, {
    "date" : "2025-05-21",
    "price" : 535.20,
    "dma50" : 522.34,
    "dma100" : 509.29,
    "dma200" : 480.32,
    "volume" : 15946.00
  }, {
    "date" : "2025-05-22",
    "price" : 530.40,
    "dma50" : 522.66,
    "dma100" : 510.32,
    "dma200" : 480.82,
    "volume" : 12767.00
  }, {
    "date" : "2025-05-23",
    "price" : 536.05,
    "dma50" : 523.18,
    "dma100" : 511.32,
    "dma200" : 481.37,
    "volume" : 7985.00
  }, {
    "date" : "2025-05-26",
    "price" : 530.20,
    "dma50" : 523.46,
    "dma100" : 512.12,
    "dma200" : 481.86,
    "volume" : 23364.00
  }, {
    "date" : "2025-05-27",
    "price" : 523.95,
    "dma50" : 523.48,
    "dma100" : 512.62,
    "dma200" : 482.27,
    "volume" : 97156.00
  }, {
    "date" : "2025-05-28",
    "price" : 524.50,
    "dma50" : 523.52,
    "dma100" : 512.83,
    "dma200" : 482.69,
    "volume" : 7326.00
  }, {
    "date" : "2025-05-29",
    "price" : 524.55,
    "dma50" : 523.56,
    "dma100" : 513.07,
    "dma200" : 483.11,
    "volume" : 6021.00
  }, {
    "date" : "2025-05-30",
    "price" : 522.00,
    "dma50" : 523.50,
    "dma100" : 513.31,
    "dma200" : 483.50,
    "volume" : 9132.00
  }, {
    "date" : "2025-06-02",
    "price" : 514.20,
    "dma50" : 523.13,
    "dma100" : 513.56,
    "dma200" : 483.80,
    "volume" : 25368.00
  }, {
    "date" : "2025-06-03",
    "price" : 508.60,
    "dma50" : 522.56,
    "dma100" : 513.82,
    "dma200" : 484.05,
    "volume" : 9817.00
  }, {
    "date" : "2025-06-04",
    "price" : 512.60,
    "dma50" : 522.17,
    "dma100" : 514.08,
    "dma200" : 484.33,
    "volume" : 5368.00
  }, {
    "date" : "2025-06-05",
    "price" : 511.30,
    "dma50" : 521.74,
    "dma100" : 514.30,
    "dma200" : 484.60,
    "volume" : 9428.00
  }, {
    "date" : "2025-06-06",
    "price" : 514.95,
    "dma50" : 521.48,
    "dma100" : 514.46,
    "dma200" : 484.90,
    "volume" : 8107.00
  }, {
    "date" : "2025-06-09",
    "price" : 515.25,
    "dma50" : 521.23,
    "dma100" : 514.76,
    "dma200" : 485.21,
    "volume" : 5304.00
  }, {
    "date" : "2025-06-10",
    "price" : 514.70,
    "dma50" : 520.98,
    "dma100" : 515.10,
    "dma200" : 485.50,
    "volume" : 12201.00
  }, {
    "date" : "2025-06-11",
    "price" : 518.20,
    "dma50" : 520.87,
    "dma100" : 515.29,
    "dma200" : 485.83,
    "volume" : 10242.00
  }, {
    "date" : "2025-06-12",
    "price" : 515.70,
    "dma50" : 520.67,
    "dma100" : 515.45,
    "dma200" : 486.12,
    "volume" : 3665.00
  }, {
    "date" : "2025-06-13",
    "price" : 512.00,
    "dma50" : 520.33,
    "dma100" : 515.39,
    "dma200" : 486.38,
    "volume" : 3068.00
  }, {
    "date" : "2025-06-16",
    "price" : 509.30,
    "dma50" : 519.89,
    "dma100" : 515.36,
    "dma200" : 486.61,
    "volume" : 6341.00
  }, {
    "date" : "2025-06-17",
    "price" : 511.25,
    "dma50" : 519.55,
    "dma100" : 515.32,
    "dma200" : 486.85,
    "volume" : 2976.00
  }, {
    "date" : "2025-06-18",
    "price" : 512.40,
    "dma50" : 519.27,
    "dma100" : 515.41,
    "dma200" : 487.11,
    "volume" : 14079.00
  }, {
    "date" : "2025-06-19",
    "price" : 508.05,
    "dma50" : 518.83,
    "dma100" : 515.48,
    "dma200" : 487.32,
    "volume" : 7066.00
  }, {
    "date" : "2025-06-20",
    "price" : 502.60,
    "dma50" : 518.20,
    "dma100" : 515.51,
    "dma200" : 487.47,
    "volume" : 10670.00
  }, {
    "date" : "2025-06-23",
    "price" : 505.65,
    "dma50" : 517.71,
    "dma100" : 515.57,
    "dma200" : 487.65,
    "volume" : 13825.00
  }, {
    "date" : "2025-06-24",
    "price" : 506.45,
    "dma50" : 517.26,
    "dma100" : 515.59,
    "dma200" : 487.84,
    "volume" : 2505.00
  }, {
    "date" : "2025-06-25",
    "price" : 505.80,
    "dma50" : 516.81,
    "dma100" : 515.64,
    "dma200" : 488.01,
    "volume" : 7273.00
  }, {
    "date" : "2025-06-26",
    "price" : 505.60,
    "dma50" : 516.37,
    "dma100" : 515.64,
    "dma200" : 488.19,
    "volume" : 8027.00
  }, {
    "date" : "2025-06-27",
    "price" : 504.90,
    "dma50" : 515.92,
    "dma100" : 515.64,
    "dma200" : 488.36,
    "volume" : 11342.00
  }, {
    "date" : "2025-06-30",
    "price" : 507.85,
    "dma50" : 515.61,
    "dma100" : 515.65,
    "dma200" : 488.55,
    "volume" : 9870.00
  }, {
    "date" : "2025-07-01",
    "price" : 511.35,
    "dma50" : 515.44,
    "dma100" : 515.70,
    "dma200" : 488.78,
    "volume" : 5005.00
  }, {
    "date" : "2025-07-02",
    "price" : 508.00,
    "dma50" : 515.15,
    "dma100" : 515.66,
    "dma200" : 488.97,
    "volume" : 5747.00
  }, {
    "date" : "2025-07-03",
    "price" : 506.85,
    "dma50" : 514.82,
    "dma100" : 515.64,
    "dma200" : 489.15,
    "volume" : 5075.00
  }, {
    "date" : "2025-07-04",
    "price" : 502.00,
    "dma50" : 514.32,
    "dma100" : 515.56,
    "dma200" : 489.27,
    "volume" : 5657.00
  }, {
    "date" : "2025-07-07",
    "price" : 515.25,
    "dma50" : 514.36,
    "dma100" : 515.62,
    "dma200" : 489.53,
    "volume" : 16297.00
  }, {
    "date" : "2025-07-08",
    "price" : 515.20,
    "dma50" : 514.39,
    "dma100" : 515.57,
    "dma200" : 489.79,
    "volume" : 3061.00
  }, {
    "date" : "2025-07-09",
    "price" : 516.25,
    "dma50" : 514.46,
    "dma100" : 515.61,
    "dma200" : 490.05,
    "volume" : 6952.00
  }, {
    "date" : "2025-07-10",
    "price" : 520.05,
    "dma50" : 514.68,
    "dma100" : 515.71,
    "dma200" : 490.35,
    "volume" : 14858.00
  }, {
    "date" : "2025-07-11",
    "price" : 522.90,
    "dma50" : 515.00,
    "dma100" : 515.84,
    "dma200" : 490.67,
    "volume" : 4291.00
  }, {
    "date" : "2025-07-14",
    "price" : 526.35,
    "dma50" : 515.45,
    "dma100" : 516.00,
    "dma200" : 491.03,
    "volume" : 5421.00
  }, {
    "date" : "2025-07-15",
    "price" : 526.60,
    "dma50" : 515.89,
    "dma100" : 516.17,
    "dma200" : 491.38,
    "volume" : 4391.00
  }, {
    "date" : "2025-07-16",
    "price" : 525.75,
    "dma50" : 516.27,
    "dma100" : 516.37,
    "dma200" : 491.72,
    "volume" : 3194.00
  }, {
    "date" : "2025-07-17",
    "price" : 527.45,
    "dma50" : 516.71,
    "dma100" : 516.59,
    "dma200" : 492.08,
    "volume" : 64471.00
  }, {
    "date" : "2025-07-18",
    "price" : 525.30,
    "dma50" : 517.05,
    "dma100" : 516.72,
    "dma200" : 492.41,
    "volume" : 251059.00
  }, {
    "date" : "2025-07-21",
    "price" : 522.40,
    "dma50" : 517.26,
    "dma100" : 516.80,
    "dma200" : 492.71,
    "volume" : 7311.00
  }, {
    "date" : "2025-07-22",
    "price" : 526.80,
    "dma50" : 517.63,
    "dma100" : 517.00,
    "dma200" : 493.05,
    "volume" : 5059.00
  }, {
    "date" : "2025-07-23",
    "price" : 524.45,
    "dma50" : 517.90,
    "dma100" : 517.24,
    "dma200" : 493.36,
    "volume" : 3450.00
  }, {
    "date" : "2025-07-24",
    "price" : 523.30,
    "dma50" : 518.11,
    "dma100" : 517.51,
    "dma200" : 493.66,
    "volume" : 2502.00
  }, {
    "date" : "2025-07-25",
    "price" : 520.30,
    "dma50" : 518.20,
    "dma100" : 517.81,
    "dma200" : 493.92,
    "volume" : 5786.00
  }, {
    "date" : "2025-07-28",
    "price" : 530.15,
    "dma50" : 518.67,
    "dma100" : 518.22,
    "dma200" : 494.28,
    "volume" : 10558.00
  }, {
    "date" : "2025-07-29",
    "price" : 531.15,
    "dma50" : 519.16,
    "dma100" : 518.63,
    "dma200" : 494.65,
    "volume" : 3142.00
  }, {
    "date" : "2025-07-30",
    "price" : 527.95,
    "dma50" : 519.50,
    "dma100" : 519.00,
    "dma200" : 494.98,
    "volume" : 4023.00
  }, {
    "date" : "2025-07-31",
    "price" : 531.00,
    "dma50" : 519.95,
    "dma100" : 519.37,
    "dma200" : 495.34,
    "volume" : 6246.00
  }, {
    "date" : "2025-08-01",
    "price" : 530.05,
    "dma50" : 520.35,
    "dma100" : 519.71,
    "dma200" : 495.69,
    "volume" : 2349.00
  }, {
    "date" : "2025-08-04",
    "price" : 531.15,
    "dma50" : 520.77,
    "dma100" : 520.05,
    "dma200" : 496.04,
    "volume" : 3624.00
  }, {
    "date" : "2025-08-05",
    "price" : 530.05,
    "dma50" : 521.14,
    "dma100" : 520.36,
    "dma200" : 496.38,
    "volume" : 1792.00
  }, {
    "date" : "2025-08-06",
    "price" : 530.30,
    "dma50" : 521.49,
    "dma100" : 520.69,
    "dma200" : 496.71,
    "volume" : 2973.00
  }, {
    "date" : "2025-08-07",
    "price" : 529.65,
    "dma50" : 521.81,
    "dma100" : 520.99,
    "dma200" : 497.04,
    "volume" : 2964.00
  }, {
    "date" : "2025-08-08",
    "price" : 530.05,
    "dma50" : 522.14,
    "dma100" : 521.33,
    "dma200" : 497.37,
    "volume" : 1519.00
  }, {
    "date" : "2025-08-11",
    "price" : 536.05,
    "dma50" : 522.68,
    "dma100" : 521.69,
    "dma200" : 497.76,
    "volume" : 13443.00
  }, {
    "date" : "2025-08-12",
    "price" : 541.70,
    "dma50" : 523.43,
    "dma100" : 522.10,
    "dma200" : 498.19,
    "volume" : 9298.00
  }, {
    "date" : "2025-08-13",
    "price" : 540.20,
    "dma50" : 524.09,
    "dma100" : 522.50,
    "dma200" : 498.61,
    "volume" : 5769.00
  }, {
    "date" : "2025-08-14",
    "price" : 550.95,
    "dma50" : 525.14,
    "dma100" : 523.01,
    "dma200" : 499.13,
    "volume" : 9869.00
  }, {
    "date" : "2025-08-18",
    "price" : 550.70,
    "dma50" : 526.14,
    "dma100" : 523.52,
    "dma200" : 499.64,
    "volume" : 22926.00
  }, {
    "date" : "2025-08-19",
    "price" : 564.10,
    "dma50" : 527.63,
    "dma100" : 524.16,
    "dma200" : 500.29,
    "volume" : 5960.00
  }, {
    "date" : "2025-08-20",
    "price" : 555.85,
    "dma50" : 528.74,
    "dma100" : 524.74,
    "dma200" : 500.84,
    "volume" : 15869.00
  }, {
    "date" : "2025-08-21",
    "price" : 554.05,
    "dma50" : 529.73,
    "dma100" : 525.28,
    "dma200" : 501.37,
    "volume" : 12717.00
  }, {
    "date" : "2025-08-22",
    "price" : 554.00,
    "dma50" : 530.68,
    "dma100" : 525.82,
    "dma200" : 501.89,
    "volume" : 3966.00
  }, {
    "date" : "2025-08-25",
    "price" : 569.75,
    "dma50" : 532.21,
    "dma100" : 526.39,
    "dma200" : 502.57,
    "volume" : 24766.00
  }, {
    "date" : "2025-08-26",
    "price" : 558.55,
    "dma50" : 533.25,
    "dma100" : 526.64,
    "dma200" : 503.12,
    "volume" : 8517.00
  }, {
    "date" : "2025-08-28",
    "price" : 552.75,
    "dma50" : 534.01,
    "dma100" : 526.75,
    "dma200" : 503.62,
    "volume" : 21996.00
  }, {
    "date" : "2025-08-29",
    "price" : 555.95,
    "dma50" : 534.87,
    "dma100" : 526.89,
    "dma200" : 504.14,
    "volume" : 1818.00
  }, {
    "date" : "2025-09-01",
    "price" : 543.65,
    "dma50" : 535.22,
    "dma100" : 526.92,
    "dma200" : 504.53,
    "volume" : 7460.00
  }, {
    "date" : "2025-09-02",
    "price" : 543.55,
    "dma50" : 535.54,
    "dma100" : 527.08,
    "dma200" : 504.92,
    "volume" : 6589.00
  }, {
    "date" : "2025-09-03",
    "price" : 546.05,
    "dma50" : 535.96,
    "dma100" : 527.18,
    "dma200" : 505.33,
    "volume" : 8701.00
  }, {
    "date" : "2025-09-04",
    "price" : 543.65,
    "dma50" : 536.26,
    "dma100" : 527.29,
    "dma200" : 505.71,
    "volume" : 5328.00
  }, {
    "date" : "2025-09-05",
    "price" : 543.25,
    "dma50" : 536.53,
    "dma100" : 527.42,
    "dma200" : 506.08,
    "volume" : 6106.00
  }, {
    "date" : "2025-09-08",
    "price" : 550.00,
    "dma50" : 537.06,
    "dma100" : 527.62,
    "dma200" : 506.52,
    "volume" : 9915.00
  }, {
    "date" : "2025-09-09",
    "price" : 546.95,
    "dma50" : 537.45,
    "dma100" : 527.79,
    "dma200" : 506.92,
    "volume" : 21261.00
  }, {
    "date" : "2025-09-10",
    "price" : 550.00,
    "dma50" : 537.94,
    "dma100" : 527.90,
    "dma200" : 507.35,
    "volume" : 28077.00
  }, {
    "date" : "2025-09-11",
    "price" : 541.55,
    "dma50" : 538.08,
    "dma100" : 528.03,
    "dma200" : 507.69,
    "volume" : 16977.00
  }, {
    "date" : "2025-09-12",
    "price" : 537.00,
    "dma50" : 538.04,
    "dma100" : 528.12,
    "dma200" : 507.98,
    "volume" : 15969.00
  }, {
    "date" : "2025-09-15",
    "price" : 540.00,
    "dma50" : 538.12,
    "dma100" : 528.26,
    "dma200" : 508.30,
    "volume" : 8177.00
  }, {
    "date" : "2025-09-16",
    "price" : 539.90,
    "dma50" : 538.19,
    "dma100" : 528.37,
    "dma200" : 508.62,
    "volume" : 552887.00
  }, {
    "date" : "2025-09-17",
    "price" : 538.05,
    "dma50" : 538.18,
    "dma100" : 528.68,
    "dma200" : 508.91,
    "volume" : 7051.00
  }, {
    "date" : "2025-09-18",
    "price" : 537.55,
    "dma50" : 538.16,
    "dma100" : 528.87,
    "dma200" : 509.19,
    "volume" : 5041.00
  }, {
    "date" : "2025-09-19",
    "price" : 538.05,
    "dma50" : 538.15,
    "dma100" : 529.00,
    "dma200" : 509.48,
    "volume" : 4731.00
  }, {
    "date" : "2025-09-22",
    "price" : 532.00,
    "dma50" : 537.91,
    "dma100" : 529.07,
    "dma200" : 509.71,
    "volume" : 13451.00
  }, {
    "date" : "2025-09-23",
    "price" : 528.50,
    "dma50" : 537.54,
    "dma100" : 529.07,
    "dma200" : 509.89,
    "volume" : 2704.00
  }, {
    "date" : "2025-09-24",
    "price" : 527.05,
    "dma50" : 537.13,
    "dma100" : 529.04,
    "dma200" : 510.06,
    "volume" : 2079.00
  }, {
    "date" : "2025-09-25",
    "price" : 526.50,
    "dma50" : 536.71,
    "dma100" : 529.00,
    "dma200" : 510.23,
    "volume" : 1560.00
  }, {
    "date" : "2025-09-26",
    "price" : 518.45,
    "dma50" : 536.00,
    "dma100" : 528.86,
    "dma200" : 510.31,
    "volume" : 4955.00
  }, {
    "date" : "2025-09-29",
    "price" : 510.50,
    "dma50" : 535.00,
    "dma100" : 528.66,
    "dma200" : 510.31,
    "volume" : 6662.00
  }, {
    "date" : "2025-09-30",
    "price" : 466.20,
    "dma50" : 532.30,
    "dma100" : 528.07,
    "dma200" : 509.87,
    "volume" : 102113.00
  }, {
    "date" : "2025-10-01",
    "price" : 499.30,
    "dma50" : 531.00,
    "dma100" : 527.77,
    "dma200" : 509.77,
    "volume" : 14931.00
  }, {
    "date" : "2025-10-03",
    "price" : 515.20,
    "dma50" : 530.38,
    "dma100" : 527.61,
    "dma200" : 509.82,
    "volume" : 11984.00
  }, {
    "date" : "2025-10-06",
    "price" : 511.35,
    "dma50" : 529.64,
    "dma100" : 527.40,
    "dma200" : 509.84,
    "volume" : 4386.00
  }, {
    "date" : "2025-10-07",
    "price" : 517.85,
    "dma50" : 529.18,
    "dma100" : 527.25,
    "dma200" : 509.92,
    "volume" : 2215.00
  }, {
    "date" : "2025-10-08",
    "price" : 519.95,
    "dma50" : 528.81,
    "dma100" : 526.95,
    "dma200" : 510.02,
    "volume" : 4978.00
  }, {
    "date" : "2025-10-09",
    "price" : 512.40,
    "dma50" : 528.17,
    "dma100" : 526.65,
    "dma200" : 510.04,
    "volume" : 4174.00
  }, {
    "date" : "2025-10-10",
    "price" : 517.80,
    "dma50" : 527.76,
    "dma100" : 526.39,
    "dma200" : 510.12,
    "volume" : 1958.00
  }, {
    "date" : "2025-10-13",
    "price" : 510.45,
    "dma50" : 527.09,
    "dma100" : 526.14,
    "dma200" : 510.12,
    "volume" : 6257.00
  }, {
    "date" : "2025-10-14",
    "price" : 505.40,
    "dma50" : 526.23,
    "dma100" : 525.89,
    "dma200" : 510.07,
    "volume" : 5856.00
  }, {
    "date" : "2025-10-15",
    "price" : 502.40,
    "dma50" : 525.30,
    "dma100" : 525.56,
    "dma200" : 510.00,
    "volume" : 3103.00
  }, {
    "date" : "2025-10-16",
    "price" : 504.20,
    "dma50" : 524.47,
    "dma100" : 525.30,
    "dma200" : 509.94,
    "volume" : 1473.00
  }, {
    "date" : "2025-10-17",
    "price" : 501.85,
    "dma50" : 523.59,
    "dma100" : 525.08,
    "dma200" : 509.86,
    "volume" : 5308.00
  }, {
    "date" : "2025-10-20",
    "price" : 511.35,
    "dma50" : 523.11,
    "dma100" : 524.94,
    "dma200" : 509.87,
    "volume" : 2344.00
  }, {
    "date" : "2025-10-21",
    "price" : 514.35,
    "dma50" : 522.76,
    "dma100" : 524.84,
    "dma200" : 509.92,
    "volume" : 1685.00
  }, {
    "date" : "2025-10-23",
    "price" : 509.75,
    "dma50" : 522.25,
    "dma100" : 524.72,
    "dma200" : 509.92,
    "volume" : 4208.00
  }, {
    "date" : "2025-10-24",
    "price" : 510.75,
    "dma50" : 521.80,
    "dma100" : 524.69,
    "dma200" : 509.92,
    "volume" : 1649.00
  }, {
    "date" : "2025-10-27",
    "price" : 507.50,
    "dma50" : 521.24,
    "dma100" : 524.67,
    "dma200" : 509.90,
    "volume" : 3894.00
  }, {
    "date" : "2025-10-28",
    "price" : 502.50,
    "dma50" : 520.51,
    "dma100" : 524.57,
    "dma200" : 509.83,
    "volume" : 10978.00
  }, {
    "date" : "2025-10-29",
    "price" : 502.95,
    "dma50" : 519.82,
    "dma100" : 524.49,
    "dma200" : 509.76,
    "volume" : 4400.00
  }, {
    "date" : "2025-10-30",
    "price" : 502.80,
    "dma50" : 519.15,
    "dma100" : 524.37,
    "dma200" : 509.69,
    "volume" : 5534.00
  }, {
    "date" : "2025-10-31",
    "price" : 505.00,
    "dma50" : 518.59,
    "dma100" : 524.27,
    "dma200" : 509.64,
    "volume" : 12618.00
  }, {
    "date" : "2025-11-03",
    "price" : 504.00,
    "dma50" : 518.02,
    "dma100" : 524.16,
    "dma200" : 509.59,
    "volume" : 3474.00
  }, {
    "date" : "2025-11-04",
    "price" : 503.60,
    "dma50" : 517.46,
    "dma100" : 524.01,
    "dma200" : 509.53,
    "volume" : 1736.00
  }, {
    "date" : "2025-11-06",
    "price" : 500.85,
    "dma50" : 516.81,
    "dma100" : 523.86,
    "dma200" : 509.44,
    "volume" : 5125.00
  }, {
    "date" : "2025-11-07",
    "price" : 502.30,
    "dma50" : 516.24,
    "dma100" : 523.77,
    "dma200" : 509.37,
    "volume" : 2697.00
  }, {
    "date" : "2025-11-10",
    "price" : 499.80,
    "dma50" : 515.59,
    "dma100" : 523.67,
    "dma200" : 509.27,
    "volume" : 5907.00
  }, {
    "date" : "2025-11-11",
    "price" : 505.65,
    "dma50" : 515.20,
    "dma100" : 523.62,
    "dma200" : 509.24,
    "volume" : 9624.00
  }, {
    "date" : "2025-11-12",
    "price" : 504.50,
    "dma50" : 514.78,
    "dma100" : 523.54,
    "dma200" : 509.19,
    "volume" : 4618.00
  }, {
    "date" : "2025-11-13",
    "price" : 496.40,
    "dma50" : 514.06,
    "dma100" : 523.42,
    "dma200" : 509.06,
    "volume" : 13568.00
  }, {
    "date" : "2025-11-14",
    "price" : 496.65,
    "dma50" : 513.38,
    "dma100" : 523.36,
    "dma200" : 508.94,
    "volume" : 11371.00
  }, {
    "date" : "2025-11-17",
    "price" : 504.50,
    "dma50" : 513.03,
    "dma100" : 523.35,
    "dma200" : 508.90,
    "volume" : 12966.00
  }, {
    "date" : "2025-11-18",
    "price" : 504.30,
    "dma50" : 512.69,
    "dma100" : 523.33,
    "dma200" : 508.85,
    "volume" : 26858.00
  }, {
    "date" : "2025-11-19",
    "price" : 503.30,
    "dma50" : 512.32,
    "dma100" : 523.30,
    "dma200" : 508.80,
    "volume" : 14370.00
  }, {
    "date" : "2025-11-20",
    "price" : 508.60,
    "dma50" : 512.17,
    "dma100" : 523.33,
    "dma200" : 508.79,
    "volume" : 6882.00
  }, {
    "date" : "2025-11-21",
    "price" : 500.10,
    "dma50" : 511.70,
    "dma100" : 523.29,
    "dma200" : 508.71,
    "volume" : 8334.00
  }, {
    "date" : "2025-11-24",
    "price" : 499.30,
    "dma50" : 511.21,
    "dma100" : 523.20,
    "dma200" : 508.61,
    "volume" : 10141.00
  }, {
    "date" : "2025-11-25",
    "price" : 503.80,
    "dma50" : 510.92,
    "dma100" : 523.12,
    "dma200" : 508.57,
    "volume" : 1593.00
  }, {
    "date" : "2025-11-26",
    "price" : 500.70,
    "dma50" : 510.52,
    "dma100" : 523.05,
    "dma200" : 508.49,
    "volume" : 7500.00
  } ],
  "latestTechnicalAttributes" : {
    "date" : "2025-11-26",
    "price" : 500.70,
    "dma50" : 510.52,
    "dma100" : 523.05,
    "dma200" : 508.49,
    "volume" : 7500.00
  },
  "quarterlyResults" : [ {
    "date" : "2005-03-31",
    "sales" : 5.50,
    "salesGrowthYoY" : null,
    "grossProfitMargin" : 96.55,
    "grossProfit" : 5.31,
    "operatingProfitMargin" : -55.45,
    "operatingProfit" : -3.05,
    "netProfitMargin" : -30.73,
    "netProfit" : -1.69
  }, {
    "date" : "2005-06-30",
    "sales" : 4.12,
    "salesGrowthYoY" : null,
    "grossProfitMargin" : 82.77,
    "grossProfit" : 3.41,
    "operatingProfitMargin" : 0.49,
    "operatingProfit" : 0.02,
    "netProfitMargin" : 27.91,
    "netProfit" : 1.15
  }, {
    "date" : "2005-09-30",
    "sales" : 5.21,
    "salesGrowthYoY" : null,
    "grossProfitMargin" : 88.68,
    "grossProfit" : 4.62,
    "operatingProfitMargin" : 34.74,
    "operatingProfit" : 1.81,
    "netProfitMargin" : 23.42,
    "netProfit" : 1.22
  }, {
    "date" : "2005-12-31",
    "sales" : 5.90,
    "salesGrowthYoY" : null,
    "grossProfitMargin" : 91.19,
    "grossProfit" : 5.38,
    "operatingProfitMargin" : 46.10,
    "operatingProfit" : 2.72,
    "netProfitMargin" : -6.61,
    "netProfit" : -0.39
  }, {
    "date" : "2006-03-31",
    "sales" : 5.77,
    "salesGrowthYoY" : 4.91,
    "grossProfitMargin" : 93.41,
    "grossProfit" : 5.39,
    "operatingProfitMargin" : 24.78,
    "operatingProfit" : 1.43,
    "netProfitMargin" : -56.50,
    "netProfit" : -3.26
  }, {
    "date" : "2006-06-30",
    "sales" : 6.23,
    "salesGrowthYoY" : 51.21,
    "grossProfitMargin" : 91.01,
    "grossProfit" : 5.67,
    "operatingProfitMargin" : -218.30,
    "operatingProfit" : -13.60,
    "netProfitMargin" : 2.41,
    "netProfit" : 0.15
  }, {
    "date" : "2006-09-30",
    "sales" : 5.56,
    "salesGrowthYoY" : 6.72,
    "grossProfitMargin" : 83.63,
    "grossProfit" : 4.65,
    "operatingProfitMargin" : 14.75,
    "operatingProfit" : 0.82,
    "netProfitMargin" : 3.60,
    "netProfit" : 0.20
  }, {
    "date" : "2006-12-31",
    "sales" : 6.16,
    "salesGrowthYoY" : 4.41,
    "grossProfitMargin" : 88.80,
    "grossProfit" : 5.47,
    "operatingProfitMargin" : 30.03,
    "operatingProfit" : 1.85,
    "netProfitMargin" : 8.12,
    "netProfit" : 0.50
  }, {
    "date" : "2007-03-31",
    "sales" : 7.11,
    "salesGrowthYoY" : 23.22,
    "grossProfitMargin" : 92.97,
    "grossProfit" : 6.61,
    "operatingProfitMargin" : 17.58,
    "operatingProfit" : 1.25,
    "netProfitMargin" : 10.83,
    "netProfit" : 0.77
  }, {
    "date" : "2007-06-30",
    "sales" : 6.56,
    "salesGrowthYoY" : 5.30,
    "grossProfitMargin" : 85.06,
    "grossProfit" : 5.58,
    "operatingProfitMargin" : 17.99,
    "operatingProfit" : 1.18,
    "netProfitMargin" : 10.52,
    "netProfit" : 0.69
  }, {
    "date" : "2007-09-30",
    "sales" : 6.87,
    "salesGrowthYoY" : 23.56,
    "grossProfitMargin" : 85.74,
    "grossProfit" : 5.89,
    "operatingProfitMargin" : 14.12,
    "operatingProfit" : 0.97,
    "netProfitMargin" : 15.14,
    "netProfit" : 1.04
  }, {
    "date" : "2007-12-31",
    "sales" : 6.73,
    "salesGrowthYoY" : 9.25,
    "grossProfitMargin" : 87.67,
    "grossProfit" : 5.90,
    "operatingProfitMargin" : -1.04,
    "operatingProfit" : -0.07,
    "netProfitMargin" : -22.59,
    "netProfit" : -1.52
  }, {
    "date" : "2008-03-31",
    "sales" : 9.23,
    "salesGrowthYoY" : 29.82,
    "grossProfitMargin" : 90.14,
    "grossProfit" : 8.32,
    "operatingProfitMargin" : 26.22,
    "operatingProfit" : 2.42,
    "netProfitMargin" : 20.15,
    "netProfit" : 1.86
  }, {
    "date" : "2008-06-30",
    "sales" : 8.13,
    "salesGrowthYoY" : 23.93,
    "grossProfitMargin" : 82.53,
    "grossProfit" : 6.71,
    "operatingProfitMargin" : 26.20,
    "operatingProfit" : 2.13,
    "netProfitMargin" : 6.15,
    "netProfit" : 0.50
  }, {
    "date" : "2008-09-30",
    "sales" : 7.98,
    "salesGrowthYoY" : 16.16,
    "grossProfitMargin" : 83.71,
    "grossProfit" : 6.68,
    "operatingProfitMargin" : 5.26,
    "operatingProfit" : 0.42,
    "netProfitMargin" : -11.53,
    "netProfit" : -0.92
  }, {
    "date" : "2008-12-31",
    "sales" : 6.62,
    "salesGrowthYoY" : -1.63,
    "grossProfitMargin" : 83.69,
    "grossProfit" : 5.54,
    "operatingProfitMargin" : -9.52,
    "operatingProfit" : -0.63,
    "netProfitMargin" : -36.71,
    "netProfit" : -2.43
  }, {
    "date" : "2009-03-31",
    "sales" : 7.08,
    "salesGrowthYoY" : -23.29,
    "grossProfitMargin" : 76.27,
    "grossProfit" : 5.40,
    "operatingProfitMargin" : 90.54,
    "operatingProfit" : 6.41,
    "netProfitMargin" : 116.67,
    "netProfit" : 8.26
  }, {
    "date" : "2009-06-30",
    "sales" : 7.33,
    "salesGrowthYoY" : -9.84,
    "grossProfitMargin" : 91.81,
    "grossProfit" : 6.73,
    "operatingProfitMargin" : 29.88,
    "operatingProfit" : 2.19,
    "netProfitMargin" : 8.05,
    "netProfit" : 0.59
  }, {
    "date" : "2009-09-30",
    "sales" : 9.91,
    "salesGrowthYoY" : 24.19,
    "grossProfitMargin" : 94.05,
    "grossProfit" : 9.32,
    "operatingProfitMargin" : 8.48,
    "operatingProfit" : 0.84,
    "netProfitMargin" : -29.16,
    "netProfit" : -2.89
  }, {
    "date" : "2009-12-31",
    "sales" : 13.73,
    "salesGrowthYoY" : 107.40,
    "grossProfitMargin" : 98.32,
    "grossProfit" : 13.50,
    "operatingProfitMargin" : 46.90,
    "operatingProfit" : 6.44,
    "netProfitMargin" : -32.85,
    "netProfit" : -4.51
  }, {
    "date" : "2010-03-31",
    "sales" : 23.23,
    "salesGrowthYoY" : 228.11,
    "grossProfitMargin" : 90.23,
    "grossProfit" : 20.96,
    "operatingProfitMargin" : 56.13,
    "operatingProfit" : 13.04,
    "netProfitMargin" : -38.79,
    "netProfit" : -9.01
  }, {
    "date" : "2010-06-30",
    "sales" : 24.81,
    "salesGrowthYoY" : 238.47,
    "grossProfitMargin" : 100.00,
    "grossProfit" : 24.81,
    "operatingProfitMargin" : 56.43,
    "operatingProfit" : 14.00,
    "netProfitMargin" : -29.18,
    "netProfit" : -7.24
  }, {
    "date" : "2010-09-30",
    "sales" : 22.99,
    "salesGrowthYoY" : 131.99,
    "grossProfitMargin" : 100.00,
    "grossProfit" : 22.99,
    "operatingProfitMargin" : 59.77,
    "operatingProfit" : 13.74,
    "netProfitMargin" : -36.84,
    "netProfit" : -8.47
  }, {
    "date" : "2010-12-31",
    "sales" : 30.73,
    "salesGrowthYoY" : 123.82,
    "grossProfitMargin" : 100.00,
    "grossProfit" : 30.73,
    "operatingProfitMargin" : 60.82,
    "operatingProfit" : 18.69,
    "netProfitMargin" : 101.66,
    "netProfit" : 31.24
  }, {
    "date" : "2011-03-31",
    "sales" : 32.56,
    "salesGrowthYoY" : 40.16,
    "grossProfitMargin" : 100.00,
    "grossProfit" : 32.56,
    "operatingProfitMargin" : 57.77,
    "operatingProfit" : 18.81,
    "netProfitMargin" : -38.85,
    "netProfit" : -12.65
  }, {
    "date" : "2011-06-30",
    "sales" : 34.48,
    "salesGrowthYoY" : 38.98,
    "grossProfitMargin" : 100.00,
    "grossProfit" : 34.48,
    "operatingProfitMargin" : 61.37,
    "operatingProfit" : 21.16,
    "netProfitMargin" : -25.67,
    "netProfit" : -8.85
  }, {
    "date" : "2011-09-30",
    "sales" : 34.27,
    "salesGrowthYoY" : 49.06,
    "grossProfitMargin" : 100.00,
    "grossProfit" : 34.27,
    "operatingProfitMargin" : 58.74,
    "operatingProfit" : 20.13,
    "netProfitMargin" : -29.82,
    "netProfit" : -10.22
  }, {
    "date" : "2011-12-31",
    "sales" : 34.31,
    "salesGrowthYoY" : 11.65,
    "grossProfitMargin" : 100.00,
    "grossProfit" : 34.31,
    "operatingProfitMargin" : 51.85,
    "operatingProfit" : 17.79,
    "netProfitMargin" : -25.94,
    "netProfit" : -8.90
  }, {
    "date" : "2012-03-31",
    "sales" : 34.71,
    "salesGrowthYoY" : 6.60,
    "grossProfitMargin" : 100.00,
    "grossProfit" : 34.71,
    "operatingProfitMargin" : 65.31,
    "operatingProfit" : 22.67,
    "netProfitMargin" : 23.97,
    "netProfit" : 8.32
  }, {
    "date" : "2012-06-30",
    "sales" : 35.55,
    "salesGrowthYoY" : 3.10,
    "grossProfitMargin" : 100.00,
    "grossProfit" : 35.55,
    "operatingProfitMargin" : 62.39,
    "operatingProfit" : 22.18,
    "netProfitMargin" : -12.52,
    "netProfit" : -4.45
  }, {
    "date" : "2012-09-30",
    "sales" : 38.19,
    "salesGrowthYoY" : 11.44,
    "grossProfitMargin" : 100.00,
    "grossProfit" : 38.19,
    "operatingProfitMargin" : 68.19,
    "operatingProfit" : 26.04,
    "netProfitMargin" : -2.85,
    "netProfit" : -1.09
  }, {
    "date" : "2012-12-31",
    "sales" : 41.60,
    "salesGrowthYoY" : 21.25,
    "grossProfitMargin" : 100.00,
    "grossProfit" : 41.60,
    "operatingProfitMargin" : 69.54,
    "operatingProfit" : 28.93,
    "netProfitMargin" : 5.12,
    "netProfit" : 2.13
  }, {
    "date" : "2013-03-31",
    "sales" : 44.38,
    "salesGrowthYoY" : 27.86,
    "grossProfitMargin" : 100.00,
    "grossProfit" : 44.38,
    "operatingProfitMargin" : 90.36,
    "operatingProfit" : 40.10,
    "netProfitMargin" : 19.49,
    "netProfit" : 8.65
  }, {
    "date" : "2013-06-30",
    "sales" : 43.34,
    "salesGrowthYoY" : 21.91,
    "grossProfitMargin" : 100.00,
    "grossProfit" : 43.34,
    "operatingProfitMargin" : 76.70,
    "operatingProfit" : 33.24,
    "netProfitMargin" : 15.04,
    "netProfit" : 6.52
  }, {
    "date" : "2013-09-30",
    "sales" : 42.84,
    "salesGrowthYoY" : 12.18,
    "grossProfitMargin" : 100.00,
    "grossProfit" : 42.84,
    "operatingProfitMargin" : 73.65,
    "operatingProfit" : 31.55,
    "netProfitMargin" : 10.92,
    "netProfit" : 4.68
  }, {
    "date" : "2013-12-31",
    "sales" : 53.43,
    "salesGrowthYoY" : 28.44,
    "grossProfitMargin" : 100.00,
    "grossProfit" : 53.43,
    "operatingProfitMargin" : 77.62,
    "operatingProfit" : 41.47,
    "netProfitMargin" : 3.93,
    "netProfit" : 2.10
  }, {
    "date" : "2014-03-31",
    "sales" : 61.87,
    "salesGrowthYoY" : 39.41,
    "grossProfitMargin" : 100.00,
    "grossProfit" : 61.87,
    "operatingProfitMargin" : 77.86,
    "operatingProfit" : 48.17,
    "netProfitMargin" : 23.95,
    "netProfit" : 14.82
  }, {
    "date" : "2014-06-30",
    "sales" : 60.33,
    "salesGrowthYoY" : 39.20,
    "grossProfitMargin" : 100.00,
    "grossProfit" : 60.33,
    "operatingProfitMargin" : 77.09,
    "operatingProfit" : 46.51,
    "netProfitMargin" : 18.25,
    "netProfit" : 11.01
  }, {
    "date" : "2014-09-30",
    "sales" : 59.57,
    "salesGrowthYoY" : 39.05,
    "grossProfitMargin" : 100.00,
    "grossProfit" : 59.57,
    "operatingProfitMargin" : 76.72,
    "operatingProfit" : 45.70,
    "netProfitMargin" : 17.59,
    "netProfit" : 10.48
  }, {
    "date" : "2014-12-31",
    "sales" : 59.11,
    "salesGrowthYoY" : 10.63,
    "grossProfitMargin" : 100.00,
    "grossProfit" : 59.11,
    "operatingProfitMargin" : 78.94,
    "operatingProfit" : 46.66,
    "netProfitMargin" : 19.69,
    "netProfit" : 11.64
  }, {
    "date" : "2015-03-31",
    "sales" : 59.99,
    "salesGrowthYoY" : -3.04,
    "grossProfitMargin" : 100.00,
    "grossProfit" : 59.99,
    "operatingProfitMargin" : 74.53,
    "operatingProfit" : 44.71,
    "netProfitMargin" : -11.75,
    "netProfit" : -7.05
  }, {
    "date" : "2015-06-30",
    "sales" : 63.76,
    "salesGrowthYoY" : 5.69,
    "grossProfitMargin" : 88.71,
    "grossProfit" : 56.56,
    "operatingProfitMargin" : 74.18,
    "operatingProfit" : 47.30,
    "netProfitMargin" : 14.96,
    "netProfit" : 9.54
  }, {
    "date" : "2015-09-30",
    "sales" : 75.04,
    "salesGrowthYoY" : 25.97,
    "grossProfitMargin" : 91.30,
    "grossProfit" : 68.51,
    "operatingProfitMargin" : 79.22,
    "operatingProfit" : 59.45,
    "netProfitMargin" : 28.01,
    "netProfit" : 21.02
  }, {
    "date" : "2015-12-31",
    "sales" : 76.60,
    "salesGrowthYoY" : 29.59,
    "grossProfitMargin" : 89.80,
    "grossProfit" : 68.79,
    "operatingProfitMargin" : 81.25,
    "operatingProfit" : 62.24,
    "netProfitMargin" : 30.44,
    "netProfit" : 23.32
  }, {
    "date" : "2016-03-31",
    "sales" : 73.45,
    "salesGrowthYoY" : 22.44,
    "grossProfitMargin" : 85.02,
    "grossProfit" : 62.45,
    "operatingProfitMargin" : 73.94,
    "operatingProfit" : 54.31,
    "netProfitMargin" : -19.54,
    "netProfit" : -14.35
  }, {
    "date" : "2016-06-30",
    "sales" : 69.09,
    "salesGrowthYoY" : 8.36,
    "grossProfitMargin" : 90.03,
    "grossProfit" : 62.20,
    "operatingProfitMargin" : 80.17,
    "operatingProfit" : 55.39,
    "netProfitMargin" : 21.32,
    "netProfit" : 14.73
  }, {
    "date" : "2016-09-30",
    "sales" : 72.98,
    "salesGrowthYoY" : -2.75,
    "grossProfitMargin" : 90.20,
    "grossProfit" : 65.83,
    "operatingProfitMargin" : 76.10,
    "operatingProfit" : 55.54,
    "netProfitMargin" : 21.50,
    "netProfit" : 15.69
  }, {
    "date" : "2016-12-31",
    "sales" : 71.27,
    "salesGrowthYoY" : -6.96,
    "grossProfitMargin" : 89.95,
    "grossProfit" : 64.11,
    "operatingProfitMargin" : 80.54,
    "operatingProfit" : 57.40,
    "netProfitMargin" : 23.82,
    "netProfit" : 16.98
  }, {
    "date" : "2017-03-31",
    "sales" : 74.32,
    "salesGrowthYoY" : 1.18,
    "grossProfitMargin" : 86.93,
    "grossProfit" : 64.61,
    "operatingProfitMargin" : 70.33,
    "operatingProfit" : 52.27,
    "netProfitMargin" : 4.71,
    "netProfit" : 3.50
  }, {
    "date" : "2017-06-30",
    "sales" : 71.76,
    "salesGrowthYoY" : 3.86,
    "grossProfitMargin" : 89.62,
    "grossProfit" : 64.31,
    "operatingProfitMargin" : 79.58,
    "operatingProfit" : 57.11,
    "netProfitMargin" : 26.56,
    "netProfit" : 19.06
  }, {
    "date" : "2017-09-30",
    "sales" : 70.66,
    "salesGrowthYoY" : -3.18,
    "grossProfitMargin" : 90.42,
    "grossProfit" : 63.89,
    "operatingProfitMargin" : 76.45,
    "operatingProfit" : 54.02,
    "netProfitMargin" : 20.11,
    "netProfit" : 14.21
  }, {
    "date" : "2017-12-31",
    "sales" : 74.08,
    "salesGrowthYoY" : 3.94,
    "grossProfitMargin" : 89.51,
    "grossProfit" : 66.31,
    "operatingProfitMargin" : 78.21,
    "operatingProfit" : 57.94,
    "netProfitMargin" : 23.14,
    "netProfit" : 17.14
  }, {
    "date" : "2018-03-31",
    "sales" : 74.28,
    "salesGrowthYoY" : -0.05,
    "grossProfitMargin" : 87.00,
    "grossProfit" : 64.62,
    "operatingProfitMargin" : 70.17,
    "operatingProfit" : 52.12,
    "netProfitMargin" : 7.11,
    "netProfit" : 5.28
  }, {
    "date" : "2018-06-30",
    "sales" : 71.48,
    "salesGrowthYoY" : -0.39,
    "grossProfitMargin" : 89.72,
    "grossProfit" : 64.13,
    "operatingProfitMargin" : 75.80,
    "operatingProfit" : 54.18,
    "netProfitMargin" : 20.94,
    "netProfit" : 14.97
  }, {
    "date" : "2018-09-30",
    "sales" : 72.72,
    "salesGrowthYoY" : 2.92,
    "grossProfitMargin" : 90.25,
    "grossProfit" : 65.63,
    "operatingProfitMargin" : 77.65,
    "operatingProfit" : 56.47,
    "netProfitMargin" : 21.64,
    "netProfit" : 15.74
  }, {
    "date" : "2018-12-31",
    "sales" : 77.52,
    "salesGrowthYoY" : 4.64,
    "grossProfitMargin" : 90.57,
    "grossProfit" : 70.21,
    "operatingProfitMargin" : 78.33,
    "operatingProfit" : 60.72,
    "netProfitMargin" : 23.46,
    "netProfit" : 18.19
  }, {
    "date" : "2019-03-31",
    "sales" : 76.95,
    "salesGrowthYoY" : 3.59,
    "grossProfitMargin" : 85.95,
    "grossProfit" : 66.14,
    "operatingProfitMargin" : 71.11,
    "operatingProfit" : 54.72,
    "netProfitMargin" : 19.21,
    "netProfit" : 14.78
  }, {
    "date" : "2019-06-30",
    "sales" : 75.37,
    "salesGrowthYoY" : 5.44,
    "grossProfitMargin" : 91.08,
    "grossProfit" : 68.65,
    "operatingProfitMargin" : 77.55,
    "operatingProfit" : 58.45,
    "netProfitMargin" : 34.02,
    "netProfit" : 25.64
  }, {
    "date" : "2019-09-30",
    "sales" : 75.83,
    "salesGrowthYoY" : 4.28,
    "grossProfitMargin" : 90.03,
    "grossProfit" : 68.27,
    "operatingProfitMargin" : 74.36,
    "operatingProfit" : 56.39,
    "netProfitMargin" : 35.87,
    "netProfit" : 27.20
  }, {
    "date" : "2019-12-31",
    "sales" : 76.60,
    "salesGrowthYoY" : -1.19,
    "grossProfitMargin" : 89.23,
    "grossProfit" : 68.35,
    "operatingProfitMargin" : 74.35,
    "operatingProfit" : 56.95,
    "netProfitMargin" : 35.60,
    "netProfit" : 27.27
  }, {
    "date" : "2020-03-31",
    "sales" : 82.20,
    "salesGrowthYoY" : 6.82,
    "grossProfitMargin" : 87.97,
    "grossProfit" : 72.31,
    "operatingProfitMargin" : 71.87,
    "operatingProfit" : 59.08,
    "netProfitMargin" : 35.72,
    "netProfit" : 29.36
  }, {
    "date" : "2020-06-30",
    "sales" : 79.80,
    "salesGrowthYoY" : 5.88,
    "grossProfitMargin" : 91.09,
    "grossProfit" : 72.69,
    "operatingProfitMargin" : 75.60,
    "operatingProfit" : 60.33,
    "netProfitMargin" : 40.70,
    "netProfit" : 32.48
  }, {
    "date" : "2020-09-30",
    "sales" : 80.02,
    "salesGrowthYoY" : 5.53,
    "grossProfitMargin" : 90.65,
    "grossProfit" : 72.54,
    "operatingProfitMargin" : 76.23,
    "operatingProfit" : 61.00,
    "netProfitMargin" : 41.74,
    "netProfit" : 33.40
  }, {
    "date" : "2020-12-31",
    "sales" : 80.07,
    "salesGrowthYoY" : 4.53,
    "grossProfitMargin" : 90.30,
    "grossProfit" : 72.30,
    "operatingProfitMargin" : 76.31,
    "operatingProfit" : 61.10,
    "netProfitMargin" : 40.96,
    "netProfit" : 32.80
  }, {
    "date" : "2021-03-31",
    "sales" : 77.03,
    "salesGrowthYoY" : -6.29,
    "grossProfitMargin" : 88.99,
    "grossProfit" : 68.55,
    "operatingProfitMargin" : 71.09,
    "operatingProfit" : 54.76,
    "netProfitMargin" : 37.30,
    "netProfit" : 28.73
  }, {
    "date" : "2021-06-30",
    "sales" : 75.06,
    "salesGrowthYoY" : -5.94,
    "grossProfitMargin" : 89.99,
    "grossProfit" : 67.55,
    "operatingProfitMargin" : 67.72,
    "operatingProfit" : 50.83,
    "netProfitMargin" : 35.35,
    "netProfit" : 26.53
  }, {
    "date" : "2021-09-30",
    "sales" : 79.35,
    "salesGrowthYoY" : -0.84,
    "grossProfitMargin" : 89.92,
    "grossProfit" : 71.35,
    "operatingProfitMargin" : 75.12,
    "operatingProfit" : 59.61,
    "netProfitMargin" : 42.55,
    "netProfit" : 33.76
  }, {
    "date" : "2021-12-31",
    "sales" : 92.55,
    "salesGrowthYoY" : 15.59,
    "grossProfitMargin" : 92.25,
    "grossProfit" : 85.38,
    "operatingProfitMargin" : 80.11,
    "operatingProfit" : 74.14,
    "netProfitMargin" : 14.55,
    "netProfit" : 13.47
  }, {
    "date" : "2022-03-31",
    "sales" : 136.99,
    "salesGrowthYoY" : 77.84,
    "grossProfitMargin" : 93.16,
    "grossProfit" : 127.62,
    "operatingProfitMargin" : 82.33,
    "operatingProfit" : 112.78,
    "netProfitMargin" : 27.04,
    "netProfit" : 37.04
  }, {
    "date" : "2022-06-30",
    "sales" : 138.22,
    "salesGrowthYoY" : 84.15,
    "grossProfitMargin" : 93.39,
    "grossProfit" : 129.08,
    "operatingProfitMargin" : 77.34,
    "operatingProfit" : 106.90,
    "netProfitMargin" : 10.29,
    "netProfit" : 14.22
  }, {
    "date" : "2022-09-30",
    "sales" : 142.59,
    "salesGrowthYoY" : 79.70,
    "grossProfitMargin" : 92.63,
    "grossProfit" : 132.08,
    "operatingProfitMargin" : 81.72,
    "operatingProfit" : 116.52,
    "netProfitMargin" : 28.37,
    "netProfit" : 40.45
  }, {
    "date" : "2022-12-31",
    "sales" : 143.72,
    "salesGrowthYoY" : 55.29,
    "grossProfitMargin" : 92.43,
    "grossProfit" : 132.84,
    "operatingProfitMargin" : 82.10,
    "operatingProfit" : 117.99,
    "netProfitMargin" : 37.25,
    "netProfit" : 53.54
  }, {
    "date" : "2023-03-31",
    "sales" : 148.12,
    "salesGrowthYoY" : 8.12,
    "grossProfitMargin" : 90.50,
    "grossProfit" : 134.05,
    "operatingProfitMargin" : 78.72,
    "operatingProfit" : 116.60,
    "netProfitMargin" : 33.56,
    "netProfit" : 49.71
  }, {
    "date" : "2023-06-30",
    "sales" : 148.26,
    "salesGrowthYoY" : 7.26,
    "grossProfitMargin" : 92.72,
    "grossProfit" : 137.47,
    "operatingProfitMargin" : 78.28,
    "operatingProfit" : 116.06,
    "netProfitMargin" : 33.58,
    "netProfit" : 49.79
  }, {
    "date" : "2023-09-30",
    "sales" : 149.42,
    "salesGrowthYoY" : 4.79,
    "grossProfitMargin" : 91.39,
    "grossProfit" : 136.55,
    "operatingProfitMargin" : 80.07,
    "operatingProfit" : 119.64,
    "netProfitMargin" : 35.12,
    "netProfit" : 52.48
  }, {
    "date" : "2023-12-31",
    "sales" : 152.09,
    "salesGrowthYoY" : 5.82,
    "grossProfitMargin" : 91.10,
    "grossProfit" : 138.55,
    "operatingProfitMargin" : 78.77,
    "operatingProfit" : 119.80,
    "netProfitMargin" : 34.26,
    "netProfit" : 52.11
  }, {
    "date" : "2024-03-31",
    "sales" : 153.36,
    "salesGrowthYoY" : 3.54,
    "grossProfitMargin" : 89.91,
    "grossProfit" : 137.89,
    "operatingProfitMargin" : 79.36,
    "operatingProfit" : 121.71,
    "netProfitMargin" : 33.37,
    "netProfit" : 51.18
  }, {
    "date" : "2024-06-30",
    "sales" : 156.51,
    "salesGrowthYoY" : 5.56,
    "grossProfitMargin" : 91.67,
    "grossProfit" : 143.47,
    "operatingProfitMargin" : 76.85,
    "operatingProfit" : 120.28,
    "netProfitMargin" : 31.84,
    "netProfit" : 49.83
  }, {
    "date" : "2024-09-30",
    "sales" : 160.21,
    "salesGrowthYoY" : 7.22,
    "grossProfitMargin" : 91.37,
    "grossProfit" : 146.38,
    "operatingProfitMargin" : 80.29,
    "operatingProfit" : 128.63,
    "netProfitMargin" : 35.26,
    "netProfit" : 56.49
  }, {
    "date" : "2024-12-31",
    "sales" : 161.34,
    "salesGrowthYoY" : 6.08,
    "grossProfitMargin" : 90.73,
    "grossProfit" : 146.38,
    "operatingProfitMargin" : 81.15,
    "operatingProfit" : 130.93,
    "netProfitMargin" : 36.13,
    "netProfit" : 58.29
  }, {
    "date" : "2025-03-31",
    "sales" : 158.02,
    "salesGrowthYoY" : 3.04,
    "grossProfitMargin" : 89.37,
    "grossProfit" : 141.22,
    "operatingProfitMargin" : 77.84,
    "operatingProfit" : 123.00,
    "netProfitMargin" : 33.88,
    "netProfit" : 53.54
  }, {
    "date" : "2025-06-30",
    "sales" : 163.00,
    "salesGrowthYoY" : 4.15,
    "grossProfitMargin" : 91.51,
    "grossProfit" : 149.16,
    "operatingProfitMargin" : 78.40,
    "operatingProfit" : 127.79,
    "netProfitMargin" : 35.83,
    "netProfit" : 58.40
  }, {
    "date" : "2025-09-30",
    "sales" : 165.31,
    "salesGrowthYoY" : 3.18,
    "grossProfitMargin" : 91.00,
    "grossProfit" : 150.43,
    "operatingProfitMargin" : 78.26,
    "operatingProfit" : 129.37,
    "netProfitMargin" : 89.32,
    "netProfit" : 147.65
  } ],
  "latestQuarterlyResult" : {
    "date" : "2025-09-30",
    "sales" : 165.31,
    "salesGrowthYoY" : 3.18,
    "grossProfitMargin" : 91.00,
    "grossProfit" : 150.43,
    "operatingProfitMargin" : 78.26,
    "operatingProfit" : 129.37,
    "netProfitMargin" : 89.32,
    "netProfit" : 147.65
  },
  "companyScore" : {
    "priceHigherThanDma50" : 0.00,
    "priceHigherThanDma100" : 0.00,
    "priceHigherThanDma200" : 0.00,
    "dma50HigherThanDma100" : 0.00,
    "dma50HigherThanDma200" : 5.00,
    "dma100HigherThanDma200" : 5.00,
    "pricePercentageAboveDma50" : 5.10,
    "pricePercentageAboveDma100" : 5.21,
    "pricePercentageAboveDma200" : 5.08,
    "weeklyVolumeHigherThanYearlyVolume" : 0.00,
    "salesGrowthPercentile" : 4.56,
    "operatingProfitMarginPercentile" : 19.20,
    "netProfitMarginPercentile" : 9.76,
    "totalTechnicalScore" : 25.39,
    "totalFundamentalScore" : 33.52,
    "totalScore" : 58.91
  }
}