{
  "metadata" : {
    "screenerCompanyId" : "3425",
    "companyCode" : "500414",
    "companyName" : "Timex Group",
    "screenerCompanyLink" : "https://www.screener.in/company/500414/",
    "screenerTechnicalHistoryLink" : "https://www.screener.in/api/company/3425/chart/?q=Price-DMA50-DMA200-Volume&days=365",
    "screenerQuarterlyResultsLink" : "https://www.screener.in/api/company/3425/chart/?q=GPM-OPM-NPM-Quarter+Sales&days=10000",
    "attributes" : {
      "companyCode" : "500414",
      "companyName" : "Timex Group",
      "marketCap" : 3149.00,
      "peRatio" : 53.10,
      "description" : "Timex Group India Limited is a group company of Tanager Group B.V. (formerly known as Timex Group B.V.). The Co is engaged in manufacturing and trading of watches and rendering of related after sales service. The Company also provides information and technology support services to the Group Companies. [1][2]"
    },
    "companyScore" : {
      "priceHigherThanDma50" : 0.00,
      "priceHigherThanDma100" : 0.00,
      "priceHigherThanDma200" : 5.00,
      "dma50HigherThanDma100" : 0.00,
      "dma50HigherThanDma200" : 5.00,
      "dma100HigherThanDma200" : 5.00,
      "pricePercentageAboveDma50" : 5.07,
      "pricePercentageAboveDma100" : 5.50,
      "pricePercentageAboveDma200" : 4.77,
      "weeklyVolumeHigherThanYearlyVolume" : 5.00,
      "salesGrowthPercentile" : 14.00,
      "operatingProfitMarginPercentile" : 18.88,
      "netProfitMarginPercentile" : 8.91,
      "totalTechnicalScore" : 35.34,
      "totalFundamentalScore" : 41.79,
      "totalScore" : 77.13
    }
  },
  "attributes" : {
    "companyCode" : "500414",
    "companyName" : "Timex Group",
    "marketCap" : 3149.00,
    "peRatio" : 53.10,
    "description" : "Timex Group India Limited is a group company of Tanager Group B.V. (formerly known as Timex Group B.V.). The Co is engaged in manufacturing and trading of watches and rendering of related after sales service. The Company also provides information and technology support services to the Group Companies. [1][2]"
  },
  "technicalHistory" : [ {
    "date" : "2025-02-13",
    "price" : 175.95,
    "dma50" : 187.32,
    "dma100" : null,
    "dma200" : 172.10,
    "volume" : 18691.00
  }, {
    "date" : "2025-02-14",
    "price" : 166.45,
    "dma50" : 186.50,
    "dma100" : null,
    "dma200" : 172.04,
    "volume" : 60339.00
  }, {
    "date" : "2025-02-17",
    "price" : 164.65,
    "dma50" : 185.64,
    "dma100" : null,
    "dma200" : 171.97,
    "volume" : 38600.00
  }, {
    "date" : "2025-02-18",
    "price" : 159.05,
    "dma50" : 184.60,
    "dma100" : null,
    "dma200" : 171.84,
    "volume" : 25017.00
  }, {
    "date" : "2025-02-19",
    "price" : 162.00,
    "dma50" : 183.71,
    "dma100" : null,
    "dma200" : 171.74,
    "volume" : 20647.00
  }, {
    "date" : "2025-02-20",
    "price" : 160.85,
    "dma50" : 182.82,
    "dma100" : null,
    "dma200" : 171.63,
    "volume" : 26911.00
  }, {
    "date" : "2025-02-21",
    "price" : 163.05,
    "dma50" : 182.04,
    "dma100" : null,
    "dma200" : 171.55,
    "volume" : 22345.00
  }, {
    "date" : "2025-02-24",
    "price" : 169.65,
    "dma50" : 181.56,
    "dma100" : null,
    "dma200" : 171.53,
    "volume" : 103255.00
  }, {
    "date" : "2025-02-25",
    "price" : 165.65,
    "dma50" : 180.93,
    "dma100" : null,
    "dma200" : 171.47,
    "volume" : 31001.00
  }, {
    "date" : "2025-02-27",
    "price" : 165.20,
    "dma50" : 180.32,
    "dma100" : null,
    "dma200" : 171.41,
    "volume" : 19978.00
  }, {
    "date" : "2025-02-28",
    "price" : 162.40,
    "dma50" : 179.61,
    "dma100" : null,
    "dma200" : 171.32,
    "volume" : 34553.00
  }, {
    "date" : "2025-03-03",
    "price" : 163.05,
    "dma50" : 178.96,
    "dma100" : null,
    "dma200" : 171.24,
    "volume" : 36369.00
  }, {
    "date" : "2025-03-04",
    "price" : 165.95,
    "dma50" : 178.45,
    "dma100" : null,
    "dma200" : 171.18,
    "volume" : 15834.00
  }, {
    "date" : "2025-03-05",
    "price" : 166.40,
    "dma50" : 177.98,
    "dma100" : null,
    "dma200" : 171.14,
    "volume" : 23858.00
  }, {
    "date" : "2025-03-06",
    "price" : 169.75,
    "dma50" : 177.66,
    "dma100" : null,
    "dma200" : 171.12,
    "volume" : 24102.00
  }, {
    "date" : "2025-03-07",
    "price" : 171.25,
    "dma50" : 177.41,
    "dma100" : null,
    "dma200" : 171.12,
    "volume" : 21095.00
  }, {
    "date" : "2025-03-10",
    "price" : 166.70,
    "dma50" : 176.99,
    "dma100" : null,
    "dma200" : 171.08,
    "volume" : 5500.00
  }, {
    "date" : "2025-03-11",
    "price" : 160.25,
    "dma50" : 176.33,
    "dma100" : null,
    "dma200" : 170.97,
    "volume" : 72665.00
  }, {
    "date" : "2025-03-12",
    "price" : 159.20,
    "dma50" : 175.66,
    "dma100" : null,
    "dma200" : 170.85,
    "volume" : 17686.00
  }, {
    "date" : "2025-03-13",
    "price" : 155.80,
    "dma50" : 174.88,
    "dma100" : null,
    "dma200" : 170.70,
    "volume" : 14304.00
  }, {
    "date" : "2025-03-17",
    "price" : 150.05,
    "dma50" : 173.91,
    "dma100" : null,
    "dma200" : 170.50,
    "volume" : 63620.00
  }, {
    "date" : "2025-03-18",
    "price" : 148.50,
    "dma50" : 172.91,
    "dma100" : null,
    "dma200" : 170.28,
    "volume" : 31706.00
  }, {
    "date" : "2025-03-19",
    "price" : 149.05,
    "dma50" : 171.97,
    "dma100" : null,
    "dma200" : 170.07,
    "volume" : 67462.00
  }, {
    "date" : "2025-03-20",
    "price" : 154.20,
    "dma50" : 171.28,
    "dma100" : null,
    "dma200" : 169.91,
    "volume" : 125128.00
  }, {
    "date" : "2025-03-21",
    "price" : 155.75,
    "dma50" : 170.67,
    "dma100" : null,
    "dma200" : 169.77,
    "volume" : 25977.00
  }, {
    "date" : "2025-03-24",
    "price" : 163.95,
    "dma50" : 170.40,
    "dma100" : null,
    "dma200" : 169.71,
    "volume" : 58411.00
  }, {
    "date" : "2025-03-25",
    "price" : 159.50,
    "dma50" : 169.98,
    "dma100" : null,
    "dma200" : 169.61,
    "volume" : 28823.00
  }, {
    "date" : "2025-03-26",
    "price" : 151.90,
    "dma50" : 169.27,
    "dma100" : null,
    "dma200" : 169.43,
    "volume" : 31443.00
  }, {
    "date" : "2025-03-27",
    "price" : 156.20,
    "dma50" : 168.76,
    "dma100" : null,
    "dma200" : 169.30,
    "volume" : 50688.00
  }, {
    "date" : "2025-03-28",
    "price" : 154.45,
    "dma50" : 168.19,
    "dma100" : null,
    "dma200" : 169.16,
    "volume" : 23399.00
  }, {
    "date" : "2025-04-01",
    "price" : 167.85,
    "dma50" : 168.18,
    "dma100" : null,
    "dma200" : 169.14,
    "volume" : 65975.00
  }, {
    "date" : "2025-04-02",
    "price" : 168.90,
    "dma50" : 168.21,
    "dma100" : null,
    "dma200" : 169.14,
    "volume" : 20380.00
  }, {
    "date" : "2025-04-03",
    "price" : 164.35,
    "dma50" : 168.06,
    "dma100" : null,
    "dma200" : 169.09,
    "volume" : 19703.00
  }, {
    "date" : "2025-04-04",
    "price" : 164.95,
    "dma50" : 167.94,
    "dma100" : null,
    "dma200" : 169.05,
    "volume" : 11603.00
  }, {
    "date" : "2025-04-07",
    "price" : 157.00,
    "dma50" : 167.51,
    "dma100" : null,
    "dma200" : 168.93,
    "volume" : 30315.00
  }, {
    "date" : "2025-04-08",
    "price" : 161.30,
    "dma50" : 167.26,
    "dma100" : null,
    "dma200" : 168.86,
    "volume" : 13069.00
  }, {
    "date" : "2025-04-09",
    "price" : 158.25,
    "dma50" : 166.91,
    "dma100" : null,
    "dma200" : 168.75,
    "volume" : 10586.00
  }, {
    "date" : "2025-04-11",
    "price" : 161.65,
    "dma50" : 166.70,
    "dma100" : null,
    "dma200" : 168.68,
    "volume" : 25577.00
  }, {
    "date" : "2025-04-15",
    "price" : 164.40,
    "dma50" : 166.61,
    "dma100" : null,
    "dma200" : 168.64,
    "volume" : 18895.00
  }, {
    "date" : "2025-04-16",
    "price" : 159.45,
    "dma50" : 166.33,
    "dma100" : null,
    "dma200" : 168.54,
    "volume" : 80158.00
  }, {
    "date" : "2025-04-17",
    "price" : 173.05,
    "dma50" : 166.60,
    "dma100" : null,
    "dma200" : 168.59,
    "volume" : 184970.00
  }, {
    "date" : "2025-04-21",
    "price" : 173.80,
    "dma50" : 166.88,
    "dma100" : null,
    "dma200" : 168.64,
    "volume" : 77843.00
  }, {
    "date" : "2025-04-22",
    "price" : 176.20,
    "dma50" : 167.24,
    "dma100" : null,
    "dma200" : 168.72,
    "volume" : 83033.00
  }, {
    "date" : "2025-04-23",
    "price" : 183.40,
    "dma50" : 167.88,
    "dma100" : null,
    "dma200" : 168.86,
    "volume" : 102995.00
  }, {
    "date" : "2025-04-24",
    "price" : 181.10,
    "dma50" : 168.40,
    "dma100" : null,
    "dma200" : 168.98,
    "volume" : 68829.00
  }, {
    "date" : "2025-04-25",
    "price" : 171.10,
    "dma50" : 168.50,
    "dma100" : null,
    "dma200" : 169.01,
    "volume" : 78236.00
  }, {
    "date" : "2025-04-28",
    "price" : 165.15,
    "dma50" : 168.37,
    "dma100" : null,
    "dma200" : 168.97,
    "volume" : 66941.00
  }, {
    "date" : "2025-04-29",
    "price" : 162.80,
    "dma50" : 168.15,
    "dma100" : null,
    "dma200" : 168.91,
    "volume" : 25499.00
  }, {
    "date" : "2025-04-30",
    "price" : 156.65,
    "dma50" : 167.70,
    "dma100" : null,
    "dma200" : 168.78,
    "volume" : 45550.00
  }, {
    "date" : "2025-05-02",
    "price" : 163.20,
    "dma50" : 167.52,
    "dma100" : null,
    "dma200" : 168.73,
    "volume" : 56138.00
  }, {
    "date" : "2025-05-05",
    "price" : 162.80,
    "dma50" : 167.34,
    "dma100" : null,
    "dma200" : 168.67,
    "volume" : 56613.00
  }, {
    "date" : "2025-05-06",
    "price" : 163.55,
    "dma50" : 167.19,
    "dma100" : null,
    "dma200" : 168.62,
    "volume" : 51396.00
  }, {
    "date" : "2025-05-07",
    "price" : 196.25,
    "dma50" : 168.33,
    "dma100" : null,
    "dma200" : 168.89,
    "volume" : 852190.00
  }, {
    "date" : "2025-05-08",
    "price" : 214.65,
    "dma50" : 170.15,
    "dma100" : null,
    "dma200" : 169.35,
    "volume" : 765904.00
  }, {
    "date" : "2025-05-09",
    "price" : 222.25,
    "dma50" : 172.19,
    "dma100" : null,
    "dma200" : 169.88,
    "volume" : 330331.00
  }, {
    "date" : "2025-05-12",
    "price" : 230.15,
    "dma50" : 174.46,
    "dma100" : null,
    "dma200" : 170.47,
    "volume" : 243266.00
  }, {
    "date" : "2025-05-13",
    "price" : 220.35,
    "dma50" : 176.26,
    "dma100" : null,
    "dma200" : 170.97,
    "volume" : 115020.00
  }, {
    "date" : "2025-05-14",
    "price" : 222.55,
    "dma50" : 178.08,
    "dma100" : null,
    "dma200" : 171.48,
    "volume" : 64936.00
  }, {
    "date" : "2025-05-15",
    "price" : 216.40,
    "dma50" : 179.58,
    "dma100" : null,
    "dma200" : 171.93,
    "volume" : 68050.00
  }, {
    "date" : "2025-05-16",
    "price" : 212.75,
    "dma50" : 180.88,
    "dma100" : null,
    "dma200" : 172.34,
    "volume" : 53824.00
  }, {
    "date" : "2025-05-19",
    "price" : 227.55,
    "dma50" : 182.71,
    "dma100" : null,
    "dma200" : 172.89,
    "volume" : 251612.00
  }, {
    "date" : "2025-05-20",
    "price" : 249.75,
    "dma50" : 185.34,
    "dma100" : null,
    "dma200" : 173.65,
    "volume" : 324081.00
  }, {
    "date" : "2025-05-21",
    "price" : 240.20,
    "dma50" : 187.49,
    "dma100" : null,
    "dma200" : 174.31,
    "volume" : 146681.00
  }, {
    "date" : "2025-05-22",
    "price" : 264.20,
    "dma50" : 190.50,
    "dma100" : null,
    "dma200" : 175.21,
    "volume" : 155593.00
  }, {
    "date" : "2025-05-23",
    "price" : 272.30,
    "dma50" : 193.71,
    "dma100" : null,
    "dma200" : 176.17,
    "volume" : 262581.00
  }, {
    "date" : "2025-05-26",
    "price" : 271.75,
    "dma50" : 196.77,
    "dma100" : null,
    "dma200" : 177.13,
    "volume" : 109033.00
  }, {
    "date" : "2025-05-27",
    "price" : 266.55,
    "dma50" : 199.50,
    "dma100" : null,
    "dma200" : 178.02,
    "volume" : 79325.00
  }, {
    "date" : "2025-05-28",
    "price" : 269.55,
    "dma50" : 202.25,
    "dma100" : null,
    "dma200" : 178.93,
    "volume" : 53915.00
  }, {
    "date" : "2025-05-29",
    "price" : 260.85,
    "dma50" : 204.55,
    "dma100" : null,
    "dma200" : 179.74,
    "volume" : 52128.00
  }, {
    "date" : "2025-05-30",
    "price" : 263.25,
    "dma50" : 206.85,
    "dma100" : null,
    "dma200" : 180.57,
    "volume" : 47271.00
  }, {
    "date" : "2025-06-02",
    "price" : 263.95,
    "dma50" : 209.09,
    "dma100" : null,
    "dma200" : 181.40,
    "volume" : 37777.00
  }, {
    "date" : "2025-06-03",
    "price" : 262.40,
    "dma50" : 211.18,
    "dma100" : null,
    "dma200" : 182.21,
    "volume" : 48674.00
  }, {
    "date" : "2025-06-04",
    "price" : 258.00,
    "dma50" : 213.02,
    "dma100" : null,
    "dma200" : 182.96,
    "volume" : 36892.00
  }, {
    "date" : "2025-06-05",
    "price" : 270.90,
    "dma50" : 215.29,
    "dma100" : null,
    "dma200" : 183.84,
    "volume" : 140596.00
  }, {
    "date" : "2025-06-06",
    "price" : 270.75,
    "dma50" : 217.46,
    "dma100" : null,
    "dma200" : 184.70,
    "volume" : 45508.00
  }, {
    "date" : "2025-06-09",
    "price" : 267.95,
    "dma50" : 219.44,
    "dma100" : null,
    "dma200" : 185.53,
    "volume" : 30049.00
  }, {
    "date" : "2025-06-10",
    "price" : 280.60,
    "dma50" : 221.84,
    "dma100" : null,
    "dma200" : 186.48,
    "volume" : 136248.00
  }, {
    "date" : "2025-06-11",
    "price" : 279.15,
    "dma50" : 224.09,
    "dma100" : null,
    "dma200" : 187.40,
    "volume" : 118364.00
  }, {
    "date" : "2025-06-12",
    "price" : 270.95,
    "dma50" : 225.93,
    "dma100" : null,
    "dma200" : 188.23,
    "volume" : 47545.00
  }, {
    "date" : "2025-06-13",
    "price" : 273.25,
    "dma50" : 227.78,
    "dma100" : null,
    "dma200" : 189.08,
    "volume" : 35972.00
  }, {
    "date" : "2025-06-16",
    "price" : 267.30,
    "dma50" : 229.33,
    "dma100" : null,
    "dma200" : 189.85,
    "volume" : 31892.00
  }, {
    "date" : "2025-06-17",
    "price" : 260.75,
    "dma50" : 230.56,
    "dma100" : null,
    "dma200" : 190.56,
    "volume" : 37849.00
  }, {
    "date" : "2025-06-18",
    "price" : 255.90,
    "dma50" : 231.56,
    "dma100" : null,
    "dma200" : 191.21,
    "volume" : 21797.00
  }, {
    "date" : "2025-06-19",
    "price" : 254.75,
    "dma50" : 232.47,
    "dma100" : null,
    "dma200" : 191.84,
    "volume" : 26170.00
  }, {
    "date" : "2025-06-20",
    "price" : 259.55,
    "dma50" : 233.53,
    "dma100" : null,
    "dma200" : 192.52,
    "volume" : 25049.00
  }, {
    "date" : "2025-06-23",
    "price" : 258.80,
    "dma50" : 234.52,
    "dma100" : null,
    "dma200" : 193.17,
    "volume" : 62745.00
  }, {
    "date" : "2025-06-24",
    "price" : 264.20,
    "dma50" : 235.68,
    "dma100" : null,
    "dma200" : 193.88,
    "volume" : 46252.00
  }, {
    "date" : "2025-06-25",
    "price" : 251.00,
    "dma50" : 236.28,
    "dma100" : null,
    "dma200" : 194.45,
    "volume" : 28191.00
  }, {
    "date" : "2025-06-26",
    "price" : 238.45,
    "dma50" : 236.37,
    "dma100" : null,
    "dma200" : 194.89,
    "volume" : 36164.00
  }, {
    "date" : "2025-06-27",
    "price" : 226.55,
    "dma50" : 235.98,
    "dma100" : null,
    "dma200" : 195.20,
    "volume" : 40250.00
  }, {
    "date" : "2025-06-30",
    "price" : 215.25,
    "dma50" : 235.17,
    "dma100" : null,
    "dma200" : 195.40,
    "volume" : 76709.00
  }, {
    "date" : "2025-07-01",
    "price" : 224.25,
    "dma50" : 234.74,
    "dma100" : null,
    "dma200" : 195.69,
    "volume" : 13036706.00
  }, {
    "date" : "2025-07-02",
    "price" : 219.80,
    "dma50" : 234.16,
    "dma100" : null,
    "dma200" : 195.93,
    "volume" : 1526458.00
  }, {
    "date" : "2025-07-03",
    "price" : 219.95,
    "dma50" : 233.60,
    "dma100" : null,
    "dma200" : 196.17,
    "volume" : 463000.00
  }, {
    "date" : "2025-07-04",
    "price" : 230.90,
    "dma50" : 233.49,
    "dma100" : null,
    "dma200" : 196.51,
    "volume" : 1731899.00
  }, {
    "date" : "2025-07-07",
    "price" : 229.25,
    "dma50" : 233.33,
    "dma100" : null,
    "dma200" : 196.84,
    "volume" : 1007167.00
  }, {
    "date" : "2025-07-08",
    "price" : 226.40,
    "dma50" : 233.06,
    "dma100" : null,
    "dma200" : 197.13,
    "volume" : 397418.00
  }, {
    "date" : "2025-07-09",
    "price" : 232.70,
    "dma50" : 233.04,
    "dma100" : null,
    "dma200" : 197.49,
    "volume" : 1327183.00
  }, {
    "date" : "2025-07-10",
    "price" : 230.15,
    "dma50" : 232.93,
    "dma100" : null,
    "dma200" : 197.81,
    "volume" : 246140.00
  }, {
    "date" : "2025-07-11",
    "price" : 225.40,
    "dma50" : 232.63,
    "dma100" : null,
    "dma200" : 198.09,
    "volume" : 275708.00
  }, {
    "date" : "2025-07-14",
    "price" : 222.35,
    "dma50" : 232.23,
    "dma100" : 203.55,
    "dma200" : 198.33,
    "volume" : 252306.00
  }, {
    "date" : "2025-07-15",
    "price" : 224.35,
    "dma50" : 231.92,
    "dma100" : 204.12,
    "dma200" : 198.59,
    "volume" : 247358.00
  }, {
    "date" : "2025-07-16",
    "price" : 226.60,
    "dma50" : 231.71,
    "dma100" : 204.74,
    "dma200" : 198.87,
    "volume" : 460915.00
  }, {
    "date" : "2025-07-17",
    "price" : 226.35,
    "dma50" : 231.50,
    "dma100" : 205.42,
    "dma200" : 199.14,
    "volume" : 279475.00
  }, {
    "date" : "2025-07-18",
    "price" : 223.70,
    "dma50" : 231.20,
    "dma100" : 206.03,
    "dma200" : 199.38,
    "volume" : 231832.00
  }, {
    "date" : "2025-07-21",
    "price" : 220.95,
    "dma50" : 230.79,
    "dma100" : 206.64,
    "dma200" : 199.60,
    "volume" : 198206.00
  }, {
    "date" : "2025-07-22",
    "price" : 217.05,
    "dma50" : 230.26,
    "dma100" : 207.18,
    "dma200" : 199.77,
    "volume" : 487546.00
  }, {
    "date" : "2025-07-23",
    "price" : 222.95,
    "dma50" : 229.97,
    "dma100" : 207.71,
    "dma200" : 200.00,
    "volume" : 492682.00
  }, {
    "date" : "2025-07-24",
    "price" : 222.90,
    "dma50" : 229.69,
    "dma100" : 208.28,
    "dma200" : 200.23,
    "volume" : 300265.00
  }, {
    "date" : "2025-07-25",
    "price" : 212.00,
    "dma50" : 229.00,
    "dma100" : 208.75,
    "dma200" : 200.35,
    "volume" : 641943.00
  }, {
    "date" : "2025-07-28",
    "price" : 201.40,
    "dma50" : 227.92,
    "dma100" : 209.14,
    "dma200" : 200.36,
    "volume" : 576251.00
  }, {
    "date" : "2025-07-29",
    "price" : 211.45,
    "dma50" : 227.27,
    "dma100" : 209.62,
    "dma200" : 200.47,
    "volume" : 235380.00
  }, {
    "date" : "2025-07-30",
    "price" : 222.00,
    "dma50" : 227.06,
    "dma100" : 210.18,
    "dma200" : 200.68,
    "volume" : 71212.00
  }, {
    "date" : "2025-07-31",
    "price" : 233.10,
    "dma50" : 227.30,
    "dma100" : 210.85,
    "dma200" : 201.01,
    "volume" : 205766.00
  }, {
    "date" : "2025-08-01",
    "price" : 244.75,
    "dma50" : 227.98,
    "dma100" : 211.60,
    "dma200" : 201.44,
    "volume" : 3439645.00
  }, {
    "date" : "2025-08-04",
    "price" : 247.35,
    "dma50" : 228.74,
    "dma100" : 212.36,
    "dma200" : 201.90,
    "volume" : 1042227.00
  }, {
    "date" : "2025-08-05",
    "price" : 259.70,
    "dma50" : 229.96,
    "dma100" : 213.29,
    "dma200" : 202.47,
    "volume" : 713482.00
  }, {
    "date" : "2025-08-06",
    "price" : 272.65,
    "dma50" : 231.63,
    "dma100" : 214.42,
    "dma200" : 203.17,
    "volume" : 436674.00
  }, {
    "date" : "2025-08-07",
    "price" : 275.05,
    "dma50" : 233.33,
    "dma100" : 215.57,
    "dma200" : 203.89,
    "volume" : 1859452.00
  }, {
    "date" : "2025-08-08",
    "price" : 288.80,
    "dma50" : 235.51,
    "dma100" : 216.90,
    "dma200" : 204.73,
    "volume" : 459590.00
  }, {
    "date" : "2025-08-11",
    "price" : 274.40,
    "dma50" : 237.03,
    "dma100" : 218.15,
    "dma200" : 205.42,
    "volume" : 834973.00
  }, {
    "date" : "2025-08-12",
    "price" : 261.70,
    "dma50" : 238.00,
    "dma100" : 219.28,
    "dma200" : 205.98,
    "volume" : 782260.00
  }, {
    "date" : "2025-08-13",
    "price" : 274.75,
    "dma50" : 239.44,
    "dma100" : 220.54,
    "dma200" : 206.67,
    "volume" : 758814.00
  }, {
    "date" : "2025-08-14",
    "price" : 276.15,
    "dma50" : 240.88,
    "dma100" : 221.76,
    "dma200" : 207.36,
    "volume" : 503076.00
  }, {
    "date" : "2025-08-18",
    "price" : 283.80,
    "dma50" : 242.57,
    "dma100" : 223.04,
    "dma200" : 208.12,
    "volume" : 654753.00
  }, {
    "date" : "2025-08-19",
    "price" : 275.65,
    "dma50" : 243.86,
    "dma100" : 224.15,
    "dma200" : 208.79,
    "volume" : 324926.00
  }, {
    "date" : "2025-08-20",
    "price" : 289.40,
    "dma50" : 245.65,
    "dma100" : 225.45,
    "dma200" : 209.59,
    "volume" : 403212.00
  }, {
    "date" : "2025-08-21",
    "price" : 288.50,
    "dma50" : 247.33,
    "dma100" : 226.82,
    "dma200" : 210.38,
    "volume" : 1860263.00
  }, {
    "date" : "2025-08-22",
    "price" : 277.60,
    "dma50" : 248.52,
    "dma100" : 228.03,
    "dma200" : 211.05,
    "volume" : 266246.00
  }, {
    "date" : "2025-08-25",
    "price" : 281.90,
    "dma50" : 249.83,
    "dma100" : 229.31,
    "dma200" : 211.75,
    "volume" : 401174.00
  }, {
    "date" : "2025-08-26",
    "price" : 291.50,
    "dma50" : 251.46,
    "dma100" : 230.54,
    "dma200" : 212.55,
    "volume" : 611298.00
  }, {
    "date" : "2025-08-28",
    "price" : 302.25,
    "dma50" : 253.45,
    "dma100" : 231.88,
    "dma200" : 213.44,
    "volume" : 682158.00
  }, {
    "date" : "2025-08-29",
    "price" : 317.35,
    "dma50" : 255.96,
    "dma100" : 233.41,
    "dma200" : 214.47,
    "volume" : 648660.00
  }, {
    "date" : "2025-09-01",
    "price" : 320.00,
    "dma50" : 258.47,
    "dma100" : 234.96,
    "dma200" : 215.52,
    "volume" : 697931.00
  }, {
    "date" : "2025-09-02",
    "price" : 325.45,
    "dma50" : 261.10,
    "dma100" : 236.64,
    "dma200" : 216.62,
    "volume" : 258743.00
  }, {
    "date" : "2025-09-03",
    "price" : 328.85,
    "dma50" : 263.75,
    "dma100" : 238.32,
    "dma200" : 217.73,
    "volume" : 354917.00
  }, {
    "date" : "2025-09-04",
    "price" : 322.00,
    "dma50" : 266.04,
    "dma100" : 239.95,
    "dma200" : 218.77,
    "volume" : 523569.00
  }, {
    "date" : "2025-09-05",
    "price" : 311.10,
    "dma50" : 267.80,
    "dma100" : 241.45,
    "dma200" : 219.69,
    "volume" : 686821.00
  }, {
    "date" : "2025-09-08",
    "price" : 326.65,
    "dma50" : 270.11,
    "dma100" : 243.07,
    "dma200" : 220.75,
    "volume" : 381757.00
  }, {
    "date" : "2025-09-09",
    "price" : 322.65,
    "dma50" : 272.17,
    "dma100" : 244.70,
    "dma200" : 221.77,
    "volume" : 161003.00
  }, {
    "date" : "2025-09-10",
    "price" : 321.25,
    "dma50" : 274.10,
    "dma100" : 246.19,
    "dma200" : 222.76,
    "volume" : 201508.00
  }, {
    "date" : "2025-09-11",
    "price" : 321.20,
    "dma50" : 275.94,
    "dma100" : 247.66,
    "dma200" : 223.74,
    "volume" : 109346.00
  }, {
    "date" : "2025-09-12",
    "price" : 320.60,
    "dma50" : 277.70,
    "dma100" : 249.10,
    "dma200" : 224.70,
    "volume" : 99477.00
  }, {
    "date" : "2025-09-15",
    "price" : 336.60,
    "dma50" : 280.01,
    "dma100" : 250.64,
    "dma200" : 225.81,
    "volume" : 263794.00
  }, {
    "date" : "2025-09-16",
    "price" : 353.40,
    "dma50" : 282.88,
    "dma100" : 252.36,
    "dma200" : 227.08,
    "volume" : 428450.00
  }, {
    "date" : "2025-09-17",
    "price" : 351.85,
    "dma50" : 285.59,
    "dma100" : 254.17,
    "dma200" : 228.33,
    "volume" : 193406.00
  }, {
    "date" : "2025-09-18",
    "price" : 355.20,
    "dma50" : 288.32,
    "dma100" : 256.07,
    "dma200" : 229.59,
    "volume" : 98328.00
  }, {
    "date" : "2025-09-19",
    "price" : 355.35,
    "dma50" : 290.95,
    "dma100" : 257.99,
    "dma200" : 230.84,
    "volume" : 171870.00
  }, {
    "date" : "2025-09-22",
    "price" : 359.10,
    "dma50" : 293.62,
    "dma100" : 260.02,
    "dma200" : 232.12,
    "volume" : 132510.00
  }, {
    "date" : "2025-09-23",
    "price" : 357.15,
    "dma50" : 296.11,
    "dma100" : 261.96,
    "dma200" : 233.36,
    "volume" : 121315.00
  }, {
    "date" : "2025-09-24",
    "price" : 359.30,
    "dma50" : 298.59,
    "dma100" : 263.92,
    "dma200" : 234.61,
    "volume" : 97422.00
  }, {
    "date" : "2025-09-25",
    "price" : 354.55,
    "dma50" : 300.78,
    "dma100" : 265.83,
    "dma200" : 235.81,
    "volume" : 150593.00
  }, {
    "date" : "2025-09-26",
    "price" : 341.70,
    "dma50" : 302.39,
    "dma100" : 267.29,
    "dma200" : 236.86,
    "volume" : 133383.00
  }, {
    "date" : "2025-09-29",
    "price" : 355.05,
    "dma50" : 304.45,
    "dma100" : 268.69,
    "dma200" : 238.04,
    "volume" : 93310.00
  }, {
    "date" : "2025-09-30",
    "price" : 355.35,
    "dma50" : 306.45,
    "dma100" : 270.02,
    "dma200" : 239.20,
    "volume" : 90763.00
  }, {
    "date" : "2025-10-01",
    "price" : 359.35,
    "dma50" : 308.52,
    "dma100" : 271.31,
    "dma200" : 240.40,
    "volume" : 82258.00
  }, {
    "date" : "2025-10-03",
    "price" : 360.55,
    "dma50" : 310.56,
    "dma100" : 272.71,
    "dma200" : 241.59,
    "volume" : 67411.00
  }, {
    "date" : "2025-10-06",
    "price" : 378.00,
    "dma50" : 313.21,
    "dma100" : 274.27,
    "dma200" : 242.95,
    "volume" : 221931.00
  }, {
    "date" : "2025-10-07",
    "price" : 396.35,
    "dma50" : 316.47,
    "dma100" : 276.07,
    "dma200" : 244.48,
    "volume" : 329350.00
  }, {
    "date" : "2025-10-08",
    "price" : 401.55,
    "dma50" : 319.81,
    "dma100" : 277.96,
    "dma200" : 246.04,
    "volume" : 250623.00
  }, {
    "date" : "2025-10-09",
    "price" : 417.95,
    "dma50" : 323.65,
    "dma100" : 279.86,
    "dma200" : 247.75,
    "volume" : 186608.00
  }, {
    "date" : "2025-10-10",
    "price" : 403.60,
    "dma50" : 326.79,
    "dma100" : 281.40,
    "dma200" : 249.30,
    "volume" : 241742.00
  }, {
    "date" : "2025-10-13",
    "price" : 385.65,
    "dma50" : 329.10,
    "dma100" : 282.85,
    "dma200" : 250.66,
    "volume" : 204867.00
  }, {
    "date" : "2025-10-14",
    "price" : 366.40,
    "dma50" : 330.56,
    "dma100" : 283.88,
    "dma200" : 251.81,
    "volume" : 200926.00
  }, {
    "date" : "2025-10-15",
    "price" : 382.90,
    "dma50" : 332.61,
    "dma100" : 284.98,
    "dma200" : 253.12,
    "volume" : 176828.00
  }, {
    "date" : "2025-10-16",
    "price" : 372.15,
    "dma50" : 334.16,
    "dma100" : 285.99,
    "dma200" : 254.30,
    "volume" : 95367.00
  }, {
    "date" : "2025-10-17",
    "price" : 371.90,
    "dma50" : 335.64,
    "dma100" : 287.04,
    "dma200" : 255.47,
    "volume" : 67350.00
  }, {
    "date" : "2025-10-20",
    "price" : 370.75,
    "dma50" : 337.02,
    "dma100" : 288.05,
    "dma200" : 256.62,
    "volume" : 73419.00
  }, {
    "date" : "2025-10-21",
    "price" : 375.65,
    "dma50" : 338.53,
    "dma100" : 289.20,
    "dma200" : 257.80,
    "volume" : 34000.00
  }, {
    "date" : "2025-10-23",
    "price" : 371.15,
    "dma50" : 339.81,
    "dma100" : 290.28,
    "dma200" : 258.93,
    "volume" : 58453.00
  }, {
    "date" : "2025-10-24",
    "price" : 369.10,
    "dma50" : 340.96,
    "dma100" : 291.33,
    "dma200" : 260.03,
    "volume" : 51279.00
  }, {
    "date" : "2025-10-27",
    "price" : 382.05,
    "dma50" : 342.57,
    "dma100" : 292.53,
    "dma200" : 261.24,
    "volume" : 73898.00
  }, {
    "date" : "2025-10-28",
    "price" : 385.30,
    "dma50" : 344.25,
    "dma100" : 293.80,
    "dma200" : 262.47,
    "volume" : 121826.00
  }, {
    "date" : "2025-10-29",
    "price" : 378.30,
    "dma50" : 345.58,
    "dma100" : 294.87,
    "dma200" : 263.63,
    "volume" : 43381.00
  }, {
    "date" : "2025-10-30",
    "price" : 382.05,
    "dma50" : 347.01,
    "dma100" : 295.99,
    "dma200" : 264.80,
    "volume" : 37753.00
  }, {
    "date" : "2025-10-31",
    "price" : 381.30,
    "dma50" : 348.36,
    "dma100" : 297.12,
    "dma200" : 265.96,
    "volume" : 24355.00
  }, {
    "date" : "2025-11-03",
    "price" : 389.10,
    "dma50" : 349.96,
    "dma100" : 298.20,
    "dma200" : 267.19,
    "volume" : 61331.00
  }, {
    "date" : "2025-11-04",
    "price" : 369.70,
    "dma50" : 350.73,
    "dma100" : 299.11,
    "dma200" : 268.21,
    "volume" : 186601.00
  }, {
    "date" : "2025-11-06",
    "price" : 388.15,
    "dma50" : 352.20,
    "dma100" : 300.28,
    "dma200" : 269.40,
    "volume" : 81169.00
  }, {
    "date" : "2025-11-07",
    "price" : 403.25,
    "dma50" : 354.20,
    "dma100" : 301.58,
    "dma200" : 270.73,
    "volume" : 813201.00
  }, {
    "date" : "2025-11-10",
    "price" : 383.10,
    "dma50" : 355.33,
    "dma100" : 302.74,
    "dma200" : 271.85,
    "volume" : 267703.00
  }, {
    "date" : "2025-11-11",
    "price" : 365.60,
    "dma50" : 355.74,
    "dma100" : 303.79,
    "dma200" : 272.79,
    "volume" : 389158.00
  }, {
    "date" : "2025-11-12",
    "price" : 383.05,
    "dma50" : 356.81,
    "dma100" : 305.06,
    "dma200" : 273.88,
    "volume" : 378192.00
  }, {
    "date" : "2025-11-13",
    "price" : 375.15,
    "dma50" : 357.53,
    "dma100" : 306.26,
    "dma200" : 274.89,
    "volume" : 138798.00
  }, {
    "date" : "2025-11-14",
    "price" : 371.85,
    "dma50" : 358.09,
    "dma100" : 307.39,
    "dma200" : 275.85,
    "volume" : 84072.00
  }, {
    "date" : "2025-11-17",
    "price" : 371.25,
    "dma50" : 358.60,
    "dma100" : 308.51,
    "dma200" : 276.80,
    "volume" : 83890.00
  }, {
    "date" : "2025-11-18",
    "price" : 363.20,
    "dma50" : 358.78,
    "dma100" : 309.50,
    "dma200" : 277.66,
    "volume" : 111858.00
  }, {
    "date" : "2025-11-19",
    "price" : 365.35,
    "dma50" : 359.04,
    "dma100" : 310.65,
    "dma200" : 278.54,
    "volume" : 67524.00
  }, {
    "date" : "2025-11-20",
    "price" : 367.20,
    "dma50" : 359.36,
    "dma100" : 311.93,
    "dma200" : 279.42,
    "volume" : 83434.00
  }, {
    "date" : "2025-11-21",
    "price" : 355.10,
    "dma50" : 359.20,
    "dma100" : 313.22,
    "dma200" : 280.17,
    "volume" : 72182.00
  }, {
    "date" : "2025-11-24",
    "price" : 337.35,
    "dma50" : 358.34,
    "dma100" : 314.44,
    "dma200" : 280.74,
    "volume" : 153146.00
  }, {
    "date" : "2025-11-25",
    "price" : 351.10,
    "dma50" : 358.05,
    "dma100" : 315.71,
    "dma200" : 281.44,
    "volume" : 155629.00
  }, {
    "date" : "2025-11-26",
    "price" : 358.75,
    "dma50" : 358.08,
    "dma100" : 317.10,
    "dma200" : 282.21,
    "volume" : 67903.00
  }, {
    "date" : "2025-11-27",
    "price" : 356.35,
    "dma50" : 358.01,
    "dma100" : 318.46,
    "dma200" : 282.95,
    "volume" : 84897.00
  }, {
    "date" : "2025-11-28",
    "price" : 338.55,
    "dma50" : 357.25,
    "dma100" : 319.54,
    "dma200" : 283.50,
    "volume" : 215806.00
  }, {
    "date" : "2025-12-01",
    "price" : 327.45,
    "dma50" : 356.08,
    "dma100" : 320.52,
    "dma200" : 283.94,
    "volume" : 216951.00
  }, {
    "date" : "2025-12-02",
    "price" : 322.30,
    "dma50" : 354.76,
    "dma100" : 321.48,
    "dma200" : 284.32,
    "volume" : 157449.00
  }, {
    "date" : "2025-12-03",
    "price" : 318.50,
    "dma50" : 353.34,
    "dma100" : 322.34,
    "dma200" : 284.66,
    "volume" : 142526.00
  }, {
    "date" : "2025-12-04",
    "price" : 333.00,
    "dma50" : 352.54,
    "dma100" : 323.37,
    "dma200" : 285.14,
    "volume" : 475752.00
  }, {
    "date" : "2025-12-05",
    "price" : 349.35,
    "dma50" : 352.41,
    "dma100" : 324.60,
    "dma200" : 285.78,
    "volume" : 263583.00
  }, {
    "date" : "2025-12-08",
    "price" : 336.15,
    "dma50" : 351.78,
    "dma100" : 325.74,
    "dma200" : 286.28,
    "volume" : 357842.00
  }, {
    "date" : "2025-12-09",
    "price" : 345.05,
    "dma50" : 351.51,
    "dma100" : 326.95,
    "dma200" : 286.87,
    "volume" : 193761.00
  }, {
    "date" : "2025-12-10",
    "price" : 349.25,
    "dma50" : 351.42,
    "dma100" : 328.18,
    "dma200" : 287.49,
    "volume" : 99684.00
  }, {
    "date" : "2025-12-11",
    "price" : 353.05,
    "dma50" : 351.49,
    "dma100" : 329.44,
    "dma200" : 288.14,
    "volume" : 118977.00
  }, {
    "date" : "2025-12-12",
    "price" : 357.15,
    "dma50" : 351.71,
    "dma100" : 330.78,
    "dma200" : 288.83,
    "volume" : 113792.00
  }, {
    "date" : "2025-12-15",
    "price" : 367.15,
    "dma50" : 352.31,
    "dma100" : 332.24,
    "dma200" : 289.60,
    "volume" : 146887.00
  }, {
    "date" : "2025-12-16",
    "price" : 368.70,
    "dma50" : 352.96,
    "dma100" : 333.76,
    "dma200" : 290.39,
    "volume" : 87872.00
  }, {
    "date" : "2025-12-17",
    "price" : 366.60,
    "dma50" : 353.49,
    "dma100" : 335.19,
    "dma200" : 291.15,
    "volume" : 57184.00
  }, {
    "date" : "2025-12-18",
    "price" : 349.15,
    "dma50" : 353.32,
    "dma100" : 336.46,
    "dma200" : 291.73,
    "volume" : 99742.00
  }, {
    "date" : "2025-12-19",
    "price" : 348.50,
    "dma50" : 353.13,
    "dma100" : 337.82,
    "dma200" : 292.29,
    "volume" : 72672.00
  }, {
    "date" : "2025-12-22",
    "price" : 360.95,
    "dma50" : 353.44,
    "dma100" : 339.42,
    "dma200" : 292.98,
    "volume" : 120508.00
  }, {
    "date" : "2025-12-23",
    "price" : 366.50,
    "dma50" : 353.95,
    "dma100" : 340.97,
    "dma200" : 293.71,
    "volume" : 86286.00
  }, {
    "date" : "2025-12-24",
    "price" : 349.70,
    "dma50" : 353.78,
    "dma100" : 342.24,
    "dma200" : 294.26,
    "volume" : 124113.00
  }, {
    "date" : "2025-12-26",
    "price" : 351.75,
    "dma50" : 353.70,
    "dma100" : 343.43,
    "dma200" : 294.84,
    "volume" : 135603.00
  }, {
    "date" : "2025-12-29",
    "price" : 329.50,
    "dma50" : 352.76,
    "dma100" : 344.28,
    "dma200" : 295.18,
    "volume" : 5892065.00
  }, {
    "date" : "2025-12-30",
    "price" : 340.80,
    "dma50" : 352.29,
    "dma100" : 345.21,
    "dma200" : 295.63,
    "volume" : 6253235.00
  }, {
    "date" : "2025-12-31",
    "price" : 344.20,
    "dma50" : 351.97,
    "dma100" : 346.06,
    "dma200" : 296.12,
    "volume" : 757412.00
  }, {
    "date" : "2026-01-01",
    "price" : 345.90,
    "dma50" : 351.73,
    "dma100" : 346.79,
    "dma200" : 296.61,
    "volume" : 292989.00
  }, {
    "date" : "2026-01-02",
    "price" : 356.00,
    "dma50" : 351.90,
    "dma100" : 347.60,
    "dma200" : 297.20,
    "volume" : 622822.00
  }, {
    "date" : "2026-01-05",
    "price" : 347.35,
    "dma50" : 351.72,
    "dma100" : 348.18,
    "dma200" : 297.70,
    "volume" : 597400.00
  }, {
    "date" : "2026-01-06",
    "price" : 345.35,
    "dma50" : 351.47,
    "dma100" : 348.89,
    "dma200" : 298.18,
    "volume" : 256375.00
  }, {
    "date" : "2026-01-07",
    "price" : 341.45,
    "dma50" : 351.08,
    "dma100" : 349.69,
    "dma200" : 298.61,
    "volume" : 291316.00
  }, {
    "date" : "2026-01-08",
    "price" : 332.00,
    "dma50" : 350.33,
    "dma100" : 350.26,
    "dma200" : 298.94,
    "volume" : 290922.00
  }, {
    "date" : "2026-01-09",
    "price" : 317.85,
    "dma50" : 349.06,
    "dma100" : 350.68,
    "dma200" : 299.13,
    "volume" : 765742.00
  }, {
    "date" : "2026-01-12",
    "price" : 324.40,
    "dma50" : 348.09,
    "dma100" : 351.09,
    "dma200" : 299.38,
    "volume" : 409864.00
  }, {
    "date" : "2026-01-13",
    "price" : 319.75,
    "dma50" : 346.98,
    "dma100" : 351.53,
    "dma200" : 299.58,
    "volume" : 182065.00
  }, {
    "date" : "2026-01-14",
    "price" : 315.50,
    "dma50" : 345.74,
    "dma100" : 351.79,
    "dma200" : 299.74,
    "volume" : 514225.00
  }, {
    "date" : "2026-01-16",
    "price" : 314.70,
    "dma50" : 344.53,
    "dma100" : 352.05,
    "dma200" : 299.89,
    "volume" : 172208.00
  }, {
    "date" : "2026-01-19",
    "price" : 304.20,
    "dma50" : 342.94,
    "dma100" : 352.32,
    "dma200" : 299.93,
    "volume" : 476221.00
  }, {
    "date" : "2026-01-20",
    "price" : 289.05,
    "dma50" : 340.83,
    "dma100" : 352.39,
    "dma200" : 299.82,
    "volume" : 713905.00
  }, {
    "date" : "2026-01-21",
    "price" : 293.15,
    "dma50" : 338.96,
    "dma100" : 352.40,
    "dma200" : 299.76,
    "volume" : 627668.00
  }, {
    "date" : "2026-01-22",
    "price" : 304.00,
    "dma50" : 337.59,
    "dma100" : 352.42,
    "dma200" : 299.80,
    "volume" : 171075.00
  }, {
    "date" : "2026-01-23",
    "price" : 287.60,
    "dma50" : 335.63,
    "dma100" : 352.12,
    "dma200" : 299.68,
    "volume" : 239325.00
  }, {
    "date" : "2026-01-27",
    "price" : 287.05,
    "dma50" : 333.72,
    "dma100" : 351.80,
    "dma200" : 299.55,
    "volume" : 212230.00
  }, {
    "date" : "2026-01-28",
    "price" : 294.55,
    "dma50" : 332.19,
    "dma100" : 351.49,
    "dma200" : 299.50,
    "volume" : 350822.00
  }, {
    "date" : "2026-01-29",
    "price" : 287.65,
    "dma50" : 330.44,
    "dma100" : 351.07,
    "dma200" : 299.39,
    "volume" : 163040.00
  }, {
    "date" : "2026-01-30",
    "price" : 286.65,
    "dma50" : 328.72,
    "dma100" : 350.72,
    "dma200" : 299.26,
    "volume" : 134987.00
  }, {
    "date" : "2026-02-01",
    "price" : 280.95,
    "dma50" : 326.85,
    "dma100" : 350.42,
    "dma200" : 299.08,
    "volume" : 155192.00
  }, {
    "date" : "2026-02-02",
    "price" : 283.35,
    "dma50" : 325.14,
    "dma100" : 349.99,
    "dma200" : 298.92,
    "volume" : 108216.00
  }, {
    "date" : "2026-02-03",
    "price" : 305.95,
    "dma50" : 324.39,
    "dma100" : 349.82,
    "dma200" : 298.99,
    "volume" : 410943.00
  }, {
    "date" : "2026-02-04",
    "price" : 275.40,
    "dma50" : 322.47,
    "dma100" : 349.36,
    "dma200" : 298.76,
    "volume" : 1054213.00
  }, {
    "date" : "2026-02-05",
    "price" : 271.45,
    "dma50" : 320.47,
    "dma100" : 348.86,
    "dma200" : 298.48,
    "volume" : 1448084.00
  }, {
    "date" : "2026-02-06",
    "price" : 272.30,
    "dma50" : 318.58,
    "dma100" : 348.38,
    "dma200" : 298.22,
    "volume" : 470454.00
  }, {
    "date" : "2026-02-09",
    "price" : 283.50,
    "dma50" : 317.21,
    "dma100" : 347.85,
    "dma200" : 298.08,
    "volume" : 245907.00
  }, {
    "date" : "2026-02-10",
    "price" : 305.40,
    "dma50" : 316.74,
    "dma100" : 347.37,
    "dma200" : 298.15,
    "volume" : 911965.00
  }, {
    "date" : "2026-02-11",
    "price" : 310.75,
    "dma50" : 316.51,
    "dma100" : 346.96,
    "dma200" : 298.27,
    "volume" : 252229.00
  }, {
    "date" : "2026-02-12",
    "price" : 311.95,
    "dma50" : 316.33,
    "dma100" : 346.53,
    "dma200" : 298.41,
    "volume" : 243748.00
  } ],
  "latestTechnicalAttributes" : {
    "date" : "2026-02-12",
    "price" : 311.95,
    "dma50" : 316.33,
    "dma100" : 346.53,
    "dma200" : 298.41,
    "volume" : 243748.00
  },
  "quarterlyResults" : [ {
    "date" : "2005-03-31",
    "sales" : 17.94,
    "salesGrowthYoY" : null,
    "grossProfitMargin" : 48.55,
    "grossProfit" : 8.71,
    "operatingProfitMargin" : 0.22,
    "operatingProfit" : 0.04,
    "netProfitMargin" : 14.66,
    "netProfit" : 2.63
  }, {
    "date" : "2005-06-30",
    "sales" : 17.75,
    "salesGrowthYoY" : null,
    "grossProfitMargin" : 46.54,
    "grossProfit" : 8.26,
    "operatingProfitMargin" : -9.69,
    "operatingProfit" : -1.72,
    "netProfitMargin" : -16.17,
    "netProfit" : -2.87
  }, {
    "date" : "2005-09-30",
    "sales" : 23.23,
    "salesGrowthYoY" : null,
    "grossProfitMargin" : 47.40,
    "grossProfit" : 11.01,
    "operatingProfitMargin" : 5.98,
    "operatingProfit" : 1.39,
    "netProfitMargin" : -0.22,
    "netProfit" : -0.05
  }, {
    "date" : "2005-12-31",
    "sales" : 27.82,
    "salesGrowthYoY" : null,
    "grossProfitMargin" : 45.04,
    "grossProfit" : 12.53,
    "operatingProfitMargin" : 3.41,
    "operatingProfit" : 0.95,
    "netProfitMargin" : -1.22,
    "netProfit" : -0.34
  }, {
    "date" : "2006-03-31",
    "sales" : 22.33,
    "salesGrowthYoY" : 24.47,
    "grossProfitMargin" : 45.99,
    "grossProfit" : 10.27,
    "operatingProfitMargin" : 0.76,
    "operatingProfit" : 0.17,
    "netProfitMargin" : -0.85,
    "netProfit" : -0.19
  }, {
    "date" : "2006-06-30",
    "sales" : 26.77,
    "salesGrowthYoY" : 50.82,
    "grossProfitMargin" : 46.96,
    "grossProfit" : 12.57,
    "operatingProfitMargin" : 2.32,
    "operatingProfit" : 0.62,
    "netProfitMargin" : 0.34,
    "netProfit" : 0.09
  }, {
    "date" : "2006-09-30",
    "sales" : 29.66,
    "salesGrowthYoY" : 27.68,
    "grossProfitMargin" : 44.94,
    "grossProfit" : 13.33,
    "operatingProfitMargin" : 8.83,
    "operatingProfit" : 2.62,
    "netProfitMargin" : 6.95,
    "netProfit" : 2.06
  }, {
    "date" : "2006-12-31",
    "sales" : 30.32,
    "salesGrowthYoY" : 8.99,
    "grossProfitMargin" : 46.83,
    "grossProfit" : 14.20,
    "operatingProfitMargin" : 3.10,
    "operatingProfit" : 0.94,
    "netProfitMargin" : 0.73,
    "netProfit" : 0.22
  }, {
    "date" : "2007-03-31",
    "sales" : 27.00,
    "salesGrowthYoY" : 20.91,
    "grossProfitMargin" : 47.74,
    "grossProfit" : 12.89,
    "operatingProfitMargin" : 2.11,
    "operatingProfit" : 0.57,
    "netProfitMargin" : 1.48,
    "netProfit" : 0.40
  }, {
    "date" : "2007-06-30",
    "sales" : 35.00,
    "salesGrowthYoY" : 30.74,
    "grossProfitMargin" : 49.03,
    "grossProfit" : 17.16,
    "operatingProfitMargin" : 12.31,
    "operatingProfit" : 4.31,
    "netProfitMargin" : 10.80,
    "netProfit" : 3.78
  }, {
    "date" : "2007-09-30",
    "sales" : 29.62,
    "salesGrowthYoY" : -0.13,
    "grossProfitMargin" : 50.71,
    "grossProfit" : 15.02,
    "operatingProfitMargin" : 3.44,
    "operatingProfit" : 1.02,
    "netProfitMargin" : 1.45,
    "netProfit" : 0.43
  }, {
    "date" : "2007-12-31",
    "sales" : 37.20,
    "salesGrowthYoY" : 22.69,
    "grossProfitMargin" : 49.38,
    "grossProfit" : 18.37,
    "operatingProfitMargin" : 4.95,
    "operatingProfit" : 1.84,
    "netProfitMargin" : 2.50,
    "netProfit" : 0.93
  }, {
    "date" : "2008-03-31",
    "sales" : 29.83,
    "salesGrowthYoY" : 10.48,
    "grossProfitMargin" : 51.46,
    "grossProfit" : 15.35,
    "operatingProfitMargin" : 6.10,
    "operatingProfit" : 1.82,
    "netProfitMargin" : 1.07,
    "netProfit" : 0.32
  }, {
    "date" : "2008-06-30",
    "sales" : 33.62,
    "salesGrowthYoY" : -3.94,
    "grossProfitMargin" : 56.04,
    "grossProfit" : 18.84,
    "operatingProfitMargin" : 12.91,
    "operatingProfit" : 4.34,
    "netProfitMargin" : 9.58,
    "netProfit" : 3.22
  }, {
    "date" : "2008-09-30",
    "sales" : 37.96,
    "salesGrowthYoY" : 28.16,
    "grossProfitMargin" : 55.48,
    "grossProfit" : 21.06,
    "operatingProfitMargin" : 4.32,
    "operatingProfit" : 1.64,
    "netProfitMargin" : 4.45,
    "netProfit" : 1.69
  }, {
    "date" : "2008-12-31",
    "sales" : 35.60,
    "salesGrowthYoY" : -4.30,
    "grossProfitMargin" : 50.76,
    "grossProfit" : 18.07,
    "operatingProfitMargin" : 2.47,
    "operatingProfit" : 0.88,
    "netProfitMargin" : -0.17,
    "netProfit" : -0.06
  }, {
    "date" : "2009-03-31",
    "sales" : 24.53,
    "salesGrowthYoY" : -17.77,
    "grossProfitMargin" : 52.71,
    "grossProfit" : 12.93,
    "operatingProfitMargin" : -5.99,
    "operatingProfit" : -1.47,
    "netProfitMargin" : -8.19,
    "netProfit" : -2.01
  }, {
    "date" : "2009-06-30",
    "sales" : 34.22,
    "salesGrowthYoY" : 1.78,
    "grossProfitMargin" : 45.27,
    "grossProfit" : 15.49,
    "operatingProfitMargin" : 8.07,
    "operatingProfit" : 2.76,
    "netProfitMargin" : 7.10,
    "netProfit" : 2.43
  }, {
    "date" : "2009-09-30",
    "sales" : 40.32,
    "salesGrowthYoY" : 6.22,
    "grossProfitMargin" : 45.93,
    "grossProfit" : 18.52,
    "operatingProfitMargin" : 10.69,
    "operatingProfit" : 4.31,
    "netProfitMargin" : 8.09,
    "netProfit" : 3.26
  }, {
    "date" : "2009-12-31",
    "sales" : 35.39,
    "salesGrowthYoY" : -0.59,
    "grossProfitMargin" : 48.69,
    "grossProfit" : 17.23,
    "operatingProfitMargin" : 4.38,
    "operatingProfit" : 1.55,
    "netProfitMargin" : 4.18,
    "netProfit" : 1.48
  }, {
    "date" : "2010-03-31",
    "sales" : 27.88,
    "salesGrowthYoY" : 13.66,
    "grossProfitMargin" : 43.19,
    "grossProfit" : 12.04,
    "operatingProfitMargin" : -9.18,
    "operatingProfit" : -2.56,
    "netProfitMargin" : -9.15,
    "netProfit" : -2.55
  }, {
    "date" : "2010-06-30",
    "sales" : 49.65,
    "salesGrowthYoY" : 45.09,
    "grossProfitMargin" : 42.20,
    "grossProfit" : 20.95,
    "operatingProfitMargin" : 13.49,
    "operatingProfit" : 6.70,
    "netProfitMargin" : 10.15,
    "netProfit" : 5.04
  }, {
    "date" : "2010-09-30",
    "sales" : 41.66,
    "salesGrowthYoY" : 3.32,
    "grossProfitMargin" : 47.58,
    "grossProfit" : 19.82,
    "operatingProfitMargin" : 14.91,
    "operatingProfit" : 6.21,
    "netProfitMargin" : 11.59,
    "netProfit" : 4.83
  }, {
    "date" : "2010-12-31",
    "sales" : 42.72,
    "salesGrowthYoY" : 20.71,
    "grossProfitMargin" : 47.57,
    "grossProfit" : 20.32,
    "operatingProfitMargin" : 5.08,
    "operatingProfit" : 2.17,
    "netProfitMargin" : 3.86,
    "netProfit" : 1.65
  }, {
    "date" : "2011-03-31",
    "sales" : 39.19,
    "salesGrowthYoY" : 40.57,
    "grossProfitMargin" : 48.51,
    "grossProfit" : 19.01,
    "operatingProfitMargin" : 8.96,
    "operatingProfit" : 3.51,
    "netProfitMargin" : 6.35,
    "netProfit" : 2.49
  }, {
    "date" : "2011-06-30",
    "sales" : 43.20,
    "salesGrowthYoY" : -12.99,
    "grossProfitMargin" : 50.09,
    "grossProfit" : 21.64,
    "operatingProfitMargin" : 5.00,
    "operatingProfit" : 2.16,
    "netProfitMargin" : 3.54,
    "netProfit" : 1.53
  }, {
    "date" : "2011-09-30",
    "sales" : 44.59,
    "salesGrowthYoY" : 7.03,
    "grossProfitMargin" : 47.79,
    "grossProfit" : 21.31,
    "operatingProfitMargin" : 0.65,
    "operatingProfit" : 0.29,
    "netProfitMargin" : -1.14,
    "netProfit" : -0.51
  }, {
    "date" : "2011-12-31",
    "sales" : 49.73,
    "salesGrowthYoY" : 16.41,
    "grossProfitMargin" : 46.43,
    "grossProfit" : 23.09,
    "operatingProfitMargin" : 0.66,
    "operatingProfit" : 0.33,
    "netProfitMargin" : -1.25,
    "netProfit" : -0.62
  }, {
    "date" : "2012-03-31",
    "sales" : 45.98,
    "salesGrowthYoY" : 17.33,
    "grossProfitMargin" : 43.69,
    "grossProfit" : 20.09,
    "operatingProfitMargin" : 12.90,
    "operatingProfit" : 5.93,
    "netProfitMargin" : 8.96,
    "netProfit" : 4.12
  }, {
    "date" : "2012-06-30",
    "sales" : 44.15,
    "salesGrowthYoY" : 2.20,
    "grossProfitMargin" : 40.82,
    "grossProfit" : 18.02,
    "operatingProfitMargin" : -11.78,
    "operatingProfit" : -5.20,
    "netProfitMargin" : -13.25,
    "netProfit" : -5.85
  }, {
    "date" : "2012-09-30",
    "sales" : 42.30,
    "salesGrowthYoY" : -5.14,
    "grossProfitMargin" : 43.05,
    "grossProfit" : 18.21,
    "operatingProfitMargin" : 2.08,
    "operatingProfit" : 0.88,
    "netProfitMargin" : 0.17,
    "netProfit" : 0.07
  }, {
    "date" : "2012-12-31",
    "sales" : 13.62,
    "salesGrowthYoY" : -72.61,
    "grossProfitMargin" : -2.42,
    "grossProfit" : -0.33,
    "operatingProfitMargin" : -181.94,
    "operatingProfit" : -24.78,
    "netProfitMargin" : -188.18,
    "netProfit" : -25.63
  }, {
    "date" : "2013-03-31",
    "sales" : 21.37,
    "salesGrowthYoY" : -53.52,
    "grossProfitMargin" : 35.28,
    "grossProfit" : 7.54,
    "operatingProfitMargin" : -39.54,
    "operatingProfit" : -8.45,
    "netProfitMargin" : -42.68,
    "netProfit" : -9.12
  }, {
    "date" : "2013-06-30",
    "sales" : 18.81,
    "salesGrowthYoY" : -57.40,
    "grossProfitMargin" : 23.76,
    "grossProfit" : 4.47,
    "operatingProfitMargin" : -109.30,
    "operatingProfit" : -20.56,
    "netProfitMargin" : -113.29,
    "netProfit" : -21.31
  }, {
    "date" : "2013-09-30",
    "sales" : 37.14,
    "salesGrowthYoY" : -12.20,
    "grossProfitMargin" : 39.80,
    "grossProfit" : 14.78,
    "operatingProfitMargin" : -14.27,
    "operatingProfit" : -5.30,
    "netProfitMargin" : -16.18,
    "netProfit" : -6.01
  }, {
    "date" : "2013-12-31",
    "sales" : 40.35,
    "salesGrowthYoY" : 196.26,
    "grossProfitMargin" : 41.07,
    "grossProfit" : 16.57,
    "operatingProfitMargin" : -4.96,
    "operatingProfit" : -2.00,
    "netProfitMargin" : -7.29,
    "netProfit" : -2.94
  }, {
    "date" : "2014-03-31",
    "sales" : 27.28,
    "salesGrowthYoY" : 27.66,
    "grossProfitMargin" : 48.31,
    "grossProfit" : 13.18,
    "operatingProfitMargin" : -6.20,
    "operatingProfit" : -1.69,
    "netProfitMargin" : -9.93,
    "netProfit" : -2.71
  }, {
    "date" : "2014-06-30",
    "sales" : 32.58,
    "salesGrowthYoY" : 73.21,
    "grossProfitMargin" : 47.42,
    "grossProfit" : 15.45,
    "operatingProfitMargin" : -7.86,
    "operatingProfit" : -2.56,
    "netProfitMargin" : -11.02,
    "netProfit" : -3.59
  }, {
    "date" : "2014-09-30",
    "sales" : 32.15,
    "salesGrowthYoY" : -13.44,
    "grossProfitMargin" : 47.71,
    "grossProfit" : 15.34,
    "operatingProfitMargin" : -19.63,
    "operatingProfit" : -6.31,
    "netProfitMargin" : -23.27,
    "netProfit" : -7.48
  }, {
    "date" : "2014-12-31",
    "sales" : 43.15,
    "salesGrowthYoY" : 6.94,
    "grossProfitMargin" : 44.31,
    "grossProfit" : 19.12,
    "operatingProfitMargin" : -0.49,
    "operatingProfit" : -0.21,
    "netProfitMargin" : -3.50,
    "netProfit" : -1.51
  }, {
    "date" : "2015-03-31",
    "sales" : 34.48,
    "salesGrowthYoY" : 26.39,
    "grossProfitMargin" : 52.58,
    "grossProfit" : 18.13,
    "operatingProfitMargin" : 3.16,
    "operatingProfit" : 1.09,
    "netProfitMargin" : -0.32,
    "netProfit" : -0.11
  }, {
    "date" : "2015-06-30",
    "sales" : 38.01,
    "salesGrowthYoY" : 16.67,
    "grossProfitMargin" : 48.46,
    "grossProfit" : 18.42,
    "operatingProfitMargin" : -9.23,
    "operatingProfit" : -3.51,
    "netProfitMargin" : -12.47,
    "netProfit" : -4.74
  }, {
    "date" : "2015-09-30",
    "sales" : 40.80,
    "salesGrowthYoY" : 26.91,
    "grossProfitMargin" : 46.05,
    "grossProfit" : 18.79,
    "operatingProfitMargin" : -5.10,
    "operatingProfit" : -2.08,
    "netProfitMargin" : -8.63,
    "netProfit" : -3.52
  }, {
    "date" : "2015-12-31",
    "sales" : 51.14,
    "salesGrowthYoY" : 18.52,
    "grossProfitMargin" : 41.42,
    "grossProfit" : 21.18,
    "operatingProfitMargin" : 3.54,
    "operatingProfit" : 1.81,
    "netProfitMargin" : 0.27,
    "netProfit" : 0.14
  }, {
    "date" : "2016-03-31",
    "sales" : 43.39,
    "salesGrowthYoY" : 25.84,
    "grossProfitMargin" : 50.10,
    "grossProfit" : 21.74,
    "operatingProfitMargin" : 1.89,
    "operatingProfit" : 0.82,
    "netProfitMargin" : -2.65,
    "netProfit" : -1.15
  }, {
    "date" : "2016-06-30",
    "sales" : 43.83,
    "salesGrowthYoY" : 15.31,
    "grossProfitMargin" : 46.89,
    "grossProfit" : 20.55,
    "operatingProfitMargin" : -3.29,
    "operatingProfit" : -1.44,
    "netProfitMargin" : -9.61,
    "netProfit" : -4.21
  }, {
    "date" : "2016-09-30",
    "sales" : 48.51,
    "salesGrowthYoY" : 18.90,
    "grossProfitMargin" : 44.71,
    "grossProfit" : 21.69,
    "operatingProfitMargin" : 5.46,
    "operatingProfit" : 2.65,
    "netProfitMargin" : 2.70,
    "netProfit" : 1.31
  }, {
    "date" : "2016-12-31",
    "sales" : 54.73,
    "salesGrowthYoY" : 7.02,
    "grossProfitMargin" : 39.28,
    "grossProfit" : 21.50,
    "operatingProfitMargin" : -10.82,
    "operatingProfit" : -5.92,
    "netProfitMargin" : -12.97,
    "netProfit" : -7.10
  }, {
    "date" : "2017-03-31",
    "sales" : 52.84,
    "salesGrowthYoY" : 21.78,
    "grossProfitMargin" : 45.99,
    "grossProfit" : 24.30,
    "operatingProfitMargin" : 11.66,
    "operatingProfit" : 6.16,
    "netProfitMargin" : 10.18,
    "netProfit" : 5.38
  }, {
    "date" : "2017-06-30",
    "sales" : 43.82,
    "salesGrowthYoY" : -0.02,
    "grossProfitMargin" : 46.87,
    "grossProfit" : 20.54,
    "operatingProfitMargin" : -1.57,
    "operatingProfit" : -0.69,
    "netProfitMargin" : -2.88,
    "netProfit" : -1.26
  }, {
    "date" : "2017-09-30",
    "sales" : 57.64,
    "salesGrowthYoY" : 18.82,
    "grossProfitMargin" : 45.21,
    "grossProfit" : 26.06,
    "operatingProfitMargin" : 11.12,
    "operatingProfit" : 6.41,
    "netProfitMargin" : 9.78,
    "netProfit" : 5.64
  }, {
    "date" : "2017-12-31",
    "sales" : 50.73,
    "salesGrowthYoY" : -7.31,
    "grossProfitMargin" : 44.81,
    "grossProfit" : 22.73,
    "operatingProfitMargin" : -8.10,
    "operatingProfit" : -4.11,
    "netProfitMargin" : -8.93,
    "netProfit" : -4.53
  }, {
    "date" : "2018-03-31",
    "sales" : 55.11,
    "salesGrowthYoY" : 4.30,
    "grossProfitMargin" : 50.05,
    "grossProfit" : 27.58,
    "operatingProfitMargin" : 15.50,
    "operatingProfit" : 8.54,
    "netProfitMargin" : 13.92,
    "netProfit" : 7.67
  }, {
    "date" : "2018-06-30",
    "sales" : 59.42,
    "salesGrowthYoY" : 35.60,
    "grossProfitMargin" : 48.32,
    "grossProfit" : 28.71,
    "operatingProfitMargin" : 7.32,
    "operatingProfit" : 4.35,
    "netProfitMargin" : 4.54,
    "netProfit" : 2.70
  }, {
    "date" : "2018-09-30",
    "sales" : 61.84,
    "salesGrowthYoY" : 7.29,
    "grossProfitMargin" : 47.09,
    "grossProfit" : 29.12,
    "operatingProfitMargin" : 6.63,
    "operatingProfit" : 4.10,
    "netProfitMargin" : 5.37,
    "netProfit" : 3.32
  }, {
    "date" : "2018-12-31",
    "sales" : 62.17,
    "salesGrowthYoY" : 22.55,
    "grossProfitMargin" : 46.90,
    "grossProfit" : 29.16,
    "operatingProfitMargin" : -5.28,
    "operatingProfit" : -3.28,
    "netProfitMargin" : -6.02,
    "netProfit" : -3.74
  }, {
    "date" : "2019-03-31",
    "sales" : 58.20,
    "salesGrowthYoY" : 5.61,
    "grossProfitMargin" : 49.66,
    "grossProfit" : 28.90,
    "operatingProfitMargin" : 10.46,
    "operatingProfit" : 6.09,
    "netProfitMargin" : 8.90,
    "netProfit" : 5.18
  }, {
    "date" : "2019-06-30",
    "sales" : 61.78,
    "salesGrowthYoY" : 3.97,
    "grossProfitMargin" : 46.73,
    "grossProfit" : 28.87,
    "operatingProfitMargin" : 1.94,
    "operatingProfit" : 1.20,
    "netProfitMargin" : -0.11,
    "netProfit" : -0.07
  }, {
    "date" : "2019-09-30",
    "sales" : 69.15,
    "salesGrowthYoY" : 11.82,
    "grossProfitMargin" : 43.17,
    "grossProfit" : 29.85,
    "operatingProfitMargin" : 3.05,
    "operatingProfit" : 2.11,
    "netProfitMargin" : 1.11,
    "netProfit" : 0.77
  }, {
    "date" : "2019-12-31",
    "sales" : 69.51,
    "salesGrowthYoY" : 11.81,
    "grossProfitMargin" : 41.39,
    "grossProfit" : 28.77,
    "operatingProfitMargin" : 6.17,
    "operatingProfit" : 4.29,
    "netProfitMargin" : 4.45,
    "netProfit" : 3.09
  }, {
    "date" : "2020-03-31",
    "sales" : 51.46,
    "salesGrowthYoY" : -11.58,
    "grossProfitMargin" : 47.51,
    "grossProfit" : 24.45,
    "operatingProfitMargin" : -8.47,
    "operatingProfit" : -4.36,
    "netProfitMargin" : -10.86,
    "netProfit" : -5.59
  }, {
    "date" : "2020-06-30",
    "sales" : 6.81,
    "salesGrowthYoY" : -88.98,
    "grossProfitMargin" : 37.44,
    "grossProfit" : 2.55,
    "operatingProfitMargin" : -160.06,
    "operatingProfit" : -10.90,
    "netProfitMargin" : -182.38,
    "netProfit" : -12.42
  }, {
    "date" : "2020-09-30",
    "sales" : 29.84,
    "salesGrowthYoY" : -56.85,
    "grossProfitMargin" : 42.16,
    "grossProfit" : 12.58,
    "operatingProfitMargin" : -9.15,
    "operatingProfit" : -2.73,
    "netProfitMargin" : -11.96,
    "netProfit" : -3.57
  }, {
    "date" : "2020-12-31",
    "sales" : 53.35,
    "salesGrowthYoY" : -23.25,
    "grossProfitMargin" : 42.79,
    "grossProfit" : 22.83,
    "operatingProfitMargin" : 9.73,
    "operatingProfit" : 5.19,
    "netProfitMargin" : 7.50,
    "netProfit" : 4.00
  }, {
    "date" : "2021-03-31",
    "sales" : 50.90,
    "salesGrowthYoY" : -1.09,
    "grossProfitMargin" : 48.76,
    "grossProfit" : 24.82,
    "operatingProfitMargin" : 9.53,
    "operatingProfit" : 4.85,
    "netProfitMargin" : 7.82,
    "netProfit" : 3.98
  }, {
    "date" : "2021-06-30",
    "sales" : 32.06,
    "salesGrowthYoY" : 370.78,
    "grossProfitMargin" : 48.19,
    "grossProfit" : 15.45,
    "operatingProfitMargin" : -12.29,
    "operatingProfit" : -3.94,
    "netProfitMargin" : -16.47,
    "netProfit" : -5.28
  }, {
    "date" : "2021-09-30",
    "sales" : 87.99,
    "salesGrowthYoY" : 194.87,
    "grossProfitMargin" : 42.10,
    "grossProfit" : 37.04,
    "operatingProfitMargin" : 14.55,
    "operatingProfit" : 12.80,
    "netProfitMargin" : 12.90,
    "netProfit" : 11.35
  }, {
    "date" : "2021-12-31",
    "sales" : 65.32,
    "salesGrowthYoY" : 22.44,
    "grossProfitMargin" : 42.96,
    "grossProfit" : 28.06,
    "operatingProfitMargin" : -6.26,
    "operatingProfit" : -4.09,
    "netProfitMargin" : -7.81,
    "netProfit" : -5.10
  }, {
    "date" : "2022-03-31",
    "sales" : 79.09,
    "salesGrowthYoY" : 55.38,
    "grossProfitMargin" : 45.34,
    "grossProfit" : 35.86,
    "operatingProfitMargin" : 3.59,
    "operatingProfit" : 2.84,
    "netProfitMargin" : 2.84,
    "netProfit" : 2.25
  }, {
    "date" : "2022-06-30",
    "sales" : 94.27,
    "salesGrowthYoY" : 194.04,
    "grossProfitMargin" : 45.85,
    "grossProfit" : 43.22,
    "operatingProfitMargin" : 14.24,
    "operatingProfit" : 13.42,
    "netProfitMargin" : 12.74,
    "netProfit" : 12.01
  }, {
    "date" : "2022-09-30",
    "sales" : 121.23,
    "salesGrowthYoY" : 37.78,
    "grossProfitMargin" : 43.82,
    "grossProfit" : 53.12,
    "operatingProfitMargin" : 17.45,
    "operatingProfit" : 21.15,
    "netProfitMargin" : 15.52,
    "netProfit" : 18.81
  }, {
    "date" : "2022-12-31",
    "sales" : 84.64,
    "salesGrowthYoY" : 29.58,
    "grossProfitMargin" : 37.95,
    "grossProfit" : 32.12,
    "operatingProfitMargin" : -4.81,
    "operatingProfit" : -4.07,
    "netProfitMargin" : -7.90,
    "netProfit" : -6.69
  }, {
    "date" : "2023-03-31",
    "sales" : 83.31,
    "salesGrowthYoY" : 5.34,
    "grossProfitMargin" : 44.94,
    "grossProfit" : 37.44,
    "operatingProfitMargin" : 9.07,
    "operatingProfit" : 7.56,
    "netProfitMargin" : 26.88,
    "netProfit" : 22.39
  }, {
    "date" : "2023-06-30",
    "sales" : 106.29,
    "salesGrowthYoY" : 12.75,
    "grossProfitMargin" : 44.11,
    "grossProfit" : 46.88,
    "operatingProfitMargin" : 6.89,
    "operatingProfit" : 7.32,
    "netProfitMargin" : 4.00,
    "netProfit" : 4.25
  }, {
    "date" : "2023-09-30",
    "sales" : 126.36,
    "salesGrowthYoY" : 4.23,
    "grossProfitMargin" : 42.80,
    "grossProfit" : 54.08,
    "operatingProfitMargin" : 12.74,
    "operatingProfit" : 16.10,
    "netProfitMargin" : 8.71,
    "netProfit" : 11.01
  }, {
    "date" : "2023-12-31",
    "sales" : 94.20,
    "salesGrowthYoY" : 11.29,
    "grossProfitMargin" : 39.18,
    "grossProfit" : 36.91,
    "operatingProfitMargin" : -0.75,
    "operatingProfit" : -0.71,
    "netProfitMargin" : -1.58,
    "netProfit" : -1.49
  }, {
    "date" : "2024-03-31",
    "sales" : 92.06,
    "salesGrowthYoY" : 10.50,
    "grossProfitMargin" : 40.60,
    "grossProfit" : 37.38,
    "operatingProfitMargin" : 10.53,
    "operatingProfit" : 9.69,
    "netProfitMargin" : 7.69,
    "netProfit" : 7.08
  }, {
    "date" : "2024-06-30",
    "sales" : 108.67,
    "salesGrowthYoY" : 2.24,
    "grossProfitMargin" : 43.49,
    "grossProfit" : 47.26,
    "operatingProfitMargin" : 3.90,
    "operatingProfit" : 4.24,
    "netProfitMargin" : 2.24,
    "netProfit" : 2.43
  }, {
    "date" : "2024-09-30",
    "sales" : 174.08,
    "salesGrowthYoY" : 37.77,
    "grossProfitMargin" : 40.38,
    "grossProfit" : 70.29,
    "operatingProfitMargin" : 14.44,
    "operatingProfit" : 25.14,
    "netProfitMargin" : 10.23,
    "netProfit" : 17.81
  }, {
    "date" : "2024-12-31",
    "sales" : 119.94,
    "salesGrowthYoY" : 27.32,
    "grossProfitMargin" : 42.65,
    "grossProfit" : 51.15,
    "operatingProfitMargin" : 3.51,
    "operatingProfit" : 4.21,
    "netProfitMargin" : 1.62,
    "netProfit" : 1.94
  }, {
    "date" : "2025-03-31",
    "sales" : 135.41,
    "salesGrowthYoY" : 47.09,
    "grossProfitMargin" : 43.94,
    "grossProfit" : 59.50,
    "operatingProfitMargin" : 10.62,
    "operatingProfit" : 14.38,
    "netProfitMargin" : 6.82,
    "netProfit" : 9.23
  }, {
    "date" : "2025-06-30",
    "sales" : 168.94,
    "salesGrowthYoY" : 55.46,
    "grossProfitMargin" : 43.51,
    "grossProfit" : 73.51,
    "operatingProfitMargin" : 12.81,
    "operatingProfit" : 21.64,
    "netProfitMargin" : 8.68,
    "netProfit" : 14.66
  }, {
    "date" : "2025-09-30",
    "sales" : 243.67,
    "salesGrowthYoY" : 39.98,
    "grossProfitMargin" : 42.89,
    "grossProfit" : 104.51,
    "operatingProfitMargin" : 17.46,
    "operatingProfit" : 42.54,
    "netProfitMargin" : 12.41,
    "netProfit" : 30.24
  }, {
    "date" : "2025-12-31",
    "sales" : 150.78,
    "salesGrowthYoY" : 25.71,
    "grossProfitMargin" : 42.76,
    "grossProfit" : 64.47,
    "operatingProfitMargin" : 6.33,
    "operatingProfit" : 9.54,
    "netProfitMargin" : 3.40,
    "netProfit" : 5.13
  } ],
  "latestQuarterlyResult" : {
    "date" : "2025-12-31",
    "sales" : 150.78,
    "salesGrowthYoY" : 25.71,
    "grossProfitMargin" : 42.76,
    "grossProfit" : 64.47,
    "operatingProfitMargin" : 6.33,
    "operatingProfit" : 9.54,
    "netProfitMargin" : 3.40,
    "netProfit" : 5.13
  },
  "companyScore" : {
    "priceHigherThanDma50" : 0.00,
    "priceHigherThanDma100" : 0.00,
    "priceHigherThanDma200" : 5.00,
    "dma50HigherThanDma100" : 0.00,
    "dma50HigherThanDma200" : 5.00,
    "dma100HigherThanDma200" : 5.00,
    "pricePercentageAboveDma50" : 5.07,
    "pricePercentageAboveDma100" : 5.50,
    "pricePercentageAboveDma200" : 4.77,
    "weeklyVolumeHigherThanYearlyVolume" : 5.00,
    "salesGrowthPercentile" : 14.00,
    "operatingProfitMarginPercentile" : 18.88,
    "netProfitMarginPercentile" : 8.91,
    "totalTechnicalScore" : 35.34,
    "totalFundamentalScore" : 41.79,
    "totalScore" : 77.13
  }
}