{
  "metadata" : {
    "screenerCompanyId" : "898",
    "companyCode" : "503681",
    "companyName" : "Elcid Investment",
    "screenerCompanyLink" : "https://www.screener.in/company/503681/consolidated/",
    "screenerTechnicalHistoryLink" : "https://www.screener.in/api/company/898/chart/?q=Price-DMA50-DMA200-Volume&days=365",
    "screenerQuarterlyResultsLink" : "https://www.screener.in/api/company/898/chart/?q=GPM-OPM-NPM-Quarter+Sales&days=10000",
    "attributes" : {
      "companyCode" : "503681",
      "companyName" : "Elcid Investment",
      "marketCap" : 2313.00,
      "peRatio" : 17.80,
      "description" : "Elcid Investments is a non-banking financial company (NBFC) registered with the Reserve Bank of India (RBI) under the category of Investment Company."
    },
    "companyScore" : {
      "priceHigherThanDma50" : 0.00,
      "priceHigherThanDma100" : 0.00,
      "priceHigherThanDma200" : 0.00,
      "dma50HigherThanDma100" : 0.00,
      "dma50HigherThanDma200" : 0.00,
      "dma100HigherThanDma200" : 5.00,
      "pricePercentageAboveDma50" : 5.40,
      "pricePercentageAboveDma100" : 5.54,
      "pricePercentageAboveDma200" : 5.46,
      "weeklyVolumeHigherThanYearlyVolume" : 0.00,
      "salesGrowthPercentile" : 19.75,
      "operatingProfitMarginPercentile" : 19.95,
      "netProfitMarginPercentile" : 2.74,
      "totalTechnicalScore" : 21.40,
      "totalFundamentalScore" : 42.43,
      "totalScore" : 63.84
    }
  },
  "attributes" : {
    "companyCode" : "503681",
    "companyName" : "Elcid Investment",
    "marketCap" : 2313.00,
    "peRatio" : 17.80,
    "description" : "Elcid Investments is a non-banking financial company (NBFC) registered with the Reserve Bank of India (RBI) under the category of Investment Company."
  },
  "technicalHistory" : [ {
    "date" : "2025-01-29",
    "price" : 139089.15,
    "dma50" : 163536.10,
    "dma100" : null,
    "dma200" : 94258.40,
    "volume" : 118.00
  }, {
    "date" : "2025-01-30",
    "price" : 146043.60,
    "dma50" : 162850.12,
    "dma100" : null,
    "dma200" : 94773.68,
    "volume" : 91.00
  }, {
    "date" : "2025-01-31",
    "price" : 153345.75,
    "dma50" : 162477.40,
    "dma100" : null,
    "dma200" : 95356.48,
    "volume" : 130.00
  }, {
    "date" : "2025-02-01",
    "price" : 161013.00,
    "dma50" : 162419.98,
    "dma100" : null,
    "dma200" : 96009.78,
    "volume" : 129.00
  }, {
    "date" : "2025-02-03",
    "price" : 156028.50,
    "dma50" : 162169.33,
    "dma100" : null,
    "dma200" : 96606.98,
    "volume" : 217.00
  }, {
    "date" : "2025-02-04",
    "price" : 159450.35,
    "dma50" : 162062.70,
    "dma100" : null,
    "dma200" : 97232.29,
    "volume" : 90.00
  }, {
    "date" : "2025-02-05",
    "price" : 155882.00,
    "dma50" : 161820.32,
    "dma100" : null,
    "dma200" : 97815.87,
    "volume" : 73.00
  }, {
    "date" : "2025-02-06",
    "price" : 150966.60,
    "dma50" : 161394.69,
    "dma100" : null,
    "dma200" : 98344.73,
    "volume" : 76.00
  }, {
    "date" : "2025-02-07",
    "price" : 146708.35,
    "dma50" : 160818.75,
    "dma100" : null,
    "dma200" : 98825.96,
    "volume" : 58.00
  }, {
    "date" : "2025-02-10",
    "price" : 140006.45,
    "dma50" : 160002.58,
    "dma100" : null,
    "dma200" : 99235.72,
    "volume" : 75.00
  }, {
    "date" : "2025-02-11",
    "price" : 135291.25,
    "dma50" : 159033.51,
    "dma100" : null,
    "dma200" : 99594.48,
    "volume" : 68.00
  }, {
    "date" : "2025-02-12",
    "price" : 142055.80,
    "dma50" : 158367.72,
    "dma100" : null,
    "dma200" : 100016.98,
    "volume" : 197.00
  }, {
    "date" : "2025-02-13",
    "price" : 149158.55,
    "dma50" : 158006.57,
    "dma100" : null,
    "dma200" : 100505.95,
    "volume" : 55.00
  }, {
    "date" : "2025-02-14",
    "price" : 145244.00,
    "dma50" : 157506.08,
    "dma100" : null,
    "dma200" : 100951.11,
    "volume" : 173.00
  }, {
    "date" : "2025-02-17",
    "price" : 144943.65,
    "dma50" : 157013.44,
    "dma100" : null,
    "dma200" : 101388.84,
    "volume" : 73.00
  }, {
    "date" : "2025-02-18",
    "price" : 144199.95,
    "dma50" : 156510.95,
    "dma100" : null,
    "dma200" : 101814.82,
    "volume" : 38.00
  }, {
    "date" : "2025-02-19",
    "price" : 145168.00,
    "dma50" : 156066.13,
    "dma100" : null,
    "dma200" : 102246.20,
    "volume" : 59.00
  }, {
    "date" : "2025-02-20",
    "price" : 144243.65,
    "dma50" : 155602.50,
    "dma100" : null,
    "dma200" : 102664.08,
    "volume" : 57.00
  }, {
    "date" : "2025-02-21",
    "price" : 143337.00,
    "dma50" : 155121.50,
    "dma100" : null,
    "dma200" : 103068.79,
    "volume" : 73.00
  }, {
    "date" : "2025-02-24",
    "price" : 141499.65,
    "dma50" : 154587.31,
    "dma100" : null,
    "dma200" : 103451.19,
    "volume" : 30.00
  }, {
    "date" : "2025-02-25",
    "price" : 140599.65,
    "dma50" : 154038.77,
    "dma100" : null,
    "dma200" : 103820.82,
    "volume" : 39.00
  }, {
    "date" : "2025-02-27",
    "price" : 137748.90,
    "dma50" : 153399.95,
    "dma100" : null,
    "dma200" : 104158.42,
    "volume" : 40.00
  }, {
    "date" : "2025-02-28",
    "price" : 132894.55,
    "dma50" : 152595.82,
    "dma100" : null,
    "dma200" : 104444.35,
    "volume" : 59.00
  }, {
    "date" : "2025-03-03",
    "price" : 133604.30,
    "dma50" : 151851.06,
    "dma100" : null,
    "dma200" : 104734.50,
    "volume" : 77.00
  }, {
    "date" : "2025-03-04",
    "price" : 134377.85,
    "dma50" : 151165.83,
    "dma100" : null,
    "dma200" : 105029.46,
    "volume" : 71.00
  }, {
    "date" : "2025-03-05",
    "price" : 140159.25,
    "dma50" : 150734.20,
    "dma100" : null,
    "dma200" : 105379.01,
    "volume" : 53.00
  }, {
    "date" : "2025-03-06",
    "price" : 142957.90,
    "dma50" : 150429.25,
    "dma100" : null,
    "dma200" : 105752.92,
    "volume" : 85.00
  }, {
    "date" : "2025-03-07",
    "price" : 140710.85,
    "dma50" : 150048.13,
    "dma100" : null,
    "dma200" : 106100.76,
    "volume" : 60.00
  }, {
    "date" : "2025-03-10",
    "price" : 139672.80,
    "dma50" : 149641.26,
    "dma100" : null,
    "dma200" : 106434.82,
    "volume" : 51.00
  }, {
    "date" : "2025-03-11",
    "price" : 137847.25,
    "dma50" : 149178.75,
    "dma100" : null,
    "dma200" : 106747.38,
    "volume" : 37.00
  }, {
    "date" : "2025-03-12",
    "price" : 137397.35,
    "dma50" : 148716.73,
    "dma100" : null,
    "dma200" : 107052.35,
    "volume" : 26.00
  }, {
    "date" : "2025-03-13",
    "price" : 136047.85,
    "dma50" : 148219.91,
    "dma100" : null,
    "dma200" : 107340.86,
    "volume" : 49.00
  }, {
    "date" : "2025-03-17",
    "price" : 134345.30,
    "dma50" : 147675.81,
    "dma100" : null,
    "dma200" : 107609.56,
    "volume" : 65.00
  }, {
    "date" : "2025-03-18",
    "price" : 135434.15,
    "dma50" : 147195.75,
    "dma100" : null,
    "dma200" : 107886.43,
    "volume" : 51.00
  }, {
    "date" : "2025-03-19",
    "price" : 137391.15,
    "dma50" : 146811.25,
    "dma100" : null,
    "dma200" : 108180.01,
    "volume" : 83.00
  }, {
    "date" : "2025-03-20",
    "price" : 139614.95,
    "dma50" : 146529.04,
    "dma100" : null,
    "dma200" : 108492.79,
    "volume" : 94.00
  }, {
    "date" : "2025-03-21",
    "price" : 140256.50,
    "dma50" : 146283.06,
    "dma100" : null,
    "dma200" : 108808.85,
    "volume" : 56.00
  }, {
    "date" : "2025-03-24",
    "price" : 141025.15,
    "dma50" : 146076.87,
    "dma100" : null,
    "dma200" : 109129.41,
    "volume" : 62.00
  }, {
    "date" : "2025-03-25",
    "price" : 138196.35,
    "dma50" : 145767.83,
    "dma100" : null,
    "dma200" : 109418.63,
    "volume" : 61.00
  }, {
    "date" : "2025-03-26",
    "price" : 135863.65,
    "dma50" : 145379.43,
    "dma100" : null,
    "dma200" : 109681.77,
    "volume" : 94.00
  }, {
    "date" : "2025-03-27",
    "price" : 133606.35,
    "dma50" : 144917.74,
    "dma100" : null,
    "dma200" : 109919.82,
    "volume" : 101.00
  }, {
    "date" : "2025-03-28",
    "price" : 132623.25,
    "dma50" : 144435.60,
    "dma100" : null,
    "dma200" : 110145.73,
    "volume" : 91.00
  }, {
    "date" : "2025-04-01",
    "price" : 132753.05,
    "dma50" : 143977.46,
    "dma100" : null,
    "dma200" : 110370.67,
    "volume" : 39.00
  }, {
    "date" : "2025-04-02",
    "price" : 134500.00,
    "dma50" : 143605.80,
    "dma100" : null,
    "dma200" : 110610.77,
    "volume" : 27.00
  }, {
    "date" : "2025-04-03",
    "price" : 133819.35,
    "dma50" : 143222.02,
    "dma100" : null,
    "dma200" : 110841.70,
    "volume" : 35.00
  }, {
    "date" : "2025-04-04",
    "price" : 133139.30,
    "dma50" : 142826.62,
    "dma100" : null,
    "dma200" : 111063.57,
    "volume" : 36.00
  }, {
    "date" : "2025-04-07",
    "price" : 130323.60,
    "dma50" : 142336.30,
    "dma100" : null,
    "dma200" : 111255.21,
    "volume" : 105.00
  }, {
    "date" : "2025-04-08",
    "price" : 133800.00,
    "dma50" : 142001.55,
    "dma100" : null,
    "dma200" : 111479.53,
    "volume" : 96.00
  }, {
    "date" : "2025-04-09",
    "price" : 134362.50,
    "dma50" : 141701.97,
    "dma100" : null,
    "dma200" : 111707.23,
    "volume" : 55.00
  }, {
    "date" : "2025-04-11",
    "price" : 135430.35,
    "dma50" : 141456.03,
    "dma100" : null,
    "dma200" : 111943.28,
    "volume" : 80.00
  }, {
    "date" : "2025-04-15",
    "price" : 135973.30,
    "dma50" : 141241.02,
    "dma100" : null,
    "dma200" : 112182.38,
    "volume" : 52.00
  }, {
    "date" : "2025-04-16",
    "price" : 136906.40,
    "dma50" : 141071.03,
    "dma100" : null,
    "dma200" : 112428.39,
    "volume" : 63.00
  }, {
    "date" : "2025-04-17",
    "price" : 135938.70,
    "dma50" : 140869.77,
    "dma100" : null,
    "dma200" : 112662.32,
    "volume" : 45.00
  }, {
    "date" : "2025-04-21",
    "price" : 135829.10,
    "dma50" : 140672.09,
    "dma100" : null,
    "dma200" : 112892.84,
    "volume" : 71.00
  }, {
    "date" : "2025-04-22",
    "price" : 135481.30,
    "dma50" : 140468.53,
    "dma100" : null,
    "dma200" : 113117.60,
    "volume" : 73.00
  }, {
    "date" : "2025-04-23",
    "price" : 135726.00,
    "dma50" : 140282.55,
    "dma100" : null,
    "dma200" : 113342.56,
    "volume" : 47.00
  }, {
    "date" : "2025-04-24",
    "price" : 136899.75,
    "dma50" : 140149.89,
    "dma100" : null,
    "dma200" : 113576.96,
    "volume" : 69.00
  }, {
    "date" : "2025-04-25",
    "price" : 134660.55,
    "dma50" : 139934.62,
    "dma100" : null,
    "dma200" : 113786.75,
    "volume" : 64.00
  }, {
    "date" : "2025-04-28",
    "price" : 133546.55,
    "dma50" : 139684.11,
    "dma100" : null,
    "dma200" : 113983.36,
    "volume" : 52.00
  }, {
    "date" : "2025-04-29",
    "price" : 133773.35,
    "dma50" : 139452.32,
    "dma100" : null,
    "dma200" : 114180.28,
    "volume" : 40.00
  }, {
    "date" : "2025-04-30",
    "price" : 133016.30,
    "dma50" : 139199.92,
    "dma100" : null,
    "dma200" : 114367.70,
    "volume" : 19.00
  }, {
    "date" : "2025-05-02",
    "price" : 131986.25,
    "dma50" : 138917.03,
    "dma100" : null,
    "dma200" : 114543.01,
    "volume" : 66.00
  }, {
    "date" : "2025-05-05",
    "price" : 132837.15,
    "dma50" : 138678.61,
    "dma100" : null,
    "dma200" : 114725.04,
    "volume" : 50.00
  }, {
    "date" : "2025-05-06",
    "price" : 131323.30,
    "dma50" : 138390.16,
    "dma100" : null,
    "dma200" : 114890.20,
    "volume" : 44.00
  }, {
    "date" : "2025-05-07",
    "price" : 128651.65,
    "dma50" : 138008.26,
    "dma100" : null,
    "dma200" : 115027.13,
    "volume" : 82.00
  }, {
    "date" : "2025-05-08",
    "price" : 129182.20,
    "dma50" : 137662.14,
    "dma100" : null,
    "dma200" : 115167.97,
    "volume" : 38.00
  }, {
    "date" : "2025-05-09",
    "price" : 127522.80,
    "dma50" : 137264.52,
    "dma100" : null,
    "dma200" : 115290.91,
    "volume" : 38.00
  }, {
    "date" : "2025-05-12",
    "price" : 131355.70,
    "dma50" : 137032.80,
    "dma100" : null,
    "dma200" : 115450.76,
    "volume" : 66.00
  }, {
    "date" : "2025-05-13",
    "price" : 130654.65,
    "dma50" : 136782.68,
    "dma100" : null,
    "dma200" : 115602.04,
    "volume" : 55.00
  }, {
    "date" : "2025-05-14",
    "price" : 132049.65,
    "dma50" : 136597.07,
    "dma100" : null,
    "dma200" : 115765.70,
    "volume" : 41.00
  }, {
    "date" : "2025-05-15",
    "price" : 131874.65,
    "dma50" : 136411.88,
    "dma100" : null,
    "dma200" : 115925.98,
    "volume" : 39.00
  }, {
    "date" : "2025-05-16",
    "price" : 130521.45,
    "dma50" : 136180.88,
    "dma100" : null,
    "dma200" : 116071.21,
    "volume" : 76.00
  }, {
    "date" : "2025-05-19",
    "price" : 130949.75,
    "dma50" : 135975.74,
    "dma100" : null,
    "dma200" : 116219.26,
    "volume" : 47.00
  }, {
    "date" : "2025-05-20",
    "price" : 129575.00,
    "dma50" : 135724.73,
    "dma100" : null,
    "dma200" : 116352.15,
    "volume" : 45.00
  }, {
    "date" : "2025-05-21",
    "price" : 129777.00,
    "dma50" : 135491.48,
    "dma100" : null,
    "dma200" : 116485.73,
    "volume" : 19.00
  }, {
    "date" : "2025-05-22",
    "price" : 130235.60,
    "dma50" : 135285.37,
    "dma100" : null,
    "dma200" : 116622.55,
    "volume" : 24.00
  }, {
    "date" : "2025-05-23",
    "price" : 129966.40,
    "dma50" : 135076.78,
    "dma100" : null,
    "dma200" : 116755.32,
    "volume" : 27.00
  }, {
    "date" : "2025-05-26",
    "price" : 131105.30,
    "dma50" : 134921.04,
    "dma100" : null,
    "dma200" : 116898.11,
    "volume" : 58.00
  }, {
    "date" : "2025-05-27",
    "price" : 131711.70,
    "dma50" : 134795.18,
    "dma100" : null,
    "dma200" : 117045.51,
    "volume" : 34.00
  }, {
    "date" : "2025-05-28",
    "price" : 131105.00,
    "dma50" : 134650.47,
    "dma100" : null,
    "dma200" : 117185.40,
    "volume" : 32.00
  }, {
    "date" : "2025-05-29",
    "price" : 130380.90,
    "dma50" : 134483.04,
    "dma100" : null,
    "dma200" : 117316.70,
    "volume" : 46.00
  }, {
    "date" : "2025-05-30",
    "price" : 129840.00,
    "dma50" : 134300.96,
    "dma100" : null,
    "dma200" : 117441.31,
    "volume" : 36.00
  }, {
    "date" : "2025-06-02",
    "price" : 129847.00,
    "dma50" : 134126.29,
    "dma100" : null,
    "dma200" : 117564.75,
    "volume" : 30.00
  }, {
    "date" : "2025-06-03",
    "price" : 129300.35,
    "dma50" : 133937.04,
    "dma100" : null,
    "dma200" : 117681.52,
    "volume" : 22.00
  }, {
    "date" : "2025-06-04",
    "price" : 129513.30,
    "dma50" : 133763.56,
    "dma100" : null,
    "dma200" : 117799.25,
    "volume" : 31.00
  }, {
    "date" : "2025-06-05",
    "price" : 129902.25,
    "dma50" : 133612.13,
    "dma100" : null,
    "dma200" : 117919.68,
    "volume" : 42.00
  }, {
    "date" : "2025-06-06",
    "price" : 130186.70,
    "dma50" : 133477.80,
    "dma100" : null,
    "dma200" : 118041.74,
    "volume" : 76.00
  }, {
    "date" : "2025-06-09",
    "price" : 129547.60,
    "dma50" : 133323.68,
    "dma100" : null,
    "dma200" : 118156.22,
    "volume" : 56.00
  }, {
    "date" : "2025-06-10",
    "price" : 129156.65,
    "dma50" : 133160.27,
    "dma100" : null,
    "dma200" : 118265.68,
    "volume" : 41.00
  }, {
    "date" : "2025-06-11",
    "price" : 129754.70,
    "dma50" : 133026.71,
    "dma100" : null,
    "dma200" : 118380.00,
    "volume" : 67.00
  }, {
    "date" : "2025-06-12",
    "price" : 129043.85,
    "dma50" : 132870.52,
    "dma100" : null,
    "dma200" : 118486.11,
    "volume" : 30.00
  }, {
    "date" : "2025-06-13",
    "price" : 128035.85,
    "dma50" : 132680.93,
    "dma100" : null,
    "dma200" : 118581.13,
    "volume" : 40.00
  }, {
    "date" : "2025-06-16",
    "price" : 128210.00,
    "dma50" : 132505.60,
    "dma100" : null,
    "dma200" : 118676.94,
    "volume" : 37.00
  }, {
    "date" : "2025-06-17",
    "price" : 129135.70,
    "dma50" : 132373.44,
    "dma100" : null,
    "dma200" : 118781.01,
    "volume" : 73.00
  }, {
    "date" : "2025-06-18",
    "price" : 128140.50,
    "dma50" : 132207.45,
    "dma100" : null,
    "dma200" : 118874.14,
    "volume" : 17.00
  }, {
    "date" : "2025-06-19",
    "price" : 127145.45,
    "dma50" : 132008.94,
    "dma100" : null,
    "dma200" : 118956.44,
    "volume" : 49.00
  }, {
    "date" : "2025-06-20",
    "price" : 127301.55,
    "dma50" : 131824.33,
    "dma100" : null,
    "dma200" : 119039.47,
    "volume" : 29.00
  }, {
    "date" : "2025-06-23",
    "price" : 126596.25,
    "dma50" : 131619.31,
    "dma100" : null,
    "dma200" : 119114.67,
    "volume" : 29.00
  }, {
    "date" : "2025-06-24",
    "price" : 128699.75,
    "dma50" : 131504.82,
    "dma100" : null,
    "dma200" : 119210.04,
    "volume" : 73.00
  }, {
    "date" : "2025-06-25",
    "price" : 128717.50,
    "dma50" : 131395.51,
    "dma100" : null,
    "dma200" : 119304.64,
    "volume" : 17.00
  }, {
    "date" : "2025-06-26",
    "price" : 129532.70,
    "dma50" : 131322.46,
    "dma100" : 135732.15,
    "dma200" : 119406.41,
    "volume" : 38.00
  }, {
    "date" : "2025-06-27",
    "price" : 128865.90,
    "dma50" : 131226.12,
    "dma100" : 135560.37,
    "dma200" : 119500.54,
    "volume" : 41.00
  }, {
    "date" : "2025-06-30",
    "price" : 129499.25,
    "dma50" : 131158.40,
    "dma100" : 135321.90,
    "dma200" : 119600.03,
    "volume" : 38.00
  }, {
    "date" : "2025-07-01",
    "price" : 129684.80,
    "dma50" : 131100.62,
    "dma100" : 135008.62,
    "dma200" : 119700.37,
    "volume" : 62.00
  }, {
    "date" : "2025-07-02",
    "price" : 130159.25,
    "dma50" : 131063.70,
    "dma100" : 134749.93,
    "dma200" : 119804.44,
    "volume" : 68.00
  }, {
    "date" : "2025-07-03",
    "price" : 139812.75,
    "dma50" : 131406.80,
    "dma100" : 134553.55,
    "dma200" : 120003.53,
    "volume" : 366.00
  }, {
    "date" : "2025-07-04",
    "price" : 142507.75,
    "dma50" : 131842.13,
    "dma100" : 134419.81,
    "dma200" : 120227.45,
    "volume" : 237.00
  }, {
    "date" : "2025-07-07",
    "price" : 141759.85,
    "dma50" : 132231.06,
    "dma100" : 134327.74,
    "dma200" : 120441.70,
    "volume" : 87.00
  }, {
    "date" : "2025-07-08",
    "price" : 139743.00,
    "dma50" : 132525.65,
    "dma100" : 134258.09,
    "dma200" : 120633.76,
    "volume" : 114.00
  }, {
    "date" : "2025-07-09",
    "price" : 141973.25,
    "dma50" : 132896.14,
    "dma100" : 134277.76,
    "dma200" : 120846.09,
    "volume" : 124.00
  }, {
    "date" : "2025-07-10",
    "price" : 140750.00,
    "dma50" : 133204.14,
    "dma100" : 134332.35,
    "dma200" : 121044.14,
    "volume" : 26.00
  }, {
    "date" : "2025-07-11",
    "price" : 139451.10,
    "dma50" : 133449.11,
    "dma100" : 134306.30,
    "dma200" : 121227.29,
    "volume" : 64.00
  }, {
    "date" : "2025-07-14",
    "price" : 138778.55,
    "dma50" : 133658.11,
    "dma100" : 134202.50,
    "dma200" : 121401.93,
    "volume" : 77.00
  }, {
    "date" : "2025-07-15",
    "price" : 138566.70,
    "dma50" : 133850.61,
    "dma100" : 134135.73,
    "dma200" : 121572.73,
    "volume" : 42.00
  }, {
    "date" : "2025-07-16",
    "price" : 138255.35,
    "dma50" : 134023.34,
    "dma100" : 134068.84,
    "dma200" : 121738.72,
    "volume" : 56.00
  }, {
    "date" : "2025-07-17",
    "price" : 138822.00,
    "dma50" : 134211.52,
    "dma100" : 134015.06,
    "dma200" : 121908.71,
    "volume" : 26.00
  }, {
    "date" : "2025-07-18",
    "price" : 138473.35,
    "dma50" : 134378.65,
    "dma100" : 133948.12,
    "dma200" : 122073.53,
    "volume" : 42.00
  }, {
    "date" : "2025-07-21",
    "price" : 138381.50,
    "dma50" : 134535.63,
    "dma100" : 133889.49,
    "dma200" : 122235.80,
    "volume" : 57.00
  }, {
    "date" : "2025-07-22",
    "price" : 139104.90,
    "dma50" : 134714.82,
    "dma100" : 133847.17,
    "dma200" : 122403.65,
    "volume" : 60.00
  }, {
    "date" : "2025-07-23",
    "price" : 137500.00,
    "dma50" : 134824.04,
    "dma100" : 133807.18,
    "dma200" : 122553.86,
    "volume" : 39.00
  }, {
    "date" : "2025-07-24",
    "price" : 137029.20,
    "dma50" : 134910.52,
    "dma100" : 133771.47,
    "dma200" : 122697.89,
    "volume" : 26.00
  }, {
    "date" : "2025-07-25",
    "price" : 134355.00,
    "dma50" : 134888.73,
    "dma100" : 133737.53,
    "dma200" : 122813.88,
    "volume" : 75.00
  }, {
    "date" : "2025-07-28",
    "price" : 133316.20,
    "dma50" : 134827.06,
    "dma100" : 133741.75,
    "dma200" : 122918.39,
    "volume" : 73.00
  }, {
    "date" : "2025-07-29",
    "price" : 135516.85,
    "dma50" : 134854.11,
    "dma100" : 133760.88,
    "dma200" : 123043.74,
    "volume" : 69.00
  }, {
    "date" : "2025-07-30",
    "price" : 134600.10,
    "dma50" : 134844.15,
    "dma100" : 133763.10,
    "dma200" : 123158.73,
    "volume" : 46.00
  }, {
    "date" : "2025-07-31",
    "price" : 134147.40,
    "dma50" : 134816.83,
    "dma100" : 133702.98,
    "dma200" : 123268.07,
    "volume" : 25.00
  }, {
    "date" : "2025-08-01",
    "price" : 135457.15,
    "dma50" : 134841.94,
    "dma100" : 133627.97,
    "dma200" : 123389.36,
    "volume" : 131.00
  }, {
    "date" : "2025-08-04",
    "price" : 138394.60,
    "dma50" : 134981.26,
    "dma100" : 133604.81,
    "dma200" : 123538.66,
    "volume" : 77.00
  }, {
    "date" : "2025-08-05",
    "price" : 138592.00,
    "dma50" : 135122.86,
    "dma100" : 133594.00,
    "dma200" : 123688.45,
    "volume" : 85.00
  }, {
    "date" : "2025-08-06",
    "price" : 137766.45,
    "dma50" : 135226.53,
    "dma100" : 133593.19,
    "dma200" : 123828.53,
    "volume" : 38.00
  }, {
    "date" : "2025-08-07",
    "price" : 137335.70,
    "dma50" : 135309.24,
    "dma100" : 133592.58,
    "dma200" : 123962.93,
    "volume" : 47.00
  }, {
    "date" : "2025-08-08",
    "price" : 135611.35,
    "dma50" : 135321.09,
    "dma100" : 133588.21,
    "dma200" : 124078.83,
    "volume" : 53.00
  }, {
    "date" : "2025-08-11",
    "price" : 134366.65,
    "dma50" : 135283.66,
    "dma100" : 133588.43,
    "dma200" : 124181.20,
    "volume" : 30.00
  }, {
    "date" : "2025-08-12",
    "price" : 135340.00,
    "dma50" : 135285.87,
    "dma100" : 133587.48,
    "dma200" : 124292.23,
    "volume" : 41.00
  }, {
    "date" : "2025-08-13",
    "price" : 135490.00,
    "dma50" : 135293.87,
    "dma100" : 133568.47,
    "dma200" : 124403.65,
    "volume" : 29.00
  }, {
    "date" : "2025-08-14",
    "price" : 135361.80,
    "dma50" : 135296.54,
    "dma100" : 133525.94,
    "dma200" : 124512.69,
    "volume" : 43.00
  }, {
    "date" : "2025-08-18",
    "price" : 135893.90,
    "dma50" : 135319.96,
    "dma100" : 133482.32,
    "dma200" : 124625.93,
    "volume" : 38.00
  }, {
    "date" : "2025-08-19",
    "price" : 136266.65,
    "dma50" : 135357.09,
    "dma100" : 133434.73,
    "dma200" : 124741.76,
    "volume" : 25.00
  }, {
    "date" : "2025-08-20",
    "price" : 136180.05,
    "dma50" : 135389.36,
    "dma100" : 133414.57,
    "dma200" : 124855.57,
    "volume" : 19.00
  }, {
    "date" : "2025-08-21",
    "price" : 135875.45,
    "dma50" : 135408.42,
    "dma100" : 133414.69,
    "dma200" : 124965.22,
    "volume" : 15.00
  }, {
    "date" : "2025-08-22",
    "price" : 135181.20,
    "dma50" : 135399.51,
    "dma100" : 133430.43,
    "dma200" : 125066.88,
    "volume" : 37.00
  }, {
    "date" : "2025-08-25",
    "price" : 133428.55,
    "dma50" : 135322.22,
    "dma100" : 133438.49,
    "dma200" : 125150.08,
    "volume" : 58.00
  }, {
    "date" : "2025-08-26",
    "price" : 132976.30,
    "dma50" : 135230.22,
    "dma100" : 133440.72,
    "dma200" : 125227.95,
    "volume" : 26.00
  }, {
    "date" : "2025-08-28",
    "price" : 132243.70,
    "dma50" : 135113.10,
    "dma100" : 133418.16,
    "dma200" : 125297.76,
    "volume" : 51.00
  }, {
    "date" : "2025-08-29",
    "price" : 131800.50,
    "dma50" : 134983.20,
    "dma100" : 133397.97,
    "dma200" : 125362.46,
    "volume" : 7.00
  }, {
    "date" : "2025-09-01",
    "price" : 134000.00,
    "dma50" : 134944.64,
    "dma100" : 133406.57,
    "dma200" : 125448.41,
    "volume" : 21.00
  }, {
    "date" : "2025-09-02",
    "price" : 132844.75,
    "dma50" : 134862.29,
    "dma100" : 133431.79,
    "dma200" : 125522.00,
    "volume" : 101.00
  }, {
    "date" : "2025-09-03",
    "price" : 133220.55,
    "dma50" : 134797.91,
    "dma100" : 133425.99,
    "dma200" : 125598.61,
    "volume" : 26.00
  }, {
    "date" : "2025-09-04",
    "price" : 132243.35,
    "dma50" : 134697.73,
    "dma100" : 133404.80,
    "dma200" : 125664.72,
    "volume" : 24.00
  }, {
    "date" : "2025-09-05",
    "price" : 132612.00,
    "dma50" : 134615.94,
    "dma100" : 133376.62,
    "dma200" : 125733.85,
    "volume" : 4.00
  }, {
    "date" : "2025-09-08",
    "price" : 134148.85,
    "dma50" : 134597.62,
    "dma100" : 133358.37,
    "dma200" : 125817.58,
    "volume" : 44.00
  }, {
    "date" : "2025-09-09",
    "price" : 133947.55,
    "dma50" : 134572.13,
    "dma100" : 133328.78,
    "dma200" : 125898.48,
    "volume" : 57.00
  }, {
    "date" : "2025-09-10",
    "price" : 134115.35,
    "dma50" : 134554.22,
    "dma100" : 133310.55,
    "dma200" : 125980.24,
    "volume" : 29.00
  }, {
    "date" : "2025-09-11",
    "price" : 133161.50,
    "dma50" : 134499.60,
    "dma100" : 133283.87,
    "dma200" : 126051.69,
    "volume" : 24.00
  }, {
    "date" : "2025-09-12",
    "price" : 133266.65,
    "dma50" : 134451.25,
    "dma100" : 133261.73,
    "dma200" : 126123.48,
    "volume" : 26.00
  }, {
    "date" : "2025-09-15",
    "price" : 133675.00,
    "dma50" : 134420.81,
    "dma100" : 133241.22,
    "dma200" : 126198.62,
    "volume" : 18112.00
  }, {
    "date" : "2025-09-16",
    "price" : 132901.40,
    "dma50" : 134361.22,
    "dma100" : 133201.23,
    "dma200" : 126265.32,
    "volume" : 69.00
  }, {
    "date" : "2025-09-17",
    "price" : 133120.20,
    "dma50" : 134312.55,
    "dma100" : 133185.83,
    "dma200" : 126333.52,
    "volume" : 25.00
  }, {
    "date" : "2025-09-18",
    "price" : 133955.20,
    "dma50" : 134298.54,
    "dma100" : 133189.92,
    "dma200" : 126409.36,
    "volume" : 55.00
  }, {
    "date" : "2025-09-19",
    "price" : 132936.05,
    "dma50" : 134245.11,
    "dma100" : 133181.54,
    "dma200" : 126474.30,
    "volume" : 77.00
  }, {
    "date" : "2025-09-22",
    "price" : 132296.75,
    "dma50" : 134168.70,
    "dma100" : 133174.35,
    "dma200" : 126532.24,
    "volume" : 53.00
  }, {
    "date" : "2025-09-23",
    "price" : 131278.70,
    "dma50" : 134055.37,
    "dma100" : 133167.27,
    "dma200" : 126579.47,
    "volume" : 37.00
  }, {
    "date" : "2025-09-24",
    "price" : 131383.70,
    "dma50" : 133950.60,
    "dma100" : 133152.74,
    "dma200" : 126627.27,
    "volume" : 91.00
  }, {
    "date" : "2025-09-25",
    "price" : 130637.45,
    "dma50" : 133820.67,
    "dma100" : 133145.88,
    "dma200" : 126667.17,
    "volume" : 42.00
  }, {
    "date" : "2025-09-26",
    "price" : 128713.10,
    "dma50" : 133620.37,
    "dma100" : 133146.49,
    "dma200" : 126687.53,
    "volume" : 55.00
  }, {
    "date" : "2025-09-29",
    "price" : 127504.90,
    "dma50" : 133380.55,
    "dma100" : 133129.72,
    "dma200" : 126695.66,
    "volume" : 38.00
  }, {
    "date" : "2025-09-30",
    "price" : 128747.25,
    "dma50" : 133198.85,
    "dma100" : 133141.97,
    "dma200" : 126716.08,
    "volume" : 21.00
  }, {
    "date" : "2025-10-01",
    "price" : 129949.75,
    "dma50" : 133071.44,
    "dma100" : 133127.91,
    "dma200" : 126748.25,
    "volume" : 31.00
  }, {
    "date" : "2025-10-03",
    "price" : 131855.00,
    "dma50" : 133023.73,
    "dma100" : 133139.91,
    "dma200" : 126799.07,
    "volume" : 78.00
  }, {
    "date" : "2025-10-06",
    "price" : 136855.60,
    "dma50" : 133174.00,
    "dma100" : 133187.97,
    "dma200" : 126899.13,
    "volume" : 201.00
  }, {
    "date" : "2025-10-07",
    "price" : 135576.50,
    "dma50" : 133268.22,
    "dma100" : 133224.99,
    "dma200" : 126985.47,
    "volume" : 51.00
  }, {
    "date" : "2025-10-08",
    "price" : 133404.60,
    "dma50" : 133273.57,
    "dma100" : 133253.82,
    "dma200" : 127049.34,
    "volume" : 29.00
  }, {
    "date" : "2025-10-09",
    "price" : 133131.00,
    "dma50" : 133267.98,
    "dma100" : 133275.63,
    "dma200" : 127109.86,
    "volume" : 5.00
  }, {
    "date" : "2025-10-10",
    "price" : 132589.60,
    "dma50" : 133241.37,
    "dma100" : 133305.78,
    "dma200" : 127164.38,
    "volume" : 37.00
  }, {
    "date" : "2025-10-13",
    "price" : 131633.00,
    "dma50" : 133178.30,
    "dma100" : 133324.34,
    "dma200" : 127208.85,
    "volume" : 22.00
  }, {
    "date" : "2025-10-14",
    "price" : 130517.40,
    "dma50" : 133073.95,
    "dma100" : 133327.16,
    "dma200" : 127241.77,
    "volume" : 45.00
  }, {
    "date" : "2025-10-15",
    "price" : 130300.00,
    "dma50" : 132965.17,
    "dma100" : 133330.49,
    "dma200" : 127272.20,
    "volume" : 17.00
  }, {
    "date" : "2025-10-16",
    "price" : 130877.15,
    "dma50" : 132883.29,
    "dma100" : 133328.21,
    "dma200" : 127308.07,
    "volume" : 58.00
  }, {
    "date" : "2025-10-17",
    "price" : 135853.05,
    "dma50" : 132999.75,
    "dma100" : 133369.62,
    "dma200" : 127393.09,
    "volume" : 273.00
  }, {
    "date" : "2025-10-20",
    "price" : 135249.80,
    "dma50" : 133087.98,
    "dma100" : 133411.07,
    "dma200" : 127471.27,
    "volume" : 74.00
  }, {
    "date" : "2025-10-21",
    "price" : 134968.25,
    "dma50" : 133161.72,
    "dma100" : 133456.95,
    "dma200" : 127545.87,
    "volume" : 16.00
  }, {
    "date" : "2025-10-23",
    "price" : 134011.40,
    "dma50" : 133195.04,
    "dma100" : 133498.66,
    "dma200" : 127610.20,
    "volume" : 66.00
  }, {
    "date" : "2025-10-24",
    "price" : 133148.10,
    "dma50" : 133193.20,
    "dma100" : 133531.67,
    "dma200" : 127665.30,
    "volume" : 26.00
  }, {
    "date" : "2025-10-27",
    "price" : 133145.00,
    "dma50" : 133191.31,
    "dma100" : 133570.12,
    "dma200" : 127719.83,
    "volume" : 36.00
  }, {
    "date" : "2025-10-28",
    "price" : 132886.00,
    "dma50" : 133179.34,
    "dma100" : 133603.84,
    "dma200" : 127771.23,
    "volume" : 48.00
  }, {
    "date" : "2025-10-30",
    "price" : 132008.00,
    "dma50" : 133133.40,
    "dma100" : 133624.90,
    "dma200" : 127813.39,
    "volume" : 0.00
  }, {
    "date" : "2025-11-04",
    "price" : 128000.00,
    "dma50" : 132932.09,
    "dma100" : 133603.03,
    "dma200" : 127815.25,
    "volume" : 0.00
  }, {
    "date" : "2025-11-06",
    "price" : 126000.00,
    "dma50" : 132660.25,
    "dma100" : 133567.56,
    "dma200" : 127797.18,
    "volume" : 0.00
  }, {
    "date" : "2025-11-10",
    "price" : 130000.00,
    "dma50" : 132555.92,
    "dma100" : 133575.99,
    "dma200" : 127819.10,
    "volume" : 0.00
  }, {
    "date" : "2025-11-11",
    "price" : 127759.45,
    "dma50" : 132367.83,
    "dma100" : 133556.04,
    "dma200" : 127818.51,
    "volume" : 119.00
  }, {
    "date" : "2025-11-12",
    "price" : 129780.70,
    "dma50" : 132266.37,
    "dma100" : 133563.41,
    "dma200" : 127838.03,
    "volume" : 134.00
  }, {
    "date" : "2025-11-13",
    "price" : 136269.70,
    "dma50" : 132423.36,
    "dma100" : 133645.75,
    "dma200" : 127921.93,
    "volume" : 129.00
  }, {
    "date" : "2025-11-14",
    "price" : 135911.25,
    "dma50" : 132560.14,
    "dma100" : 133722.76,
    "dma200" : 128001.43,
    "volume" : 44.00
  }, {
    "date" : "2025-11-17",
    "price" : 135345.00,
    "dma50" : 132669.35,
    "dma100" : 133784.85,
    "dma200" : 128074.50,
    "volume" : 25.00
  }, {
    "date" : "2025-11-18",
    "price" : 132801.00,
    "dma50" : 132674.52,
    "dma100" : 133831.46,
    "dma200" : 128121.53,
    "volume" : 31.00
  }, {
    "date" : "2025-11-19",
    "price" : 133250.00,
    "dma50" : 132697.08,
    "dma100" : 133892.50,
    "dma200" : 128172.56,
    "volume" : 24.00
  }, {
    "date" : "2025-11-20",
    "price" : 132500.00,
    "dma50" : 132689.35,
    "dma100" : 133944.49,
    "dma200" : 128215.62,
    "volume" : 13.00
  }, {
    "date" : "2025-11-21",
    "price" : 132046.65,
    "dma50" : 132664.15,
    "dma100" : 133998.99,
    "dma200" : 128253.74,
    "volume" : 29.00
  }, {
    "date" : "2025-11-24",
    "price" : 132496.65,
    "dma50" : 132657.58,
    "dma100" : 134036.96,
    "dma200" : 128295.95,
    "volume" : 22.00
  }, {
    "date" : "2025-11-25",
    "price" : 132125.25,
    "dma50" : 132636.71,
    "dma100" : 134071.04,
    "dma200" : 128334.06,
    "volume" : 9.00
  }, {
    "date" : "2025-11-26",
    "price" : 132504.00,
    "dma50" : 132631.50,
    "dma100" : 134100.75,
    "dma200" : 128375.55,
    "volume" : 22.00
  }, {
    "date" : "2025-11-27",
    "price" : 132150.00,
    "dma50" : 132612.62,
    "dma100" : 134133.59,
    "dma200" : 128413.10,
    "volume" : 9.00
  }, {
    "date" : "2025-11-28",
    "price" : 131950.00,
    "dma50" : 132586.63,
    "dma100" : 134158.10,
    "dma200" : 128448.30,
    "volume" : 4.00
  }, {
    "date" : "2025-12-01",
    "price" : 131640.10,
    "dma50" : 132549.52,
    "dma100" : 134177.65,
    "dma200" : 128480.06,
    "volume" : 22.00
  }, {
    "date" : "2025-12-02",
    "price" : 132266.00,
    "dma50" : 132538.40,
    "dma100" : 134198.72,
    "dma200" : 128517.73,
    "volume" : 14.00
  }, {
    "date" : "2025-12-03",
    "price" : 131425.00,
    "dma50" : 132494.73,
    "dma100" : 134114.84,
    "dma200" : 128546.66,
    "volume" : 15.00
  }, {
    "date" : "2025-12-04",
    "price" : 130369.35,
    "dma50" : 132411.39,
    "dma100" : 133993.46,
    "dma200" : 128564.79,
    "volume" : 48.00
  }, {
    "date" : "2025-12-05",
    "price" : 129843.00,
    "dma50" : 132310.67,
    "dma100" : 133874.29,
    "dma200" : 128577.51,
    "volume" : 17.00
  }, {
    "date" : "2025-12-08",
    "price" : 129156.00,
    "dma50" : 132186.95,
    "dma100" : 133768.42,
    "dma200" : 128583.27,
    "volume" : 15.00
  }, {
    "date" : "2025-12-09",
    "price" : 129833.65,
    "dma50" : 132094.67,
    "dma100" : 133647.02,
    "dma200" : 128595.71,
    "volume" : 33.00
  }, {
    "date" : "2025-12-10",
    "price" : 128059.15,
    "dma50" : 131936.41,
    "dma100" : 133520.12,
    "dma200" : 128590.37,
    "volume" : 40.00
  }, {
    "date" : "2025-12-11",
    "price" : 128086.40,
    "dma50" : 131785.43,
    "dma100" : 133406.47,
    "dma200" : 128585.35,
    "volume" : 27.00
  }, {
    "date" : "2025-12-12",
    "price" : 128576.05,
    "dma50" : 131659.57,
    "dma100" : 133304.44,
    "dma200" : 128585.26,
    "volume" : 18.00
  }, {
    "date" : "2025-12-15",
    "price" : 127631.50,
    "dma50" : 131501.61,
    "dma100" : 133195.09,
    "dma200" : 128575.77,
    "volume" : 13.00
  }, {
    "date" : "2025-12-16",
    "price" : 128444.00,
    "dma50" : 131381.70,
    "dma100" : 133096.98,
    "dma200" : 128574.46,
    "volume" : 20.00
  }, {
    "date" : "2025-12-17",
    "price" : 128417.50,
    "dma50" : 131265.46,
    "dma100" : 132992.93,
    "dma200" : 128572.90,
    "volume" : 2.00
  }, {
    "date" : "2025-12-18",
    "price" : 127330.85,
    "dma50" : 131111.16,
    "dma100" : 132881.51,
    "dma200" : 128560.54,
    "volume" : 31.00
  }, {
    "date" : "2025-12-19",
    "price" : 127390.30,
    "dma50" : 130965.24,
    "dma100" : 132771.60,
    "dma200" : 128548.90,
    "volume" : 19.00
  }, {
    "date" : "2025-12-22",
    "price" : 127933.00,
    "dma50" : 130846.33,
    "dma100" : 132659.88,
    "dma200" : 128542.77,
    "volume" : 19.00
  }, {
    "date" : "2025-12-23",
    "price" : 127669.60,
    "dma50" : 130721.76,
    "dma100" : 132561.57,
    "dma200" : 128534.08,
    "volume" : 31.00
  }, {
    "date" : "2025-12-24",
    "price" : 128399.00,
    "dma50" : 130630.67,
    "dma100" : 132475.27,
    "dma200" : 128532.74,
    "volume" : 13.00
  }, {
    "date" : "2025-12-26",
    "price" : 127362.65,
    "dma50" : 130502.51,
    "dma100" : 132405.35,
    "dma200" : 128521.09,
    "volume" : 43.00
  }, {
    "date" : "2025-12-29",
    "price" : 126260.90,
    "dma50" : 130336.17,
    "dma100" : 132334.79,
    "dma200" : 128498.60,
    "volume" : 31.00
  }, {
    "date" : "2025-12-30",
    "price" : 126358.15,
    "dma50" : 130180.17,
    "dma100" : 132243.21,
    "dma200" : 128477.31,
    "volume" : 42.00
  }, {
    "date" : "2025-12-31",
    "price" : 125737.50,
    "dma50" : 130005.95,
    "dma100" : 132154.58,
    "dma200" : 128450.04,
    "volume" : 34.00
  }, {
    "date" : "2026-01-01",
    "price" : 125550.65,
    "dma50" : 129831.23,
    "dma100" : 132068.61,
    "dma200" : 128421.19,
    "volume" : 18.00
  }, {
    "date" : "2026-01-02",
    "price" : 125900.55,
    "dma50" : 129677.09,
    "dma100" : 131973.05,
    "dma200" : 128396.11,
    "volume" : 15.00
  }, {
    "date" : "2026-01-05",
    "price" : 125909.50,
    "dma50" : 129529.34,
    "dma100" : 131848.20,
    "dma200" : 128371.37,
    "volume" : 19.00
  }, {
    "date" : "2026-01-06",
    "price" : 125633.65,
    "dma50" : 129376.57,
    "dma100" : 131718.61,
    "dma200" : 128344.13,
    "volume" : 20.00
  }, {
    "date" : "2026-01-07",
    "price" : 125252.00,
    "dma50" : 129214.82,
    "dma100" : 131593.47,
    "dma200" : 128313.36,
    "volume" : 15.00
  }, {
    "date" : "2026-01-08",
    "price" : 124600.35,
    "dma50" : 129033.86,
    "dma100" : 131466.12,
    "dma200" : 128276.42,
    "volume" : 18.00
  }, {
    "date" : "2026-01-09",
    "price" : 123483.35,
    "dma50" : 128816.19,
    "dma100" : 131344.84,
    "dma200" : 128228.72,
    "volume" : 29.00
  }, {
    "date" : "2026-01-12",
    "price" : 125399.50,
    "dma50" : 128682.20,
    "dma100" : 131255.16,
    "dma200" : 128200.57,
    "volume" : 24.00
  }, {
    "date" : "2026-01-13",
    "price" : 124340.25,
    "dma50" : 128511.93,
    "dma100" : 131145.17,
    "dma200" : 128162.16,
    "volume" : 16.00
  }, {
    "date" : "2026-01-14",
    "price" : 122610.00,
    "dma50" : 128280.48,
    "dma100" : 131016.37,
    "dma200" : 128106.92,
    "volume" : 27.00
  }, {
    "date" : "2026-01-16",
    "price" : 121850.00,
    "dma50" : 128028.31,
    "dma100" : 130881.25,
    "dma200" : 128044.66,
    "volume" : 27.00
  }, {
    "date" : "2026-01-19",
    "price" : 121130.15,
    "dma50" : 127757.79,
    "dma100" : 130733.61,
    "dma200" : 127975.86,
    "volume" : 18.00
  }, {
    "date" : "2026-01-20",
    "price" : 120246.75,
    "dma50" : 127463.24,
    "dma100" : 130573.41,
    "dma200" : 127898.95,
    "volume" : 33.00
  }, {
    "date" : "2026-01-21",
    "price" : 118800.00,
    "dma50" : 127123.51,
    "dma100" : 130399.61,
    "dma200" : 127808.41,
    "volume" : 34.00
  }, {
    "date" : "2026-01-22",
    "price" : 118551.00,
    "dma50" : 126787.33,
    "dma100" : 130226.37,
    "dma200" : 127716.30,
    "volume" : 20.00
  }, {
    "date" : "2026-01-23",
    "price" : 119266.65,
    "dma50" : 126492.40,
    "dma100" : 130067.22,
    "dma200" : 127632.22,
    "volume" : 19.00
  }, {
    "date" : "2026-01-27",
    "price" : 116198.20,
    "dma50" : 126088.71,
    "dma100" : 129894.92,
    "dma200" : 127518.45,
    "volume" : 53.00
  }, {
    "date" : "2026-01-28",
    "price" : 115670.75,
    "dma50" : 125680.16,
    "dma100" : 129721.86,
    "dma200" : 127400.57,
    "volume" : 73.00
  } ],
  "latestTechnicalAttributes" : {
    "date" : "2026-01-28",
    "price" : 115670.75,
    "dma50" : 125680.16,
    "dma100" : 129721.86,
    "dma200" : 127400.57,
    "volume" : 73.00
  },
  "quarterlyResults" : [ {
    "date" : "2005-03-31",
    "sales" : 0.14,
    "salesGrowthYoY" : null,
    "grossProfitMargin" : 100.00,
    "grossProfit" : 0.14,
    "operatingProfitMargin" : 92.86,
    "operatingProfit" : 0.13,
    "netProfitMargin" : 92.86,
    "netProfit" : 0.13
  }, {
    "date" : "2005-06-30",
    "sales" : 1.51,
    "salesGrowthYoY" : null,
    "grossProfitMargin" : 100.00,
    "grossProfit" : 1.51,
    "operatingProfitMargin" : 100.00,
    "operatingProfit" : 1.51,
    "netProfitMargin" : 100.00,
    "netProfit" : 1.51
  }, {
    "date" : "2005-09-30",
    "sales" : 0.13,
    "salesGrowthYoY" : null,
    "grossProfitMargin" : 100.00,
    "grossProfit" : 0.13,
    "operatingProfitMargin" : 92.31,
    "operatingProfit" : 0.12,
    "netProfitMargin" : 92.31,
    "netProfit" : 0.12
  }, {
    "date" : "2005-12-31",
    "sales" : 1.35,
    "salesGrowthYoY" : null,
    "grossProfitMargin" : 100.00,
    "grossProfit" : 1.35,
    "operatingProfitMargin" : 99.26,
    "operatingProfit" : 1.34,
    "netProfitMargin" : 97.78,
    "netProfit" : 1.32
  }, {
    "date" : "2006-03-31",
    "sales" : 0.16,
    "salesGrowthYoY" : 14.29,
    "grossProfitMargin" : 100.00,
    "grossProfit" : 0.16,
    "operatingProfitMargin" : 93.75,
    "operatingProfit" : 0.15,
    "netProfitMargin" : 168.75,
    "netProfit" : 0.27
  }, {
    "date" : "2006-06-30",
    "sales" : 2.34,
    "salesGrowthYoY" : 54.97,
    "grossProfitMargin" : 100.00,
    "grossProfit" : 2.34,
    "operatingProfitMargin" : 99.57,
    "operatingProfit" : 2.33,
    "netProfitMargin" : 99.57,
    "netProfit" : 2.33
  }, {
    "date" : "2006-09-30",
    "sales" : 0.09,
    "salesGrowthYoY" : -30.77,
    "grossProfitMargin" : 100.00,
    "grossProfit" : 0.09,
    "operatingProfitMargin" : 77.78,
    "operatingProfit" : 0.07,
    "netProfitMargin" : 77.78,
    "netProfit" : 0.07
  }, {
    "date" : "2006-12-31",
    "sales" : 1.70,
    "salesGrowthYoY" : 25.93,
    "grossProfitMargin" : 100.00,
    "grossProfit" : 1.70,
    "operatingProfitMargin" : 98.82,
    "operatingProfit" : 1.68,
    "netProfitMargin" : 98.82,
    "netProfit" : 1.68
  }, {
    "date" : "2007-03-31",
    "sales" : 2.04,
    "salesGrowthYoY" : 1175.00,
    "grossProfitMargin" : 100.00,
    "grossProfit" : 2.04,
    "operatingProfitMargin" : 99.02,
    "operatingProfit" : 2.02,
    "netProfitMargin" : 96.57,
    "netProfit" : 1.97
  }, {
    "date" : "2007-06-30",
    "sales" : 0.50,
    "salesGrowthYoY" : -78.63,
    "grossProfitMargin" : 100.00,
    "grossProfit" : 0.50,
    "operatingProfitMargin" : 100.00,
    "operatingProfit" : 0.50,
    "netProfitMargin" : 100.00,
    "netProfit" : 0.50
  }, {
    "date" : "2007-09-30",
    "sales" : 0.15,
    "salesGrowthYoY" : 66.67,
    "grossProfitMargin" : 100.00,
    "grossProfit" : 0.15,
    "operatingProfitMargin" : 86.67,
    "operatingProfit" : 0.13,
    "netProfitMargin" : 86.67,
    "netProfit" : 0.13
  }, {
    "date" : "2007-12-31",
    "sales" : 1.95,
    "salesGrowthYoY" : 14.71,
    "grossProfitMargin" : 100.00,
    "grossProfit" : 1.95,
    "operatingProfitMargin" : 98.97,
    "operatingProfit" : 1.93,
    "netProfitMargin" : 98.97,
    "netProfit" : 1.93
  }, {
    "date" : "2008-03-31",
    "sales" : 0.46,
    "salesGrowthYoY" : -77.45,
    "grossProfitMargin" : 100.00,
    "grossProfit" : 0.46,
    "operatingProfitMargin" : 91.30,
    "operatingProfit" : 0.42,
    "netProfitMargin" : 86.96,
    "netProfit" : 0.40
  }, {
    "date" : "2008-06-30",
    "sales" : 3.14,
    "salesGrowthYoY" : 528.00,
    "grossProfitMargin" : 100.00,
    "grossProfit" : 3.14,
    "operatingProfitMargin" : 99.68,
    "operatingProfit" : 3.13,
    "netProfitMargin" : 99.68,
    "netProfit" : 3.13
  }, {
    "date" : "2008-09-30",
    "sales" : 0.29,
    "salesGrowthYoY" : 93.33,
    "grossProfitMargin" : 100.00,
    "grossProfit" : 0.29,
    "operatingProfitMargin" : 86.21,
    "operatingProfit" : 0.25,
    "netProfitMargin" : 62.07,
    "netProfit" : 0.18
  }, {
    "date" : "2008-12-31",
    "sales" : 1.80,
    "salesGrowthYoY" : -7.69,
    "grossProfitMargin" : 100.00,
    "grossProfit" : 1.80,
    "operatingProfitMargin" : 98.33,
    "operatingProfit" : 1.77,
    "netProfitMargin" : 95.00,
    "netProfit" : 1.71
  }, {
    "date" : "2009-03-31",
    "sales" : 0.15,
    "salesGrowthYoY" : -67.39,
    "grossProfitMargin" : 100.00,
    "grossProfit" : 0.15,
    "operatingProfitMargin" : 80.00,
    "operatingProfit" : 0.12,
    "netProfitMargin" : 13.33,
    "netProfit" : 0.02
  }, {
    "date" : "2009-06-30",
    "sales" : 3.15,
    "salesGrowthYoY" : 0.32,
    "grossProfitMargin" : 100.00,
    "grossProfit" : 3.15,
    "operatingProfitMargin" : 99.68,
    "operatingProfit" : 3.14,
    "netProfitMargin" : 98.10,
    "netProfit" : 3.09
  }, {
    "date" : "2009-09-30",
    "sales" : 0.19,
    "salesGrowthYoY" : -34.48,
    "grossProfitMargin" : 100.00,
    "grossProfit" : 0.19,
    "operatingProfitMargin" : 78.95,
    "operatingProfit" : 0.15,
    "netProfitMargin" : 52.63,
    "netProfit" : 0.10
  }, {
    "date" : "2009-12-31",
    "sales" : 2.77,
    "salesGrowthYoY" : 53.89,
    "grossProfitMargin" : 100.00,
    "grossProfit" : 2.77,
    "operatingProfitMargin" : 99.28,
    "operatingProfit" : 2.75,
    "netProfitMargin" : 97.47,
    "netProfit" : 2.70
  }, {
    "date" : "2010-03-31",
    "sales" : 0.62,
    "salesGrowthYoY" : 313.33,
    "grossProfitMargin" : 100.00,
    "grossProfit" : 0.62,
    "operatingProfitMargin" : 95.16,
    "operatingProfit" : 0.59,
    "netProfitMargin" : 77.42,
    "netProfit" : 0.48
  }, {
    "date" : "2010-06-30",
    "sales" : 0.17,
    "salesGrowthYoY" : -94.60,
    "grossProfitMargin" : 100.00,
    "grossProfit" : 0.17,
    "operatingProfitMargin" : 94.12,
    "operatingProfit" : 0.16,
    "netProfitMargin" : 70.59,
    "netProfit" : 0.12
  }, {
    "date" : "2010-09-30",
    "sales" : 5.57,
    "salesGrowthYoY" : 2831.58,
    "grossProfitMargin" : 100.00,
    "grossProfit" : 5.57,
    "operatingProfitMargin" : 99.28,
    "operatingProfit" : 5.53,
    "netProfitMargin" : 98.56,
    "netProfit" : 5.49
  }, {
    "date" : "2010-12-31",
    "sales" : 2.64,
    "salesGrowthYoY" : -4.69,
    "grossProfitMargin" : 100.00,
    "grossProfit" : 2.64,
    "operatingProfitMargin" : 98.86,
    "operatingProfit" : 2.61,
    "netProfitMargin" : 97.35,
    "netProfit" : 2.57
  }, {
    "date" : "2011-03-31",
    "sales" : 0.86,
    "salesGrowthYoY" : 38.71,
    "grossProfitMargin" : 100.00,
    "grossProfit" : 0.86,
    "operatingProfitMargin" : 94.19,
    "operatingProfit" : 0.81,
    "netProfitMargin" : 75.58,
    "netProfit" : 0.65
  }, {
    "date" : "2011-06-30",
    "sales" : 6.71,
    "salesGrowthYoY" : 3847.06,
    "grossProfitMargin" : 100.00,
    "grossProfit" : 6.71,
    "operatingProfitMargin" : 99.70,
    "operatingProfit" : 6.69,
    "netProfitMargin" : 99.25,
    "netProfit" : 6.66
  }, {
    "date" : "2011-09-30",
    "sales" : 0.22,
    "salesGrowthYoY" : -96.05,
    "grossProfitMargin" : 100.00,
    "grossProfit" : 0.22,
    "operatingProfitMargin" : 72.73,
    "operatingProfit" : 0.16,
    "netProfitMargin" : 63.64,
    "netProfit" : 0.14
  }, {
    "date" : "2011-12-31",
    "sales" : 2.87,
    "salesGrowthYoY" : 8.71,
    "grossProfitMargin" : 100.00,
    "grossProfit" : 2.87,
    "operatingProfitMargin" : 98.95,
    "operatingProfit" : 2.84,
    "netProfitMargin" : 97.91,
    "netProfit" : 2.81
  }, {
    "date" : "2012-03-31",
    "sales" : 0.78,
    "salesGrowthYoY" : -9.30,
    "grossProfitMargin" : 100.00,
    "grossProfit" : 0.78,
    "operatingProfitMargin" : 93.59,
    "operatingProfit" : 0.73,
    "netProfitMargin" : 85.90,
    "netProfit" : 0.67
  }, {
    "date" : "2012-06-30",
    "sales" : 8.86,
    "salesGrowthYoY" : 32.04,
    "grossProfitMargin" : 100.00,
    "grossProfit" : 8.86,
    "operatingProfitMargin" : 99.77,
    "operatingProfit" : 8.84,
    "netProfitMargin" : 99.77,
    "netProfit" : 8.84
  }, {
    "date" : "2012-09-30",
    "sales" : 0.24,
    "salesGrowthYoY" : 9.09,
    "grossProfitMargin" : 100.00,
    "grossProfit" : 0.24,
    "operatingProfitMargin" : 66.67,
    "operatingProfit" : 0.16,
    "netProfitMargin" : 75.00,
    "netProfit" : 0.18
  }, {
    "date" : "2012-12-31",
    "sales" : 2.94,
    "salesGrowthYoY" : 2.44,
    "grossProfitMargin" : 100.00,
    "grossProfit" : 2.94,
    "operatingProfitMargin" : 98.64,
    "operatingProfit" : 2.90,
    "netProfitMargin" : 97.28,
    "netProfit" : 2.86
  }, {
    "date" : "2013-03-31",
    "sales" : 0.85,
    "salesGrowthYoY" : 8.97,
    "grossProfitMargin" : 100.00,
    "grossProfit" : 0.85,
    "operatingProfitMargin" : 92.94,
    "operatingProfit" : 0.79,
    "netProfitMargin" : 100.00,
    "netProfit" : 0.85
  }, {
    "date" : "2013-06-30",
    "sales" : 10.80,
    "salesGrowthYoY" : 21.90,
    "grossProfitMargin" : 100.00,
    "grossProfit" : 10.80,
    "operatingProfitMargin" : 99.63,
    "operatingProfit" : 10.76,
    "netProfitMargin" : 99.54,
    "netProfit" : 10.75
  }, {
    "date" : "2013-09-30",
    "sales" : 0.36,
    "salesGrowthYoY" : 50.00,
    "grossProfitMargin" : 91.67,
    "grossProfit" : 0.33,
    "operatingProfitMargin" : 80.56,
    "operatingProfit" : 0.29,
    "netProfitMargin" : 66.67,
    "netProfit" : 0.24
  }, {
    "date" : "2013-12-31",
    "sales" : 4.31,
    "salesGrowthYoY" : 46.60,
    "grossProfitMargin" : 100.00,
    "grossProfit" : 4.31,
    "operatingProfitMargin" : 98.61,
    "operatingProfit" : 4.25,
    "netProfitMargin" : 90.49,
    "netProfit" : 3.90
  }, {
    "date" : "2014-03-31",
    "sales" : 1.00,
    "salesGrowthYoY" : 17.65,
    "grossProfitMargin" : 100.00,
    "grossProfit" : 1.00,
    "operatingProfitMargin" : 95.00,
    "operatingProfit" : 0.95,
    "netProfitMargin" : 99.00,
    "netProfit" : 0.99
  }, {
    "date" : "2014-06-30",
    "sales" : 12.37,
    "salesGrowthYoY" : 14.54,
    "grossProfitMargin" : 100.00,
    "grossProfit" : 12.37,
    "operatingProfitMargin" : 99.76,
    "operatingProfit" : 12.34,
    "netProfitMargin" : 100.32,
    "netProfit" : 12.41
  }, {
    "date" : "2014-09-30",
    "sales" : 5.50,
    "salesGrowthYoY" : 1427.78,
    "grossProfitMargin" : 100.00,
    "grossProfit" : 5.50,
    "operatingProfitMargin" : 99.09,
    "operatingProfit" : 5.45,
    "netProfitMargin" : 105.27,
    "netProfit" : 5.79
  }, {
    "date" : "2014-12-31",
    "sales" : 0.30,
    "salesGrowthYoY" : -93.04,
    "grossProfitMargin" : 100.00,
    "grossProfit" : 0.30,
    "operatingProfitMargin" : 83.33,
    "operatingProfit" : 0.25,
    "netProfitMargin" : 166.67,
    "netProfit" : 0.50
  }, {
    "date" : "2015-03-31",
    "sales" : 1.08,
    "salesGrowthYoY" : 8.00,
    "grossProfitMargin" : 100.00,
    "grossProfit" : 1.08,
    "operatingProfitMargin" : 91.67,
    "operatingProfit" : 0.99,
    "netProfitMargin" : 117.59,
    "netProfit" : 1.27
  }, {
    "date" : "2015-06-30",
    "sales" : 0.40,
    "salesGrowthYoY" : -96.77,
    "grossProfitMargin" : 100.00,
    "grossProfit" : 0.40,
    "operatingProfitMargin" : 77.50,
    "operatingProfit" : 0.31,
    "netProfitMargin" : 77.50,
    "netProfit" : 0.31
  }, {
    "date" : "2015-09-30",
    "sales" : 12.68,
    "salesGrowthYoY" : 130.55,
    "grossProfitMargin" : 100.00,
    "grossProfit" : 12.68,
    "operatingProfitMargin" : 99.05,
    "operatingProfit" : 12.56,
    "netProfitMargin" : 98.58,
    "netProfit" : 12.50
  }, {
    "date" : "2015-12-31",
    "sales" : 6.61,
    "salesGrowthYoY" : 2103.33,
    "grossProfitMargin" : 100.00,
    "grossProfit" : 6.61,
    "operatingProfitMargin" : 97.58,
    "operatingProfit" : 6.45,
    "netProfitMargin" : 98.64,
    "netProfit" : 6.52
  }, {
    "date" : "2016-03-31",
    "sales" : 1.04,
    "salesGrowthYoY" : -3.70,
    "grossProfitMargin" : 100.00,
    "grossProfit" : 1.04,
    "operatingProfitMargin" : 87.50,
    "operatingProfit" : 0.91,
    "netProfitMargin" : 83.65,
    "netProfit" : 0.87
  }, {
    "date" : "2016-06-30",
    "sales" : 0.00,
    "salesGrowthYoY" : -100.00,
    "grossProfitMargin" : 0.00,
    "grossProfit" : 0.00,
    "operatingProfitMargin" : 0.00,
    "operatingProfit" : 0.00,
    "netProfitMargin" : 0.00,
    "netProfit" : 0.00
  }, {
    "date" : "2016-09-30",
    "sales" : 0.00,
    "salesGrowthYoY" : -100.00,
    "grossProfitMargin" : 0.00,
    "grossProfit" : 0.00,
    "operatingProfitMargin" : 0.00,
    "operatingProfit" : 0.00,
    "netProfitMargin" : 0.00,
    "netProfit" : 0.00
  }, {
    "date" : "2016-12-31",
    "sales" : 8.45,
    "salesGrowthYoY" : 27.84,
    "grossProfitMargin" : 100.00,
    "grossProfit" : 8.45,
    "operatingProfitMargin" : 98.22,
    "operatingProfit" : 8.30,
    "netProfitMargin" : 96.21,
    "netProfit" : 8.13
  }, {
    "date" : "2017-03-31",
    "sales" : 1.44,
    "salesGrowthYoY" : 38.46,
    "grossProfitMargin" : 100.00,
    "grossProfit" : 1.44,
    "operatingProfitMargin" : 87.50,
    "operatingProfit" : 1.26,
    "netProfitMargin" : 75.00,
    "netProfit" : 1.08
  }, {
    "date" : "2017-06-30",
    "sales" : 21.97,
    "salesGrowthYoY" : 100.00,
    "grossProfitMargin" : 100.00,
    "grossProfit" : 21.97,
    "operatingProfitMargin" : 99.32,
    "operatingProfit" : 21.82,
    "netProfitMargin" : 99.00,
    "netProfit" : 21.75
  }, {
    "date" : "2017-09-30",
    "sales" : 0.02,
    "salesGrowthYoY" : 100.00,
    "grossProfitMargin" : 100.00,
    "grossProfit" : 0.02,
    "operatingProfitMargin" : -600.00,
    "operatingProfit" : -0.12,
    "netProfitMargin" : 108750.00,
    "netProfit" : 21.75
  }, {
    "date" : "2017-12-31",
    "sales" : 7.87,
    "salesGrowthYoY" : -6.86,
    "grossProfitMargin" : 100.00,
    "grossProfit" : 7.87,
    "operatingProfitMargin" : 97.97,
    "operatingProfit" : 7.71,
    "netProfitMargin" : 96.82,
    "netProfit" : 7.62
  }, {
    "date" : "2018-03-31",
    "sales" : 2.11,
    "salesGrowthYoY" : 46.53,
    "grossProfitMargin" : 100.00,
    "grossProfit" : 2.11,
    "operatingProfitMargin" : 90.05,
    "operatingProfit" : 1.90,
    "netProfitMargin" : 84.83,
    "netProfit" : 1.79
  }, {
    "date" : "2018-06-30",
    "sales" : 19.37,
    "salesGrowthYoY" : -11.83,
    "grossProfitMargin" : 100.00,
    "grossProfit" : 19.37,
    "operatingProfitMargin" : 99.38,
    "operatingProfit" : 19.25,
    "netProfitMargin" : 96.75,
    "netProfit" : 18.74
  }, {
    "date" : "2018-09-30",
    "sales" : 2.43,
    "salesGrowthYoY" : 12050.00,
    "grossProfitMargin" : 100.00,
    "grossProfit" : 2.43,
    "operatingProfitMargin" : 94.24,
    "operatingProfit" : 2.29,
    "netProfitMargin" : 74.90,
    "netProfit" : 1.82
  }, {
    "date" : "2018-12-31",
    "sales" : 12.29,
    "salesGrowthYoY" : 56.16,
    "grossProfitMargin" : 100.00,
    "grossProfit" : 12.29,
    "operatingProfitMargin" : 98.86,
    "operatingProfit" : 12.15,
    "netProfitMargin" : 91.46,
    "netProfit" : 11.24
  }, {
    "date" : "2019-03-31",
    "sales" : 8.45,
    "salesGrowthYoY" : 300.47,
    "grossProfitMargin" : 100.00,
    "grossProfit" : 8.45,
    "operatingProfitMargin" : 86.39,
    "operatingProfit" : 7.30,
    "netProfitMargin" : 67.81,
    "netProfit" : 5.73
  }, {
    "date" : "2019-06-30",
    "sales" : 24.80,
    "salesGrowthYoY" : 28.03,
    "grossProfitMargin" : 100.00,
    "grossProfit" : 24.80,
    "operatingProfitMargin" : 99.11,
    "operatingProfit" : 24.58,
    "netProfitMargin" : 96.49,
    "netProfit" : 23.93
  }, {
    "date" : "2019-09-30",
    "sales" : 5.26,
    "salesGrowthYoY" : 116.46,
    "grossProfitMargin" : 100.00,
    "grossProfit" : 5.26,
    "operatingProfitMargin" : 96.20,
    "operatingProfit" : 5.06,
    "netProfitMargin" : 77.00,
    "netProfit" : 4.05
  }, {
    "date" : "2019-12-31",
    "sales" : 15.50,
    "salesGrowthYoY" : 26.12,
    "grossProfitMargin" : 100.00,
    "grossProfit" : 15.50,
    "operatingProfitMargin" : 98.77,
    "operatingProfit" : 15.31,
    "netProfitMargin" : 91.42,
    "netProfit" : 14.17
  }, {
    "date" : "2020-03-31",
    "sales" : 21.74,
    "salesGrowthYoY" : 157.28,
    "grossProfitMargin" : 100.00,
    "grossProfit" : 21.74,
    "operatingProfitMargin" : 41.67,
    "operatingProfit" : 9.06,
    "netProfitMargin" : 57.27,
    "netProfit" : 12.45
  }, {
    "date" : "2020-06-30",
    "sales" : 13.53,
    "salesGrowthYoY" : -45.44,
    "grossProfitMargin" : 100.00,
    "grossProfit" : 13.53,
    "operatingProfitMargin" : 98.97,
    "operatingProfit" : 13.39,
    "netProfitMargin" : 78.12,
    "netProfit" : 10.57
  }, {
    "date" : "2020-09-30",
    "sales" : 22.02,
    "salesGrowthYoY" : 318.63,
    "grossProfitMargin" : 100.00,
    "grossProfit" : 22.02,
    "operatingProfitMargin" : 99.18,
    "operatingProfit" : 21.84,
    "netProfitMargin" : 76.25,
    "netProfit" : 16.79
  }, {
    "date" : "2020-12-31",
    "sales" : 31.58,
    "salesGrowthYoY" : 103.74,
    "grossProfitMargin" : 100.00,
    "grossProfit" : 31.58,
    "operatingProfitMargin" : 99.40,
    "operatingProfit" : 31.39,
    "netProfitMargin" : 73.65,
    "netProfit" : 23.26
  }, {
    "date" : "2021-03-31",
    "sales" : 5.84,
    "salesGrowthYoY" : -73.14,
    "grossProfitMargin" : 100.00,
    "grossProfit" : 5.84,
    "operatingProfitMargin" : 95.38,
    "operatingProfit" : 5.57,
    "netProfitMargin" : 72.95,
    "netProfit" : 4.26
  }, {
    "date" : "2021-06-30",
    "sales" : 56.92,
    "salesGrowthYoY" : 320.69,
    "grossProfitMargin" : 100.00,
    "grossProfit" : 56.92,
    "operatingProfitMargin" : 98.77,
    "operatingProfit" : 56.22,
    "netProfitMargin" : 74.84,
    "netProfit" : 42.60
  }, {
    "date" : "2021-09-30",
    "sales" : 12.51,
    "salesGrowthYoY" : -43.19,
    "grossProfitMargin" : 100.00,
    "grossProfit" : 12.51,
    "operatingProfitMargin" : 94.80,
    "operatingProfit" : 11.86,
    "netProfitMargin" : 72.58,
    "netProfit" : 9.08
  }, {
    "date" : "2021-12-31",
    "sales" : 16.69,
    "salesGrowthYoY" : -47.15,
    "grossProfitMargin" : 100.00,
    "grossProfit" : 16.69,
    "operatingProfitMargin" : 96.35,
    "operatingProfit" : 16.08,
    "netProfitMargin" : 70.22,
    "netProfit" : 11.72
  }, {
    "date" : "2022-03-31",
    "sales" : 1.86,
    "salesGrowthYoY" : -68.15,
    "grossProfitMargin" : 100.00,
    "grossProfit" : 1.86,
    "operatingProfitMargin" : 69.35,
    "operatingProfit" : 1.29,
    "netProfitMargin" : 75.27,
    "netProfit" : 1.40
  }, {
    "date" : "2022-06-30",
    "sales" : 44.20,
    "salesGrowthYoY" : -22.35,
    "grossProfitMargin" : 100.00,
    "grossProfit" : 44.20,
    "operatingProfitMargin" : 75.07,
    "operatingProfit" : 33.18,
    "netProfitMargin" : 51.79,
    "netProfit" : 22.89
  }, {
    "date" : "2022-09-30",
    "sales" : 16.89,
    "salesGrowthYoY" : 35.01,
    "grossProfitMargin" : 100.00,
    "grossProfit" : 16.89,
    "operatingProfitMargin" : 92.36,
    "operatingProfit" : 15.60,
    "netProfitMargin" : 68.98,
    "netProfit" : 11.65
  }, {
    "date" : "2022-12-31",
    "sales" : 20.04,
    "salesGrowthYoY" : 20.07,
    "grossProfitMargin" : 100.00,
    "grossProfit" : 20.04,
    "operatingProfitMargin" : 92.76,
    "operatingProfit" : 18.59,
    "netProfitMargin" : 72.95,
    "netProfit" : 14.62
  }, {
    "date" : "2023-03-31",
    "sales" : 3.27,
    "salesGrowthYoY" : 75.81,
    "grossProfitMargin" : 100.00,
    "grossProfit" : 3.27,
    "operatingProfitMargin" : 56.88,
    "operatingProfit" : 1.86,
    "netProfitMargin" : 20.49,
    "netProfit" : 0.67
  }, {
    "date" : "2023-06-30",
    "sales" : 82.83,
    "salesGrowthYoY" : 87.40,
    "grossProfitMargin" : 100.00,
    "grossProfit" : 82.83,
    "operatingProfitMargin" : 99.48,
    "operatingProfit" : 82.40,
    "netProfitMargin" : 75.49,
    "netProfit" : 62.53
  }, {
    "date" : "2023-09-30",
    "sales" : 15.43,
    "salesGrowthYoY" : -8.64,
    "grossProfitMargin" : 100.00,
    "grossProfit" : 15.43,
    "operatingProfitMargin" : 96.44,
    "operatingProfit" : 14.88,
    "netProfitMargin" : 73.56,
    "netProfit" : 11.35
  }, {
    "date" : "2023-12-31",
    "sales" : 38.66,
    "salesGrowthYoY" : 92.91,
    "grossProfitMargin" : 100.00,
    "grossProfit" : 38.66,
    "operatingProfitMargin" : 98.81,
    "operatingProfit" : 38.20,
    "netProfitMargin" : 77.03,
    "netProfit" : 29.78
  }, {
    "date" : "2024-03-31",
    "sales" : 14.11,
    "salesGrowthYoY" : 331.50,
    "grossProfitMargin" : 100.00,
    "grossProfit" : 14.11,
    "operatingProfitMargin" : 97.59,
    "operatingProfit" : 13.77,
    "netProfitMargin" : 67.75,
    "netProfit" : 9.56
  }, {
    "date" : "2024-06-30",
    "sales" : 113.80,
    "salesGrowthYoY" : 37.39,
    "grossProfitMargin" : 100.00,
    "grossProfit" : 113.80,
    "operatingProfitMargin" : 99.33,
    "operatingProfit" : 113.04,
    "netProfitMargin" : 76.58,
    "netProfit" : 87.15
  }, {
    "date" : "2024-09-30",
    "sales" : 35.68,
    "salesGrowthYoY" : 131.24,
    "grossProfitMargin" : 100.00,
    "grossProfit" : 35.68,
    "operatingProfitMargin" : 98.79,
    "operatingProfit" : 35.25,
    "netProfitMargin" : 78.67,
    "netProfit" : 28.07
  }, {
    "date" : "2024-12-31",
    "sales" : 0.79,
    "salesGrowthYoY" : -97.96,
    "grossProfitMargin" : 100.00,
    "grossProfit" : 0.79,
    "operatingProfitMargin" : 46.84,
    "operatingProfit" : 0.37,
    "netProfitMargin" : -121.52,
    "netProfit" : -0.96
  }, {
    "date" : "2025-03-31",
    "sales" : -11.84,
    "salesGrowthYoY" : -183.91,
    "grossProfitMargin" : 0.00,
    "grossProfit" : -0.00,
    "operatingProfitMargin" : 0.00,
    "operatingProfit" : -0.00,
    "netProfitMargin" : 0.00,
    "netProfit" : -0.00
  }, {
    "date" : "2025-06-30",
    "sales" : 40.49,
    "salesGrowthYoY" : -64.42,
    "grossProfitMargin" : 100.00,
    "grossProfit" : 40.49,
    "operatingProfitMargin" : 98.67,
    "operatingProfit" : 39.95,
    "netProfitMargin" : 77.08,
    "netProfit" : 31.21
  }, {
    "date" : "2025-09-30",
    "sales" : 49.48,
    "salesGrowthYoY" : 38.68,
    "grossProfitMargin" : 100.00,
    "grossProfit" : 49.48,
    "operatingProfitMargin" : 98.42,
    "operatingProfit" : 48.70,
    "netProfitMargin" : 74.35,
    "netProfit" : 36.79
  }, {
    "date" : "2025-12-31",
    "sales" : 36.51,
    "salesGrowthYoY" : 4521.52,
    "grossProfitMargin" : 100.00,
    "grossProfit" : 36.51,
    "operatingProfitMargin" : 98.14,
    "operatingProfit" : 35.83,
    "netProfitMargin" : 73.87,
    "netProfit" : 26.97
  } ],
  "latestQuarterlyResult" : {
    "date" : "2025-12-31",
    "sales" : 36.51,
    "salesGrowthYoY" : 4521.52,
    "grossProfitMargin" : 100.00,
    "grossProfit" : 36.51,
    "operatingProfitMargin" : 98.14,
    "operatingProfit" : 35.83,
    "netProfitMargin" : 73.87,
    "netProfit" : 26.97
  },
  "companyScore" : {
    "priceHigherThanDma50" : 0.00,
    "priceHigherThanDma100" : 0.00,
    "priceHigherThanDma200" : 0.00,
    "dma50HigherThanDma100" : 0.00,
    "dma50HigherThanDma200" : 0.00,
    "dma100HigherThanDma200" : 5.00,
    "pricePercentageAboveDma50" : 5.40,
    "pricePercentageAboveDma100" : 5.54,
    "pricePercentageAboveDma200" : 5.46,
    "weeklyVolumeHigherThanYearlyVolume" : 0.00,
    "salesGrowthPercentile" : 19.75,
    "operatingProfitMarginPercentile" : 19.95,
    "netProfitMarginPercentile" : 2.74,
    "totalTechnicalScore" : 21.40,
    "totalFundamentalScore" : 42.43,
    "totalScore" : 63.84
  }
}