{
  "metadata" : {
    "screenerCompanyId" : "1289",
    "companyCode" : "508486",
    "companyName" : "Hawkins Cookers",
    "screenerCompanyLink" : "https://www.screener.in/company/508486/",
    "screenerTechnicalHistoryLink" : "https://www.screener.in/api/company/1289/chart/?q=Price-DMA50-DMA200-Volume&days=365",
    "screenerQuarterlyResultsLink" : "https://www.screener.in/api/company/1289/chart/?q=GPM-OPM-NPM-Quarter+Sales&days=10000",
    "attributes" : {
      "companyCode" : "508486",
      "companyName" : "Hawkins Cookers",
      "marketCap" : 3899.00,
      "peRatio" : 31.00,
      "description" : "Hawkins Cookers Ltd is engaged in the business of manufacture, trading and sale of kitchenware.[1]"
    },
    "companyScore" : {
      "priceHigherThanDma50" : 0.00,
      "priceHigherThanDma100" : 0.00,
      "priceHigherThanDma200" : 0.00,
      "dma50HigherThanDma100" : 0.00,
      "dma50HigherThanDma200" : 0.00,
      "dma100HigherThanDma200" : 0.00,
      "pricePercentageAboveDma50" : 5.29,
      "pricePercentageAboveDma100" : 5.52,
      "pricePercentageAboveDma200" : 5.52,
      "weeklyVolumeHigherThanYearlyVolume" : 0.00,
      "salesGrowthPercentile" : 13.00,
      "operatingProfitMarginPercentile" : 13.34,
      "netProfitMarginPercentile" : 7.87,
      "totalTechnicalScore" : 16.32,
      "totalFundamentalScore" : 34.21,
      "totalScore" : 50.53
    }
  },
  "attributes" : {
    "companyCode" : "508486",
    "companyName" : "Hawkins Cookers",
    "marketCap" : 3899.00,
    "peRatio" : 31.00,
    "description" : "Hawkins Cookers Ltd is engaged in the business of manufacture, trading and sale of kitchenware.[1]"
  },
  "technicalHistory" : [ {
    "date" : "2025-02-17",
    "price" : 7444.10,
    "dma50" : 8546.02,
    "dma100" : null,
    "dma200" : 8279.01,
    "volume" : 2341.00
  }, {
    "date" : "2025-02-18",
    "price" : 7214.10,
    "dma50" : 8493.79,
    "dma100" : null,
    "dma200" : 8268.41,
    "volume" : 1002.00
  }, {
    "date" : "2025-02-19",
    "price" : 7344.00,
    "dma50" : 8448.70,
    "dma100" : null,
    "dma200" : 8259.22,
    "volume" : 1372.00
  }, {
    "date" : "2025-02-20",
    "price" : 7603.95,
    "dma50" : 8415.57,
    "dma100" : null,
    "dma200" : 8252.70,
    "volume" : 1526.00
  }, {
    "date" : "2025-02-21",
    "price" : 7547.60,
    "dma50" : 8381.53,
    "dma100" : null,
    "dma200" : 8245.68,
    "volume" : 731.00
  }, {
    "date" : "2025-02-24",
    "price" : 7607.95,
    "dma50" : 8351.19,
    "dma100" : null,
    "dma200" : 8239.33,
    "volume" : 1302.00
  }, {
    "date" : "2025-02-25",
    "price" : 7846.30,
    "dma50" : 8331.39,
    "dma100" : null,
    "dma200" : 8235.42,
    "volume" : 642.00
  }, {
    "date" : "2025-02-27",
    "price" : 7675.80,
    "dma50" : 8305.69,
    "dma100" : null,
    "dma200" : 8229.86,
    "volume" : 1284.00
  }, {
    "date" : "2025-02-28",
    "price" : 7497.75,
    "dma50" : 8274.00,
    "dma100" : null,
    "dma200" : 8222.57,
    "volume" : 1659.00
  }, {
    "date" : "2025-03-03",
    "price" : 7606.70,
    "dma50" : 8247.83,
    "dma100" : null,
    "dma200" : 8216.44,
    "volume" : 1992.00
  }, {
    "date" : "2025-03-04",
    "price" : 7405.10,
    "dma50" : 8214.78,
    "dma100" : null,
    "dma200" : 8208.37,
    "volume" : 2422.00
  }, {
    "date" : "2025-03-05",
    "price" : 7295.90,
    "dma50" : 8178.75,
    "dma100" : null,
    "dma200" : 8199.29,
    "volume" : 2194.00
  }, {
    "date" : "2025-03-06",
    "price" : 7400.05,
    "dma50" : 8148.21,
    "dma100" : null,
    "dma200" : 8191.34,
    "volume" : 1380.00
  }, {
    "date" : "2025-03-07",
    "price" : 7351.35,
    "dma50" : 8116.96,
    "dma100" : null,
    "dma200" : 8182.98,
    "volume" : 1332.00
  }, {
    "date" : "2025-03-10",
    "price" : 7354.65,
    "dma50" : 8087.07,
    "dma100" : null,
    "dma200" : 8174.74,
    "volume" : 1015.00
  }, {
    "date" : "2025-03-11",
    "price" : 7385.80,
    "dma50" : 8059.57,
    "dma100" : null,
    "dma200" : 8166.89,
    "volume" : 746.00
  }, {
    "date" : "2025-03-12",
    "price" : 7297.45,
    "dma50" : 8029.68,
    "dma100" : null,
    "dma200" : 8158.24,
    "volume" : 966.00
  }, {
    "date" : "2025-03-13",
    "price" : 7363.35,
    "dma50" : 8003.55,
    "dma100" : null,
    "dma200" : 8150.33,
    "volume" : 1464.00
  }, {
    "date" : "2025-03-17",
    "price" : 7335.60,
    "dma50" : 7977.36,
    "dma100" : null,
    "dma200" : 8142.22,
    "volume" : 897.00
  }, {
    "date" : "2025-03-18",
    "price" : 7208.90,
    "dma50" : 7947.22,
    "dma100" : null,
    "dma200" : 8132.93,
    "volume" : 2433.00
  }, {
    "date" : "2025-03-19",
    "price" : 7306.10,
    "dma50" : 7922.08,
    "dma100" : null,
    "dma200" : 8124.71,
    "volume" : 1086.00
  }, {
    "date" : "2025-03-20",
    "price" : 7285.65,
    "dma50" : 7897.12,
    "dma100" : null,
    "dma200" : 8116.36,
    "volume" : 1295.00
  }, {
    "date" : "2025-03-21",
    "price" : 7289.95,
    "dma50" : 7873.31,
    "dma100" : null,
    "dma200" : 8108.13,
    "volume" : 778.00
  }, {
    "date" : "2025-03-24",
    "price" : 7381.00,
    "dma50" : 7854.00,
    "dma100" : null,
    "dma200" : 8100.90,
    "volume" : 1114.00
  }, {
    "date" : "2025-03-25",
    "price" : 7320.55,
    "dma50" : 7833.08,
    "dma100" : null,
    "dma200" : 8093.13,
    "volume" : 1435.00
  }, {
    "date" : "2025-03-26",
    "price" : 7243.50,
    "dma50" : 7809.96,
    "dma100" : null,
    "dma200" : 8084.68,
    "volume" : 1419.00
  }, {
    "date" : "2025-03-27",
    "price" : 7241.65,
    "dma50" : 7787.68,
    "dma100" : null,
    "dma200" : 8076.29,
    "volume" : 601.00
  }, {
    "date" : "2025-03-28",
    "price" : 7214.30,
    "dma50" : 7765.19,
    "dma100" : null,
    "dma200" : 8067.72,
    "volume" : 1126.00
  }, {
    "date" : "2025-04-01",
    "price" : 7345.40,
    "dma50" : 7748.73,
    "dma100" : null,
    "dma200" : 8060.53,
    "volume" : 464.00
  }, {
    "date" : "2025-04-02",
    "price" : 7558.45,
    "dma50" : 7741.27,
    "dma100" : null,
    "dma200" : 8055.53,
    "volume" : 1279.00
  }, {
    "date" : "2025-04-03",
    "price" : 7576.75,
    "dma50" : 7734.81,
    "dma100" : null,
    "dma200" : 8050.77,
    "volume" : 415.00
  }, {
    "date" : "2025-04-04",
    "price" : 7612.15,
    "dma50" : 7730.00,
    "dma100" : null,
    "dma200" : 8046.40,
    "volume" : 808.00
  }, {
    "date" : "2025-04-07",
    "price" : 7544.90,
    "dma50" : 7722.75,
    "dma100" : null,
    "dma200" : 8041.41,
    "volume" : 1067.00
  }, {
    "date" : "2025-04-08",
    "price" : 7592.75,
    "dma50" : 7717.65,
    "dma100" : null,
    "dma200" : 8036.95,
    "volume" : 202.00
  }, {
    "date" : "2025-04-09",
    "price" : 7574.25,
    "dma50" : 7712.02,
    "dma100" : null,
    "dma200" : 8032.35,
    "volume" : 957.00
  }, {
    "date" : "2025-04-11",
    "price" : 7649.90,
    "dma50" : 7709.59,
    "dma100" : null,
    "dma200" : 8028.54,
    "volume" : 280.00
  }, {
    "date" : "2025-04-15",
    "price" : 7822.20,
    "dma50" : 7714.00,
    "dma100" : null,
    "dma200" : 8026.49,
    "volume" : 687.00
  }, {
    "date" : "2025-04-16",
    "price" : 7930.50,
    "dma50" : 7722.49,
    "dma100" : null,
    "dma200" : 8025.53,
    "volume" : 351.00
  }, {
    "date" : "2025-04-17",
    "price" : 7974.65,
    "dma50" : 7732.38,
    "dma100" : null,
    "dma200" : 8025.03,
    "volume" : 1070.00
  }, {
    "date" : "2025-04-21",
    "price" : 7945.75,
    "dma50" : 7740.75,
    "dma100" : null,
    "dma200" : 8024.24,
    "volume" : 986.00
  }, {
    "date" : "2025-04-22",
    "price" : 7977.80,
    "dma50" : 7750.05,
    "dma100" : null,
    "dma200" : 8023.77,
    "volume" : 1596.00
  }, {
    "date" : "2025-04-23",
    "price" : 8107.60,
    "dma50" : 7764.07,
    "dma100" : null,
    "dma200" : 8024.61,
    "volume" : 700.00
  }, {
    "date" : "2025-04-24",
    "price" : 8044.45,
    "dma50" : 7775.06,
    "dma100" : null,
    "dma200" : 8024.81,
    "volume" : 1356.00
  }, {
    "date" : "2025-04-25",
    "price" : 7910.30,
    "dma50" : 7780.37,
    "dma100" : null,
    "dma200" : 8023.67,
    "volume" : 742.00
  }, {
    "date" : "2025-04-28",
    "price" : 7890.95,
    "dma50" : 7784.70,
    "dma100" : null,
    "dma200" : 8022.35,
    "volume" : 802.00
  }, {
    "date" : "2025-04-29",
    "price" : 8024.35,
    "dma50" : 7794.10,
    "dma100" : null,
    "dma200" : 8022.37,
    "volume" : 766.00
  }, {
    "date" : "2025-04-30",
    "price" : 7996.05,
    "dma50" : 7802.02,
    "dma100" : null,
    "dma200" : 8022.10,
    "volume" : 704.00
  }, {
    "date" : "2025-05-02",
    "price" : 7990.00,
    "dma50" : 7809.39,
    "dma100" : null,
    "dma200" : 8021.78,
    "volume" : 555.00
  }, {
    "date" : "2025-05-05",
    "price" : 8008.40,
    "dma50" : 7817.20,
    "dma100" : null,
    "dma200" : 8021.65,
    "volume" : 1259.00
  }, {
    "date" : "2025-05-06",
    "price" : 8003.00,
    "dma50" : 7824.48,
    "dma100" : null,
    "dma200" : 8021.47,
    "volume" : 652.00
  }, {
    "date" : "2025-05-07",
    "price" : 8077.25,
    "dma50" : 7834.40,
    "dma100" : null,
    "dma200" : 8022.02,
    "volume" : 695.00
  }, {
    "date" : "2025-05-08",
    "price" : 7973.25,
    "dma50" : 7839.84,
    "dma100" : null,
    "dma200" : 8021.54,
    "volume" : 1099.00
  }, {
    "date" : "2025-05-09",
    "price" : 7980.00,
    "dma50" : 7845.34,
    "dma100" : null,
    "dma200" : 8021.12,
    "volume" : 520.00
  }, {
    "date" : "2025-05-12",
    "price" : 8018.85,
    "dma50" : 7852.14,
    "dma100" : null,
    "dma200" : 8021.10,
    "volume" : 1143.00
  }, {
    "date" : "2025-05-13",
    "price" : 8036.30,
    "dma50" : 7859.36,
    "dma100" : null,
    "dma200" : 8021.25,
    "volume" : 536.00
  }, {
    "date" : "2025-05-14",
    "price" : 7990.70,
    "dma50" : 7864.51,
    "dma100" : null,
    "dma200" : 8020.95,
    "volume" : 940.00
  }, {
    "date" : "2025-05-15",
    "price" : 7987.95,
    "dma50" : 7869.35,
    "dma100" : null,
    "dma200" : 8020.62,
    "volume" : 393.00
  }, {
    "date" : "2025-05-16",
    "price" : 7905.90,
    "dma50" : 7870.79,
    "dma100" : null,
    "dma200" : 8019.48,
    "volume" : 1070.00
  }, {
    "date" : "2025-05-19",
    "price" : 7767.10,
    "dma50" : 7866.72,
    "dma100" : null,
    "dma200" : 8016.97,
    "volume" : 2914.00
  }, {
    "date" : "2025-05-20",
    "price" : 7779.65,
    "dma50" : 7863.31,
    "dma100" : null,
    "dma200" : 8014.60,
    "volume" : 410.00
  }, {
    "date" : "2025-05-21",
    "price" : 7752.50,
    "dma50" : 7858.96,
    "dma100" : null,
    "dma200" : 8012.00,
    "volume" : 1879.00
  }, {
    "date" : "2025-05-22",
    "price" : 7901.35,
    "dma50" : 7860.62,
    "dma100" : null,
    "dma200" : 8010.90,
    "volume" : 734.00
  }, {
    "date" : "2025-05-23",
    "price" : 7961.05,
    "dma50" : 7864.56,
    "dma100" : null,
    "dma200" : 8010.40,
    "volume" : 585.00
  }, {
    "date" : "2025-05-26",
    "price" : 7934.50,
    "dma50" : 7867.30,
    "dma100" : null,
    "dma200" : 8009.64,
    "volume" : 723.00
  }, {
    "date" : "2025-05-27",
    "price" : 7963.60,
    "dma50" : 7871.08,
    "dma100" : null,
    "dma200" : 8009.19,
    "volume" : 508.00
  }, {
    "date" : "2025-05-28",
    "price" : 7937.05,
    "dma50" : 7873.67,
    "dma100" : null,
    "dma200" : 8008.47,
    "volume" : 3261.00
  }, {
    "date" : "2025-05-29",
    "price" : 7947.85,
    "dma50" : 7876.58,
    "dma100" : null,
    "dma200" : 8007.87,
    "volume" : 335.00
  }, {
    "date" : "2025-05-30",
    "price" : 7916.15,
    "dma50" : 7878.13,
    "dma100" : null,
    "dma200" : 8006.95,
    "volume" : 767.00
  }, {
    "date" : "2025-06-02",
    "price" : 7865.15,
    "dma50" : 7877.62,
    "dma100" : null,
    "dma200" : 8005.54,
    "volume" : 1019.00
  }, {
    "date" : "2025-06-03",
    "price" : 7860.60,
    "dma50" : 7876.95,
    "dma100" : null,
    "dma200" : 8004.10,
    "volume" : 3669.00
  }, {
    "date" : "2025-06-04",
    "price" : 7838.50,
    "dma50" : 7875.44,
    "dma100" : null,
    "dma200" : 8002.45,
    "volume" : 2935.00
  }, {
    "date" : "2025-06-05",
    "price" : 7832.35,
    "dma50" : 7873.75,
    "dma100" : null,
    "dma200" : 8000.76,
    "volume" : 2001.00
  }, {
    "date" : "2025-06-06",
    "price" : 7830.40,
    "dma50" : 7872.05,
    "dma100" : null,
    "dma200" : 7999.06,
    "volume" : 541.00
  }, {
    "date" : "2025-06-09",
    "price" : 7923.15,
    "dma50" : 7874.06,
    "dma100" : null,
    "dma200" : 7998.31,
    "volume" : 1006.00
  }, {
    "date" : "2025-06-10",
    "price" : 7955.20,
    "dma50" : 7877.24,
    "dma100" : null,
    "dma200" : 7997.88,
    "volume" : 330.00
  }, {
    "date" : "2025-06-11",
    "price" : 7889.50,
    "dma50" : 7877.72,
    "dma100" : null,
    "dma200" : 7996.80,
    "volume" : 822.00
  }, {
    "date" : "2025-06-12",
    "price" : 7903.15,
    "dma50" : 7878.72,
    "dma100" : null,
    "dma200" : 7995.87,
    "volume" : 538.00
  }, {
    "date" : "2025-06-13",
    "price" : 7866.80,
    "dma50" : 7878.25,
    "dma100" : null,
    "dma200" : 7994.59,
    "volume" : 2303.00
  }, {
    "date" : "2025-06-16",
    "price" : 7875.15,
    "dma50" : 7878.13,
    "dma100" : null,
    "dma200" : 7993.40,
    "volume" : 1184.00
  }, {
    "date" : "2025-06-17",
    "price" : 7824.25,
    "dma50" : 7876.02,
    "dma100" : null,
    "dma200" : 7991.71,
    "volume" : 1179.00
  }, {
    "date" : "2025-06-18",
    "price" : 7800.20,
    "dma50" : 7873.04,
    "dma100" : null,
    "dma200" : 7989.81,
    "volume" : 1137.00
  }, {
    "date" : "2025-06-19",
    "price" : 7859.60,
    "dma50" : 7872.52,
    "dma100" : null,
    "dma200" : 7988.51,
    "volume" : 2327.00
  }, {
    "date" : "2025-06-20",
    "price" : 7959.15,
    "dma50" : 7875.91,
    "dma100" : null,
    "dma200" : 7988.22,
    "volume" : 1156.00
  }, {
    "date" : "2025-06-23",
    "price" : 8031.85,
    "dma50" : 7882.03,
    "dma100" : null,
    "dma200" : 7988.65,
    "volume" : 1827.00
  }, {
    "date" : "2025-06-24",
    "price" : 8074.30,
    "dma50" : 7889.57,
    "dma100" : null,
    "dma200" : 7989.51,
    "volume" : 2468.00
  }, {
    "date" : "2025-06-25",
    "price" : 8068.80,
    "dma50" : 7896.60,
    "dma100" : null,
    "dma200" : 7990.30,
    "volume" : 930.00
  }, {
    "date" : "2025-06-26",
    "price" : 8115.60,
    "dma50" : 7905.19,
    "dma100" : null,
    "dma200" : 7991.54,
    "volume" : 682.00
  }, {
    "date" : "2025-06-27",
    "price" : 8132.80,
    "dma50" : 7914.11,
    "dma100" : null,
    "dma200" : 7992.95,
    "volume" : 763.00
  }, {
    "date" : "2025-06-30",
    "price" : 8482.85,
    "dma50" : 7936.42,
    "dma100" : null,
    "dma200" : 7997.82,
    "volume" : 2000.00
  }, {
    "date" : "2025-07-01",
    "price" : 8451.25,
    "dma50" : 7956.60,
    "dma100" : null,
    "dma200" : 8002.33,
    "volume" : 686.00
  }, {
    "date" : "2025-07-02",
    "price" : 8412.85,
    "dma50" : 7974.50,
    "dma100" : null,
    "dma200" : 8006.42,
    "volume" : 431.00
  }, {
    "date" : "2025-07-03",
    "price" : 8532.75,
    "dma50" : 7996.39,
    "dma100" : null,
    "dma200" : 8011.66,
    "volume" : 598.00
  }, {
    "date" : "2025-07-04",
    "price" : 8736.30,
    "dma50" : 8025.41,
    "dma100" : null,
    "dma200" : 8018.87,
    "volume" : 668.00
  }, {
    "date" : "2025-07-07",
    "price" : 9232.85,
    "dma50" : 8072.76,
    "dma100" : null,
    "dma200" : 8030.95,
    "volume" : 3952.00
  }, {
    "date" : "2025-07-08",
    "price" : 9230.40,
    "dma50" : 8118.15,
    "dma100" : null,
    "dma200" : 8042.88,
    "volume" : 1015.00
  }, {
    "date" : "2025-07-09",
    "price" : 9186.35,
    "dma50" : 8160.04,
    "dma100" : null,
    "dma200" : 8054.26,
    "volume" : 964.00
  }, {
    "date" : "2025-07-10",
    "price" : 9218.35,
    "dma50" : 8201.55,
    "dma100" : null,
    "dma200" : 8065.84,
    "volume" : 1460.00
  }, {
    "date" : "2025-07-11",
    "price" : 9306.45,
    "dma50" : 8244.88,
    "dma100" : null,
    "dma200" : 8078.19,
    "volume" : 1696.00
  }, {
    "date" : "2025-07-14",
    "price" : 9612.50,
    "dma50" : 8298.51,
    "dma100" : null,
    "dma200" : 8093.45,
    "volume" : 2670.00
  }, {
    "date" : "2025-07-15",
    "price" : 9685.95,
    "dma50" : 8352.92,
    "dma100" : null,
    "dma200" : 8109.30,
    "volume" : 1571.00
  }, {
    "date" : "2025-07-16",
    "price" : 9683.95,
    "dma50" : 8405.11,
    "dma100" : 7908.16,
    "dma200" : 8124.97,
    "volume" : 1189.00
  }, {
    "date" : "2025-07-17",
    "price" : 9686.30,
    "dma50" : 8455.36,
    "dma100" : 7932.88,
    "dma200" : 8140.50,
    "volume" : 687.00
  }, {
    "date" : "2025-07-18",
    "price" : 9644.00,
    "dma50" : 8501.97,
    "dma100" : 7955.88,
    "dma200" : 8155.46,
    "volume" : 400.00
  }, {
    "date" : "2025-07-21",
    "price" : 9542.60,
    "dma50" : 8542.78,
    "dma100" : 7975.27,
    "dma200" : 8169.27,
    "volume" : 875.00
  }, {
    "date" : "2025-07-22",
    "price" : 9543.20,
    "dma50" : 8582.01,
    "dma100" : 7995.22,
    "dma200" : 8182.94,
    "volume" : 626.00
  }, {
    "date" : "2025-07-23",
    "price" : 9515.25,
    "dma50" : 8618.61,
    "dma100" : 8014.30,
    "dma200" : 8196.19,
    "volume" : 641.00
  }, {
    "date" : "2025-07-24",
    "price" : 9448.35,
    "dma50" : 8651.15,
    "dma100" : 8030.32,
    "dma200" : 8208.65,
    "volume" : 546.00
  }, {
    "date" : "2025-07-25",
    "price" : 9399.75,
    "dma50" : 8680.51,
    "dma100" : 8047.56,
    "dma200" : 8220.50,
    "volume" : 634.00
  }, {
    "date" : "2025-07-28",
    "price" : 9312.15,
    "dma50" : 8705.28,
    "dma100" : 8065.70,
    "dma200" : 8231.37,
    "volume" : 983.00
  }, {
    "date" : "2025-07-29",
    "price" : 9373.80,
    "dma50" : 8731.49,
    "dma100" : 8083.37,
    "dma200" : 8242.73,
    "volume" : 1335.00
  }, {
    "date" : "2025-07-30",
    "price" : 9215.40,
    "dma50" : 8750.47,
    "dma100" : 8101.47,
    "dma200" : 8252.41,
    "volume" : 1005.00
  }, {
    "date" : "2025-07-31",
    "price" : 9035.75,
    "dma50" : 8761.66,
    "dma100" : 8118.87,
    "dma200" : 8260.21,
    "volume" : 1298.00
  }, {
    "date" : "2025-08-01",
    "price" : 8958.30,
    "dma50" : 8769.37,
    "dma100" : 8134.45,
    "dma200" : 8267.15,
    "volume" : 964.00
  }, {
    "date" : "2025-08-04",
    "price" : 8814.80,
    "dma50" : 8771.15,
    "dma100" : 8149.09,
    "dma200" : 8272.60,
    "volume" : 1613.00
  }, {
    "date" : "2025-08-05",
    "price" : 9001.00,
    "dma50" : 8780.16,
    "dma100" : 8165.55,
    "dma200" : 8279.85,
    "volume" : 794.00
  }, {
    "date" : "2025-08-06",
    "price" : 8997.20,
    "dma50" : 8788.67,
    "dma100" : 8181.67,
    "dma200" : 8286.99,
    "volume" : 3140.00
  }, {
    "date" : "2025-08-07",
    "price" : 8697.95,
    "dma50" : 8785.12,
    "dma100" : 8195.67,
    "dma200" : 8291.08,
    "volume" : 9194.00
  }, {
    "date" : "2025-08-08",
    "price" : 8573.95,
    "dma50" : 8776.84,
    "dma100" : 8207.78,
    "dma200" : 8293.89,
    "volume" : 2084.00
  }, {
    "date" : "2025-08-11",
    "price" : 8708.30,
    "dma50" : 8774.15,
    "dma100" : 8221.50,
    "dma200" : 8298.01,
    "volume" : 667.00
  }, {
    "date" : "2025-08-12",
    "price" : 8603.55,
    "dma50" : 8767.46,
    "dma100" : 8235.45,
    "dma200" : 8301.05,
    "volume" : 2150.00
  }, {
    "date" : "2025-08-13",
    "price" : 8578.15,
    "dma50" : 8760.03,
    "dma100" : 8248.17,
    "dma200" : 8303.81,
    "volume" : 1346.00
  }, {
    "date" : "2025-08-14",
    "price" : 8533.15,
    "dma50" : 8751.14,
    "dma100" : 8260.65,
    "dma200" : 8306.09,
    "volume" : 799.00
  }, {
    "date" : "2025-08-18",
    "price" : 8815.20,
    "dma50" : 8753.65,
    "dma100" : 8275.90,
    "dma200" : 8311.16,
    "volume" : 6660.00
  }, {
    "date" : "2025-08-19",
    "price" : 8696.45,
    "dma50" : 8751.41,
    "dma100" : 8289.05,
    "dma200" : 8314.99,
    "volume" : 2093.00
  }, {
    "date" : "2025-08-20",
    "price" : 8845.10,
    "dma50" : 8755.08,
    "dma100" : 8304.30,
    "dma200" : 8320.27,
    "volume" : 538.00
  }, {
    "date" : "2025-08-21",
    "price" : 8871.50,
    "dma50" : 8759.65,
    "dma100" : 8320.58,
    "dma200" : 8325.75,
    "volume" : 385.00
  }, {
    "date" : "2025-08-22",
    "price" : 8802.45,
    "dma50" : 8761.32,
    "dma100" : 8336.19,
    "dma200" : 8330.50,
    "volume" : 10907.00
  }, {
    "date" : "2025-08-25",
    "price" : 8647.70,
    "dma50" : 8756.87,
    "dma100" : 8350.52,
    "dma200" : 8333.65,
    "volume" : 2906.00
  }, {
    "date" : "2025-08-26",
    "price" : 8802.65,
    "dma50" : 8758.66,
    "dma100" : 8365.09,
    "dma200" : 8338.32,
    "volume" : 1481.00
  }, {
    "date" : "2025-08-28",
    "price" : 8995.50,
    "dma50" : 8767.95,
    "dma100" : 8379.46,
    "dma200" : 8344.86,
    "volume" : 1203.00
  }, {
    "date" : "2025-08-29",
    "price" : 8967.55,
    "dma50" : 8775.78,
    "dma100" : 8393.37,
    "dma200" : 8351.05,
    "volume" : 840.00
  }, {
    "date" : "2025-09-01",
    "price" : 8885.75,
    "dma50" : 8780.09,
    "dma100" : 8406.11,
    "dma200" : 8356.37,
    "volume" : 927.00
  }, {
    "date" : "2025-09-02",
    "price" : 8900.00,
    "dma50" : 8784.79,
    "dma100" : 8419.66,
    "dma200" : 8361.78,
    "volume" : 946.00
  }, {
    "date" : "2025-09-03",
    "price" : 8985.15,
    "dma50" : 8792.65,
    "dma100" : 8433.58,
    "dma200" : 8367.99,
    "volume" : 377.00
  }, {
    "date" : "2025-09-04",
    "price" : 9047.10,
    "dma50" : 8802.63,
    "dma100" : 8448.31,
    "dma200" : 8374.74,
    "volume" : 988.00
  }, {
    "date" : "2025-09-05",
    "price" : 9096.25,
    "dma50" : 8814.14,
    "dma100" : 8462.78,
    "dma200" : 8381.92,
    "volume" : 256.00
  }, {
    "date" : "2025-09-08",
    "price" : 9084.90,
    "dma50" : 8824.76,
    "dma100" : 8475.40,
    "dma200" : 8388.92,
    "volume" : 383.00
  }, {
    "date" : "2025-09-09",
    "price" : 9034.35,
    "dma50" : 8832.98,
    "dma100" : 8486.44,
    "dma200" : 8395.34,
    "volume" : 394.00
  }, {
    "date" : "2025-09-10",
    "price" : 9032.30,
    "dma50" : 8840.80,
    "dma100" : 8497.02,
    "dma200" : 8401.68,
    "volume" : 456.00
  }, {
    "date" : "2025-09-11",
    "price" : 8995.15,
    "dma50" : 8846.85,
    "dma100" : 8507.51,
    "dma200" : 8407.58,
    "volume" : 1204.00
  }, {
    "date" : "2025-09-12",
    "price" : 8989.30,
    "dma50" : 8852.44,
    "dma100" : 8517.63,
    "dma200" : 8413.37,
    "volume" : 375.00
  }, {
    "date" : "2025-09-15",
    "price" : 8983.90,
    "dma50" : 8857.59,
    "dma100" : 8526.39,
    "dma200" : 8419.05,
    "volume" : 367.00
  }, {
    "date" : "2025-09-16",
    "price" : 8923.35,
    "dma50" : 8860.17,
    "dma100" : 8535.18,
    "dma200" : 8424.07,
    "volume" : 712.00
  }, {
    "date" : "2025-09-17",
    "price" : 8917.75,
    "dma50" : 8862.43,
    "dma100" : 8545.25,
    "dma200" : 8428.98,
    "volume" : 347.00
  }, {
    "date" : "2025-09-18",
    "price" : 8968.90,
    "dma50" : 8866.60,
    "dma100" : 8556.03,
    "dma200" : 8434.35,
    "volume" : 599.00
  }, {
    "date" : "2025-09-19",
    "price" : 8967.60,
    "dma50" : 8870.56,
    "dma100" : 8565.47,
    "dma200" : 8439.66,
    "volume" : 561.00
  }, {
    "date" : "2025-09-22",
    "price" : 8959.80,
    "dma50" : 8874.06,
    "dma100" : 8575.10,
    "dma200" : 8444.83,
    "volume" : 322.00
  }, {
    "date" : "2025-09-23",
    "price" : 8955.40,
    "dma50" : 8877.25,
    "dma100" : 8584.76,
    "dma200" : 8449.91,
    "volume" : 353.00
  }, {
    "date" : "2025-09-24",
    "price" : 8831.05,
    "dma50" : 8875.44,
    "dma100" : 8592.98,
    "dma200" : 8453.71,
    "volume" : 710.00
  }, {
    "date" : "2025-09-25",
    "price" : 8847.15,
    "dma50" : 8874.33,
    "dma100" : 8601.42,
    "dma200" : 8457.62,
    "volume" : 311.00
  }, {
    "date" : "2025-09-26",
    "price" : 8772.75,
    "dma50" : 8870.35,
    "dma100" : 8608.38,
    "dma200" : 8460.76,
    "volume" : 730.00
  }, {
    "date" : "2025-09-29",
    "price" : 8823.35,
    "dma50" : 8868.51,
    "dma100" : 8616.88,
    "dma200" : 8464.36,
    "volume" : 665.00
  }, {
    "date" : "2025-09-30",
    "price" : 8716.35,
    "dma50" : 8862.54,
    "dma100" : 8624.24,
    "dma200" : 8466.87,
    "volume" : 1016.00
  }, {
    "date" : "2025-10-01",
    "price" : 8782.10,
    "dma50" : 8859.38,
    "dma100" : 8631.88,
    "dma200" : 8470.01,
    "volume" : 914.00
  }, {
    "date" : "2025-10-03",
    "price" : 8772.55,
    "dma50" : 8855.98,
    "dma100" : 8639.24,
    "dma200" : 8473.02,
    "volume" : 316.00
  }, {
    "date" : "2025-10-06",
    "price" : 8813.80,
    "dma50" : 8854.32,
    "dma100" : 8647.47,
    "dma200" : 8476.41,
    "volume" : 290.00
  }, {
    "date" : "2025-10-07",
    "price" : 8818.95,
    "dma50" : 8852.94,
    "dma100" : 8655.78,
    "dma200" : 8479.82,
    "volume" : 691.00
  }, {
    "date" : "2025-10-08",
    "price" : 8677.35,
    "dma50" : 8846.05,
    "dma100" : 8663.49,
    "dma200" : 8481.78,
    "volume" : 1414.00
  }, {
    "date" : "2025-10-09",
    "price" : 8640.90,
    "dma50" : 8838.01,
    "dma100" : 8672.23,
    "dma200" : 8483.37,
    "volume" : 456.00
  }, {
    "date" : "2025-10-10",
    "price" : 8597.45,
    "dma50" : 8828.57,
    "dma100" : 8680.41,
    "dma200" : 8484.50,
    "volume" : 727.00
  }, {
    "date" : "2025-10-13",
    "price" : 8652.45,
    "dma50" : 8821.67,
    "dma100" : 8689.41,
    "dma200" : 8486.17,
    "volume" : 663.00
  }, {
    "date" : "2025-10-14",
    "price" : 8637.70,
    "dma50" : 8814.45,
    "dma100" : 8696.77,
    "dma200" : 8487.68,
    "volume" : 715.00
  }, {
    "date" : "2025-10-15",
    "price" : 8720.40,
    "dma50" : 8810.76,
    "dma100" : 8704.37,
    "dma200" : 8490.00,
    "volume" : 619.00
  }, {
    "date" : "2025-10-16",
    "price" : 8721.60,
    "dma50" : 8807.27,
    "dma100" : 8712.24,
    "dma200" : 8492.30,
    "volume" : 329.00
  }, {
    "date" : "2025-10-17",
    "price" : 8711.00,
    "dma50" : 8803.49,
    "dma100" : 8719.71,
    "dma200" : 8494.48,
    "volume" : 473.00
  }, {
    "date" : "2025-10-20",
    "price" : 8686.60,
    "dma50" : 8798.91,
    "dma100" : 8727.21,
    "dma200" : 8496.39,
    "volume" : 416.00
  }, {
    "date" : "2025-10-21",
    "price" : 8667.10,
    "dma50" : 8793.74,
    "dma100" : 8734.40,
    "dma200" : 8498.09,
    "volume" : 533.00
  }, {
    "date" : "2025-10-23",
    "price" : 8700.05,
    "dma50" : 8790.06,
    "dma100" : 8742.24,
    "dma200" : 8500.10,
    "volume" : 627.00
  }, {
    "date" : "2025-10-24",
    "price" : 8720.40,
    "dma50" : 8787.33,
    "dma100" : 8750.79,
    "dma200" : 8502.29,
    "volume" : 324.00
  }, {
    "date" : "2025-10-27",
    "price" : 8744.45,
    "dma50" : 8785.65,
    "dma100" : 8759.63,
    "dma200" : 8504.70,
    "volume" : 695.00
  }, {
    "date" : "2025-10-28",
    "price" : 8977.65,
    "dma50" : 8793.18,
    "dma100" : 8771.02,
    "dma200" : 8509.40,
    "volume" : 939.00
  }, {
    "date" : "2025-10-29",
    "price" : 8857.00,
    "dma50" : 8795.68,
    "dma100" : 8781.27,
    "dma200" : 8512.86,
    "volume" : 6828.00
  }, {
    "date" : "2025-10-30",
    "price" : 8836.10,
    "dma50" : 8797.27,
    "dma100" : 8791.32,
    "dma200" : 8516.08,
    "volume" : 1187.00
  }, {
    "date" : "2025-10-31",
    "price" : 8795.20,
    "dma50" : 8797.19,
    "dma100" : 8800.05,
    "dma200" : 8518.86,
    "volume" : 240.00
  }, {
    "date" : "2025-11-03",
    "price" : 8934.65,
    "dma50" : 8802.58,
    "dma100" : 8809.84,
    "dma200" : 8522.99,
    "volume" : 476.00
  }, {
    "date" : "2025-11-04",
    "price" : 8835.85,
    "dma50" : 8803.88,
    "dma100" : 8819.30,
    "dma200" : 8526.11,
    "volume" : 1935.00
  }, {
    "date" : "2025-11-06",
    "price" : 8669.00,
    "dma50" : 8798.59,
    "dma100" : 8826.96,
    "dma200" : 8527.53,
    "volume" : 1180.00
  }, {
    "date" : "2025-11-07",
    "price" : 8618.85,
    "dma50" : 8791.54,
    "dma100" : 8834.48,
    "dma200" : 8528.44,
    "volume" : 720.00
  }, {
    "date" : "2025-11-10",
    "price" : 8620.65,
    "dma50" : 8784.84,
    "dma100" : 8841.94,
    "dma200" : 8529.35,
    "volume" : 638.00
  }, {
    "date" : "2025-11-11",
    "price" : 8588.05,
    "dma50" : 8777.13,
    "dma100" : 8849.58,
    "dma200" : 8529.94,
    "volume" : 5379.00
  }, {
    "date" : "2025-11-12",
    "price" : 8576.80,
    "dma50" : 8769.27,
    "dma100" : 8857.34,
    "dma200" : 8530.40,
    "volume" : 517.00
  }, {
    "date" : "2025-11-13",
    "price" : 8472.95,
    "dma50" : 8757.65,
    "dma100" : 8863.47,
    "dma200" : 8529.83,
    "volume" : 661.00
  }, {
    "date" : "2025-11-14",
    "price" : 8377.80,
    "dma50" : 8742.75,
    "dma100" : 8867.66,
    "dma200" : 8528.32,
    "volume" : 553.00
  }, {
    "date" : "2025-11-17",
    "price" : 8328.70,
    "dma50" : 8726.52,
    "dma100" : 8870.63,
    "dma200" : 8526.33,
    "volume" : 684.00
  }, {
    "date" : "2025-11-18",
    "price" : 8336.35,
    "dma50" : 8711.22,
    "dma100" : 8873.25,
    "dma200" : 8524.44,
    "volume" : 703.00
  }, {
    "date" : "2025-11-19",
    "price" : 8000.05,
    "dma50" : 8683.33,
    "dma100" : 8872.56,
    "dma200" : 8519.23,
    "volume" : 3737.00
  }, {
    "date" : "2025-11-20",
    "price" : 8001.35,
    "dma50" : 8656.58,
    "dma100" : 8871.42,
    "dma200" : 8514.07,
    "volume" : 7821.00
  }, {
    "date" : "2025-11-21",
    "price" : 8171.40,
    "dma50" : 8637.56,
    "dma100" : 8871.81,
    "dma200" : 8510.66,
    "volume" : 876.00
  }, {
    "date" : "2025-11-24",
    "price" : 8224.40,
    "dma50" : 8621.35,
    "dma100" : 8869.22,
    "dma200" : 8507.81,
    "volume" : 373.00
  }, {
    "date" : "2025-11-25",
    "price" : 8141.30,
    "dma50" : 8602.53,
    "dma100" : 8866.12,
    "dma200" : 8504.17,
    "volume" : 1060.00
  }, {
    "date" : "2025-11-26",
    "price" : 8074.10,
    "dma50" : 8581.80,
    "dma100" : 8862.73,
    "dma200" : 8499.89,
    "volume" : 555.00
  }, {
    "date" : "2025-11-27",
    "price" : 8163.65,
    "dma50" : 8565.41,
    "dma100" : 8859.04,
    "dma200" : 8496.54,
    "volume" : 309.00
  }, {
    "date" : "2025-11-28",
    "price" : 8170.55,
    "dma50" : 8549.92,
    "dma100" : 8853.39,
    "dma200" : 8493.30,
    "volume" : 358.00
  }, {
    "date" : "2025-12-01",
    "price" : 8007.25,
    "dma50" : 8528.64,
    "dma100" : 8841.13,
    "dma200" : 8488.46,
    "volume" : 2146.00
  }, {
    "date" : "2025-12-02",
    "price" : 8024.95,
    "dma50" : 8508.89,
    "dma100" : 8829.08,
    "dma200" : 8483.85,
    "volume" : 1041.00
  }, {
    "date" : "2025-12-03",
    "price" : 7818.65,
    "dma50" : 8481.82,
    "dma100" : 8815.40,
    "dma200" : 8477.23,
    "volume" : 2155.00
  }, {
    "date" : "2025-12-04",
    "price" : 7875.45,
    "dma50" : 8458.04,
    "dma100" : 8801.97,
    "dma200" : 8471.24,
    "volume" : 771.00
  }, {
    "date" : "2025-12-05",
    "price" : 7990.70,
    "dma50" : 8439.71,
    "dma100" : 8788.81,
    "dma200" : 8466.46,
    "volume" : 1407.00
  }, {
    "date" : "2025-12-08",
    "price" : 7959.55,
    "dma50" : 8420.88,
    "dma100" : 8772.28,
    "dma200" : 8461.42,
    "volume" : 1392.00
  }, {
    "date" : "2025-12-09",
    "price" : 7941.65,
    "dma50" : 8402.09,
    "dma100" : 8754.84,
    "dma200" : 8456.25,
    "volume" : 992.00
  }, {
    "date" : "2025-12-10",
    "price" : 8190.55,
    "dma50" : 8393.79,
    "dma100" : 8739.91,
    "dma200" : 8453.60,
    "volume" : 1141.00
  }, {
    "date" : "2025-12-11",
    "price" : 8553.30,
    "dma50" : 8400.05,
    "dma100" : 8728.58,
    "dma200" : 8454.59,
    "volume" : 1733.00
  }, {
    "date" : "2025-12-12",
    "price" : 8535.40,
    "dma50" : 8405.36,
    "dma100" : 8717.49,
    "dma200" : 8455.40,
    "volume" : 853.00
  }, {
    "date" : "2025-12-15",
    "price" : 8308.10,
    "dma50" : 8401.54,
    "dma100" : 8705.15,
    "dma200" : 8453.93,
    "volume" : 1375.00
  }, {
    "date" : "2025-12-16",
    "price" : 8111.20,
    "dma50" : 8390.16,
    "dma100" : 8690.83,
    "dma200" : 8450.52,
    "volume" : 686.00
  }, {
    "date" : "2025-12-17",
    "price" : 8117.50,
    "dma50" : 8379.47,
    "dma100" : 8676.85,
    "dma200" : 8447.21,
    "volume" : 1040.00
  }, {
    "date" : "2025-12-18",
    "price" : 8124.00,
    "dma50" : 8369.45,
    "dma100" : 8663.60,
    "dma200" : 8443.99,
    "volume" : 262.00
  }, {
    "date" : "2025-12-19",
    "price" : 8110.65,
    "dma50" : 8359.30,
    "dma100" : 8650.71,
    "dma200" : 8440.68,
    "volume" : 505.00
  }, {
    "date" : "2025-12-22",
    "price" : 8052.85,
    "dma50" : 8347.28,
    "dma100" : 8638.12,
    "dma200" : 8436.82,
    "volume" : 835.00
  }, {
    "date" : "2025-12-23",
    "price" : 8113.35,
    "dma50" : 8338.11,
    "dma100" : 8625.52,
    "dma200" : 8433.60,
    "volume" : 378.00
  }, {
    "date" : "2025-12-24",
    "price" : 8152.10,
    "dma50" : 8330.81,
    "dma100" : 8614.88,
    "dma200" : 8430.80,
    "volume" : 587.00
  }, {
    "date" : "2025-12-26",
    "price" : 8344.40,
    "dma50" : 8331.35,
    "dma100" : 8607.97,
    "dma200" : 8429.94,
    "volume" : 1016.00
  }, {
    "date" : "2025-12-29",
    "price" : 8259.65,
    "dma50" : 8328.53,
    "dma100" : 8600.98,
    "dma200" : 8428.24,
    "volume" : 2150.00
  }, {
    "date" : "2025-12-30",
    "price" : 8072.65,
    "dma50" : 8318.50,
    "dma100" : 8593.56,
    "dma200" : 8424.71,
    "volume" : 2633.00
  }, {
    "date" : "2025-12-31",
    "price" : 8103.15,
    "dma50" : 8310.05,
    "dma100" : 8584.58,
    "dma200" : 8421.51,
    "volume" : 2203.00
  }, {
    "date" : "2026-01-01",
    "price" : 8163.60,
    "dma50" : 8304.31,
    "dma100" : 8576.25,
    "dma200" : 8418.94,
    "volume" : 1395.00
  }, {
    "date" : "2026-01-02",
    "price" : 8099.60,
    "dma50" : 8296.28,
    "dma100" : 8570.26,
    "dma200" : 8415.76,
    "volume" : 3041.00
  }, {
    "date" : "2026-01-05",
    "price" : 7869.40,
    "dma50" : 8279.54,
    "dma100" : 8563.22,
    "dma200" : 8410.33,
    "volume" : 3827.00
  }, {
    "date" : "2026-01-06",
    "price" : 7881.50,
    "dma50" : 8263.93,
    "dma100" : 8554.95,
    "dma200" : 8405.06,
    "volume" : 2598.00
  }, {
    "date" : "2026-01-07",
    "price" : 7944.00,
    "dma50" : 8251.39,
    "dma100" : 8548.35,
    "dma200" : 8400.48,
    "volume" : 847.00
  }, {
    "date" : "2026-01-08",
    "price" : 7910.60,
    "dma50" : 8238.02,
    "dma100" : 8541.68,
    "dma200" : 8395.60,
    "volume" : 754.00
  }, {
    "date" : "2026-01-09",
    "price" : 7824.90,
    "dma50" : 8221.82,
    "dma100" : 8534.60,
    "dma200" : 8389.92,
    "volume" : 589.00
  }, {
    "date" : "2026-01-12",
    "price" : 7749.65,
    "dma50" : 8203.30,
    "dma100" : 8523.94,
    "dma200" : 8383.55,
    "volume" : 817.00
  }, {
    "date" : "2026-01-13",
    "price" : 7712.80,
    "dma50" : 8184.07,
    "dma100" : 8514.10,
    "dma200" : 8376.88,
    "volume" : 386.00
  }, {
    "date" : "2026-01-14",
    "price" : 7823.95,
    "dma50" : 8169.95,
    "dma100" : 8503.89,
    "dma200" : 8371.38,
    "volume" : 388.00
  }, {
    "date" : "2026-01-16",
    "price" : 7749.60,
    "dma50" : 8153.46,
    "dma100" : 8492.67,
    "dma200" : 8365.19,
    "volume" : 610.00
  }, {
    "date" : "2026-01-19",
    "price" : 7762.05,
    "dma50" : 8138.11,
    "dma100" : 8482.27,
    "dma200" : 8359.19,
    "volume" : 1006.00
  }, {
    "date" : "2026-01-20",
    "price" : 7618.00,
    "dma50" : 8117.72,
    "dma100" : 8471.97,
    "dma200" : 8351.81,
    "volume" : 564.00
  }, {
    "date" : "2026-01-21",
    "price" : 7503.85,
    "dma50" : 8093.64,
    "dma100" : 8458.98,
    "dma200" : 8343.38,
    "volume" : 845.00
  }, {
    "date" : "2026-01-22",
    "price" : 7619.60,
    "dma50" : 8075.05,
    "dma100" : 8445.23,
    "dma200" : 8336.17,
    "volume" : 301.00
  }, {
    "date" : "2026-01-23",
    "price" : 7621.05,
    "dma50" : 8057.25,
    "dma100" : 8431.76,
    "dma200" : 8329.06,
    "volume" : 321.00
  }, {
    "date" : "2026-01-27",
    "price" : 7672.80,
    "dma50" : 8042.17,
    "dma100" : 8419.63,
    "dma200" : 8322.53,
    "volume" : 750.00
  }, {
    "date" : "2026-01-28",
    "price" : 7884.60,
    "dma50" : 8035.99,
    "dma100" : 8409.48,
    "dma200" : 8318.17,
    "volume" : 4485.00
  }, {
    "date" : "2026-01-29",
    "price" : 7711.80,
    "dma50" : 8023.28,
    "dma100" : 8396.74,
    "dma200" : 8312.14,
    "volume" : 2957.00
  }, {
    "date" : "2026-01-30",
    "price" : 7521.00,
    "dma50" : 8003.58,
    "dma100" : 8381.48,
    "dma200" : 8304.27,
    "volume" : 4764.00
  }, {
    "date" : "2026-02-01",
    "price" : 7495.60,
    "dma50" : 7983.66,
    "dma100" : 8365.48,
    "dma200" : 8296.22,
    "volume" : 666.00
  }, {
    "date" : "2026-02-02",
    "price" : 7501.55,
    "dma50" : 7964.76,
    "dma100" : 8349.64,
    "dma200" : 8288.31,
    "volume" : 1141.00
  }, {
    "date" : "2026-02-03",
    "price" : 7569.05,
    "dma50" : 7949.24,
    "dma100" : 8334.99,
    "dma200" : 8281.15,
    "volume" : 996.00
  }, {
    "date" : "2026-02-04",
    "price" : 7557.60,
    "dma50" : 7933.88,
    "dma100" : 8320.24,
    "dma200" : 8273.96,
    "volume" : 692.00
  }, {
    "date" : "2026-02-05",
    "price" : 7500.00,
    "dma50" : 7916.86,
    "dma100" : 8305.29,
    "dma200" : 8266.25,
    "volume" : 563.00
  }, {
    "date" : "2026-02-06",
    "price" : 7527.80,
    "dma50" : 7901.61,
    "dma100" : 8290.68,
    "dma200" : 8258.91,
    "volume" : 414.00
  }, {
    "date" : "2026-02-09",
    "price" : 7534.20,
    "dma50" : 7887.20,
    "dma100" : 8276.18,
    "dma200" : 8251.70,
    "volume" : 581.00
  }, {
    "date" : "2026-02-10",
    "price" : 7469.55,
    "dma50" : 7870.82,
    "dma100" : 8261.64,
    "dma200" : 8243.91,
    "volume" : 1188.00
  }, {
    "date" : "2026-02-11",
    "price" : 7492.40,
    "dma50" : 7855.98,
    "dma100" : 8247.39,
    "dma200" : 8236.44,
    "volume" : 589.00
  }, {
    "date" : "2026-02-12",
    "price" : 7512.70,
    "dma50" : 7842.52,
    "dma100" : 8232.83,
    "dma200" : 8229.23,
    "volume" : 703.00
  }, {
    "date" : "2026-02-13",
    "price" : 7370.10,
    "dma50" : 7823.99,
    "dma100" : 8216.85,
    "dma200" : 8220.69,
    "volume" : 1455.00
  } ],
  "latestTechnicalAttributes" : {
    "date" : "2026-02-13",
    "price" : 7370.10,
    "dma50" : 7823.99,
    "dma100" : 8216.85,
    "dma200" : 8220.69,
    "volume" : 1455.00
  },
  "quarterlyResults" : [ {
    "date" : "2005-03-31",
    "sales" : 34.03,
    "salesGrowthYoY" : null,
    "grossProfitMargin" : 61.86,
    "grossProfit" : 21.05,
    "operatingProfitMargin" : 11.28,
    "operatingProfit" : 3.84,
    "netProfitMargin" : 8.26,
    "netProfit" : 2.81
  }, {
    "date" : "2005-06-30",
    "sales" : 20.94,
    "salesGrowthYoY" : null,
    "grossProfitMargin" : 59.31,
    "grossProfit" : 12.42,
    "operatingProfitMargin" : -5.16,
    "operatingProfit" : -1.08,
    "netProfitMargin" : -9.60,
    "netProfit" : -2.01
  }, {
    "date" : "2005-09-30",
    "sales" : 34.61,
    "salesGrowthYoY" : null,
    "grossProfitMargin" : 56.78,
    "grossProfit" : 19.65,
    "operatingProfitMargin" : 9.51,
    "operatingProfit" : 3.29,
    "netProfitMargin" : 6.10,
    "netProfit" : 2.11
  }, {
    "date" : "2005-12-31",
    "sales" : 35.46,
    "salesGrowthYoY" : null,
    "grossProfitMargin" : 60.72,
    "grossProfit" : 21.53,
    "operatingProfitMargin" : 8.04,
    "operatingProfit" : 2.85,
    "netProfitMargin" : 4.20,
    "netProfit" : 1.49
  }, {
    "date" : "2006-03-31",
    "sales" : 45.36,
    "salesGrowthYoY" : 33.29,
    "grossProfitMargin" : 52.09,
    "grossProfit" : 23.63,
    "operatingProfitMargin" : 8.95,
    "operatingProfit" : 4.06,
    "netProfitMargin" : 5.38,
    "netProfit" : 2.44
  }, {
    "date" : "2006-06-30",
    "sales" : 27.83,
    "salesGrowthYoY" : 32.90,
    "grossProfitMargin" : 63.64,
    "grossProfit" : 17.71,
    "operatingProfitMargin" : 12.72,
    "operatingProfit" : 3.54,
    "netProfitMargin" : 6.86,
    "netProfit" : 1.91
  }, {
    "date" : "2006-09-30",
    "sales" : 43.62,
    "salesGrowthYoY" : 26.03,
    "grossProfitMargin" : 49.13,
    "grossProfit" : 21.43,
    "operatingProfitMargin" : 5.59,
    "operatingProfit" : 2.44,
    "netProfitMargin" : 2.43,
    "netProfit" : 1.06
  }, {
    "date" : "2006-12-31",
    "sales" : 43.16,
    "salesGrowthYoY" : 21.71,
    "grossProfitMargin" : 53.04,
    "grossProfit" : 22.89,
    "operatingProfitMargin" : 6.93,
    "operatingProfit" : 2.99,
    "netProfitMargin" : 3.50,
    "netProfit" : 1.51
  }, {
    "date" : "2007-03-31",
    "sales" : 58.64,
    "salesGrowthYoY" : 29.28,
    "grossProfitMargin" : 50.05,
    "grossProfit" : 29.35,
    "operatingProfitMargin" : 9.31,
    "operatingProfit" : 5.46,
    "netProfitMargin" : 5.13,
    "netProfit" : 3.01
  }, {
    "date" : "2007-06-30",
    "sales" : 40.06,
    "salesGrowthYoY" : 43.95,
    "grossProfitMargin" : 53.42,
    "grossProfit" : 21.40,
    "operatingProfitMargin" : 9.64,
    "operatingProfit" : 3.86,
    "netProfitMargin" : 5.22,
    "netProfit" : 2.09
  }, {
    "date" : "2007-09-30",
    "sales" : 49.91,
    "salesGrowthYoY" : 14.42,
    "grossProfitMargin" : 55.20,
    "grossProfit" : 27.55,
    "operatingProfitMargin" : 9.62,
    "operatingProfit" : 4.80,
    "netProfitMargin" : 5.41,
    "netProfit" : 2.70
  }, {
    "date" : "2007-12-31",
    "sales" : 53.95,
    "salesGrowthYoY" : 25.00,
    "grossProfitMargin" : 53.73,
    "grossProfit" : 28.99,
    "operatingProfitMargin" : 8.88,
    "operatingProfit" : 4.79,
    "netProfitMargin" : 5.34,
    "netProfit" : 2.88
  }, {
    "date" : "2008-03-31",
    "sales" : 60.48,
    "salesGrowthYoY" : 3.14,
    "grossProfitMargin" : 55.90,
    "grossProfit" : 33.81,
    "operatingProfitMargin" : 10.80,
    "operatingProfit" : 6.53,
    "netProfitMargin" : 5.94,
    "netProfit" : 3.59
  }, {
    "date" : "2008-06-30",
    "sales" : 44.10,
    "salesGrowthYoY" : 10.08,
    "grossProfitMargin" : 54.47,
    "grossProfit" : 24.02,
    "operatingProfitMargin" : 11.00,
    "operatingProfit" : 4.85,
    "netProfitMargin" : 6.21,
    "netProfit" : 2.74
  }, {
    "date" : "2008-09-30",
    "sales" : 60.93,
    "salesGrowthYoY" : 22.08,
    "grossProfitMargin" : 55.65,
    "grossProfit" : 33.91,
    "operatingProfitMargin" : 12.36,
    "operatingProfit" : 7.53,
    "netProfitMargin" : 7.39,
    "netProfit" : 4.50
  }, {
    "date" : "2008-12-31",
    "sales" : 61.75,
    "salesGrowthYoY" : 14.46,
    "grossProfitMargin" : 54.98,
    "grossProfit" : 33.95,
    "operatingProfitMargin" : 9.07,
    "operatingProfit" : 5.60,
    "netProfitMargin" : 5.51,
    "netProfit" : 3.40
  }, {
    "date" : "2009-03-31",
    "sales" : 75.79,
    "salesGrowthYoY" : 25.31,
    "grossProfitMargin" : 56.06,
    "grossProfit" : 42.49,
    "operatingProfitMargin" : 14.95,
    "operatingProfit" : 11.33,
    "netProfitMargin" : 9.21,
    "netProfit" : 6.98
  }, {
    "date" : "2009-06-30",
    "sales" : 54.11,
    "salesGrowthYoY" : 22.70,
    "grossProfitMargin" : 62.80,
    "grossProfit" : 33.98,
    "operatingProfitMargin" : 20.62,
    "operatingProfit" : 11.16,
    "netProfitMargin" : 13.16,
    "netProfit" : 7.12
  }, {
    "date" : "2009-09-30",
    "sales" : 75.60,
    "salesGrowthYoY" : 24.08,
    "grossProfitMargin" : 64.31,
    "grossProfit" : 48.62,
    "operatingProfitMargin" : 20.66,
    "operatingProfit" : 15.62,
    "netProfitMargin" : 13.36,
    "netProfit" : 10.10
  }, {
    "date" : "2009-12-31",
    "sales" : 75.60,
    "salesGrowthYoY" : 22.43,
    "grossProfitMargin" : 62.61,
    "grossProfit" : 47.33,
    "operatingProfitMargin" : 23.60,
    "operatingProfit" : 17.84,
    "netProfitMargin" : 15.44,
    "netProfit" : 11.67
  }, {
    "date" : "2010-03-31",
    "sales" : 81.82,
    "salesGrowthYoY" : 7.96,
    "grossProfitMargin" : 62.09,
    "grossProfit" : 50.80,
    "operatingProfitMargin" : 15.30,
    "operatingProfit" : 12.52,
    "netProfitMargin" : 9.72,
    "netProfit" : 7.95
  }, {
    "date" : "2010-06-30",
    "sales" : 62.39,
    "salesGrowthYoY" : 15.30,
    "grossProfitMargin" : 62.41,
    "grossProfit" : 38.94,
    "operatingProfitMargin" : 19.59,
    "operatingProfit" : 12.22,
    "netProfitMargin" : 12.97,
    "netProfit" : 8.09
  }, {
    "date" : "2010-09-30",
    "sales" : 85.43,
    "salesGrowthYoY" : 13.00,
    "grossProfitMargin" : 57.10,
    "grossProfit" : 48.78,
    "operatingProfitMargin" : 14.30,
    "operatingProfit" : 12.22,
    "netProfitMargin" : 9.41,
    "netProfit" : 8.04
  }, {
    "date" : "2010-12-31",
    "sales" : 81.37,
    "salesGrowthYoY" : 7.63,
    "grossProfitMargin" : 60.28,
    "grossProfit" : 49.05,
    "operatingProfitMargin" : 10.80,
    "operatingProfit" : 8.79,
    "netProfitMargin" : 7.13,
    "netProfit" : 5.80
  }, {
    "date" : "2011-03-31",
    "sales" : 104.64,
    "salesGrowthYoY" : 27.89,
    "grossProfitMargin" : 57.65,
    "grossProfit" : 60.32,
    "operatingProfitMargin" : 14.41,
    "operatingProfit" : 15.08,
    "netProfitMargin" : 9.40,
    "netProfit" : 9.84
  }, {
    "date" : "2011-06-30",
    "sales" : 75.00,
    "salesGrowthYoY" : 20.21,
    "grossProfitMargin" : 57.64,
    "grossProfit" : 43.23,
    "operatingProfitMargin" : 14.77,
    "operatingProfit" : 11.08,
    "netProfitMargin" : 9.72,
    "netProfit" : 7.29
  }, {
    "date" : "2011-09-30",
    "sales" : 98.55,
    "salesGrowthYoY" : 15.36,
    "grossProfitMargin" : 55.02,
    "grossProfit" : 54.22,
    "operatingProfitMargin" : 14.38,
    "operatingProfit" : 14.17,
    "netProfitMargin" : 9.47,
    "netProfit" : 9.33
  }, {
    "date" : "2011-12-31",
    "sales" : 88.04,
    "salesGrowthYoY" : 8.20,
    "grossProfitMargin" : 56.39,
    "grossProfit" : 49.65,
    "operatingProfitMargin" : 6.25,
    "operatingProfit" : 5.50,
    "netProfitMargin" : 4.07,
    "netProfit" : 3.58
  }, {
    "date" : "2012-03-31",
    "sales" : 105.96,
    "salesGrowthYoY" : 1.26,
    "grossProfitMargin" : 59.12,
    "grossProfit" : 62.64,
    "operatingProfitMargin" : 14.27,
    "operatingProfit" : 15.12,
    "netProfitMargin" : 9.32,
    "netProfit" : 9.88
  }, {
    "date" : "2012-06-30",
    "sales" : 82.52,
    "salesGrowthYoY" : 10.03,
    "grossProfitMargin" : 57.13,
    "grossProfit" : 47.14,
    "operatingProfitMargin" : 9.22,
    "operatingProfit" : 7.61,
    "netProfitMargin" : 6.35,
    "netProfit" : 5.24
  }, {
    "date" : "2012-09-30",
    "sales" : 113.84,
    "salesGrowthYoY" : 15.51,
    "grossProfitMargin" : 59.47,
    "grossProfit" : 67.70,
    "operatingProfitMargin" : 13.45,
    "operatingProfit" : 15.31,
    "netProfitMargin" : 8.94,
    "netProfit" : 10.18
  }, {
    "date" : "2012-12-31",
    "sales" : 104.82,
    "salesGrowthYoY" : 19.06,
    "grossProfitMargin" : 58.02,
    "grossProfit" : 60.82,
    "operatingProfitMargin" : 10.09,
    "operatingProfit" : 10.58,
    "netProfitMargin" : 6.69,
    "netProfit" : 7.01
  }, {
    "date" : "2013-03-31",
    "sales" : 123.55,
    "salesGrowthYoY" : 16.60,
    "grossProfitMargin" : 55.44,
    "grossProfit" : 68.50,
    "operatingProfitMargin" : 13.94,
    "operatingProfit" : 17.22,
    "netProfitMargin" : 9.45,
    "netProfit" : 11.68
  }, {
    "date" : "2013-06-30",
    "sales" : 75.31,
    "salesGrowthYoY" : -8.74,
    "grossProfitMargin" : 62.16,
    "grossProfit" : 46.81,
    "operatingProfitMargin" : 10.04,
    "operatingProfit" : 7.56,
    "netProfitMargin" : 6.49,
    "netProfit" : 4.89
  }, {
    "date" : "2013-09-30",
    "sales" : 128.46,
    "salesGrowthYoY" : 12.84,
    "grossProfitMargin" : 57.15,
    "grossProfit" : 73.41,
    "operatingProfitMargin" : 16.41,
    "operatingProfit" : 21.08,
    "netProfitMargin" : 10.70,
    "netProfit" : 13.75
  }, {
    "date" : "2013-12-31",
    "sales" : 111.45,
    "salesGrowthYoY" : 6.33,
    "grossProfitMargin" : 60.29,
    "grossProfit" : 67.19,
    "operatingProfitMargin" : 9.03,
    "operatingProfit" : 10.06,
    "netProfitMargin" : 5.85,
    "netProfit" : 6.52
  }, {
    "date" : "2014-03-31",
    "sales" : 141.87,
    "salesGrowthYoY" : 14.83,
    "grossProfitMargin" : 57.27,
    "grossProfit" : 81.25,
    "operatingProfitMargin" : 14.06,
    "operatingProfit" : 19.95,
    "netProfitMargin" : 9.25,
    "netProfit" : 13.12
  }, {
    "date" : "2014-06-30",
    "sales" : 97.20,
    "salesGrowthYoY" : 29.07,
    "grossProfitMargin" : 58.70,
    "grossProfit" : 57.06,
    "operatingProfitMargin" : 11.15,
    "operatingProfit" : 10.84,
    "netProfitMargin" : 7.27,
    "netProfit" : 7.07
  }, {
    "date" : "2014-09-30",
    "sales" : 147.49,
    "salesGrowthYoY" : 14.81,
    "grossProfitMargin" : 55.57,
    "grossProfit" : 81.96,
    "operatingProfitMargin" : 12.66,
    "operatingProfit" : 18.67,
    "netProfitMargin" : 8.35,
    "netProfit" : 12.32
  }, {
    "date" : "2014-12-31",
    "sales" : 112.53,
    "salesGrowthYoY" : 0.97,
    "grossProfitMargin" : 57.68,
    "grossProfit" : 64.91,
    "operatingProfitMargin" : 4.82,
    "operatingProfit" : 5.42,
    "netProfitMargin" : 2.73,
    "netProfit" : 3.07
  }, {
    "date" : "2015-03-31",
    "sales" : 157.27,
    "salesGrowthYoY" : 10.86,
    "grossProfitMargin" : 53.09,
    "grossProfit" : 83.49,
    "operatingProfitMargin" : 10.07,
    "operatingProfit" : 15.84,
    "netProfitMargin" : 6.14,
    "netProfit" : 9.66
  }, {
    "date" : "2015-06-30",
    "sales" : 95.92,
    "salesGrowthYoY" : -1.32,
    "grossProfitMargin" : 60.82,
    "grossProfit" : 58.34,
    "operatingProfitMargin" : 8.58,
    "operatingProfit" : 8.23,
    "netProfitMargin" : 5.28,
    "netProfit" : 5.06
  }, {
    "date" : "2015-09-30",
    "sales" : 148.95,
    "salesGrowthYoY" : 0.99,
    "grossProfitMargin" : 57.93,
    "grossProfit" : 86.29,
    "operatingProfitMargin" : 16.50,
    "operatingProfit" : 24.58,
    "netProfitMargin" : 10.70,
    "netProfit" : 15.94
  }, {
    "date" : "2015-12-31",
    "sales" : 142.28,
    "salesGrowthYoY" : 26.44,
    "grossProfitMargin" : 61.24,
    "grossProfit" : 87.13,
    "operatingProfitMargin" : 10.37,
    "operatingProfit" : 14.75,
    "netProfitMargin" : 6.60,
    "netProfit" : 9.39
  }, {
    "date" : "2016-03-31",
    "sales" : 157.21,
    "salesGrowthYoY" : -0.04,
    "grossProfitMargin" : 62.62,
    "grossProfit" : 98.44,
    "operatingProfitMargin" : 12.95,
    "operatingProfit" : 20.36,
    "netProfitMargin" : 8.10,
    "netProfit" : 12.73
  }, {
    "date" : "2016-06-30",
    "sales" : 92.77,
    "salesGrowthYoY" : -3.28,
    "grossProfitMargin" : 64.55,
    "grossProfit" : 59.88,
    "operatingProfitMargin" : 17.12,
    "operatingProfit" : 15.88,
    "netProfitMargin" : 11.11,
    "netProfit" : 10.31
  }, {
    "date" : "2016-09-30",
    "sales" : 136.40,
    "salesGrowthYoY" : -8.43,
    "grossProfitMargin" : 54.00,
    "grossProfit" : 73.66,
    "operatingProfitMargin" : 14.11,
    "operatingProfit" : 19.25,
    "netProfitMargin" : 8.86,
    "netProfit" : 12.09
  }, {
    "date" : "2016-12-31",
    "sales" : 125.88,
    "salesGrowthYoY" : -11.53,
    "grossProfitMargin" : 59.14,
    "grossProfit" : 74.45,
    "operatingProfitMargin" : 14.18,
    "operatingProfit" : 17.85,
    "netProfitMargin" : 9.24,
    "netProfit" : 11.63
  }, {
    "date" : "2017-03-31",
    "sales" : 156.98,
    "salesGrowthYoY" : -0.15,
    "grossProfitMargin" : 53.90,
    "grossProfit" : 84.61,
    "operatingProfitMargin" : 13.56,
    "operatingProfit" : 21.29,
    "netProfitMargin" : 8.53,
    "netProfit" : 13.39
  }, {
    "date" : "2017-06-30",
    "sales" : 80.73,
    "salesGrowthYoY" : -12.98,
    "grossProfitMargin" : 60.94,
    "grossProfit" : 49.20,
    "operatingProfitMargin" : 8.04,
    "operatingProfit" : 6.49,
    "netProfitMargin" : 5.66,
    "netProfit" : 4.57
  }, {
    "date" : "2017-09-30",
    "sales" : 163.20,
    "salesGrowthYoY" : 19.65,
    "grossProfitMargin" : 44.97,
    "grossProfit" : 73.39,
    "operatingProfitMargin" : 14.66,
    "operatingProfit" : 23.93,
    "netProfitMargin" : 11.52,
    "netProfit" : 18.80
  }, {
    "date" : "2017-12-31",
    "sales" : 139.23,
    "salesGrowthYoY" : 10.61,
    "grossProfitMargin" : 58.27,
    "grossProfit" : 81.13,
    "operatingProfitMargin" : 13.78,
    "operatingProfit" : 19.19,
    "netProfitMargin" : 8.96,
    "netProfit" : 12.48
  }, {
    "date" : "2018-03-31",
    "sales" : 169.37,
    "salesGrowthYoY" : 7.89,
    "grossProfitMargin" : 52.14,
    "grossProfit" : 88.31,
    "operatingProfitMargin" : 12.32,
    "operatingProfit" : 20.87,
    "netProfitMargin" : 7.57,
    "netProfit" : 12.82
  }, {
    "date" : "2018-06-30",
    "sales" : 120.74,
    "salesGrowthYoY" : 49.56,
    "grossProfitMargin" : 59.78,
    "grossProfit" : 72.18,
    "operatingProfitMargin" : 13.91,
    "operatingProfit" : 16.79,
    "netProfitMargin" : 8.85,
    "netProfit" : 10.69
  }, {
    "date" : "2018-09-30",
    "sales" : 172.68,
    "salesGrowthYoY" : 5.81,
    "grossProfitMargin" : 53.36,
    "grossProfit" : 92.14,
    "operatingProfitMargin" : 15.98,
    "operatingProfit" : 27.59,
    "netProfitMargin" : 10.19,
    "netProfit" : 17.60
  }, {
    "date" : "2018-12-31",
    "sales" : 174.70,
    "salesGrowthYoY" : 25.48,
    "grossProfitMargin" : 55.79,
    "grossProfit" : 97.47,
    "operatingProfitMargin" : 11.35,
    "operatingProfit" : 19.83,
    "netProfitMargin" : 7.13,
    "netProfit" : 12.46
  }, {
    "date" : "2019-03-31",
    "sales" : 184.72,
    "salesGrowthYoY" : 9.06,
    "grossProfitMargin" : 52.86,
    "grossProfit" : 97.64,
    "operatingProfitMargin" : 11.90,
    "operatingProfit" : 21.98,
    "netProfitMargin" : 7.30,
    "netProfit" : 13.48
  }, {
    "date" : "2019-06-30",
    "sales" : 142.10,
    "salesGrowthYoY" : 17.69,
    "grossProfitMargin" : 54.57,
    "grossProfit" : 77.54,
    "operatingProfitMargin" : 15.55,
    "operatingProfit" : 22.10,
    "netProfitMargin" : 9.63,
    "netProfit" : 13.68
  }, {
    "date" : "2019-09-30",
    "sales" : 192.56,
    "salesGrowthYoY" : 11.51,
    "grossProfitMargin" : 54.06,
    "grossProfit" : 104.10,
    "operatingProfitMargin" : 18.58,
    "operatingProfit" : 35.78,
    "netProfitMargin" : 14.00,
    "netProfit" : 26.96
  }, {
    "date" : "2019-12-31",
    "sales" : 193.25,
    "salesGrowthYoY" : 10.62,
    "grossProfitMargin" : 58.94,
    "grossProfit" : 113.90,
    "operatingProfitMargin" : 16.28,
    "operatingProfit" : 31.46,
    "netProfitMargin" : 11.64,
    "netProfit" : 22.49
  }, {
    "date" : "2020-03-31",
    "sales" : 145.97,
    "salesGrowthYoY" : -20.98,
    "grossProfitMargin" : 60.44,
    "grossProfit" : 88.22,
    "operatingProfitMargin" : 9.97,
    "operatingProfit" : 14.55,
    "netProfitMargin" : 6.41,
    "netProfit" : 9.36
  }, {
    "date" : "2020-06-30",
    "sales" : 100.80,
    "salesGrowthYoY" : -29.06,
    "grossProfitMargin" : 39.75,
    "grossProfit" : 40.07,
    "operatingProfitMargin" : 9.91,
    "operatingProfit" : 9.99,
    "netProfitMargin" : 6.40,
    "netProfit" : 6.45
  }, {
    "date" : "2020-09-30",
    "sales" : 193.20,
    "salesGrowthYoY" : 0.33,
    "grossProfitMargin" : 52.70,
    "grossProfit" : 101.82,
    "operatingProfitMargin" : 18.65,
    "operatingProfit" : 36.03,
    "netProfitMargin" : 13.45,
    "netProfit" : 25.99
  }, {
    "date" : "2020-12-31",
    "sales" : 231.05,
    "salesGrowthYoY" : 19.56,
    "grossProfitMargin" : 56.85,
    "grossProfit" : 131.35,
    "operatingProfitMargin" : 14.11,
    "operatingProfit" : 32.60,
    "netProfitMargin" : 10.48,
    "netProfit" : 24.21
  }, {
    "date" : "2021-03-31",
    "sales" : 243.41,
    "salesGrowthYoY" : 66.75,
    "grossProfitMargin" : 53.42,
    "grossProfit" : 130.03,
    "operatingProfitMargin" : 13.21,
    "operatingProfit" : 32.15,
    "netProfitMargin" : 9.85,
    "netProfit" : 23.98
  }, {
    "date" : "2021-06-30",
    "sales" : 151.45,
    "salesGrowthYoY" : 50.25,
    "grossProfitMargin" : 58.16,
    "grossProfit" : 88.08,
    "operatingProfitMargin" : 16.02,
    "operatingProfit" : 24.26,
    "netProfitMargin" : 11.31,
    "netProfit" : 17.13
  }, {
    "date" : "2021-09-30",
    "sales" : 266.19,
    "salesGrowthYoY" : 37.78,
    "grossProfitMargin" : 49.34,
    "grossProfit" : 131.34,
    "operatingProfitMargin" : 13.94,
    "operatingProfit" : 37.11,
    "netProfitMargin" : 9.86,
    "netProfit" : 26.25
  }, {
    "date" : "2021-12-31",
    "sales" : 268.54,
    "salesGrowthYoY" : 16.23,
    "grossProfitMargin" : 47.55,
    "grossProfit" : 127.69,
    "operatingProfitMargin" : 10.20,
    "operatingProfit" : 27.39,
    "netProfitMargin" : 7.13,
    "netProfit" : 19.15
  }, {
    "date" : "2022-03-31",
    "sales" : 271.83,
    "salesGrowthYoY" : 11.68,
    "grossProfitMargin" : 44.91,
    "grossProfit" : 122.08,
    "operatingProfitMargin" : 11.42,
    "operatingProfit" : 31.04,
    "netProfitMargin" : 7.86,
    "netProfit" : 21.37
  }, {
    "date" : "2022-06-30",
    "sales" : 197.74,
    "salesGrowthYoY" : 30.56,
    "grossProfitMargin" : 52.09,
    "grossProfit" : 103.00,
    "operatingProfitMargin" : 16.86,
    "operatingProfit" : 33.34,
    "netProfitMargin" : 11.67,
    "netProfit" : 23.08
  }, {
    "date" : "2022-09-30",
    "sales" : 297.33,
    "salesGrowthYoY" : 11.70,
    "grossProfitMargin" : 46.29,
    "grossProfit" : 137.63,
    "operatingProfitMargin" : 14.74,
    "operatingProfit" : 43.83,
    "netProfitMargin" : 10.37,
    "netProfit" : 30.83
  }, {
    "date" : "2022-12-31",
    "sales" : 256.87,
    "salesGrowthYoY" : -4.35,
    "grossProfitMargin" : 49.93,
    "grossProfit" : 128.26,
    "operatingProfitMargin" : 10.20,
    "operatingProfit" : 26.20,
    "netProfitMargin" : 7.04,
    "netProfit" : 18.08
  }, {
    "date" : "2023-03-31",
    "sales" : 253.85,
    "salesGrowthYoY" : -6.61,
    "grossProfitMargin" : 49.45,
    "grossProfit" : 125.53,
    "operatingProfitMargin" : 12.60,
    "operatingProfit" : 31.99,
    "netProfitMargin" : 8.98,
    "netProfit" : 22.80
  }, {
    "date" : "2023-06-30",
    "sales" : 203.43,
    "salesGrowthYoY" : 2.88,
    "grossProfitMargin" : 48.70,
    "grossProfit" : 99.07,
    "operatingProfitMargin" : 14.29,
    "operatingProfit" : 29.07,
    "netProfitMargin" : 10.22,
    "netProfit" : 20.79
  }, {
    "date" : "2023-09-30",
    "sales" : 271.55,
    "salesGrowthYoY" : -8.67,
    "grossProfitMargin" : 51.57,
    "grossProfit" : 140.04,
    "operatingProfitMargin" : 17.81,
    "operatingProfit" : 48.36,
    "netProfitMargin" : 12.96,
    "netProfit" : 35.19
  }, {
    "date" : "2023-12-31",
    "sales" : 272.40,
    "salesGrowthYoY" : 6.05,
    "grossProfitMargin" : 51.81,
    "grossProfit" : 141.13,
    "operatingProfitMargin" : 9.86,
    "operatingProfit" : 26.86,
    "netProfitMargin" : 7.24,
    "netProfit" : 19.72
  }, {
    "date" : "2024-03-31",
    "sales" : 276.76,
    "salesGrowthYoY" : 9.03,
    "grossProfitMargin" : 54.52,
    "grossProfit" : 150.89,
    "operatingProfitMargin" : 16.59,
    "operatingProfit" : 45.91,
    "netProfitMargin" : 12.33,
    "netProfit" : 34.12
  }, {
    "date" : "2024-06-30",
    "sales" : 227.54,
    "salesGrowthYoY" : 11.85,
    "grossProfitMargin" : 52.41,
    "grossProfit" : 119.25,
    "operatingProfitMargin" : 14.62,
    "operatingProfit" : 33.27,
    "netProfitMargin" : 11.01,
    "netProfit" : 25.05
  }, {
    "date" : "2024-09-30",
    "sales" : 295.85,
    "salesGrowthYoY" : 8.95,
    "grossProfitMargin" : 51.30,
    "grossProfit" : 151.77,
    "operatingProfitMargin" : 15.44,
    "operatingProfit" : 45.68,
    "netProfitMargin" : 11.51,
    "netProfit" : 34.05
  }, {
    "date" : "2024-12-31",
    "sales" : 285.70,
    "salesGrowthYoY" : 4.88,
    "grossProfitMargin" : 52.60,
    "grossProfit" : 150.28,
    "operatingProfitMargin" : 9.99,
    "operatingProfit" : 28.54,
    "netProfitMargin" : 7.42,
    "netProfit" : 21.20
  }, {
    "date" : "2025-03-31",
    "sales" : 306.66,
    "salesGrowthYoY" : 10.80,
    "grossProfitMargin" : 51.44,
    "grossProfit" : 157.75,
    "operatingProfitMargin" : 15.34,
    "operatingProfit" : 47.04,
    "netProfitMargin" : 11.20,
    "netProfit" : 34.35
  }, {
    "date" : "2025-06-30",
    "sales" : 239.08,
    "salesGrowthYoY" : 5.07,
    "grossProfitMargin" : 52.37,
    "grossProfit" : 125.21,
    "operatingProfitMargin" : 14.64,
    "operatingProfit" : 35.00,
    "netProfitMargin" : 10.85,
    "netProfit" : 25.94
  }, {
    "date" : "2025-09-30",
    "sales" : 316.47,
    "salesGrowthYoY" : 6.97,
    "grossProfitMargin" : 50.72,
    "grossProfit" : 160.51,
    "operatingProfitMargin" : 13.91,
    "operatingProfit" : 44.02,
    "netProfitMargin" : 10.10,
    "netProfit" : 31.96
  }, {
    "date" : "2025-12-31",
    "sales" : 331.95,
    "salesGrowthYoY" : 16.19,
    "grossProfitMargin" : 51.13,
    "grossProfit" : 169.73,
    "operatingProfitMargin" : 14.03,
    "operatingProfit" : 46.57,
    "netProfitMargin" : 10.10,
    "netProfit" : 33.53
  } ],
  "latestQuarterlyResult" : {
    "date" : "2025-12-31",
    "sales" : 331.95,
    "salesGrowthYoY" : 16.19,
    "grossProfitMargin" : 51.13,
    "grossProfit" : 169.73,
    "operatingProfitMargin" : 14.03,
    "operatingProfit" : 46.57,
    "netProfitMargin" : 10.10,
    "netProfit" : 33.53
  },
  "companyScore" : {
    "priceHigherThanDma50" : 0.00,
    "priceHigherThanDma100" : 0.00,
    "priceHigherThanDma200" : 0.00,
    "dma50HigherThanDma100" : 0.00,
    "dma50HigherThanDma200" : 0.00,
    "dma100HigherThanDma200" : 0.00,
    "pricePercentageAboveDma50" : 5.29,
    "pricePercentageAboveDma100" : 5.52,
    "pricePercentageAboveDma200" : 5.52,
    "weeklyVolumeHigherThanYearlyVolume" : 0.00,
    "salesGrowthPercentile" : 13.00,
    "operatingProfitMarginPercentile" : 13.34,
    "netProfitMarginPercentile" : 7.87,
    "totalTechnicalScore" : 16.32,
    "totalFundamentalScore" : 34.21,
    "totalScore" : 50.53
  }
}