{
  "metadata" : {
    "screenerCompanyId" : "780",
    "companyCode" : "512068",
    "companyName" : "Dec.Gold Mines",
    "screenerCompanyLink" : "https://www.screener.in/company/512068",
    "screenerTechnicalHistoryLink" : "https://www.screener.in/api/company/780/chart/?q=Price-DMA50-DMA200-Volume&days=365",
    "screenerQuarterlyResultsLink" : "https://www.screener.in/api/company/780/chart/?q=GPM-OPM-NPM-Quarter+Sales&days=10000",
    "attributes" : {
      "companyCode" : "512068",
      "companyName" : "Dec.Gold Mines",
      "marketCap" : 1843.00,
      "peRatio" : 0.00,
      "description" : "Deccan Gold Mines Limited was established in the year 2003 by Australian promoters with deep roots in the mining and exploration sector. Since its inception, DGML and its wholly owned subsidiary Deccan Exploration Services Private Limited (DESPL) have actively pursued gold exploration activities through adoption of modern methods and latest technology in all of its exploration prospects. Since the change in management in October, 2021 the Company has taken significant efforts to expand its portfolio in India and overseas [1]"
    },
    "companyScore" : {
      "priceHigherThanDma50" : 0.00,
      "priceHigherThanDma100" : 0.00,
      "priceHigherThanDma200" : 0.00,
      "dma50HigherThanDma100" : 0.00,
      "dma50HigherThanDma200" : 5.00,
      "dma100HigherThanDma200" : 5.00,
      "pricePercentageAboveDma50" : 5.47,
      "pricePercentageAboveDma100" : 5.62,
      "pricePercentageAboveDma200" : 5.47,
      "weeklyVolumeHigherThanYearlyVolume" : 0.00,
      "salesGrowthPercentile" : 18.99,
      "operatingProfitMarginPercentile" : 20.00,
      "netProfitMarginPercentile" : 9.90,
      "totalTechnicalScore" : 26.56,
      "totalFundamentalScore" : 48.89,
      "totalScore" : 75.45
    }
  },
  "attributes" : {
    "companyCode" : "512068",
    "companyName" : "Dec.Gold Mines",
    "marketCap" : 1843.00,
    "peRatio" : 0.00,
    "description" : "Deccan Gold Mines Limited was established in the year 2003 by Australian promoters with deep roots in the mining and exploration sector. Since its inception, DGML and its wholly owned subsidiary Deccan Exploration Services Private Limited (DESPL) have actively pursued gold exploration activities through adoption of modern methods and latest technology in all of its exploration prospects. Since the change in management in October, 2021 the Company has taken significant efforts to expand its portfolio in India and overseas [1]"
  },
  "technicalHistory" : [ {
    "date" : "2024-12-02",
    "price" : 124.25,
    "dma50" : 130.53,
    "dma100" : null,
    "dma200" : 125.38,
    "volume" : 79456.00
  }, {
    "date" : "2024-12-03",
    "price" : 123.55,
    "dma50" : 130.26,
    "dma100" : null,
    "dma200" : 125.36,
    "volume" : 180174.00
  }, {
    "date" : "2024-12-04",
    "price" : 122.55,
    "dma50" : 129.96,
    "dma100" : null,
    "dma200" : 125.33,
    "volume" : 199197.00
  }, {
    "date" : "2024-12-05",
    "price" : 120.30,
    "dma50" : 129.58,
    "dma100" : null,
    "dma200" : 125.28,
    "volume" : 191548.00
  }, {
    "date" : "2024-12-06",
    "price" : 120.10,
    "dma50" : 129.21,
    "dma100" : null,
    "dma200" : 125.23,
    "volume" : 511996.00
  }, {
    "date" : "2024-12-09",
    "price" : 118.25,
    "dma50" : 128.78,
    "dma100" : null,
    "dma200" : 125.16,
    "volume" : 290766.00
  }, {
    "date" : "2024-12-10",
    "price" : 116.75,
    "dma50" : 128.31,
    "dma100" : null,
    "dma200" : 125.08,
    "volume" : 266707.00
  }, {
    "date" : "2024-12-11",
    "price" : 115.05,
    "dma50" : 127.79,
    "dma100" : null,
    "dma200" : 124.98,
    "volume" : 391601.00
  }, {
    "date" : "2024-12-12",
    "price" : 112.80,
    "dma50" : 127.20,
    "dma100" : null,
    "dma200" : 124.86,
    "volume" : 462939.00
  }, {
    "date" : "2024-12-13",
    "price" : 109.65,
    "dma50" : 126.51,
    "dma100" : null,
    "dma200" : 124.71,
    "volume" : 582477.00
  }, {
    "date" : "2024-12-16",
    "price" : 109.60,
    "dma50" : 125.85,
    "dma100" : null,
    "dma200" : 124.56,
    "volume" : 383125.00
  }, {
    "date" : "2024-12-17",
    "price" : 116.00,
    "dma50" : 125.46,
    "dma100" : null,
    "dma200" : 124.47,
    "volume" : 650555.00
  }, {
    "date" : "2024-12-18",
    "price" : 111.60,
    "dma50" : 124.92,
    "dma100" : null,
    "dma200" : 124.34,
    "volume" : 246239.00
  }, {
    "date" : "2024-12-19",
    "price" : 115.80,
    "dma50" : 124.56,
    "dma100" : null,
    "dma200" : 124.26,
    "volume" : 784023.00
  }, {
    "date" : "2024-12-20",
    "price" : 115.70,
    "dma50" : 124.21,
    "dma100" : null,
    "dma200" : 124.17,
    "volume" : 479080.00
  }, {
    "date" : "2024-12-23",
    "price" : 114.65,
    "dma50" : 123.84,
    "dma100" : null,
    "dma200" : 124.08,
    "volume" : 118458.00
  }, {
    "date" : "2024-12-24",
    "price" : 119.25,
    "dma50" : 123.66,
    "dma100" : null,
    "dma200" : 124.03,
    "volume" : 465714.00
  }, {
    "date" : "2024-12-26",
    "price" : 115.10,
    "dma50" : 123.32,
    "dma100" : null,
    "dma200" : 123.94,
    "volume" : 133248.00
  }, {
    "date" : "2024-12-27",
    "price" : 113.00,
    "dma50" : 122.92,
    "dma100" : null,
    "dma200" : 123.83,
    "volume" : 225435.00
  }, {
    "date" : "2024-12-30",
    "price" : 113.45,
    "dma50" : 122.55,
    "dma100" : null,
    "dma200" : 123.73,
    "volume" : 160586.00
  }, {
    "date" : "2024-12-31",
    "price" : 113.50,
    "dma50" : 122.19,
    "dma100" : null,
    "dma200" : 123.63,
    "volume" : 98489.00
  }, {
    "date" : "2025-01-01",
    "price" : 116.25,
    "dma50" : 121.96,
    "dma100" : null,
    "dma200" : 123.55,
    "volume" : 149429.00
  }, {
    "date" : "2025-01-02",
    "price" : 115.45,
    "dma50" : 121.70,
    "dma100" : null,
    "dma200" : 123.47,
    "volume" : 123178.00
  }, {
    "date" : "2025-01-03",
    "price" : 115.70,
    "dma50" : 121.47,
    "dma100" : null,
    "dma200" : 123.40,
    "volume" : 497583.00
  }, {
    "date" : "2025-01-06",
    "price" : 111.35,
    "dma50" : 121.07,
    "dma100" : null,
    "dma200" : 123.28,
    "volume" : 161835.00
  }, {
    "date" : "2025-01-07",
    "price" : 110.95,
    "dma50" : 120.67,
    "dma100" : null,
    "dma200" : 123.15,
    "volume" : 163350.00
  }, {
    "date" : "2025-01-08",
    "price" : 109.95,
    "dma50" : 120.25,
    "dma100" : null,
    "dma200" : 123.02,
    "volume" : 223975.00
  }, {
    "date" : "2025-01-09",
    "price" : 109.75,
    "dma50" : 119.84,
    "dma100" : null,
    "dma200" : 122.89,
    "volume" : 231686.00
  }, {
    "date" : "2025-01-10",
    "price" : 108.05,
    "dma50" : 119.38,
    "dma100" : null,
    "dma200" : 122.74,
    "volume" : 280317.00
  }, {
    "date" : "2025-01-13",
    "price" : 105.75,
    "dma50" : 118.84,
    "dma100" : null,
    "dma200" : 122.57,
    "volume" : 290129.00
  }, {
    "date" : "2025-01-14",
    "price" : 107.35,
    "dma50" : 118.39,
    "dma100" : null,
    "dma200" : 122.42,
    "volume" : 151597.00
  }, {
    "date" : "2025-01-15",
    "price" : 106.40,
    "dma50" : 117.92,
    "dma100" : null,
    "dma200" : 122.26,
    "volume" : 102498.00
  }, {
    "date" : "2025-01-16",
    "price" : 110.00,
    "dma50" : 117.61,
    "dma100" : null,
    "dma200" : 122.14,
    "volume" : 104481.00
  }, {
    "date" : "2025-01-17",
    "price" : 113.60,
    "dma50" : 117.46,
    "dma100" : null,
    "dma200" : 122.06,
    "volume" : 424040.00
  }, {
    "date" : "2025-01-20",
    "price" : 112.10,
    "dma50" : 117.25,
    "dma100" : null,
    "dma200" : 121.96,
    "volume" : 95283.00
  }, {
    "date" : "2025-01-21",
    "price" : 113.85,
    "dma50" : 117.11,
    "dma100" : null,
    "dma200" : 121.88,
    "volume" : 445219.00
  }, {
    "date" : "2025-01-22",
    "price" : 108.95,
    "dma50" : 116.79,
    "dma100" : null,
    "dma200" : 121.75,
    "volume" : 186042.00
  }, {
    "date" : "2025-01-23",
    "price" : 109.15,
    "dma50" : 116.49,
    "dma100" : null,
    "dma200" : 121.62,
    "volume" : 90655.00
  }, {
    "date" : "2025-01-24",
    "price" : 108.40,
    "dma50" : 116.17,
    "dma100" : null,
    "dma200" : 121.49,
    "volume" : 109840.00
  }, {
    "date" : "2025-01-27",
    "price" : 105.40,
    "dma50" : 115.75,
    "dma100" : null,
    "dma200" : 121.33,
    "volume" : 238123.00
  }, {
    "date" : "2025-01-28",
    "price" : 105.85,
    "dma50" : 115.36,
    "dma100" : null,
    "dma200" : 121.18,
    "volume" : 354762.00
  }, {
    "date" : "2025-01-29",
    "price" : 109.20,
    "dma50" : 115.12,
    "dma100" : null,
    "dma200" : 121.06,
    "volume" : 141861.00
  }, {
    "date" : "2025-01-30",
    "price" : 107.95,
    "dma50" : 114.84,
    "dma100" : null,
    "dma200" : 120.93,
    "volume" : 146968.00
  }, {
    "date" : "2025-01-31",
    "price" : 108.55,
    "dma50" : 114.59,
    "dma100" : null,
    "dma200" : 120.80,
    "volume" : 148512.00
  }, {
    "date" : "2025-02-01",
    "price" : 108.55,
    "dma50" : 114.36,
    "dma100" : null,
    "dma200" : 120.68,
    "volume" : 74643.00
  }, {
    "date" : "2025-02-03",
    "price" : 103.90,
    "dma50" : 113.95,
    "dma100" : null,
    "dma200" : 120.51,
    "volume" : 223626.00
  }, {
    "date" : "2025-02-04",
    "price" : 105.10,
    "dma50" : 113.60,
    "dma100" : null,
    "dma200" : 120.36,
    "volume" : 213995.00
  }, {
    "date" : "2025-02-05",
    "price" : 108.50,
    "dma50" : 113.40,
    "dma100" : null,
    "dma200" : 120.24,
    "volume" : 214253.00
  }, {
    "date" : "2025-02-06",
    "price" : 114.40,
    "dma50" : 113.44,
    "dma100" : null,
    "dma200" : 120.18,
    "volume" : 652966.00
  }, {
    "date" : "2025-02-07",
    "price" : 112.60,
    "dma50" : 113.41,
    "dma100" : null,
    "dma200" : 120.11,
    "volume" : 152344.00
  }, {
    "date" : "2025-02-10",
    "price" : 113.60,
    "dma50" : 113.41,
    "dma100" : null,
    "dma200" : 120.04,
    "volume" : 261399.00
  }, {
    "date" : "2025-02-11",
    "price" : 109.55,
    "dma50" : 113.26,
    "dma100" : null,
    "dma200" : 119.94,
    "volume" : 216606.00
  }, {
    "date" : "2025-02-12",
    "price" : 106.55,
    "dma50" : 113.00,
    "dma100" : null,
    "dma200" : 119.81,
    "volume" : 325713.00
  }, {
    "date" : "2025-02-13",
    "price" : 107.75,
    "dma50" : 112.79,
    "dma100" : null,
    "dma200" : 119.69,
    "volume" : 181740.00
  }, {
    "date" : "2025-02-14",
    "price" : 102.00,
    "dma50" : 112.37,
    "dma100" : null,
    "dma200" : 119.51,
    "volume" : 401557.00
  }, {
    "date" : "2025-02-17",
    "price" : 103.05,
    "dma50" : 112.00,
    "dma100" : null,
    "dma200" : 119.35,
    "volume" : 362045.00
  }, {
    "date" : "2025-02-18",
    "price" : 100.55,
    "dma50" : 111.56,
    "dma100" : null,
    "dma200" : 119.16,
    "volume" : 284541.00
  }, {
    "date" : "2025-02-19",
    "price" : 115.20,
    "dma50" : 111.70,
    "dma100" : null,
    "dma200" : 119.12,
    "volume" : 1107604.00
  }, {
    "date" : "2025-02-20",
    "price" : 114.25,
    "dma50" : 111.80,
    "dma100" : null,
    "dma200" : 119.07,
    "volume" : 781748.00
  }, {
    "date" : "2025-02-21",
    "price" : 112.85,
    "dma50" : 111.84,
    "dma100" : null,
    "dma200" : 119.01,
    "volume" : 237454.00
  }, {
    "date" : "2025-02-24",
    "price" : 110.40,
    "dma50" : 111.78,
    "dma100" : null,
    "dma200" : 118.92,
    "volume" : 396678.00
  }, {
    "date" : "2025-02-25",
    "price" : 109.10,
    "dma50" : 111.68,
    "dma100" : null,
    "dma200" : 118.83,
    "volume" : 159621.00
  }, {
    "date" : "2025-02-27",
    "price" : 107.95,
    "dma50" : 111.53,
    "dma100" : null,
    "dma200" : 118.72,
    "volume" : 151374.00
  }, {
    "date" : "2025-02-28",
    "price" : 103.35,
    "dma50" : 111.21,
    "dma100" : null,
    "dma200" : 118.57,
    "volume" : 245043.00
  }, {
    "date" : "2025-03-03",
    "price" : 100.65,
    "dma50" : 110.80,
    "dma100" : null,
    "dma200" : 118.39,
    "volume" : 299906.00
  }, {
    "date" : "2025-03-04",
    "price" : 101.75,
    "dma50" : 110.44,
    "dma100" : null,
    "dma200" : 118.22,
    "volume" : 204955.00
  }, {
    "date" : "2025-03-05",
    "price" : 103.60,
    "dma50" : 110.17,
    "dma100" : null,
    "dma200" : 118.08,
    "volume" : 233195.00
  }, {
    "date" : "2025-03-06",
    "price" : 104.95,
    "dma50" : 109.97,
    "dma100" : null,
    "dma200" : 117.95,
    "volume" : 246571.00
  }, {
    "date" : "2025-03-07",
    "price" : 104.95,
    "dma50" : 109.77,
    "dma100" : null,
    "dma200" : 117.82,
    "volume" : 324167.00
  }, {
    "date" : "2025-03-10",
    "price" : 103.10,
    "dma50" : 109.51,
    "dma100" : null,
    "dma200" : 117.67,
    "volume" : 171690.00
  }, {
    "date" : "2025-03-11",
    "price" : 100.25,
    "dma50" : 109.15,
    "dma100" : null,
    "dma200" : 117.50,
    "volume" : 345500.00
  }, {
    "date" : "2025-03-12",
    "price" : 99.10,
    "dma50" : 108.75,
    "dma100" : null,
    "dma200" : 117.31,
    "volume" : 409730.00
  }, {
    "date" : "2025-03-13",
    "price" : 97.90,
    "dma50" : 108.33,
    "dma100" : null,
    "dma200" : 117.12,
    "volume" : 485955.00
  }, {
    "date" : "2025-03-17",
    "price" : 99.00,
    "dma50" : 107.96,
    "dma100" : null,
    "dma200" : 116.94,
    "volume" : 512313.00
  }, {
    "date" : "2025-03-18",
    "price" : 99.95,
    "dma50" : 107.65,
    "dma100" : null,
    "dma200" : 116.77,
    "volume" : 510396.00
  }, {
    "date" : "2025-03-19",
    "price" : 100.40,
    "dma50" : 107.36,
    "dma100" : null,
    "dma200" : 116.61,
    "volume" : 482373.00
  }, {
    "date" : "2025-03-20",
    "price" : 99.10,
    "dma50" : 107.04,
    "dma100" : null,
    "dma200" : 116.43,
    "volume" : 498063.00
  }, {
    "date" : "2025-03-21",
    "price" : 101.05,
    "dma50" : 106.80,
    "dma100" : null,
    "dma200" : 116.28,
    "volume" : 581464.00
  }, {
    "date" : "2025-03-24",
    "price" : 101.05,
    "dma50" : 106.58,
    "dma100" : null,
    "dma200" : 116.13,
    "volume" : 538934.00
  }, {
    "date" : "2025-03-25",
    "price" : 99.60,
    "dma50" : 106.31,
    "dma100" : null,
    "dma200" : 115.96,
    "volume" : 530740.00
  }, {
    "date" : "2025-03-26",
    "price" : 97.65,
    "dma50" : 105.97,
    "dma100" : null,
    "dma200" : 115.78,
    "volume" : 568633.00
  }, {
    "date" : "2025-03-27",
    "price" : 92.45,
    "dma50" : 105.44,
    "dma100" : null,
    "dma200" : 115.55,
    "volume" : 1604878.00
  }, {
    "date" : "2025-03-28",
    "price" : 94.40,
    "dma50" : 105.00,
    "dma100" : null,
    "dma200" : 115.34,
    "volume" : 540904.00
  }, {
    "date" : "2025-04-01",
    "price" : 98.78,
    "dma50" : 104.76,
    "dma100" : null,
    "dma200" : 115.18,
    "volume" : 280825.00
  }, {
    "date" : "2025-04-02",
    "price" : 102.02,
    "dma50" : 104.65,
    "dma100" : null,
    "dma200" : 115.04,
    "volume" : 457197.00
  }, {
    "date" : "2025-04-03",
    "price" : 102.82,
    "dma50" : 104.58,
    "dma100" : null,
    "dma200" : 114.92,
    "volume" : 363574.00
  }, {
    "date" : "2025-04-04",
    "price" : 102.78,
    "dma50" : 104.51,
    "dma100" : null,
    "dma200" : 114.80,
    "volume" : 323283.00
  }, {
    "date" : "2025-04-07",
    "price" : 100.33,
    "dma50" : 104.35,
    "dma100" : null,
    "dma200" : 114.66,
    "volume" : 459091.00
  }, {
    "date" : "2025-04-08",
    "price" : 100.69,
    "dma50" : 104.20,
    "dma100" : null,
    "dma200" : 114.52,
    "volume" : 139011.00
  }, {
    "date" : "2025-04-09",
    "price" : 99.01,
    "dma50" : 104.00,
    "dma100" : null,
    "dma200" : 114.36,
    "volume" : 121797.00
  }, {
    "date" : "2025-04-11",
    "price" : 99.94,
    "dma50" : 103.84,
    "dma100" : null,
    "dma200" : 114.22,
    "volume" : 273939.00
  }, {
    "date" : "2025-04-15",
    "price" : 102.05,
    "dma50" : 103.77,
    "dma100" : null,
    "dma200" : 114.10,
    "volume" : 215687.00
  }, {
    "date" : "2025-04-16",
    "price" : 101.75,
    "dma50" : 103.69,
    "dma100" : null,
    "dma200" : 113.98,
    "volume" : 234003.00
  }, {
    "date" : "2025-04-17",
    "price" : 102.81,
    "dma50" : 103.66,
    "dma100" : null,
    "dma200" : 113.87,
    "volume" : 368217.00
  }, {
    "date" : "2025-04-21",
    "price" : 123.37,
    "dma50" : 104.43,
    "dma100" : null,
    "dma200" : 113.96,
    "volume" : 1415612.00
  }, {
    "date" : "2025-04-22",
    "price" : 130.15,
    "dma50" : 105.44,
    "dma100" : null,
    "dma200" : 114.12,
    "volume" : 2054316.00
  }, {
    "date" : "2025-04-23",
    "price" : 126.61,
    "dma50" : 106.27,
    "dma100" : null,
    "dma200" : 114.25,
    "volume" : 515377.00
  }, {
    "date" : "2025-04-24",
    "price" : 132.23,
    "dma50" : 107.29,
    "dma100" : null,
    "dma200" : 114.42,
    "volume" : 874857.00
  }, {
    "date" : "2025-04-25",
    "price" : 125.56,
    "dma50" : 108.00,
    "dma100" : null,
    "dma200" : 114.54,
    "volume" : 561740.00
  }, {
    "date" : "2025-04-28",
    "price" : 126.71,
    "dma50" : 108.74,
    "dma100" : null,
    "dma200" : 114.66,
    "volume" : 275145.00
  }, {
    "date" : "2025-04-29",
    "price" : 128.47,
    "dma50" : 109.51,
    "dma100" : 109.23,
    "dma200" : 114.79,
    "volume" : 479960.00
  }, {
    "date" : "2025-04-30",
    "price" : 124.70,
    "dma50" : 110.11,
    "dma100" : 109.24,
    "dma200" : 114.89,
    "volume" : 286604.00
  }, {
    "date" : "2025-05-02",
    "price" : 124.45,
    "dma50" : 110.67,
    "dma100" : 109.26,
    "dma200" : 114.99,
    "volume" : 212964.00
  }, {
    "date" : "2025-05-05",
    "price" : 124.05,
    "dma50" : 111.19,
    "dma100" : 109.30,
    "dma200" : 115.08,
    "volume" : 199190.00
  }, {
    "date" : "2025-05-06",
    "price" : 117.85,
    "dma50" : 111.45,
    "dma100" : 109.27,
    "dma200" : 115.11,
    "volume" : 226433.00
  }, {
    "date" : "2025-05-07",
    "price" : 119.50,
    "dma50" : 111.77,
    "dma100" : 109.29,
    "dma200" : 115.15,
    "volume" : 220910.00
  }, {
    "date" : "2025-05-08",
    "price" : 117.50,
    "dma50" : 111.99,
    "dma100" : 109.29,
    "dma200" : 115.17,
    "volume" : 172035.00
  }, {
    "date" : "2025-05-09",
    "price" : 120.10,
    "dma50" : 112.31,
    "dma100" : 109.34,
    "dma200" : 115.22,
    "volume" : 325214.00
  }, {
    "date" : "2025-05-12",
    "price" : 123.80,
    "dma50" : 112.76,
    "dma100" : 109.45,
    "dma200" : 115.31,
    "volume" : 219106.00
  }, {
    "date" : "2025-05-13",
    "price" : 122.10,
    "dma50" : 113.13,
    "dma100" : 109.58,
    "dma200" : 115.37,
    "volume" : 266248.00
  }, {
    "date" : "2025-05-14",
    "price" : 122.70,
    "dma50" : 113.50,
    "dma100" : 109.71,
    "dma200" : 115.45,
    "volume" : 227572.00
  }, {
    "date" : "2025-05-15",
    "price" : 122.50,
    "dma50" : 113.86,
    "dma100" : 109.77,
    "dma200" : 115.52,
    "volume" : 125019.00
  }, {
    "date" : "2025-05-16",
    "price" : 126.50,
    "dma50" : 114.35,
    "dma100" : 109.92,
    "dma200" : 115.63,
    "volume" : 250421.00
  }, {
    "date" : "2025-05-19",
    "price" : 129.90,
    "dma50" : 114.96,
    "dma100" : 110.06,
    "dma200" : 115.77,
    "volume" : 513280.00
  }, {
    "date" : "2025-05-20",
    "price" : 131.55,
    "dma50" : 115.61,
    "dma100" : 110.22,
    "dma200" : 115.93,
    "volume" : 648279.00
  }, {
    "date" : "2025-05-21",
    "price" : 138.35,
    "dma50" : 116.50,
    "dma100" : 110.46,
    "dma200" : 116.15,
    "volume" : 705813.00
  }, {
    "date" : "2025-05-22",
    "price" : 145.10,
    "dma50" : 117.63,
    "dma100" : 110.72,
    "dma200" : 116.44,
    "volume" : 880922.00
  }, {
    "date" : "2025-05-23",
    "price" : 141.00,
    "dma50" : 118.54,
    "dma100" : 110.98,
    "dma200" : 116.68,
    "volume" : 628884.00
  }, {
    "date" : "2025-05-26",
    "price" : 138.40,
    "dma50" : 119.32,
    "dma100" : 111.23,
    "dma200" : 116.90,
    "volume" : 466924.00
  }, {
    "date" : "2025-05-27",
    "price" : 138.85,
    "dma50" : 120.09,
    "dma100" : 111.49,
    "dma200" : 117.12,
    "volume" : 292576.00
  }, {
    "date" : "2025-05-28",
    "price" : 149.35,
    "dma50" : 121.23,
    "dma100" : 111.84,
    "dma200" : 117.44,
    "volume" : 993994.00
  }, {
    "date" : "2025-05-29",
    "price" : 143.50,
    "dma50" : 122.11,
    "dma100" : 112.12,
    "dma200" : 117.70,
    "volume" : 373247.00
  }, {
    "date" : "2025-05-30",
    "price" : 144.90,
    "dma50" : 123.00,
    "dma100" : 112.41,
    "dma200" : 117.97,
    "volume" : 422523.00
  }, {
    "date" : "2025-06-02",
    "price" : 149.05,
    "dma50" : 124.02,
    "dma100" : 112.74,
    "dma200" : 118.28,
    "volume" : 524193.00
  }, {
    "date" : "2025-06-03",
    "price" : 155.40,
    "dma50" : 125.25,
    "dma100" : 113.18,
    "dma200" : 118.65,
    "volume" : 1227779.00
  }, {
    "date" : "2025-06-04",
    "price" : 149.20,
    "dma50" : 126.19,
    "dma100" : 113.57,
    "dma200" : 118.95,
    "volume" : 1794074.00
  }, {
    "date" : "2025-06-05",
    "price" : 163.70,
    "dma50" : 127.66,
    "dma100" : 114.10,
    "dma200" : 119.39,
    "volume" : 2663105.00
  }, {
    "date" : "2025-06-06",
    "price" : 153.10,
    "dma50" : 128.66,
    "dma100" : 114.54,
    "dma200" : 119.73,
    "volume" : 1116144.00
  }, {
    "date" : "2025-06-09",
    "price" : 146.05,
    "dma50" : 129.34,
    "dma100" : 114.92,
    "dma200" : 119.99,
    "volume" : 844567.00
  }, {
    "date" : "2025-06-10",
    "price" : 138.10,
    "dma50" : 129.69,
    "dma100" : 115.24,
    "dma200" : 120.17,
    "volume" : 1709000.00
  }, {
    "date" : "2025-06-11",
    "price" : 134.70,
    "dma50" : 129.88,
    "dma100" : 115.52,
    "dma200" : 120.32,
    "volume" : 817905.00
  }, {
    "date" : "2025-06-12",
    "price" : 133.75,
    "dma50" : 130.03,
    "dma100" : 115.79,
    "dma200" : 120.45,
    "volume" : 487286.00
  }, {
    "date" : "2025-06-13",
    "price" : 131.85,
    "dma50" : 130.11,
    "dma100" : 116.01,
    "dma200" : 120.56,
    "volume" : 567555.00
  }, {
    "date" : "2025-06-16",
    "price" : 131.65,
    "dma50" : 130.17,
    "dma100" : 116.19,
    "dma200" : 120.67,
    "volume" : 502482.00
  }, {
    "date" : "2025-06-17",
    "price" : 128.70,
    "dma50" : 130.11,
    "dma100" : 116.35,
    "dma200" : 120.75,
    "volume" : 243035.00
  }, {
    "date" : "2025-06-18",
    "price" : 135.00,
    "dma50" : 130.30,
    "dma100" : 116.57,
    "dma200" : 120.90,
    "volume" : 668197.00
  }, {
    "date" : "2025-06-19",
    "price" : 133.20,
    "dma50" : 130.41,
    "dma100" : 116.81,
    "dma200" : 121.02,
    "volume" : 299522.00
  }, {
    "date" : "2025-06-20",
    "price" : 133.10,
    "dma50" : 130.52,
    "dma100" : 117.05,
    "dma200" : 121.14,
    "volume" : 200951.00
  }, {
    "date" : "2025-06-23",
    "price" : 132.50,
    "dma50" : 130.60,
    "dma100" : 117.29,
    "dma200" : 121.25,
    "volume" : 161185.00
  }, {
    "date" : "2025-06-24",
    "price" : 132.45,
    "dma50" : 130.67,
    "dma100" : 117.56,
    "dma200" : 121.36,
    "volume" : 136278.00
  }, {
    "date" : "2025-06-25",
    "price" : 138.25,
    "dma50" : 130.97,
    "dma100" : 117.88,
    "dma200" : 121.53,
    "volume" : 564806.00
  }, {
    "date" : "2025-06-26",
    "price" : 144.90,
    "dma50" : 131.51,
    "dma100" : 118.24,
    "dma200" : 121.76,
    "volume" : 826870.00
  }, {
    "date" : "2025-06-27",
    "price" : 145.65,
    "dma50" : 132.07,
    "dma100" : 118.62,
    "dma200" : 122.00,
    "volume" : 660438.00
  }, {
    "date" : "2025-06-30",
    "price" : 152.20,
    "dma50" : 132.86,
    "dma100" : 119.05,
    "dma200" : 122.30,
    "volume" : 855729.00
  }, {
    "date" : "2025-07-01",
    "price" : 147.75,
    "dma50" : 133.44,
    "dma100" : 119.45,
    "dma200" : 122.56,
    "volume" : 616772.00
  }, {
    "date" : "2025-07-02",
    "price" : 145.45,
    "dma50" : 133.91,
    "dma100" : 119.86,
    "dma200" : 122.78,
    "volume" : 238394.00
  }, {
    "date" : "2025-07-03",
    "price" : 149.30,
    "dma50" : 134.52,
    "dma100" : 120.30,
    "dma200" : 123.05,
    "volume" : 370838.00
  }, {
    "date" : "2025-07-04",
    "price" : 148.75,
    "dma50" : 135.07,
    "dma100" : 120.71,
    "dma200" : 123.30,
    "volume" : 305003.00
  }, {
    "date" : "2025-07-07",
    "price" : 152.30,
    "dma50" : 135.75,
    "dma100" : 121.08,
    "dma200" : 123.59,
    "volume" : 1019605.00
  }, {
    "date" : "2025-07-08",
    "price" : 154.05,
    "dma50" : 136.47,
    "dma100" : 121.50,
    "dma200" : 123.89,
    "volume" : 838002.00
  }, {
    "date" : "2025-07-09",
    "price" : 144.20,
    "dma50" : 136.77,
    "dma100" : 121.80,
    "dma200" : 124.10,
    "volume" : 736763.00
  }, {
    "date" : "2025-07-10",
    "price" : 143.65,
    "dma50" : 137.04,
    "dma100" : 122.15,
    "dma200" : 124.29,
    "volume" : 355544.00
  }, {
    "date" : "2025-07-11",
    "price" : 145.50,
    "dma50" : 137.37,
    "dma100" : 122.54,
    "dma200" : 124.50,
    "volume" : 291060.00
  }, {
    "date" : "2025-07-14",
    "price" : 144.15,
    "dma50" : 137.64,
    "dma100" : 122.90,
    "dma200" : 124.70,
    "volume" : 385950.00
  }, {
    "date" : "2025-07-15",
    "price" : 142.25,
    "dma50" : 137.82,
    "dma100" : 123.30,
    "dma200" : 124.87,
    "volume" : 167558.00
  }, {
    "date" : "2025-07-16",
    "price" : 139.35,
    "dma50" : 137.88,
    "dma100" : 123.66,
    "dma200" : 125.02,
    "volume" : 414087.00
  }, {
    "date" : "2025-07-17",
    "price" : 139.65,
    "dma50" : 137.95,
    "dma100" : 124.06,
    "dma200" : 125.16,
    "volume" : 460105.00
  }, {
    "date" : "2025-07-18",
    "price" : 139.05,
    "dma50" : 137.99,
    "dma100" : 124.29,
    "dma200" : 125.30,
    "volume" : 243661.00
  }, {
    "date" : "2025-07-21",
    "price" : 138.55,
    "dma50" : 138.01,
    "dma100" : 124.54,
    "dma200" : 125.43,
    "volume" : 269216.00
  }, {
    "date" : "2025-07-22",
    "price" : 143.05,
    "dma50" : 138.21,
    "dma100" : 124.84,
    "dma200" : 125.61,
    "volume" : 562916.00
  }, {
    "date" : "2025-07-23",
    "price" : 142.40,
    "dma50" : 138.38,
    "dma100" : 125.16,
    "dma200" : 125.77,
    "volume" : 137802.00
  }, {
    "date" : "2025-07-24",
    "price" : 140.60,
    "dma50" : 138.46,
    "dma100" : 125.47,
    "dma200" : 125.92,
    "volume" : 213203.00
  }, {
    "date" : "2025-07-25",
    "price" : 138.05,
    "dma50" : 138.45,
    "dma100" : 125.78,
    "dma200" : 126.04,
    "volume" : 127827.00
  }, {
    "date" : "2025-07-28",
    "price" : 137.45,
    "dma50" : 138.41,
    "dma100" : 126.12,
    "dma200" : 126.16,
    "volume" : 282815.00
  }, {
    "date" : "2025-07-29",
    "price" : 135.70,
    "dma50" : 138.30,
    "dma100" : 126.47,
    "dma200" : 126.25,
    "volume" : 250266.00
  }, {
    "date" : "2025-07-30",
    "price" : 135.90,
    "dma50" : 138.21,
    "dma100" : 126.81,
    "dma200" : 126.35,
    "volume" : 181716.00
  }, {
    "date" : "2025-07-31",
    "price" : 138.65,
    "dma50" : 138.22,
    "dma100" : 127.16,
    "dma200" : 126.47,
    "volume" : 415074.00
  }, {
    "date" : "2025-08-01",
    "price" : 137.95,
    "dma50" : 138.21,
    "dma100" : 127.49,
    "dma200" : 126.58,
    "volume" : 214833.00
  }, {
    "date" : "2025-08-04",
    "price" : 138.60,
    "dma50" : 138.23,
    "dma100" : 127.83,
    "dma200" : 126.70,
    "volume" : 217201.00
  }, {
    "date" : "2025-08-05",
    "price" : 139.90,
    "dma50" : 138.29,
    "dma100" : 128.19,
    "dma200" : 126.83,
    "volume" : 311618.00
  }, {
    "date" : "2025-08-06",
    "price" : 140.65,
    "dma50" : 138.39,
    "dma100" : 128.60,
    "dma200" : 126.97,
    "volume" : 201057.00
  }, {
    "date" : "2025-08-07",
    "price" : 138.40,
    "dma50" : 138.39,
    "dma100" : 128.99,
    "dma200" : 127.09,
    "volume" : 245691.00
  }, {
    "date" : "2025-08-08",
    "price" : 135.75,
    "dma50" : 138.28,
    "dma100" : 129.37,
    "dma200" : 127.17,
    "volume" : 295734.00
  }, {
    "date" : "2025-08-11",
    "price" : 134.55,
    "dma50" : 138.14,
    "dma100" : 129.72,
    "dma200" : 127.25,
    "volume" : 217934.00
  }, {
    "date" : "2025-08-12",
    "price" : 134.50,
    "dma50" : 137.99,
    "dma100" : 130.07,
    "dma200" : 127.32,
    "volume" : 86533.00
  }, {
    "date" : "2025-08-13",
    "price" : 132.10,
    "dma50" : 137.76,
    "dma100" : 130.39,
    "dma200" : 127.36,
    "volume" : 261278.00
  }, {
    "date" : "2025-08-14",
    "price" : 130.65,
    "dma50" : 137.48,
    "dma100" : 130.70,
    "dma200" : 127.40,
    "volume" : 225364.00
  }, {
    "date" : "2025-08-18",
    "price" : 124.50,
    "dma50" : 136.98,
    "dma100" : 130.94,
    "dma200" : 127.37,
    "volume" : 647676.00
  }, {
    "date" : "2025-08-19",
    "price" : 129.70,
    "dma50" : 136.69,
    "dma100" : 131.22,
    "dma200" : 127.39,
    "volume" : 313340.00
  }, {
    "date" : "2025-08-20",
    "price" : 132.00,
    "dma50" : 136.51,
    "dma100" : 131.55,
    "dma200" : 127.44,
    "volume" : 243556.00
  }, {
    "date" : "2025-08-21",
    "price" : 129.30,
    "dma50" : 136.22,
    "dma100" : 131.86,
    "dma200" : 127.46,
    "volume" : 209990.00
  }, {
    "date" : "2025-08-22",
    "price" : 128.40,
    "dma50" : 135.92,
    "dma100" : 132.22,
    "dma200" : 127.47,
    "volume" : 108606.00
  }, {
    "date" : "2025-08-25",
    "price" : 125.35,
    "dma50" : 135.50,
    "dma100" : 132.53,
    "dma200" : 127.44,
    "volume" : 287461.00
  }, {
    "date" : "2025-08-26",
    "price" : 125.20,
    "dma50" : 135.10,
    "dma100" : 132.80,
    "dma200" : 127.42,
    "volume" : 212547.00
  }, {
    "date" : "2025-08-28",
    "price" : 124.95,
    "dma50" : 134.70,
    "dma100" : 133.03,
    "dma200" : 127.40,
    "volume" : 189422.00
  }, {
    "date" : "2025-08-29",
    "price" : 119.95,
    "dma50" : 134.12,
    "dma100" : 133.20,
    "dma200" : 127.32,
    "volume" : 416222.00
  }, {
    "date" : "2025-09-01",
    "price" : 129.65,
    "dma50" : 133.95,
    "dma100" : 133.47,
    "dma200" : 127.35,
    "volume" : 313385.00
  }, {
    "date" : "2025-09-02",
    "price" : 129.80,
    "dma50" : 133.78,
    "dma100" : 133.76,
    "dma200" : 127.37,
    "volume" : 226314.00
  }, {
    "date" : "2025-09-03",
    "price" : 130.25,
    "dma50" : 133.65,
    "dma100" : 134.06,
    "dma200" : 127.40,
    "volume" : 221823.00
  }, {
    "date" : "2025-09-04",
    "price" : 129.65,
    "dma50" : 133.49,
    "dma100" : 134.36,
    "dma200" : 127.42,
    "volume" : 204453.00
  }, {
    "date" : "2025-09-05",
    "price" : 129.35,
    "dma50" : 133.33,
    "dma100" : 134.66,
    "dma200" : 127.44,
    "volume" : 155427.00
  }, {
    "date" : "2025-09-08",
    "price" : 132.05,
    "dma50" : 133.28,
    "dma100" : 134.96,
    "dma200" : 127.49,
    "volume" : 235192.00
  }, {
    "date" : "2025-09-09",
    "price" : 129.05,
    "dma50" : 133.11,
    "dma100" : 135.23,
    "dma200" : 127.50,
    "volume" : 153140.00
  }, {
    "date" : "2025-09-10",
    "price" : 128.05,
    "dma50" : 132.91,
    "dma100" : 135.48,
    "dma200" : 127.51,
    "volume" : 225385.00
  }, {
    "date" : "2025-09-11",
    "price" : 127.50,
    "dma50" : 132.70,
    "dma100" : 135.52,
    "dma200" : 127.51,
    "volume" : 144421.00
  }, {
    "date" : "2025-09-12",
    "price" : 128.10,
    "dma50" : 132.52,
    "dma100" : 135.50,
    "dma200" : 127.51,
    "volume" : 183171.00
  }, {
    "date" : "2025-09-15",
    "price" : 127.05,
    "dma50" : 132.30,
    "dma100" : 135.51,
    "dma200" : 127.51,
    "volume" : 198138.00
  }, {
    "date" : "2025-09-16",
    "price" : 125.60,
    "dma50" : 132.04,
    "dma100" : 135.44,
    "dma200" : 127.49,
    "volume" : 196518.00
  }, {
    "date" : "2025-09-17",
    "price" : 123.65,
    "dma50" : 131.71,
    "dma100" : 135.42,
    "dma200" : 127.45,
    "volume" : 300129.00
  }, {
    "date" : "2025-09-18",
    "price" : 135.95,
    "dma50" : 131.88,
    "dma100" : 135.51,
    "dma200" : 127.54,
    "volume" : 1703379.00
  }, {
    "date" : "2025-09-19",
    "price" : 139.95,
    "dma50" : 132.20,
    "dma100" : 135.63,
    "dma200" : 127.66,
    "volume" : 2228642.00
  }, {
    "date" : "2025-09-22",
    "price" : 137.30,
    "dma50" : 132.40,
    "dma100" : 135.76,
    "dma200" : 127.76,
    "volume" : 652917.00
  }, {
    "date" : "2025-09-23",
    "price" : 136.20,
    "dma50" : 132.54,
    "dma100" : 135.87,
    "dma200" : 127.84,
    "volume" : 362392.00
  }, {
    "date" : "2025-09-24",
    "price" : 136.85,
    "dma50" : 132.71,
    "dma100" : 136.00,
    "dma200" : 127.93,
    "volume" : 319930.00
  }, {
    "date" : "2025-09-25",
    "price" : 136.60,
    "dma50" : 132.87,
    "dma100" : 136.19,
    "dma200" : 128.02,
    "volume" : 499199.00
  }, {
    "date" : "2025-09-26",
    "price" : 133.40,
    "dma50" : 132.89,
    "dma100" : 136.33,
    "dma200" : 128.07,
    "volume" : 207779.00
  }, {
    "date" : "2025-09-29",
    "price" : 133.30,
    "dma50" : 132.90,
    "dma100" : 136.49,
    "dma200" : 128.12,
    "volume" : 290663.00
  }, {
    "date" : "2025-09-30",
    "price" : 140.90,
    "dma50" : 133.22,
    "dma100" : 136.69,
    "dma200" : 128.25,
    "volume" : 1249165.00
  }, {
    "date" : "2025-10-01",
    "price" : 142.50,
    "dma50" : 133.58,
    "dma100" : 136.88,
    "dma200" : 128.39,
    "volume" : 428072.00
  }, {
    "date" : "2025-10-03",
    "price" : 143.20,
    "dma50" : 133.96,
    "dma100" : 137.09,
    "dma200" : 128.54,
    "volume" : 476113.00
  }, {
    "date" : "2025-10-06",
    "price" : 144.05,
    "dma50" : 134.35,
    "dma100" : 137.30,
    "dma200" : 128.69,
    "volume" : 440478.00
  }, {
    "date" : "2025-10-07",
    "price" : 143.70,
    "dma50" : 134.72,
    "dma100" : 137.52,
    "dma200" : 128.84,
    "volume" : 299850.00
  }, {
    "date" : "2025-10-08",
    "price" : 141.55,
    "dma50" : 134.99,
    "dma100" : 137.67,
    "dma200" : 128.97,
    "volume" : 350555.00
  }, {
    "date" : "2025-10-09",
    "price" : 141.10,
    "dma50" : 135.23,
    "dma100" : 137.78,
    "dma200" : 129.09,
    "volume" : 321951.00
  }, {
    "date" : "2025-10-10",
    "price" : 143.00,
    "dma50" : 135.53,
    "dma100" : 137.89,
    "dma200" : 129.23,
    "volume" : 982399.00
  }, {
    "date" : "2025-10-13",
    "price" : 143.70,
    "dma50" : 135.85,
    "dma100" : 137.95,
    "dma200" : 129.37,
    "volume" : 540231.00
  }, {
    "date" : "2025-10-14",
    "price" : 144.35,
    "dma50" : 136.19,
    "dma100" : 137.94,
    "dma200" : 129.52,
    "volume" : 472238.00
  }, {
    "date" : "2025-10-15",
    "price" : 143.70,
    "dma50" : 136.48,
    "dma100" : 137.97,
    "dma200" : 129.66,
    "volume" : 267539.00
  }, {
    "date" : "2025-10-16",
    "price" : 142.80,
    "dma50" : 136.73,
    "dma100" : 138.01,
    "dma200" : 129.79,
    "volume" : 285996.00
  }, {
    "date" : "2025-10-17",
    "price" : 140.70,
    "dma50" : 136.88,
    "dma100" : 138.03,
    "dma200" : 129.90,
    "volume" : 237457.00
  }, {
    "date" : "2025-10-20",
    "price" : 138.15,
    "dma50" : 136.93,
    "dma100" : 137.92,
    "dma200" : 129.98,
    "volume" : 244697.00
  }, {
    "date" : "2025-10-21",
    "price" : 140.05,
    "dma50" : 137.06,
    "dma100" : 137.88,
    "dma200" : 130.08,
    "volume" : 108333.00
  }, {
    "date" : "2025-10-23",
    "price" : 136.00,
    "dma50" : 137.01,
    "dma100" : 137.79,
    "dma200" : 130.14,
    "volume" : 367204.00
  }, {
    "date" : "2025-10-24",
    "price" : 134.95,
    "dma50" : 136.93,
    "dma100" : 137.65,
    "dma200" : 130.19,
    "volume" : 167141.00
  }, {
    "date" : "2025-10-27",
    "price" : 130.70,
    "dma50" : 136.69,
    "dma100" : 137.41,
    "dma200" : 130.19,
    "volume" : 427579.00
  }, {
    "date" : "2025-10-28",
    "price" : 127.50,
    "dma50" : 136.33,
    "dma100" : 137.19,
    "dma200" : 130.17,
    "volume" : 446314.00
  }, {
    "date" : "2025-10-29",
    "price" : 129.30,
    "dma50" : 136.05,
    "dma100" : 136.84,
    "dma200" : 130.16,
    "volume" : 337995.00
  }, {
    "date" : "2025-10-30",
    "price" : 128.35,
    "dma50" : 135.75,
    "dma100" : 136.60,
    "dma200" : 130.14,
    "volume" : 261543.00
  }, {
    "date" : "2025-10-31",
    "price" : 129.85,
    "dma50" : 135.52,
    "dma100" : 136.44,
    "dma200" : 130.14,
    "volume" : 127391.00
  }, {
    "date" : "2025-11-03",
    "price" : 130.50,
    "dma50" : 135.32,
    "dma100" : 136.36,
    "dma200" : 130.14,
    "volume" : 319649.00
  }, {
    "date" : "2025-11-04",
    "price" : 128.85,
    "dma50" : 135.07,
    "dma100" : 136.30,
    "dma200" : 130.13,
    "volume" : 211592.00
  }, {
    "date" : "2025-11-06",
    "price" : 125.15,
    "dma50" : 134.68,
    "dma100" : 136.21,
    "dma200" : 130.08,
    "volume" : 316978.00
  }, {
    "date" : "2025-11-07",
    "price" : 124.15,
    "dma50" : 134.27,
    "dma100" : 136.14,
    "dma200" : 130.02,
    "volume" : 366607.00
  }, {
    "date" : "2025-11-10",
    "price" : 126.20,
    "dma50" : 133.95,
    "dma100" : 136.08,
    "dma200" : 129.98,
    "volume" : 537182.00
  }, {
    "date" : "2025-11-11",
    "price" : 134.90,
    "dma50" : 133.99,
    "dma100" : 136.15,
    "dma200" : 130.03,
    "volume" : 828933.00
  }, {
    "date" : "2025-11-12",
    "price" : 129.75,
    "dma50" : 133.82,
    "dma100" : 136.09,
    "dma200" : 130.03,
    "volume" : 360815.00
  }, {
    "date" : "2025-11-13",
    "price" : 128.30,
    "dma50" : 133.61,
    "dma100" : 136.04,
    "dma200" : 130.01,
    "volume" : 290820.00
  }, {
    "date" : "2025-11-14",
    "price" : 128.25,
    "dma50" : 133.40,
    "dma100" : 136.00,
    "dma200" : 129.99,
    "volume" : 212938.00
  }, {
    "date" : "2025-11-17",
    "price" : 127.70,
    "dma50" : 133.17,
    "dma100" : 135.95,
    "dma200" : 129.97,
    "volume" : 124511.00
  }, {
    "date" : "2025-11-18",
    "price" : 127.25,
    "dma50" : 132.94,
    "dma100" : 135.90,
    "dma200" : 129.94,
    "volume" : 243206.00
  }, {
    "date" : "2025-11-19",
    "price" : 128.80,
    "dma50" : 132.78,
    "dma100" : 135.80,
    "dma200" : 129.93,
    "volume" : 377273.00
  }, {
    "date" : "2025-11-20",
    "price" : 125.50,
    "dma50" : 132.49,
    "dma100" : 135.61,
    "dma200" : 129.89,
    "volume" : 504328.00
  }, {
    "date" : "2025-11-21",
    "price" : 122.20,
    "dma50" : 132.09,
    "dma100" : 135.37,
    "dma200" : 129.81,
    "volume" : 278909.00
  }, {
    "date" : "2025-11-24",
    "price" : 119.10,
    "dma50" : 131.58,
    "dma100" : 135.04,
    "dma200" : 129.71,
    "volume" : 245594.00
  }, {
    "date" : "2025-11-25",
    "price" : 118.60,
    "dma50" : 131.07,
    "dma100" : 134.75,
    "dma200" : 129.59,
    "volume" : 248768.00
  }, {
    "date" : "2025-11-26",
    "price" : 117.70,
    "dma50" : 130.55,
    "dma100" : 134.47,
    "dma200" : 129.48,
    "volume" : 194812.00
  }, {
    "date" : "2025-11-27",
    "price" : 120.15,
    "dma50" : 130.14,
    "dma100" : 134.18,
    "dma200" : 129.38,
    "volume" : 191604.00
  }, {
    "date" : "2025-11-28",
    "price" : 117.60,
    "dma50" : 129.65,
    "dma100" : 133.87,
    "dma200" : 129.27,
    "volume" : 195570.00
  }, {
    "date" : "2025-12-01",
    "price" : 116.95,
    "dma50" : 129.15,
    "dma100" : 133.52,
    "dma200" : 129.14,
    "volume" : 344503.00
  } ],
  "latestTechnicalAttributes" : {
    "date" : "2025-12-01",
    "price" : 116.95,
    "dma50" : 129.15,
    "dma100" : 133.52,
    "dma200" : 129.14,
    "volume" : 344503.00
  },
  "quarterlyResults" : [ {
    "date" : "2005-03-31",
    "sales" : 0.00,
    "salesGrowthYoY" : null,
    "grossProfitMargin" : 0.00,
    "grossProfit" : 0.00,
    "operatingProfitMargin" : 0.00,
    "operatingProfit" : 0.00,
    "netProfitMargin" : 0.00,
    "netProfit" : 0.00
  }, {
    "date" : "2005-06-30",
    "sales" : 0.00,
    "salesGrowthYoY" : null,
    "grossProfitMargin" : 0.00,
    "grossProfit" : 0.00,
    "operatingProfitMargin" : 0.00,
    "operatingProfit" : 0.00,
    "netProfitMargin" : 0.00,
    "netProfit" : 0.00
  }, {
    "date" : "2005-09-30",
    "sales" : 0.00,
    "salesGrowthYoY" : null,
    "grossProfitMargin" : 0.00,
    "grossProfit" : 0.00,
    "operatingProfitMargin" : 0.00,
    "operatingProfit" : 0.00,
    "netProfitMargin" : 0.00,
    "netProfit" : 0.00
  }, {
    "date" : "2005-12-31",
    "sales" : 0.00,
    "salesGrowthYoY" : null,
    "grossProfitMargin" : 0.00,
    "grossProfit" : 0.00,
    "operatingProfitMargin" : 0.00,
    "operatingProfit" : 0.00,
    "netProfitMargin" : 0.00,
    "netProfit" : 0.00
  }, {
    "date" : "2006-03-31",
    "sales" : 0.00,
    "salesGrowthYoY" : 0.00,
    "grossProfitMargin" : 0.00,
    "grossProfit" : 0.00,
    "operatingProfitMargin" : 0.00,
    "operatingProfit" : 0.00,
    "netProfitMargin" : 0.00,
    "netProfit" : 0.00
  }, {
    "date" : "2006-06-30",
    "sales" : 0.00,
    "salesGrowthYoY" : 0.00,
    "grossProfitMargin" : 0.00,
    "grossProfit" : 0.00,
    "operatingProfitMargin" : 0.00,
    "operatingProfit" : 0.00,
    "netProfitMargin" : 0.00,
    "netProfit" : 0.00
  }, {
    "date" : "2006-09-30",
    "sales" : 0.00,
    "salesGrowthYoY" : 0.00,
    "grossProfitMargin" : 0.00,
    "grossProfit" : 0.00,
    "operatingProfitMargin" : 0.00,
    "operatingProfit" : 0.00,
    "netProfitMargin" : 0.00,
    "netProfit" : 0.00
  }, {
    "date" : "2006-12-31",
    "sales" : 0.00,
    "salesGrowthYoY" : 0.00,
    "grossProfitMargin" : 0.00,
    "grossProfit" : 0.00,
    "operatingProfitMargin" : 0.00,
    "operatingProfit" : 0.00,
    "netProfitMargin" : 0.00,
    "netProfit" : 0.00
  }, {
    "date" : "2007-03-31",
    "sales" : 0.00,
    "salesGrowthYoY" : 0.00,
    "grossProfitMargin" : 0.00,
    "grossProfit" : 0.00,
    "operatingProfitMargin" : 0.00,
    "operatingProfit" : 0.00,
    "netProfitMargin" : 0.00,
    "netProfit" : 0.00
  }, {
    "date" : "2007-06-30",
    "sales" : 0.00,
    "salesGrowthYoY" : 0.00,
    "grossProfitMargin" : 0.00,
    "grossProfit" : 0.00,
    "operatingProfitMargin" : 0.00,
    "operatingProfit" : 0.00,
    "netProfitMargin" : 0.00,
    "netProfit" : 0.00
  }, {
    "date" : "2007-09-30",
    "sales" : 0.00,
    "salesGrowthYoY" : 0.00,
    "grossProfitMargin" : 0.00,
    "grossProfit" : 0.00,
    "operatingProfitMargin" : 0.00,
    "operatingProfit" : 0.00,
    "netProfitMargin" : 0.00,
    "netProfit" : 0.00
  }, {
    "date" : "2007-12-31",
    "sales" : 0.00,
    "salesGrowthYoY" : 0.00,
    "grossProfitMargin" : 0.00,
    "grossProfit" : 0.00,
    "operatingProfitMargin" : 0.00,
    "operatingProfit" : 0.00,
    "netProfitMargin" : 0.00,
    "netProfit" : 0.00
  }, {
    "date" : "2008-03-31",
    "sales" : 0.00,
    "salesGrowthYoY" : 0.00,
    "grossProfitMargin" : 0.00,
    "grossProfit" : 0.00,
    "operatingProfitMargin" : 0.00,
    "operatingProfit" : 0.00,
    "netProfitMargin" : 0.00,
    "netProfit" : 0.00
  }, {
    "date" : "2008-06-30",
    "sales" : 0.17,
    "salesGrowthYoY" : 100.00,
    "grossProfitMargin" : 100.00,
    "grossProfit" : 0.17,
    "operatingProfitMargin" : -211.76,
    "operatingProfit" : -0.36,
    "netProfitMargin" : -70.59,
    "netProfit" : -0.12
  }, {
    "date" : "2008-09-30",
    "sales" : 0.07,
    "salesGrowthYoY" : 100.00,
    "grossProfitMargin" : 100.00,
    "grossProfit" : 0.07,
    "operatingProfitMargin" : -185.71,
    "operatingProfit" : -0.13,
    "netProfitMargin" : 57.14,
    "netProfit" : 0.04
  }, {
    "date" : "2008-12-31",
    "sales" : 0.09,
    "salesGrowthYoY" : 100.00,
    "grossProfitMargin" : 100.00,
    "grossProfit" : 0.09,
    "operatingProfitMargin" : -322.22,
    "operatingProfit" : -0.29,
    "netProfitMargin" : -88.89,
    "netProfit" : -0.08
  }, {
    "date" : "2009-03-31",
    "sales" : 0.14,
    "salesGrowthYoY" : 100.00,
    "grossProfitMargin" : 100.00,
    "grossProfit" : 0.14,
    "operatingProfitMargin" : -150.00,
    "operatingProfit" : -0.21,
    "netProfitMargin" : -35.71,
    "netProfit" : -0.05
  }, {
    "date" : "2009-06-30",
    "sales" : 0.06,
    "salesGrowthYoY" : -64.71,
    "grossProfitMargin" : 100.00,
    "grossProfit" : 0.06,
    "operatingProfitMargin" : -333.33,
    "operatingProfit" : -0.20,
    "netProfitMargin" : -150.00,
    "netProfit" : -0.09
  }, {
    "date" : "2009-09-30",
    "sales" : 0.00,
    "salesGrowthYoY" : -100.00,
    "grossProfitMargin" : 0.00,
    "grossProfit" : 0.00,
    "operatingProfitMargin" : 0.00,
    "operatingProfit" : 0.00,
    "netProfitMargin" : 0.00,
    "netProfit" : 0.00
  }, {
    "date" : "2009-12-31",
    "sales" : 0.00,
    "salesGrowthYoY" : -100.00,
    "grossProfitMargin" : 0.00,
    "grossProfit" : 0.00,
    "operatingProfitMargin" : 0.00,
    "operatingProfit" : 0.00,
    "netProfitMargin" : 0.00,
    "netProfit" : 0.00
  }, {
    "date" : "2010-03-31",
    "sales" : 0.00,
    "salesGrowthYoY" : -100.00,
    "grossProfitMargin" : 0.00,
    "grossProfit" : 0.00,
    "operatingProfitMargin" : 0.00,
    "operatingProfit" : 0.00,
    "netProfitMargin" : 0.00,
    "netProfit" : 0.00
  }, {
    "date" : "2010-06-30",
    "sales" : 0.00,
    "salesGrowthYoY" : -100.00,
    "grossProfitMargin" : 0.00,
    "grossProfit" : 0.00,
    "operatingProfitMargin" : 0.00,
    "operatingProfit" : 0.00,
    "netProfitMargin" : 0.00,
    "netProfit" : 0.00
  }, {
    "date" : "2010-09-30",
    "sales" : 0.00,
    "salesGrowthYoY" : 0.00,
    "grossProfitMargin" : 0.00,
    "grossProfit" : 0.00,
    "operatingProfitMargin" : 0.00,
    "operatingProfit" : 0.00,
    "netProfitMargin" : 0.00,
    "netProfit" : 0.00
  }, {
    "date" : "2010-12-31",
    "sales" : 0.00,
    "salesGrowthYoY" : 0.00,
    "grossProfitMargin" : 0.00,
    "grossProfit" : 0.00,
    "operatingProfitMargin" : 0.00,
    "operatingProfit" : 0.00,
    "netProfitMargin" : 0.00,
    "netProfit" : 0.00
  }, {
    "date" : "2011-03-31",
    "sales" : 0.00,
    "salesGrowthYoY" : 0.00,
    "grossProfitMargin" : 0.00,
    "grossProfit" : 0.00,
    "operatingProfitMargin" : 0.00,
    "operatingProfit" : 0.00,
    "netProfitMargin" : 0.00,
    "netProfit" : 0.00
  }, {
    "date" : "2011-06-30",
    "sales" : 0.00,
    "salesGrowthYoY" : 0.00,
    "grossProfitMargin" : 0.00,
    "grossProfit" : 0.00,
    "operatingProfitMargin" : 0.00,
    "operatingProfit" : 0.00,
    "netProfitMargin" : 0.00,
    "netProfit" : 0.00
  }, {
    "date" : "2011-09-30",
    "sales" : 0.00,
    "salesGrowthYoY" : 0.00,
    "grossProfitMargin" : 0.00,
    "grossProfit" : 0.00,
    "operatingProfitMargin" : 0.00,
    "operatingProfit" : 0.00,
    "netProfitMargin" : 0.00,
    "netProfit" : 0.00
  }, {
    "date" : "2011-12-31",
    "sales" : 0.00,
    "salesGrowthYoY" : 0.00,
    "grossProfitMargin" : 0.00,
    "grossProfit" : 0.00,
    "operatingProfitMargin" : 0.00,
    "operatingProfit" : 0.00,
    "netProfitMargin" : 0.00,
    "netProfit" : 0.00
  }, {
    "date" : "2012-03-31",
    "sales" : 0.00,
    "salesGrowthYoY" : 0.00,
    "grossProfitMargin" : 0.00,
    "grossProfit" : 0.00,
    "operatingProfitMargin" : 0.00,
    "operatingProfit" : 0.00,
    "netProfitMargin" : 0.00,
    "netProfit" : 0.00
  }, {
    "date" : "2012-06-30",
    "sales" : 0.00,
    "salesGrowthYoY" : 0.00,
    "grossProfitMargin" : 0.00,
    "grossProfit" : 0.00,
    "operatingProfitMargin" : 0.00,
    "operatingProfit" : 0.00,
    "netProfitMargin" : 0.00,
    "netProfit" : 0.00
  }, {
    "date" : "2012-09-30",
    "sales" : 0.00,
    "salesGrowthYoY" : 0.00,
    "grossProfitMargin" : 0.00,
    "grossProfit" : 0.00,
    "operatingProfitMargin" : 0.00,
    "operatingProfit" : 0.00,
    "netProfitMargin" : 0.00,
    "netProfit" : 0.00
  }, {
    "date" : "2012-12-31",
    "sales" : 0.00,
    "salesGrowthYoY" : 0.00,
    "grossProfitMargin" : 0.00,
    "grossProfit" : 0.00,
    "operatingProfitMargin" : 0.00,
    "operatingProfit" : 0.00,
    "netProfitMargin" : 0.00,
    "netProfit" : 0.00
  }, {
    "date" : "2013-03-31",
    "sales" : 0.00,
    "salesGrowthYoY" : 0.00,
    "grossProfitMargin" : 0.00,
    "grossProfit" : 0.00,
    "operatingProfitMargin" : 0.00,
    "operatingProfit" : 0.00,
    "netProfitMargin" : 0.00,
    "netProfit" : 0.00
  }, {
    "date" : "2013-06-30",
    "sales" : 0.00,
    "salesGrowthYoY" : 0.00,
    "grossProfitMargin" : 0.00,
    "grossProfit" : 0.00,
    "operatingProfitMargin" : 0.00,
    "operatingProfit" : 0.00,
    "netProfitMargin" : 0.00,
    "netProfit" : 0.00
  }, {
    "date" : "2013-09-30",
    "sales" : 0.00,
    "salesGrowthYoY" : 0.00,
    "grossProfitMargin" : 0.00,
    "grossProfit" : 0.00,
    "operatingProfitMargin" : 0.00,
    "operatingProfit" : 0.00,
    "netProfitMargin" : 0.00,
    "netProfit" : 0.00
  }, {
    "date" : "2013-12-31",
    "sales" : 0.00,
    "salesGrowthYoY" : 0.00,
    "grossProfitMargin" : 0.00,
    "grossProfit" : 0.00,
    "operatingProfitMargin" : 0.00,
    "operatingProfit" : 0.00,
    "netProfitMargin" : 0.00,
    "netProfit" : 0.00
  }, {
    "date" : "2014-03-31",
    "sales" : 0.00,
    "salesGrowthYoY" : 0.00,
    "grossProfitMargin" : 0.00,
    "grossProfit" : 0.00,
    "operatingProfitMargin" : 0.00,
    "operatingProfit" : 0.00,
    "netProfitMargin" : 0.00,
    "netProfit" : 0.00
  }, {
    "date" : "2014-06-30",
    "sales" : 0.00,
    "salesGrowthYoY" : 0.00,
    "grossProfitMargin" : 0.00,
    "grossProfit" : 0.00,
    "operatingProfitMargin" : 0.00,
    "operatingProfit" : 0.00,
    "netProfitMargin" : 0.00,
    "netProfit" : 0.00
  }, {
    "date" : "2014-09-30",
    "sales" : 0.00,
    "salesGrowthYoY" : 0.00,
    "grossProfitMargin" : 0.00,
    "grossProfit" : 0.00,
    "operatingProfitMargin" : 0.00,
    "operatingProfit" : 0.00,
    "netProfitMargin" : 0.00,
    "netProfit" : 0.00
  }, {
    "date" : "2014-12-31",
    "sales" : 0.00,
    "salesGrowthYoY" : 0.00,
    "grossProfitMargin" : 0.00,
    "grossProfit" : 0.00,
    "operatingProfitMargin" : 0.00,
    "operatingProfit" : 0.00,
    "netProfitMargin" : 0.00,
    "netProfit" : 0.00
  }, {
    "date" : "2015-03-31",
    "sales" : 0.00,
    "salesGrowthYoY" : 0.00,
    "grossProfitMargin" : 0.00,
    "grossProfit" : 0.00,
    "operatingProfitMargin" : 0.00,
    "operatingProfit" : 0.00,
    "netProfitMargin" : 0.00,
    "netProfit" : 0.00
  }, {
    "date" : "2015-06-30",
    "sales" : 0.00,
    "salesGrowthYoY" : 0.00,
    "grossProfitMargin" : 0.00,
    "grossProfit" : 0.00,
    "operatingProfitMargin" : 0.00,
    "operatingProfit" : 0.00,
    "netProfitMargin" : 0.00,
    "netProfit" : 0.00
  }, {
    "date" : "2015-09-30",
    "sales" : 0.00,
    "salesGrowthYoY" : 0.00,
    "grossProfitMargin" : 0.00,
    "grossProfit" : 0.00,
    "operatingProfitMargin" : 0.00,
    "operatingProfit" : 0.00,
    "netProfitMargin" : 0.00,
    "netProfit" : 0.00
  }, {
    "date" : "2015-12-31",
    "sales" : 0.00,
    "salesGrowthYoY" : 0.00,
    "grossProfitMargin" : 0.00,
    "grossProfit" : 0.00,
    "operatingProfitMargin" : 0.00,
    "operatingProfit" : 0.00,
    "netProfitMargin" : 0.00,
    "netProfit" : 0.00
  }, {
    "date" : "2016-03-31",
    "sales" : 0.00,
    "salesGrowthYoY" : 0.00,
    "grossProfitMargin" : 0.00,
    "grossProfit" : 0.00,
    "operatingProfitMargin" : 0.00,
    "operatingProfit" : 0.00,
    "netProfitMargin" : 0.00,
    "netProfit" : 0.00
  }, {
    "date" : "2016-06-30",
    "sales" : 0.00,
    "salesGrowthYoY" : 0.00,
    "grossProfitMargin" : 0.00,
    "grossProfit" : 0.00,
    "operatingProfitMargin" : 0.00,
    "operatingProfit" : 0.00,
    "netProfitMargin" : 0.00,
    "netProfit" : 0.00
  }, {
    "date" : "2016-09-30",
    "sales" : 0.00,
    "salesGrowthYoY" : 0.00,
    "grossProfitMargin" : 0.00,
    "grossProfit" : 0.00,
    "operatingProfitMargin" : 0.00,
    "operatingProfit" : 0.00,
    "netProfitMargin" : 0.00,
    "netProfit" : 0.00
  }, {
    "date" : "2016-12-31",
    "sales" : 0.00,
    "salesGrowthYoY" : 0.00,
    "grossProfitMargin" : 0.00,
    "grossProfit" : 0.00,
    "operatingProfitMargin" : 0.00,
    "operatingProfit" : 0.00,
    "netProfitMargin" : 0.00,
    "netProfit" : 0.00
  }, {
    "date" : "2017-03-31",
    "sales" : 0.00,
    "salesGrowthYoY" : 0.00,
    "grossProfitMargin" : 0.00,
    "grossProfit" : 0.00,
    "operatingProfitMargin" : 0.00,
    "operatingProfit" : 0.00,
    "netProfitMargin" : 0.00,
    "netProfit" : 0.00
  }, {
    "date" : "2017-06-30",
    "sales" : 0.00,
    "salesGrowthYoY" : 0.00,
    "grossProfitMargin" : 0.00,
    "grossProfit" : 0.00,
    "operatingProfitMargin" : 0.00,
    "operatingProfit" : 0.00,
    "netProfitMargin" : 0.00,
    "netProfit" : 0.00
  }, {
    "date" : "2017-09-30",
    "sales" : 0.11,
    "salesGrowthYoY" : 100.00,
    "grossProfitMargin" : 100.00,
    "grossProfit" : 0.11,
    "operatingProfitMargin" : -436.36,
    "operatingProfit" : -0.48,
    "netProfitMargin" : -436.36,
    "netProfit" : -0.48
  }, {
    "date" : "2017-12-31",
    "sales" : 0.00,
    "salesGrowthYoY" : 0.00,
    "grossProfitMargin" : 0.00,
    "grossProfit" : 0.00,
    "operatingProfitMargin" : 0.00,
    "operatingProfit" : 0.00,
    "netProfitMargin" : 0.00,
    "netProfit" : 0.00
  }, {
    "date" : "2018-03-31",
    "sales" : 0.08,
    "salesGrowthYoY" : 100.00,
    "grossProfitMargin" : 100.00,
    "grossProfit" : 0.08,
    "operatingProfitMargin" : -800.00,
    "operatingProfit" : -0.64,
    "netProfitMargin" : -800.00,
    "netProfit" : -0.64
  }, {
    "date" : "2018-06-30",
    "sales" : 0.00,
    "salesGrowthYoY" : 0.00,
    "grossProfitMargin" : 0.00,
    "grossProfit" : 0.00,
    "operatingProfitMargin" : 0.00,
    "operatingProfit" : 0.00,
    "netProfitMargin" : 0.00,
    "netProfit" : 0.00
  }, {
    "date" : "2018-09-30",
    "sales" : 0.07,
    "salesGrowthYoY" : -36.36,
    "grossProfitMargin" : 100.00,
    "grossProfit" : 0.07,
    "operatingProfitMargin" : -771.43,
    "operatingProfit" : -0.54,
    "netProfitMargin" : -771.43,
    "netProfit" : -0.54
  }, {
    "date" : "2018-12-31",
    "sales" : 0.06,
    "salesGrowthYoY" : 100.00,
    "grossProfitMargin" : 100.00,
    "grossProfit" : 0.06,
    "operatingProfitMargin" : -1033.33,
    "operatingProfit" : -0.62,
    "netProfitMargin" : -1033.33,
    "netProfit" : -0.62
  }, {
    "date" : "2019-03-31",
    "sales" : 0.05,
    "salesGrowthYoY" : -37.50,
    "grossProfitMargin" : 100.00,
    "grossProfit" : 0.05,
    "operatingProfitMargin" : -1280.00,
    "operatingProfit" : -0.64,
    "netProfitMargin" : -1280.00,
    "netProfit" : -0.64
  }, {
    "date" : "2019-06-30",
    "sales" : 0.15,
    "salesGrowthYoY" : 100.00,
    "grossProfitMargin" : 100.00,
    "grossProfit" : 0.15,
    "operatingProfitMargin" : -353.33,
    "operatingProfit" : -0.53,
    "netProfitMargin" : -353.33,
    "netProfit" : -0.53
  }, {
    "date" : "2019-09-30",
    "sales" : 0.15,
    "salesGrowthYoY" : 114.29,
    "grossProfitMargin" : 100.00,
    "grossProfit" : 0.15,
    "operatingProfitMargin" : -413.33,
    "operatingProfit" : -0.62,
    "netProfitMargin" : -413.33,
    "netProfit" : -0.62
  }, {
    "date" : "2019-12-31",
    "sales" : 0.13,
    "salesGrowthYoY" : 116.67,
    "grossProfitMargin" : 100.00,
    "grossProfit" : 0.13,
    "operatingProfitMargin" : -415.38,
    "operatingProfit" : -0.54,
    "netProfitMargin" : -415.38,
    "netProfit" : -0.54
  }, {
    "date" : "2020-03-31",
    "sales" : 0.37,
    "salesGrowthYoY" : 640.00,
    "grossProfitMargin" : 100.00,
    "grossProfit" : 0.37,
    "operatingProfitMargin" : -172.97,
    "operatingProfit" : -0.64,
    "netProfitMargin" : -172.97,
    "netProfit" : -0.64
  }, {
    "date" : "2020-06-30",
    "sales" : 0.11,
    "salesGrowthYoY" : -26.67,
    "grossProfitMargin" : 100.00,
    "grossProfit" : 0.11,
    "operatingProfitMargin" : -463.64,
    "operatingProfit" : -0.51,
    "netProfitMargin" : -463.64,
    "netProfit" : -0.51
  }, {
    "date" : "2020-09-30",
    "sales" : 0.11,
    "salesGrowthYoY" : -26.67,
    "grossProfitMargin" : 100.00,
    "grossProfit" : 0.11,
    "operatingProfitMargin" : -1081.82,
    "operatingProfit" : -1.19,
    "netProfitMargin" : -1081.82,
    "netProfit" : -1.19
  }, {
    "date" : "2020-12-31",
    "sales" : 0.25,
    "salesGrowthYoY" : 92.31,
    "grossProfitMargin" : 100.00,
    "grossProfit" : 0.25,
    "operatingProfitMargin" : -244.00,
    "operatingProfit" : -0.61,
    "netProfitMargin" : -244.00,
    "netProfit" : -0.61
  }, {
    "date" : "2021-03-31",
    "sales" : 0.25,
    "salesGrowthYoY" : -32.43,
    "grossProfitMargin" : 100.00,
    "grossProfit" : 0.25,
    "operatingProfitMargin" : -288.00,
    "operatingProfit" : -0.72,
    "netProfitMargin" : -292.00,
    "netProfit" : -0.73
  }, {
    "date" : "2021-06-30",
    "sales" : 0.27,
    "salesGrowthYoY" : 145.45,
    "grossProfitMargin" : 100.00,
    "grossProfit" : 0.27,
    "operatingProfitMargin" : -251.85,
    "operatingProfit" : -0.68,
    "netProfitMargin" : -251.85,
    "netProfit" : -0.68
  }, {
    "date" : "2021-09-30",
    "sales" : 0.19,
    "salesGrowthYoY" : 72.73,
    "grossProfitMargin" : 100.00,
    "grossProfit" : 0.19,
    "operatingProfitMargin" : -326.32,
    "operatingProfit" : -0.62,
    "netProfitMargin" : -326.32,
    "netProfit" : -0.62
  }, {
    "date" : "2021-12-31",
    "sales" : 0.19,
    "salesGrowthYoY" : -24.00,
    "grossProfitMargin" : 100.00,
    "grossProfit" : 0.19,
    "operatingProfitMargin" : -294.74,
    "operatingProfit" : -0.56,
    "netProfitMargin" : -294.74,
    "netProfit" : -0.56
  }, {
    "date" : "2022-03-31",
    "sales" : 0.11,
    "salesGrowthYoY" : -56.00,
    "grossProfitMargin" : 100.00,
    "grossProfit" : 0.11,
    "operatingProfitMargin" : -690.91,
    "operatingProfit" : -0.76,
    "netProfitMargin" : -700.00,
    "netProfit" : -0.77
  }, {
    "date" : "2022-06-30",
    "sales" : 0.20,
    "salesGrowthYoY" : -25.93,
    "grossProfitMargin" : 100.00,
    "grossProfit" : 0.20,
    "operatingProfitMargin" : -195.00,
    "operatingProfit" : -0.39,
    "netProfitMargin" : -195.00,
    "netProfit" : -0.39
  }, {
    "date" : "2022-09-30",
    "sales" : 0.05,
    "salesGrowthYoY" : -73.68,
    "grossProfitMargin" : 100.00,
    "grossProfit" : 0.05,
    "operatingProfitMargin" : -1320.00,
    "operatingProfit" : -0.66,
    "netProfitMargin" : -1320.00,
    "netProfit" : -0.66
  }, {
    "date" : "2022-12-31",
    "sales" : 0.00,
    "salesGrowthYoY" : -100.00,
    "grossProfitMargin" : 0.00,
    "grossProfit" : 0.00,
    "operatingProfitMargin" : 0.00,
    "operatingProfit" : 0.00,
    "netProfitMargin" : 0.00,
    "netProfit" : 0.00
  }, {
    "date" : "2023-03-31",
    "sales" : 0.09,
    "salesGrowthYoY" : -18.18,
    "grossProfitMargin" : 100.00,
    "grossProfit" : 0.09,
    "operatingProfitMargin" : -944.44,
    "operatingProfit" : -0.85,
    "netProfitMargin" : -1033.33,
    "netProfit" : -0.93
  }, {
    "date" : "2023-06-30",
    "sales" : 0.01,
    "salesGrowthYoY" : -95.00,
    "grossProfitMargin" : 100.00,
    "grossProfit" : 0.01,
    "operatingProfitMargin" : -8600.00,
    "operatingProfit" : -0.86,
    "netProfitMargin" : -8600.00,
    "netProfit" : -0.86
  }, {
    "date" : "2023-09-30",
    "sales" : 0.03,
    "salesGrowthYoY" : -40.00,
    "grossProfitMargin" : 100.00,
    "grossProfit" : 0.03,
    "operatingProfitMargin" : -5733.33,
    "operatingProfit" : -1.72,
    "netProfitMargin" : -5733.33,
    "netProfit" : -1.72
  }, {
    "date" : "2023-12-31",
    "sales" : 0.04,
    "salesGrowthYoY" : 100.00,
    "grossProfitMargin" : 100.00,
    "grossProfit" : 0.04,
    "operatingProfitMargin" : -8200.00,
    "operatingProfit" : -3.28,
    "netProfitMargin" : -8200.00,
    "netProfit" : -3.28
  }, {
    "date" : "2024-03-31",
    "sales" : 0.16,
    "salesGrowthYoY" : 77.78,
    "grossProfitMargin" : 100.00,
    "grossProfit" : 0.16,
    "operatingProfitMargin" : -1306.25,
    "operatingProfit" : -2.09,
    "netProfitMargin" : -2562.50,
    "netProfit" : -4.10
  }, {
    "date" : "2024-06-30",
    "sales" : 0.37,
    "salesGrowthYoY" : 3600.00,
    "grossProfitMargin" : 100.00,
    "grossProfit" : 0.37,
    "operatingProfitMargin" : -870.27,
    "operatingProfit" : -3.22,
    "netProfitMargin" : -900.00,
    "netProfit" : -3.33
  }, {
    "date" : "2024-09-30",
    "sales" : 0.89,
    "salesGrowthYoY" : 2866.67,
    "grossProfitMargin" : 100.00,
    "grossProfit" : 0.89,
    "operatingProfitMargin" : -1676.40,
    "operatingProfit" : -14.92,
    "netProfitMargin" : -1688.76,
    "netProfit" : -15.03
  }, {
    "date" : "2024-12-31",
    "sales" : 1.53,
    "salesGrowthYoY" : 3725.00,
    "grossProfitMargin" : 98.04,
    "grossProfit" : 1.50,
    "operatingProfitMargin" : -708.50,
    "operatingProfit" : -10.84,
    "netProfitMargin" : -858.17,
    "netProfit" : -13.13
  }, {
    "date" : "2025-03-31",
    "sales" : 1.72,
    "salesGrowthYoY" : 975.00,
    "grossProfitMargin" : 100.00,
    "grossProfit" : 1.72,
    "operatingProfitMargin" : -718.02,
    "operatingProfit" : -12.35,
    "netProfitMargin" : -884.88,
    "netProfit" : -15.22
  }, {
    "date" : "2025-06-30",
    "sales" : 3.12,
    "salesGrowthYoY" : 743.24,
    "grossProfitMargin" : 100.00,
    "grossProfit" : 3.12,
    "operatingProfitMargin" : -379.17,
    "operatingProfit" : -11.83,
    "netProfitMargin" : -499.68,
    "netProfit" : -15.59
  }, {
    "date" : "2025-09-30",
    "sales" : 8.60,
    "salesGrowthYoY" : 866.29,
    "grossProfitMargin" : 100.00,
    "grossProfit" : 8.60,
    "operatingProfitMargin" : 29.07,
    "operatingProfit" : 2.50,
    "netProfitMargin" : -29.30,
    "netProfit" : -2.52
  } ],
  "latestQuarterlyResult" : {
    "date" : "2025-09-30",
    "sales" : 8.60,
    "salesGrowthYoY" : 866.29,
    "grossProfitMargin" : 100.00,
    "grossProfit" : 8.60,
    "operatingProfitMargin" : 29.07,
    "operatingProfit" : 2.50,
    "netProfitMargin" : -29.30,
    "netProfit" : -2.52
  },
  "companyScore" : {
    "priceHigherThanDma50" : 0.00,
    "priceHigherThanDma100" : 0.00,
    "priceHigherThanDma200" : 0.00,
    "dma50HigherThanDma100" : 0.00,
    "dma50HigherThanDma200" : 5.00,
    "dma100HigherThanDma200" : 5.00,
    "pricePercentageAboveDma50" : 5.47,
    "pricePercentageAboveDma100" : 5.62,
    "pricePercentageAboveDma200" : 5.47,
    "weeklyVolumeHigherThanYearlyVolume" : 0.00,
    "salesGrowthPercentile" : 18.99,
    "operatingProfitMarginPercentile" : 20.00,
    "netProfitMarginPercentile" : 9.90,
    "totalTechnicalScore" : 26.56,
    "totalFundamentalScore" : 48.89,
    "totalScore" : 75.45
  }
}