{
  "metadata" : {
    "screenerCompanyId" : "802165",
    "companyCode" : "514330",
    "companyName" : "One Global Serv",
    "screenerCompanyLink" : "https://www.screener.in/company/514330/",
    "screenerTechnicalHistoryLink" : "https://www.screener.in/api/company/802165/chart/?q=Price-DMA50-DMA200-Volume&days=365",
    "screenerQuarterlyResultsLink" : "https://www.screener.in/api/company/802165/chart/?q=GPM-OPM-NPM-Quarter+Sales&days=10000",
    "attributes" : {
      "companyCode" : "514330",
      "companyName" : "One Global Serv",
      "marketCap" : 1297.00,
      "peRatio" : 29.60,
      "description" : "Incorporated in 1992, One Global Service Provider Ltd is in the business of healthcare services[1]"
    },
    "companyScore" : {
      "priceHigherThanDma50" : 5.00,
      "priceHigherThanDma100" : 5.00,
      "priceHigherThanDma200" : 5.00,
      "dma50HigherThanDma100" : 5.00,
      "dma50HigherThanDma200" : 5.00,
      "dma100HigherThanDma200" : 5.00,
      "pricePercentageAboveDma50" : 2.84,
      "pricePercentageAboveDma100" : 0.51,
      "pricePercentageAboveDma200" : 0.00,
      "weeklyVolumeHigherThanYearlyVolume" : 5.00,
      "salesGrowthPercentile" : 19.75,
      "operatingProfitMarginPercentile" : 18.47,
      "netProfitMarginPercentile" : 9.18,
      "totalTechnicalScore" : 38.35,
      "totalFundamentalScore" : 47.40,
      "totalScore" : 85.75
    }
  },
  "attributes" : {
    "companyCode" : "514330",
    "companyName" : "One Global Serv",
    "marketCap" : 1297.00,
    "peRatio" : 29.60,
    "description" : "Incorporated in 1992, One Global Service Provider Ltd is in the business of healthcare services[1]"
  },
  "technicalHistory" : [ {
    "date" : "2024-12-18",
    "price" : 301.00,
    "dma50" : 205.84,
    "dma100" : null,
    "dma200" : 142.33,
    "volume" : 4283.00
  }, {
    "date" : "2024-12-19",
    "price" : 316.05,
    "dma50" : 210.16,
    "dma100" : null,
    "dma200" : 144.06,
    "volume" : 20478.00
  }, {
    "date" : "2024-12-20",
    "price" : 331.85,
    "dma50" : 214.94,
    "dma100" : null,
    "dma200" : 145.93,
    "volume" : 4982.00
  }, {
    "date" : "2024-12-23",
    "price" : 338.45,
    "dma50" : 219.78,
    "dma100" : null,
    "dma200" : 147.84,
    "volume" : 17101.00
  }, {
    "date" : "2024-12-24",
    "price" : 345.20,
    "dma50" : 224.70,
    "dma100" : null,
    "dma200" : 149.80,
    "volume" : 3997.00
  }, {
    "date" : "2024-12-26",
    "price" : 352.10,
    "dma50" : 229.69,
    "dma100" : null,
    "dma200" : 151.82,
    "volume" : 3720.00
  }, {
    "date" : "2024-12-27",
    "price" : 345.10,
    "dma50" : 234.22,
    "dma100" : null,
    "dma200" : 153.74,
    "volume" : 14624.00
  }, {
    "date" : "2024-12-30",
    "price" : 338.20,
    "dma50" : 238.30,
    "dma100" : null,
    "dma200" : 155.58,
    "volume" : 3599.00
  }, {
    "date" : "2024-12-31",
    "price" : 331.45,
    "dma50" : 241.95,
    "dma100" : null,
    "dma200" : 157.33,
    "volume" : 3090.00
  }, {
    "date" : "2025-01-01",
    "price" : 324.85,
    "dma50" : 245.20,
    "dma100" : null,
    "dma200" : 158.99,
    "volume" : 2119.00
  }, {
    "date" : "2025-01-02",
    "price" : 331.30,
    "dma50" : 248.58,
    "dma100" : null,
    "dma200" : 160.71,
    "volume" : 6985.00
  }, {
    "date" : "2025-01-03",
    "price" : 337.90,
    "dma50" : 252.08,
    "dma100" : null,
    "dma200" : 162.47,
    "volume" : 1307.00
  }, {
    "date" : "2025-01-06",
    "price" : 331.15,
    "dma50" : 255.18,
    "dma100" : null,
    "dma200" : 164.15,
    "volume" : 8042.00
  }, {
    "date" : "2025-01-07",
    "price" : 324.55,
    "dma50" : 257.90,
    "dma100" : null,
    "dma200" : 165.75,
    "volume" : 10083.00
  }, {
    "date" : "2025-01-08",
    "price" : 330.95,
    "dma50" : 260.77,
    "dma100" : null,
    "dma200" : 167.39,
    "volume" : 6473.00
  }, {
    "date" : "2025-01-09",
    "price" : 337.55,
    "dma50" : 263.78,
    "dma100" : null,
    "dma200" : 169.08,
    "volume" : 1308.00
  }, {
    "date" : "2025-01-10",
    "price" : 344.30,
    "dma50" : 266.94,
    "dma100" : null,
    "dma200" : 170.83,
    "volume" : 4196.00
  }, {
    "date" : "2025-01-13",
    "price" : 338.00,
    "dma50" : 269.72,
    "dma100" : null,
    "dma200" : 172.49,
    "volume" : 2704.00
  }, {
    "date" : "2025-01-14",
    "price" : 344.75,
    "dma50" : 272.66,
    "dma100" : null,
    "dma200" : 174.20,
    "volume" : 3823.00
  }, {
    "date" : "2025-01-15",
    "price" : 342.00,
    "dma50" : 275.38,
    "dma100" : null,
    "dma200" : 175.87,
    "volume" : 3225.00
  }, {
    "date" : "2025-01-16",
    "price" : 339.00,
    "dma50" : 277.88,
    "dma100" : null,
    "dma200" : 177.50,
    "volume" : 1557.00
  }, {
    "date" : "2025-01-17",
    "price" : 332.25,
    "dma50" : 280.01,
    "dma100" : null,
    "dma200" : 179.04,
    "volume" : 2216.00
  }, {
    "date" : "2025-01-20",
    "price" : 338.85,
    "dma50" : 282.32,
    "dma100" : null,
    "dma200" : 180.63,
    "volume" : 4895.00
  }, {
    "date" : "2025-01-21",
    "price" : 335.00,
    "dma50" : 284.38,
    "dma100" : null,
    "dma200" : 182.16,
    "volume" : 1494.00
  }, {
    "date" : "2025-01-22",
    "price" : 328.30,
    "dma50" : 286.11,
    "dma100" : null,
    "dma200" : 183.62,
    "volume" : 1334.00
  }, {
    "date" : "2025-01-23",
    "price" : 321.75,
    "dma50" : 287.50,
    "dma100" : null,
    "dma200" : 184.99,
    "volume" : 4194.00
  }, {
    "date" : "2025-01-24",
    "price" : 315.35,
    "dma50" : 288.60,
    "dma100" : null,
    "dma200" : 186.29,
    "volume" : 2071.00
  }, {
    "date" : "2025-01-27",
    "price" : 299.60,
    "dma50" : 289.03,
    "dma100" : null,
    "dma200" : 187.42,
    "volume" : 3005.00
  }, {
    "date" : "2025-01-28",
    "price" : 284.65,
    "dma50" : 288.86,
    "dma100" : null,
    "dma200" : 188.38,
    "volume" : 1613.00
  }, {
    "date" : "2025-01-29",
    "price" : 270.45,
    "dma50" : 288.13,
    "dma100" : null,
    "dma200" : 189.20,
    "volume" : 2423.00
  }, {
    "date" : "2025-01-30",
    "price" : 256.95,
    "dma50" : 286.91,
    "dma100" : null,
    "dma200" : 189.87,
    "volume" : 3728.00
  }, {
    "date" : "2025-01-31",
    "price" : 269.35,
    "dma50" : 286.22,
    "dma100" : null,
    "dma200" : 190.66,
    "volume" : 28165.00
  }, {
    "date" : "2025-02-01",
    "price" : 282.80,
    "dma50" : 286.09,
    "dma100" : null,
    "dma200" : 191.58,
    "volume" : 4441.00
  }, {
    "date" : "2025-02-03",
    "price" : 283.05,
    "dma50" : 285.97,
    "dma100" : null,
    "dma200" : 192.49,
    "volume" : 12522.00
  }, {
    "date" : "2025-02-04",
    "price" : 273.55,
    "dma50" : 285.48,
    "dma100" : null,
    "dma200" : 193.30,
    "volume" : 7672.00
  }, {
    "date" : "2025-02-05",
    "price" : 268.30,
    "dma50" : 284.81,
    "dma100" : null,
    "dma200" : 194.04,
    "volume" : 8422.00
  }, {
    "date" : "2025-02-06",
    "price" : 263.95,
    "dma50" : 283.99,
    "dma100" : null,
    "dma200" : 194.74,
    "volume" : 5256.00
  }, {
    "date" : "2025-02-07",
    "price" : 264.00,
    "dma50" : 283.21,
    "dma100" : null,
    "dma200" : 195.43,
    "volume" : 1587.00
  }, {
    "date" : "2025-02-10",
    "price" : 250.80,
    "dma50" : 281.94,
    "dma100" : null,
    "dma200" : 195.98,
    "volume" : 5441.00
  }, {
    "date" : "2025-02-11",
    "price" : 238.30,
    "dma50" : 280.22,
    "dma100" : null,
    "dma200" : 196.40,
    "volume" : 3833.00
  }, {
    "date" : "2025-02-12",
    "price" : 250.20,
    "dma50" : 279.05,
    "dma100" : null,
    "dma200" : 196.94,
    "volume" : 15549.00
  }, {
    "date" : "2025-02-13",
    "price" : 262.70,
    "dma50" : 278.41,
    "dma100" : null,
    "dma200" : 197.59,
    "volume" : 500.00
  }, {
    "date" : "2025-02-14",
    "price" : 275.80,
    "dma50" : 278.30,
    "dma100" : null,
    "dma200" : 198.37,
    "volume" : 3742.00
  }, {
    "date" : "2025-02-17",
    "price" : 289.55,
    "dma50" : 278.74,
    "dma100" : null,
    "dma200" : 199.28,
    "volume" : 20053.00
  }, {
    "date" : "2025-02-18",
    "price" : 304.00,
    "dma50" : 279.74,
    "dma100" : null,
    "dma200" : 200.32,
    "volume" : 6032.00
  }, {
    "date" : "2025-02-19",
    "price" : 297.95,
    "dma50" : 280.45,
    "dma100" : null,
    "dma200" : 201.29,
    "volume" : 16024.00
  }, {
    "date" : "2025-02-20",
    "price" : 292.00,
    "dma50" : 280.90,
    "dma100" : null,
    "dma200" : 202.19,
    "volume" : 2877.00
  }, {
    "date" : "2025-02-21",
    "price" : 297.80,
    "dma50" : 281.57,
    "dma100" : null,
    "dma200" : 203.14,
    "volume" : 2973.00
  }, {
    "date" : "2025-02-24",
    "price" : 303.70,
    "dma50" : 282.43,
    "dma100" : null,
    "dma200" : 204.14,
    "volume" : 2722.00
  }, {
    "date" : "2025-02-25",
    "price" : 309.75,
    "dma50" : 283.50,
    "dma100" : null,
    "dma200" : 205.19,
    "volume" : 2123.00
  }, {
    "date" : "2025-02-27",
    "price" : 303.60,
    "dma50" : 284.29,
    "dma100" : null,
    "dma200" : 206.17,
    "volume" : 1855.00
  }, {
    "date" : "2025-02-28",
    "price" : 297.55,
    "dma50" : 284.81,
    "dma100" : null,
    "dma200" : 207.08,
    "volume" : 2004.00
  }, {
    "date" : "2025-03-03",
    "price" : 291.60,
    "dma50" : 285.08,
    "dma100" : null,
    "dma200" : 207.92,
    "volume" : 704.00
  }, {
    "date" : "2025-03-04",
    "price" : 285.80,
    "dma50" : 285.11,
    "dma100" : null,
    "dma200" : 208.70,
    "volume" : 1105.00
  }, {
    "date" : "2025-03-05",
    "price" : 280.10,
    "dma50" : 284.91,
    "dma100" : null,
    "dma200" : 209.41,
    "volume" : 4345.00
  }, {
    "date" : "2025-03-06",
    "price" : 274.50,
    "dma50" : 284.50,
    "dma100" : null,
    "dma200" : 210.06,
    "volume" : 1634.00
  }, {
    "date" : "2025-03-07",
    "price" : 279.95,
    "dma50" : 284.32,
    "dma100" : null,
    "dma200" : 210.75,
    "volume" : 1708.00
  }, {
    "date" : "2025-03-10",
    "price" : 285.50,
    "dma50" : 284.37,
    "dma100" : null,
    "dma200" : 211.50,
    "volume" : 1018.00
  }, {
    "date" : "2025-03-11",
    "price" : 283.60,
    "dma50" : 284.34,
    "dma100" : null,
    "dma200" : 212.21,
    "volume" : 1555.00
  }, {
    "date" : "2025-03-12",
    "price" : 277.95,
    "dma50" : 284.09,
    "dma100" : null,
    "dma200" : 212.87,
    "volume" : 515.00
  }, {
    "date" : "2025-03-13",
    "price" : 283.45,
    "dma50" : 284.06,
    "dma100" : null,
    "dma200" : 213.57,
    "volume" : 3300.00
  }, {
    "date" : "2025-03-17",
    "price" : 289.00,
    "dma50" : 284.26,
    "dma100" : null,
    "dma200" : 214.32,
    "volume" : 1848.00
  }, {
    "date" : "2025-03-18",
    "price" : 294.75,
    "dma50" : 284.67,
    "dma100" : null,
    "dma200" : 215.12,
    "volume" : 6299.00
  }, {
    "date" : "2025-03-19",
    "price" : 300.60,
    "dma50" : 285.29,
    "dma100" : null,
    "dma200" : 215.97,
    "volume" : 1708.00
  }, {
    "date" : "2025-03-20",
    "price" : 306.60,
    "dma50" : 286.13,
    "dma100" : null,
    "dma200" : 216.87,
    "volume" : 1821.00
  }, {
    "date" : "2025-03-21",
    "price" : 312.70,
    "dma50" : 287.17,
    "dma100" : null,
    "dma200" : 217.83,
    "volume" : 538.00
  }, {
    "date" : "2025-03-24",
    "price" : 328.30,
    "dma50" : 288.78,
    "dma100" : null,
    "dma200" : 218.93,
    "volume" : 2567.00
  }, {
    "date" : "2025-03-25",
    "price" : 344.70,
    "dma50" : 290.98,
    "dma100" : null,
    "dma200" : 220.18,
    "volume" : 1618.00
  }, {
    "date" : "2025-03-26",
    "price" : 361.90,
    "dma50" : 293.76,
    "dma100" : null,
    "dma200" : 221.59,
    "volume" : 2442.00
  }, {
    "date" : "2025-03-27",
    "price" : 352.30,
    "dma50" : 296.05,
    "dma100" : null,
    "dma200" : 222.89,
    "volume" : 15581.00
  }, {
    "date" : "2025-03-28",
    "price" : 369.75,
    "dma50" : 298.94,
    "dma100" : null,
    "dma200" : 224.35,
    "volume" : 10267.00
  }, {
    "date" : "2025-04-01",
    "price" : 388.20,
    "dma50" : 302.44,
    "dma100" : null,
    "dma200" : 225.98,
    "volume" : 8249.00
  }, {
    "date" : "2025-04-02",
    "price" : 407.60,
    "dma50" : 306.57,
    "dma100" : null,
    "dma200" : 227.79,
    "volume" : 9429.00
  }, {
    "date" : "2025-04-03",
    "price" : 399.45,
    "dma50" : 310.21,
    "dma100" : null,
    "dma200" : 229.50,
    "volume" : 4685.00
  }, {
    "date" : "2025-04-04",
    "price" : 391.50,
    "dma50" : 313.40,
    "dma100" : null,
    "dma200" : 231.11,
    "volume" : 3845.00
  }, {
    "date" : "2025-04-07",
    "price" : 383.70,
    "dma50" : 316.16,
    "dma100" : null,
    "dma200" : 232.63,
    "volume" : 290.00
  }, {
    "date" : "2025-04-08",
    "price" : 376.05,
    "dma50" : 318.50,
    "dma100" : null,
    "dma200" : 234.05,
    "volume" : 2150.00
  }, {
    "date" : "2025-04-09",
    "price" : 368.55,
    "dma50" : 320.47,
    "dma100" : null,
    "dma200" : 235.39,
    "volume" : 1036.00
  }, {
    "date" : "2025-04-11",
    "price" : 361.20,
    "dma50" : 322.06,
    "dma100" : null,
    "dma200" : 236.64,
    "volume" : 1426.00
  }, {
    "date" : "2025-04-15",
    "price" : 354.00,
    "dma50" : 323.32,
    "dma100" : null,
    "dma200" : 237.81,
    "volume" : 2314.00
  }, {
    "date" : "2025-04-16",
    "price" : 346.95,
    "dma50" : 324.24,
    "dma100" : null,
    "dma200" : 238.90,
    "volume" : 1178.00
  }, {
    "date" : "2025-04-17",
    "price" : 340.05,
    "dma50" : 324.86,
    "dma100" : null,
    "dma200" : 239.90,
    "volume" : 821.00
  }, {
    "date" : "2025-04-21",
    "price" : 333.25,
    "dma50" : 325.19,
    "dma100" : null,
    "dma200" : 240.83,
    "volume" : 2125.00
  }, {
    "date" : "2025-04-22",
    "price" : 326.60,
    "dma50" : 325.25,
    "dma100" : null,
    "dma200" : 241.69,
    "volume" : 1934.00
  }, {
    "date" : "2025-04-23",
    "price" : 320.10,
    "dma50" : 325.05,
    "dma100" : null,
    "dma200" : 242.47,
    "volume" : 770.00
  }, {
    "date" : "2025-04-24",
    "price" : 313.70,
    "dma50" : 324.60,
    "dma100" : null,
    "dma200" : 243.17,
    "volume" : 690.00
  }, {
    "date" : "2025-04-25",
    "price" : 307.45,
    "dma50" : 323.93,
    "dma100" : null,
    "dma200" : 243.81,
    "volume" : 275.00
  }, {
    "date" : "2025-04-28",
    "price" : 313.55,
    "dma50" : 323.52,
    "dma100" : null,
    "dma200" : 244.51,
    "volume" : 18690.00
  }, {
    "date" : "2025-04-29",
    "price" : 307.30,
    "dma50" : 322.88,
    "dma100" : null,
    "dma200" : 245.13,
    "volume" : 2402.00
  }, {
    "date" : "2025-04-30",
    "price" : 301.20,
    "dma50" : 322.03,
    "dma100" : null,
    "dma200" : 245.69,
    "volume" : 386.00
  }, {
    "date" : "2025-05-02",
    "price" : 295.20,
    "dma50" : 320.98,
    "dma100" : null,
    "dma200" : 246.18,
    "volume" : 2213.00
  }, {
    "date" : "2025-05-05",
    "price" : 289.30,
    "dma50" : 319.74,
    "dma100" : null,
    "dma200" : 246.61,
    "volume" : 1195.00
  }, {
    "date" : "2025-05-06",
    "price" : 283.55,
    "dma50" : 318.32,
    "dma100" : null,
    "dma200" : 246.98,
    "volume" : 376.00
  }, {
    "date" : "2025-05-07",
    "price" : 277.90,
    "dma50" : 316.74,
    "dma100" : null,
    "dma200" : 247.29,
    "volume" : 6703.00
  }, {
    "date" : "2025-05-08",
    "price" : 272.35,
    "dma50" : 314.99,
    "dma100" : null,
    "dma200" : 247.54,
    "volume" : 982.00
  }, {
    "date" : "2025-05-09",
    "price" : 266.95,
    "dma50" : 313.11,
    "dma100" : null,
    "dma200" : 247.73,
    "volume" : 200.00
  }, {
    "date" : "2025-05-12",
    "price" : 253.65,
    "dma50" : 310.78,
    "dma100" : null,
    "dma200" : 247.79,
    "volume" : 13343.00
  }, {
    "date" : "2025-05-13",
    "price" : 241.00,
    "dma50" : 308.04,
    "dma100" : null,
    "dma200" : 247.72,
    "volume" : 2231.00
  }, {
    "date" : "2025-05-14",
    "price" : 228.95,
    "dma50" : 304.94,
    "dma100" : null,
    "dma200" : 247.53,
    "volume" : 1635.00
  }, {
    "date" : "2025-05-15",
    "price" : 217.55,
    "dma50" : 301.51,
    "dma100" : null,
    "dma200" : 247.24,
    "volume" : 2625.00
  }, {
    "date" : "2025-05-16",
    "price" : 206.70,
    "dma50" : 297.80,
    "dma100" : 309.63,
    "dma200" : 246.83,
    "volume" : 3868.00
  }, {
    "date" : "2025-05-19",
    "price" : 196.40,
    "dma50" : 293.82,
    "dma100" : 308.43,
    "dma200" : 246.33,
    "volume" : 3048.00
  }, {
    "date" : "2025-05-20",
    "price" : 206.20,
    "dma50" : 290.38,
    "dma100" : 307.18,
    "dma200" : 245.93,
    "volume" : 68130.00
  }, {
    "date" : "2025-05-21",
    "price" : 216.50,
    "dma50" : 287.49,
    "dma100" : 305.96,
    "dma200" : 245.64,
    "volume" : 2223.00
  }, {
    "date" : "2025-05-22",
    "price" : 227.30,
    "dma50" : 285.13,
    "dma100" : 304.78,
    "dma200" : 245.46,
    "volume" : 45849.00
  }, {
    "date" : "2025-05-23",
    "price" : 238.65,
    "dma50" : 283.30,
    "dma100" : 303.65,
    "dma200" : 245.39,
    "volume" : 18214.00
  }, {
    "date" : "2025-05-26",
    "price" : 250.55,
    "dma50" : 282.02,
    "dma100" : 302.70,
    "dma200" : 245.44,
    "volume" : 1862.00
  }, {
    "date" : "2025-05-27",
    "price" : 245.55,
    "dma50" : 280.59,
    "dma100" : 301.77,
    "dma200" : 245.44,
    "volume" : 4309.00
  }, {
    "date" : "2025-05-28",
    "price" : 240.65,
    "dma50" : 279.02,
    "dma100" : 300.87,
    "dma200" : 245.39,
    "volume" : 1524.00
  }, {
    "date" : "2025-05-29",
    "price" : 245.45,
    "dma50" : 277.71,
    "dma100" : 300.07,
    "dma200" : 245.39,
    "volume" : 19871.00
  }, {
    "date" : "2025-05-30",
    "price" : 250.35,
    "dma50" : 276.63,
    "dma100" : 299.26,
    "dma200" : 245.44,
    "volume" : 4625.00
  }, {
    "date" : "2025-06-02",
    "price" : 255.35,
    "dma50" : 275.80,
    "dma100" : 298.44,
    "dma200" : 245.54,
    "volume" : 3051.00
  }, {
    "date" : "2025-06-03",
    "price" : 260.45,
    "dma50" : 275.20,
    "dma100" : 297.73,
    "dma200" : 245.69,
    "volume" : 2039.00
  }, {
    "date" : "2025-06-04",
    "price" : 265.65,
    "dma50" : 274.82,
    "dma100" : 297.14,
    "dma200" : 245.89,
    "volume" : 2116.00
  }, {
    "date" : "2025-06-05",
    "price" : 270.95,
    "dma50" : 274.67,
    "dma100" : 296.54,
    "dma200" : 246.14,
    "volume" : 1386.00
  }, {
    "date" : "2025-06-06",
    "price" : 276.35,
    "dma50" : 274.74,
    "dma100" : 295.93,
    "dma200" : 246.44,
    "volume" : 2336.00
  }, {
    "date" : "2025-06-09",
    "price" : 281.85,
    "dma50" : 275.01,
    "dma100" : 295.30,
    "dma200" : 246.79,
    "volume" : 23769.00
  }, {
    "date" : "2025-06-10",
    "price" : 276.25,
    "dma50" : 275.06,
    "dma100" : 294.69,
    "dma200" : 247.08,
    "volume" : 7412.00
  }, {
    "date" : "2025-06-11",
    "price" : 270.75,
    "dma50" : 274.89,
    "dma100" : 293.95,
    "dma200" : 247.32,
    "volume" : 2203.00
  }, {
    "date" : "2025-06-12",
    "price" : 265.35,
    "dma50" : 274.52,
    "dma100" : 293.18,
    "dma200" : 247.50,
    "volume" : 2447.00
  }, {
    "date" : "2025-06-13",
    "price" : 260.05,
    "dma50" : 273.95,
    "dma100" : 292.39,
    "dma200" : 247.62,
    "volume" : 1333.00
  }, {
    "date" : "2025-06-16",
    "price" : 254.85,
    "dma50" : 273.20,
    "dma100" : 291.62,
    "dma200" : 247.70,
    "volume" : 1274.00
  }, {
    "date" : "2025-06-17",
    "price" : 249.80,
    "dma50" : 272.29,
    "dma100" : 290.73,
    "dma200" : 247.72,
    "volume" : 16875.00
  }, {
    "date" : "2025-06-18",
    "price" : 244.85,
    "dma50" : 271.21,
    "dma100" : 289.82,
    "dma200" : 247.69,
    "volume" : 5067.00
  }, {
    "date" : "2025-06-19",
    "price" : 240.00,
    "dma50" : 269.99,
    "dma100" : 288.94,
    "dma200" : 247.61,
    "volume" : 3874.00
  }, {
    "date" : "2025-06-20",
    "price" : 235.20,
    "dma50" : 268.62,
    "dma100" : 288.08,
    "dma200" : 247.49,
    "volume" : 2356.00
  }, {
    "date" : "2025-06-23",
    "price" : 230.50,
    "dma50" : 267.13,
    "dma100" : 287.23,
    "dma200" : 247.32,
    "volume" : 2396.00
  }, {
    "date" : "2025-06-24",
    "price" : 225.90,
    "dma50" : 265.51,
    "dma100" : 286.49,
    "dma200" : 247.11,
    "volume" : 4356.00
  }, {
    "date" : "2025-06-25",
    "price" : 221.40,
    "dma50" : 263.78,
    "dma100" : 285.86,
    "dma200" : 246.85,
    "volume" : 5021.00
  }, {
    "date" : "2025-06-26",
    "price" : 225.80,
    "dma50" : 262.29,
    "dma100" : 285.41,
    "dma200" : 246.64,
    "volume" : 13456.00
  }, {
    "date" : "2025-06-27",
    "price" : 230.30,
    "dma50" : 261.04,
    "dma100" : 285.14,
    "dma200" : 246.48,
    "volume" : 4427.00
  }, {
    "date" : "2025-06-30",
    "price" : 234.90,
    "dma50" : 260.01,
    "dma100" : 284.80,
    "dma200" : 246.36,
    "volume" : 1014.00
  }, {
    "date" : "2025-07-01",
    "price" : 239.55,
    "dma50" : 259.21,
    "dma100" : 284.37,
    "dma200" : 246.30,
    "volume" : 1667.00
  }, {
    "date" : "2025-07-02",
    "price" : 244.30,
    "dma50" : 258.62,
    "dma100" : 283.98,
    "dma200" : 246.28,
    "volume" : 2099.00
  }, {
    "date" : "2025-07-03",
    "price" : 249.15,
    "dma50" : 258.25,
    "dma100" : 283.74,
    "dma200" : 246.30,
    "volume" : 1671.00
  }, {
    "date" : "2025-07-04",
    "price" : 254.10,
    "dma50" : 258.09,
    "dma100" : 283.59,
    "dma200" : 246.38,
    "volume" : 4576.00
  }, {
    "date" : "2025-07-07",
    "price" : 266.80,
    "dma50" : 258.43,
    "dma100" : 283.62,
    "dma200" : 246.58,
    "volume" : 1514.00
  }, {
    "date" : "2025-07-08",
    "price" : 280.10,
    "dma50" : 259.28,
    "dma100" : 283.78,
    "dma200" : 246.92,
    "volume" : 6628.00
  }, {
    "date" : "2025-07-09",
    "price" : 266.10,
    "dma50" : 259.55,
    "dma100" : 283.94,
    "dma200" : 247.11,
    "volume" : 22104.00
  }, {
    "date" : "2025-07-10",
    "price" : 256.75,
    "dma50" : 259.44,
    "dma100" : 284.12,
    "dma200" : 247.21,
    "volume" : 29740.00
  }, {
    "date" : "2025-07-11",
    "price" : 243.95,
    "dma50" : 258.83,
    "dma100" : 284.06,
    "dma200" : 247.17,
    "volume" : 11062.00
  }, {
    "date" : "2025-07-14",
    "price" : 231.80,
    "dma50" : 257.77,
    "dma100" : 283.75,
    "dma200" : 247.02,
    "volume" : 19272.00
  }, {
    "date" : "2025-07-15",
    "price" : 243.35,
    "dma50" : 257.21,
    "dma100" : 283.43,
    "dma200" : 246.98,
    "volume" : 15145.00
  }, {
    "date" : "2025-07-16",
    "price" : 245.25,
    "dma50" : 256.74,
    "dma100" : 282.98,
    "dma200" : 246.97,
    "volume" : 10979.00
  }, {
    "date" : "2025-07-17",
    "price" : 254.25,
    "dma50" : 256.64,
    "dma100" : 282.48,
    "dma200" : 247.04,
    "volume" : 11935.00
  }, {
    "date" : "2025-07-18",
    "price" : 256.00,
    "dma50" : 256.61,
    "dma100" : 282.06,
    "dma200" : 247.13,
    "volume" : 13870.00
  }, {
    "date" : "2025-07-21",
    "price" : 257.25,
    "dma50" : 256.64,
    "dma100" : 281.72,
    "dma200" : 247.23,
    "volume" : 5672.00
  }, {
    "date" : "2025-07-22",
    "price" : 250.25,
    "dma50" : 256.39,
    "dma100" : 281.24,
    "dma200" : 247.26,
    "volume" : 6581.00
  }, {
    "date" : "2025-07-23",
    "price" : 256.30,
    "dma50" : 256.39,
    "dma100" : 280.77,
    "dma200" : 247.35,
    "volume" : 36286.00
  }, {
    "date" : "2025-07-24",
    "price" : 248.80,
    "dma50" : 256.09,
    "dma100" : 280.16,
    "dma200" : 247.36,
    "volume" : 3932.00
  }, {
    "date" : "2025-07-25",
    "price" : 255.15,
    "dma50" : 256.05,
    "dma100" : 279.67,
    "dma200" : 247.44,
    "volume" : 12419.00
  }, {
    "date" : "2025-07-28",
    "price" : 257.10,
    "dma50" : 256.09,
    "dma100" : 279.27,
    "dma200" : 247.54,
    "volume" : 8260.00
  }, {
    "date" : "2025-07-29",
    "price" : 266.10,
    "dma50" : 256.48,
    "dma100" : 279.01,
    "dma200" : 247.72,
    "volume" : 7015.00
  }, {
    "date" : "2025-07-30",
    "price" : 272.20,
    "dma50" : 257.10,
    "dma100" : 278.88,
    "dma200" : 247.96,
    "volume" : 10421.00
  }, {
    "date" : "2025-07-31",
    "price" : 260.85,
    "dma50" : 257.25,
    "dma100" : 278.69,
    "dma200" : 248.09,
    "volume" : 8400.00
  }, {
    "date" : "2025-08-01",
    "price" : 258.15,
    "dma50" : 257.28,
    "dma100" : 278.52,
    "dma200" : 248.19,
    "volume" : 5064.00
  }, {
    "date" : "2025-08-04",
    "price" : 260.95,
    "dma50" : 257.43,
    "dma100" : 278.33,
    "dma200" : 248.32,
    "volume" : 9828.00
  }, {
    "date" : "2025-08-05",
    "price" : 255.20,
    "dma50" : 257.34,
    "dma100" : 278.03,
    "dma200" : 248.39,
    "volume" : 2560.00
  }, {
    "date" : "2025-08-06",
    "price" : 244.85,
    "dma50" : 256.85,
    "dma100" : 277.64,
    "dma200" : 248.35,
    "volume" : 6382.00
  }, {
    "date" : "2025-08-07",
    "price" : 232.70,
    "dma50" : 255.90,
    "dma100" : 277.19,
    "dma200" : 248.20,
    "volume" : 11384.00
  }, {
    "date" : "2025-08-08",
    "price" : 255.95,
    "dma50" : 255.90,
    "dma100" : 276.91,
    "dma200" : 248.27,
    "volume" : 13260.00
  }, {
    "date" : "2025-08-11",
    "price" : 279.45,
    "dma50" : 256.83,
    "dma100" : 276.82,
    "dma200" : 248.58,
    "volume" : 16604.00
  }, {
    "date" : "2025-08-12",
    "price" : 278.20,
    "dma50" : 257.67,
    "dma100" : 276.65,
    "dma200" : 248.88,
    "volume" : 9557.00
  }, {
    "date" : "2025-08-13",
    "price" : 270.05,
    "dma50" : 258.15,
    "dma100" : 276.35,
    "dma200" : 249.09,
    "volume" : 5138.00
  }, {
    "date" : "2025-08-14",
    "price" : 281.50,
    "dma50" : 259.07,
    "dma100" : 276.10,
    "dma200" : 249.41,
    "volume" : 44554.00
  }, {
    "date" : "2025-08-18",
    "price" : 281.20,
    "dma50" : 259.94,
    "dma100" : 275.78,
    "dma200" : 249.73,
    "volume" : 18008.00
  }, {
    "date" : "2025-08-19",
    "price" : 270.85,
    "dma50" : 260.36,
    "dma100" : 275.21,
    "dma200" : 249.94,
    "volume" : 11129.00
  }, {
    "date" : "2025-08-20",
    "price" : 262.15,
    "dma50" : 260.43,
    "dma100" : 274.38,
    "dma200" : 250.06,
    "volume" : 10555.00
  }, {
    "date" : "2025-08-21",
    "price" : 258.85,
    "dma50" : 260.37,
    "dma100" : 273.35,
    "dma200" : 250.15,
    "volume" : 7465.00
  }, {
    "date" : "2025-08-22",
    "price" : 265.20,
    "dma50" : 260.56,
    "dma100" : 272.48,
    "dma200" : 250.30,
    "volume" : 6415.00
  }, {
    "date" : "2025-08-25",
    "price" : 265.05,
    "dma50" : 260.74,
    "dma100" : 271.43,
    "dma200" : 250.44,
    "volume" : 6277.00
  }, {
    "date" : "2025-08-26",
    "price" : 258.15,
    "dma50" : 260.64,
    "dma100" : 270.13,
    "dma200" : 250.52,
    "volume" : 5298.00
  }, {
    "date" : "2025-08-28",
    "price" : 252.55,
    "dma50" : 260.32,
    "dma100" : 268.58,
    "dma200" : 250.54,
    "volume" : 3806.00
  }, {
    "date" : "2025-08-29",
    "price" : 254.40,
    "dma50" : 260.09,
    "dma100" : 267.13,
    "dma200" : 250.58,
    "volume" : 2037.00
  }, {
    "date" : "2025-09-01",
    "price" : 256.70,
    "dma50" : 259.95,
    "dma100" : 265.78,
    "dma200" : 250.64,
    "volume" : 6529.00
  }, {
    "date" : "2025-09-02",
    "price" : 259.60,
    "dma50" : 259.94,
    "dma100" : 264.54,
    "dma200" : 250.73,
    "volume" : 11840.00
  }, {
    "date" : "2025-09-03",
    "price" : 264.05,
    "dma50" : 260.10,
    "dma100" : 263.42,
    "dma200" : 250.86,
    "volume" : 7074.00
  }, {
    "date" : "2025-09-04",
    "price" : 261.40,
    "dma50" : 260.15,
    "dma100" : 262.35,
    "dma200" : 250.97,
    "volume" : 19096.00
  }, {
    "date" : "2025-09-05",
    "price" : 262.90,
    "dma50" : 260.26,
    "dma100" : 261.37,
    "dma200" : 251.09,
    "volume" : 5484.00
  }, {
    "date" : "2025-09-08",
    "price" : 258.10,
    "dma50" : 260.17,
    "dma100" : 260.41,
    "dma200" : 251.16,
    "volume" : 7610.00
  }, {
    "date" : "2025-09-09",
    "price" : 261.70,
    "dma50" : 260.23,
    "dma100" : 259.56,
    "dma200" : 251.26,
    "volume" : 4117.00
  }, {
    "date" : "2025-09-10",
    "price" : 263.60,
    "dma50" : 260.37,
    "dma100" : 258.79,
    "dma200" : 251.38,
    "volume" : 4369.00
  }, {
    "date" : "2025-09-11",
    "price" : 260.75,
    "dma50" : 260.38,
    "dma100" : 258.07,
    "dma200" : 251.48,
    "volume" : 5480.00
  }, {
    "date" : "2025-09-12",
    "price" : 257.50,
    "dma50" : 260.27,
    "dma100" : 257.38,
    "dma200" : 251.54,
    "volume" : 6169.00
  }, {
    "date" : "2025-09-15",
    "price" : 253.75,
    "dma50" : 260.01,
    "dma100" : 256.71,
    "dma200" : 251.56,
    "volume" : 5923.00
  }, {
    "date" : "2025-09-16",
    "price" : 258.45,
    "dma50" : 259.95,
    "dma100" : 256.16,
    "dma200" : 251.63,
    "volume" : 6556.00
  }, {
    "date" : "2025-09-17",
    "price" : 256.25,
    "dma50" : 259.81,
    "dma100" : 255.65,
    "dma200" : 251.67,
    "volume" : 16287.00
  }, {
    "date" : "2025-09-18",
    "price" : 275.25,
    "dma50" : 260.41,
    "dma100" : 255.27,
    "dma200" : 251.91,
    "volume" : 17127.00
  }, {
    "date" : "2025-09-19",
    "price" : 281.55,
    "dma50" : 261.24,
    "dma100" : 255.01,
    "dma200" : 252.20,
    "volume" : 52606.00
  }, {
    "date" : "2025-09-22",
    "price" : 274.50,
    "dma50" : 261.76,
    "dma100" : 254.74,
    "dma200" : 252.42,
    "volume" : 11488.00
  }, {
    "date" : "2025-09-23",
    "price" : 263.10,
    "dma50" : 261.81,
    "dma100" : 254.42,
    "dma200" : 252.53,
    "volume" : 41013.00
  }, {
    "date" : "2025-09-24",
    "price" : 280.65,
    "dma50" : 262.55,
    "dma100" : 254.33,
    "dma200" : 252.81,
    "volume" : 45640.00
  }, {
    "date" : "2025-09-25",
    "price" : 282.40,
    "dma50" : 263.33,
    "dma100" : 254.32,
    "dma200" : 253.10,
    "volume" : 47553.00
  }, {
    "date" : "2025-09-26",
    "price" : 275.00,
    "dma50" : 263.79,
    "dma100" : 254.29,
    "dma200" : 253.32,
    "volume" : 39505.00
  }, {
    "date" : "2025-09-29",
    "price" : 280.40,
    "dma50" : 264.44,
    "dma100" : 254.37,
    "dma200" : 253.59,
    "volume" : 39164.00
  }, {
    "date" : "2025-09-30",
    "price" : 279.00,
    "dma50" : 265.01,
    "dma100" : 254.49,
    "dma200" : 253.85,
    "volume" : 11781.00
  }, {
    "date" : "2025-10-01",
    "price" : 272.00,
    "dma50" : 265.28,
    "dma100" : 254.68,
    "dma200" : 254.03,
    "volume" : 4088.00
  }, {
    "date" : "2025-10-03",
    "price" : 281.10,
    "dma50" : 265.90,
    "dma100" : 255.08,
    "dma200" : 254.30,
    "volume" : 4631.00
  }, {
    "date" : "2025-10-06",
    "price" : 279.65,
    "dma50" : 266.44,
    "dma100" : 255.59,
    "dma200" : 254.55,
    "volume" : 38515.00
  }, {
    "date" : "2025-10-07",
    "price" : 274.75,
    "dma50" : 266.77,
    "dma100" : 256.16,
    "dma200" : 254.75,
    "volume" : 39337.00
  }, {
    "date" : "2025-10-08",
    "price" : 290.50,
    "dma50" : 267.70,
    "dma100" : 257.00,
    "dma200" : 255.10,
    "volume" : 15150.00
  }, {
    "date" : "2025-10-09",
    "price" : 278.00,
    "dma50" : 268.10,
    "dma100" : 257.81,
    "dma200" : 255.33,
    "volume" : 18636.00
  }, {
    "date" : "2025-10-10",
    "price" : 280.25,
    "dma50" : 268.58,
    "dma100" : 258.55,
    "dma200" : 255.58,
    "volume" : 7704.00
  }, {
    "date" : "2025-10-13",
    "price" : 272.05,
    "dma50" : 268.72,
    "dma100" : 259.11,
    "dma200" : 255.74,
    "volume" : 6041.00
  }, {
    "date" : "2025-10-14",
    "price" : 266.65,
    "dma50" : 268.64,
    "dma100" : 259.50,
    "dma200" : 255.85,
    "volume" : 6948.00
  }, {
    "date" : "2025-10-15",
    "price" : 264.95,
    "dma50" : 268.49,
    "dma100" : 259.76,
    "dma200" : 255.94,
    "volume" : 5229.00
  }, {
    "date" : "2025-10-16",
    "price" : 257.70,
    "dma50" : 268.07,
    "dma100" : 259.84,
    "dma200" : 255.96,
    "volume" : 9768.00
  }, {
    "date" : "2025-10-17",
    "price" : 261.05,
    "dma50" : 267.79,
    "dma100" : 259.99,
    "dma200" : 256.01,
    "volume" : 4682.00
  }, {
    "date" : "2025-10-20",
    "price" : 279.95,
    "dma50" : 268.27,
    "dma100" : 260.38,
    "dma200" : 256.25,
    "volume" : 20688.00
  }, {
    "date" : "2025-10-21",
    "price" : 311.60,
    "dma50" : 269.97,
    "dma100" : 261.05,
    "dma200" : 256.80,
    "volume" : 34375.00
  }, {
    "date" : "2025-10-23",
    "price" : 373.90,
    "dma50" : 274.04,
    "dma100" : 262.28,
    "dma200" : 257.97,
    "volume" : 45766.00
  }, {
    "date" : "2025-10-24",
    "price" : 361.00,
    "dma50" : 277.45,
    "dma100" : 263.34,
    "dma200" : 258.99,
    "volume" : 80279.00
  }, {
    "date" : "2025-10-27",
    "price" : 342.55,
    "dma50" : 280.01,
    "dma100" : 264.16,
    "dma200" : 259.82,
    "volume" : 31097.00
  }, {
    "date" : "2025-10-28",
    "price" : 344.25,
    "dma50" : 282.53,
    "dma100" : 264.94,
    "dma200" : 260.66,
    "volume" : 24133.00
  }, {
    "date" : "2025-10-29",
    "price" : 359.95,
    "dma50" : 285.56,
    "dma100" : 265.83,
    "dma200" : 261.65,
    "volume" : 31374.00
  }, {
    "date" : "2025-10-30",
    "price" : 354.50,
    "dma50" : 288.27,
    "dma100" : 266.62,
    "dma200" : 262.57,
    "volume" : 12621.00
  }, {
    "date" : "2025-10-31",
    "price" : 350.40,
    "dma50" : 290.70,
    "dma100" : 267.30,
    "dma200" : 263.45,
    "volume" : 8437.00
  }, {
    "date" : "2025-11-03",
    "price" : 358.70,
    "dma50" : 293.37,
    "dma100" : 268.13,
    "dma200" : 264.40,
    "volume" : 27361.00
  }, {
    "date" : "2025-11-04",
    "price" : 363.70,
    "dma50" : 296.13,
    "dma100" : 269.06,
    "dma200" : 265.38,
    "volume" : 18075.00
  }, {
    "date" : "2025-11-06",
    "price" : 389.05,
    "dma50" : 299.77,
    "dma100" : 270.29,
    "dma200" : 266.61,
    "volume" : 52640.00
  }, {
    "date" : "2025-11-07",
    "price" : 403.05,
    "dma50" : 303.82,
    "dma100" : 271.72,
    "dma200" : 267.97,
    "volume" : 42778.00
  }, {
    "date" : "2025-11-10",
    "price" : 437.15,
    "dma50" : 309.05,
    "dma100" : 273.55,
    "dma200" : 269.65,
    "volume" : 34323.00
  }, {
    "date" : "2025-11-11",
    "price" : 433.20,
    "dma50" : 313.92,
    "dma100" : 275.38,
    "dma200" : 271.28,
    "volume" : 57662.00
  }, {
    "date" : "2025-11-12",
    "price" : 412.25,
    "dma50" : 317.77,
    "dma100" : 277.05,
    "dma200" : 272.68,
    "volume" : 22148.00
  }, {
    "date" : "2025-11-13",
    "price" : 423.45,
    "dma50" : 321.92,
    "dma100" : 278.89,
    "dma200" : 274.19,
    "volume" : 23309.00
  }, {
    "date" : "2025-11-14",
    "price" : 419.55,
    "dma50" : 325.75,
    "dma100" : 280.73,
    "dma200" : 275.63,
    "volume" : 29100.00
  }, {
    "date" : "2025-11-17",
    "price" : 440.50,
    "dma50" : 330.25,
    "dma100" : 282.83,
    "dma200" : 277.27,
    "volume" : 28859.00
  }, {
    "date" : "2025-11-18",
    "price" : 462.50,
    "dma50" : 335.43,
    "dma100" : 285.20,
    "dma200" : 279.12,
    "volume" : 19158.00
  }, {
    "date" : "2025-11-19",
    "price" : 485.60,
    "dma50" : 341.32,
    "dma100" : 287.84,
    "dma200" : 281.17,
    "volume" : 17983.00
  }, {
    "date" : "2025-11-20",
    "price" : 509.85,
    "dma50" : 347.93,
    "dma100" : 290.68,
    "dma200" : 283.45,
    "volume" : 140244.00
  }, {
    "date" : "2025-11-21",
    "price" : 535.30,
    "dma50" : 355.28,
    "dma100" : 293.73,
    "dma200" : 285.95,
    "volume" : 9392.00
  }, {
    "date" : "2025-11-24",
    "price" : 562.05,
    "dma50" : 363.39,
    "dma100" : 297.00,
    "dma200" : 288.70,
    "volume" : 14225.00
  }, {
    "date" : "2025-11-25",
    "price" : 590.15,
    "dma50" : 372.28,
    "dma100" : 300.51,
    "dma200" : 291.70,
    "volume" : 114521.00
  }, {
    "date" : "2025-11-26",
    "price" : 619.65,
    "dma50" : 381.98,
    "dma100" : 304.26,
    "dma200" : 294.96,
    "volume" : 104218.00
  }, {
    "date" : "2025-11-27",
    "price" : 606.65,
    "dma50" : 390.79,
    "dma100" : 307.84,
    "dma200" : 298.06,
    "volume" : 145155.00
  }, {
    "date" : "2025-11-28",
    "price" : 576.35,
    "dma50" : 398.07,
    "dma100" : 311.06,
    "dma200" : 300.83,
    "volume" : 86543.00
  }, {
    "date" : "2025-12-01",
    "price" : 547.55,
    "dma50" : 403.93,
    "dma100" : 313.87,
    "dma200" : 303.29,
    "volume" : 70838.00
  }, {
    "date" : "2025-12-02",
    "price" : 520.20,
    "dma50" : 408.49,
    "dma100" : 316.27,
    "dma200" : 305.44,
    "volume" : 30923.00
  }, {
    "date" : "2025-12-03",
    "price" : 528.45,
    "dma50" : 413.19,
    "dma100" : 318.89,
    "dma200" : 307.66,
    "volume" : 89383.00
  }, {
    "date" : "2025-12-04",
    "price" : 502.05,
    "dma50" : 416.68,
    "dma100" : 321.34,
    "dma200" : 309.60,
    "volume" : 25861.00
  }, {
    "date" : "2025-12-05",
    "price" : 518.65,
    "dma50" : 420.68,
    "dma100" : 324.09,
    "dma200" : 311.68,
    "volume" : 60124.00
  }, {
    "date" : "2025-12-08",
    "price" : 492.75,
    "dma50" : 423.50,
    "dma100" : 326.70,
    "dma200" : 313.48,
    "volume" : 16663.00
  }, {
    "date" : "2025-12-09",
    "price" : 513.90,
    "dma50" : 427.05,
    "dma100" : 329.41,
    "dma200" : 315.47,
    "volume" : 56019.00
  }, {
    "date" : "2025-12-10",
    "price" : 532.30,
    "dma50" : 431.18,
    "dma100" : 332.28,
    "dma200" : 317.63,
    "volume" : 17742.00
  }, {
    "date" : "2025-12-11",
    "price" : 553.10,
    "dma50" : 435.96,
    "dma100" : 335.26,
    "dma200" : 319.97,
    "volume" : 39831.00
  }, {
    "date" : "2025-12-12",
    "price" : 577.80,
    "dma50" : 441.52,
    "dma100" : 338.48,
    "dma200" : 322.54,
    "volume" : 22694.00
  }, {
    "date" : "2025-12-15",
    "price" : 606.65,
    "dma50" : 448.00,
    "dma100" : 341.98,
    "dma200" : 325.37,
    "volume" : 44465.00
  }, {
    "date" : "2025-12-16",
    "price" : 634.55,
    "dma50" : 455.31,
    "dma100" : 345.82,
    "dma200" : 328.44,
    "volume" : 58441.00
  }, {
    "date" : "2025-12-17",
    "price" : 663.90,
    "dma50" : 463.49,
    "dma100" : 349.90,
    "dma200" : 331.78,
    "volume" : 48996.00
  } ],
  "latestTechnicalAttributes" : {
    "date" : "2025-12-17",
    "price" : 663.90,
    "dma50" : 463.49,
    "dma100" : 349.90,
    "dma200" : 331.78,
    "volume" : 48996.00
  },
  "quarterlyResults" : [ {
    "date" : "2005-03-31",
    "sales" : 0.05,
    "salesGrowthYoY" : null,
    "grossProfitMargin" : 80.00,
    "grossProfit" : 0.04,
    "operatingProfitMargin" : -60.00,
    "operatingProfit" : -0.03,
    "netProfitMargin" : -160.00,
    "netProfit" : -0.08
  }, {
    "date" : "2005-06-30",
    "sales" : 0.02,
    "salesGrowthYoY" : null,
    "grossProfitMargin" : 50.00,
    "grossProfit" : 0.01,
    "operatingProfitMargin" : -200.00,
    "operatingProfit" : -0.04,
    "netProfitMargin" : -450.00,
    "netProfit" : -0.09
  }, {
    "date" : "2005-09-30",
    "sales" : 0.02,
    "salesGrowthYoY" : null,
    "grossProfitMargin" : 50.00,
    "grossProfit" : 0.01,
    "operatingProfitMargin" : -200.00,
    "operatingProfit" : -0.04,
    "netProfitMargin" : -450.00,
    "netProfit" : -0.09
  }, {
    "date" : "2005-12-31",
    "sales" : 0.02,
    "salesGrowthYoY" : null,
    "grossProfitMargin" : 50.00,
    "grossProfit" : 0.01,
    "operatingProfitMargin" : -200.00,
    "operatingProfit" : -0.04,
    "netProfitMargin" : -450.00,
    "netProfit" : -0.09
  }, {
    "date" : "2006-03-31",
    "sales" : 0.10,
    "salesGrowthYoY" : 100.00,
    "grossProfitMargin" : 50.00,
    "grossProfit" : 0.05,
    "operatingProfitMargin" : -1420.00,
    "operatingProfit" : -1.42,
    "netProfitMargin" : -1380.00,
    "netProfit" : -1.38
  }, {
    "date" : "2006-06-30",
    "sales" : 0.00,
    "salesGrowthYoY" : -100.00,
    "grossProfitMargin" : 0.00,
    "grossProfit" : 0.00,
    "operatingProfitMargin" : 0.00,
    "operatingProfit" : 0.00,
    "netProfitMargin" : 0.00,
    "netProfit" : 0.00
  }, {
    "date" : "2006-09-30",
    "sales" : 0.00,
    "salesGrowthYoY" : -100.00,
    "grossProfitMargin" : 0.00,
    "grossProfit" : 0.00,
    "operatingProfitMargin" : 0.00,
    "operatingProfit" : 0.00,
    "netProfitMargin" : 0.00,
    "netProfit" : 0.00
  }, {
    "date" : "2006-12-31",
    "sales" : 0.00,
    "salesGrowthYoY" : -100.00,
    "grossProfitMargin" : 0.00,
    "grossProfit" : 0.00,
    "operatingProfitMargin" : 0.00,
    "operatingProfit" : 0.00,
    "netProfitMargin" : 0.00,
    "netProfit" : 0.00
  }, {
    "date" : "2007-03-31",
    "sales" : 0.00,
    "salesGrowthYoY" : -100.00,
    "grossProfitMargin" : 0.00,
    "grossProfit" : 0.00,
    "operatingProfitMargin" : 0.00,
    "operatingProfit" : 0.00,
    "netProfitMargin" : 0.00,
    "netProfit" : 0.00
  }, {
    "date" : "2007-06-30",
    "sales" : 0.16,
    "salesGrowthYoY" : 100.00,
    "grossProfitMargin" : 6.25,
    "grossProfit" : 0.01,
    "operatingProfitMargin" : -12.50,
    "operatingProfit" : -0.02,
    "netProfitMargin" : -6.25,
    "netProfit" : -0.01
  }, {
    "date" : "2007-09-30",
    "sales" : 0.33,
    "salesGrowthYoY" : 100.00,
    "grossProfitMargin" : 6.06,
    "grossProfit" : 0.02,
    "operatingProfitMargin" : 0.00,
    "operatingProfit" : 0.00,
    "netProfitMargin" : 6.06,
    "netProfit" : 0.02
  }, {
    "date" : "2007-12-31",
    "sales" : 0.09,
    "salesGrowthYoY" : 100.00,
    "grossProfitMargin" : -11.11,
    "grossProfit" : -0.01,
    "operatingProfitMargin" : -22.22,
    "operatingProfit" : -0.02,
    "netProfitMargin" : -11.11,
    "netProfit" : -0.01
  }, {
    "date" : "2008-03-31",
    "sales" : 0.00,
    "salesGrowthYoY" : 0.00,
    "grossProfitMargin" : 0.00,
    "grossProfit" : 0.00,
    "operatingProfitMargin" : 0.00,
    "operatingProfit" : 0.00,
    "netProfitMargin" : 0.00,
    "netProfit" : 0.00
  }, {
    "date" : "2008-06-30",
    "sales" : 0.00,
    "salesGrowthYoY" : -100.00,
    "grossProfitMargin" : 0.00,
    "grossProfit" : 0.00,
    "operatingProfitMargin" : 0.00,
    "operatingProfit" : 0.00,
    "netProfitMargin" : 0.00,
    "netProfit" : 0.00
  }, {
    "date" : "2008-09-30",
    "sales" : 0.00,
    "salesGrowthYoY" : -100.00,
    "grossProfitMargin" : 0.00,
    "grossProfit" : 0.00,
    "operatingProfitMargin" : 0.00,
    "operatingProfit" : 0.00,
    "netProfitMargin" : 0.00,
    "netProfit" : 0.00
  }, {
    "date" : "2008-12-31",
    "sales" : 0.00,
    "salesGrowthYoY" : -100.00,
    "grossProfitMargin" : 0.00,
    "grossProfit" : 0.00,
    "operatingProfitMargin" : 0.00,
    "operatingProfit" : 0.00,
    "netProfitMargin" : 0.00,
    "netProfit" : 0.00
  }, {
    "date" : "2009-03-31",
    "sales" : 0.12,
    "salesGrowthYoY" : 100.00,
    "grossProfitMargin" : 16.67,
    "grossProfit" : 0.02,
    "operatingProfitMargin" : -525.00,
    "operatingProfit" : -0.63,
    "netProfitMargin" : -491.67,
    "netProfit" : -0.59
  }, {
    "date" : "2009-06-30",
    "sales" : 0.02,
    "salesGrowthYoY" : 100.00,
    "grossProfitMargin" : 50.00,
    "grossProfit" : 0.01,
    "operatingProfitMargin" : -50.00,
    "operatingProfit" : -0.01,
    "netProfitMargin" : 50.00,
    "netProfit" : 0.01
  }, {
    "date" : "2009-09-30",
    "sales" : 0.00,
    "salesGrowthYoY" : 0.00,
    "grossProfitMargin" : 0.00,
    "grossProfit" : 0.00,
    "operatingProfitMargin" : 0.00,
    "operatingProfit" : 0.00,
    "netProfitMargin" : 0.00,
    "netProfit" : 0.00
  }, {
    "date" : "2009-12-31",
    "sales" : 0.00,
    "salesGrowthYoY" : 0.00,
    "grossProfitMargin" : 0.00,
    "grossProfit" : 0.00,
    "operatingProfitMargin" : 0.00,
    "operatingProfit" : 0.00,
    "netProfitMargin" : 0.00,
    "netProfit" : 0.00
  }, {
    "date" : "2010-03-31",
    "sales" : 0.00,
    "salesGrowthYoY" : -100.00,
    "grossProfitMargin" : 0.00,
    "grossProfit" : 0.00,
    "operatingProfitMargin" : 0.00,
    "operatingProfit" : 0.00,
    "netProfitMargin" : 0.00,
    "netProfit" : 0.00
  }, {
    "date" : "2010-06-30",
    "sales" : 0.00,
    "salesGrowthYoY" : -100.00,
    "grossProfitMargin" : 0.00,
    "grossProfit" : 0.00,
    "operatingProfitMargin" : 0.00,
    "operatingProfit" : 0.00,
    "netProfitMargin" : 0.00,
    "netProfit" : 0.00
  }, {
    "date" : "2010-09-30",
    "sales" : 0.00,
    "salesGrowthYoY" : 0.00,
    "grossProfitMargin" : 0.00,
    "grossProfit" : 0.00,
    "operatingProfitMargin" : 0.00,
    "operatingProfit" : 0.00,
    "netProfitMargin" : 0.00,
    "netProfit" : 0.00
  }, {
    "date" : "2010-12-31",
    "sales" : 0.00,
    "salesGrowthYoY" : 0.00,
    "grossProfitMargin" : 0.00,
    "grossProfit" : 0.00,
    "operatingProfitMargin" : 0.00,
    "operatingProfit" : 0.00,
    "netProfitMargin" : 0.00,
    "netProfit" : 0.00
  }, {
    "date" : "2011-03-31",
    "sales" : 0.21,
    "salesGrowthYoY" : 100.00,
    "grossProfitMargin" : 9.52,
    "grossProfit" : 0.02,
    "operatingProfitMargin" : -4.76,
    "operatingProfit" : -0.01,
    "netProfitMargin" : 4.76,
    "netProfit" : 0.01
  }, {
    "date" : "2011-06-30",
    "sales" : 0.00,
    "salesGrowthYoY" : 0.00,
    "grossProfitMargin" : 0.00,
    "grossProfit" : 0.00,
    "operatingProfitMargin" : 0.00,
    "operatingProfit" : 0.00,
    "netProfitMargin" : 0.00,
    "netProfit" : 0.00
  }, {
    "date" : "2011-09-30",
    "sales" : 0.00,
    "salesGrowthYoY" : 0.00,
    "grossProfitMargin" : 0.00,
    "grossProfit" : 0.00,
    "operatingProfitMargin" : 0.00,
    "operatingProfit" : 0.00,
    "netProfitMargin" : 0.00,
    "netProfit" : 0.00
  }, {
    "date" : "2011-12-31",
    "sales" : 0.00,
    "salesGrowthYoY" : 0.00,
    "grossProfitMargin" : 0.00,
    "grossProfit" : 0.00,
    "operatingProfitMargin" : 0.00,
    "operatingProfit" : 0.00,
    "netProfitMargin" : 0.00,
    "netProfit" : 0.00
  }, {
    "date" : "2012-03-31",
    "sales" : 0.00,
    "salesGrowthYoY" : -100.00,
    "grossProfitMargin" : 0.00,
    "grossProfit" : 0.00,
    "operatingProfitMargin" : 0.00,
    "operatingProfit" : 0.00,
    "netProfitMargin" : 0.00,
    "netProfit" : 0.00
  }, {
    "date" : "2012-06-30",
    "sales" : 0.00,
    "salesGrowthYoY" : 0.00,
    "grossProfitMargin" : 0.00,
    "grossProfit" : 0.00,
    "operatingProfitMargin" : 0.00,
    "operatingProfit" : 0.00,
    "netProfitMargin" : 0.00,
    "netProfit" : 0.00
  }, {
    "date" : "2012-09-30",
    "sales" : 0.00,
    "salesGrowthYoY" : 0.00,
    "grossProfitMargin" : 0.00,
    "grossProfit" : 0.00,
    "operatingProfitMargin" : 0.00,
    "operatingProfit" : 0.00,
    "netProfitMargin" : 0.00,
    "netProfit" : 0.00
  }, {
    "date" : "2012-12-31",
    "sales" : 0.00,
    "salesGrowthYoY" : 0.00,
    "grossProfitMargin" : 0.00,
    "grossProfit" : 0.00,
    "operatingProfitMargin" : 0.00,
    "operatingProfit" : 0.00,
    "netProfitMargin" : 0.00,
    "netProfit" : 0.00
  }, {
    "date" : "2013-03-31",
    "sales" : 0.00,
    "salesGrowthYoY" : 0.00,
    "grossProfitMargin" : 0.00,
    "grossProfit" : 0.00,
    "operatingProfitMargin" : 0.00,
    "operatingProfit" : 0.00,
    "netProfitMargin" : 0.00,
    "netProfit" : 0.00
  }, {
    "date" : "2013-06-30",
    "sales" : 0.00,
    "salesGrowthYoY" : 0.00,
    "grossProfitMargin" : 0.00,
    "grossProfit" : 0.00,
    "operatingProfitMargin" : 0.00,
    "operatingProfit" : 0.00,
    "netProfitMargin" : 0.00,
    "netProfit" : 0.00
  }, {
    "date" : "2013-09-30",
    "sales" : 0.00,
    "salesGrowthYoY" : 0.00,
    "grossProfitMargin" : 0.00,
    "grossProfit" : 0.00,
    "operatingProfitMargin" : 0.00,
    "operatingProfit" : 0.00,
    "netProfitMargin" : 0.00,
    "netProfit" : 0.00
  }, {
    "date" : "2013-12-31",
    "sales" : 0.00,
    "salesGrowthYoY" : 0.00,
    "grossProfitMargin" : 0.00,
    "grossProfit" : 0.00,
    "operatingProfitMargin" : 0.00,
    "operatingProfit" : 0.00,
    "netProfitMargin" : 0.00,
    "netProfit" : 0.00
  }, {
    "date" : "2014-03-31",
    "sales" : 0.00,
    "salesGrowthYoY" : 0.00,
    "grossProfitMargin" : 0.00,
    "grossProfit" : 0.00,
    "operatingProfitMargin" : 0.00,
    "operatingProfit" : 0.00,
    "netProfitMargin" : 0.00,
    "netProfit" : 0.00
  }, {
    "date" : "2014-06-30",
    "sales" : 0.00,
    "salesGrowthYoY" : 0.00,
    "grossProfitMargin" : 0.00,
    "grossProfit" : 0.00,
    "operatingProfitMargin" : 0.00,
    "operatingProfit" : 0.00,
    "netProfitMargin" : 0.00,
    "netProfit" : 0.00
  }, {
    "date" : "2014-09-30",
    "sales" : 0.00,
    "salesGrowthYoY" : 0.00,
    "grossProfitMargin" : 0.00,
    "grossProfit" : 0.00,
    "operatingProfitMargin" : 0.00,
    "operatingProfit" : 0.00,
    "netProfitMargin" : 0.00,
    "netProfit" : 0.00
  }, {
    "date" : "2014-12-31",
    "sales" : 0.00,
    "salesGrowthYoY" : 0.00,
    "grossProfitMargin" : 0.00,
    "grossProfit" : 0.00,
    "operatingProfitMargin" : 0.00,
    "operatingProfit" : 0.00,
    "netProfitMargin" : 0.00,
    "netProfit" : 0.00
  }, {
    "date" : "2015-03-31",
    "sales" : 0.00,
    "salesGrowthYoY" : 0.00,
    "grossProfitMargin" : 0.00,
    "grossProfit" : 0.00,
    "operatingProfitMargin" : 0.00,
    "operatingProfit" : 0.00,
    "netProfitMargin" : 0.00,
    "netProfit" : 0.00
  }, {
    "date" : "2015-06-30",
    "sales" : 0.00,
    "salesGrowthYoY" : 0.00,
    "grossProfitMargin" : 0.00,
    "grossProfit" : 0.00,
    "operatingProfitMargin" : 0.00,
    "operatingProfit" : 0.00,
    "netProfitMargin" : 0.00,
    "netProfit" : 0.00
  }, {
    "date" : "2015-09-30",
    "sales" : 0.00,
    "salesGrowthYoY" : 0.00,
    "grossProfitMargin" : 0.00,
    "grossProfit" : 0.00,
    "operatingProfitMargin" : 0.00,
    "operatingProfit" : 0.00,
    "netProfitMargin" : 0.00,
    "netProfit" : 0.00
  }, {
    "date" : "2015-12-31",
    "sales" : 0.00,
    "salesGrowthYoY" : 0.00,
    "grossProfitMargin" : 0.00,
    "grossProfit" : 0.00,
    "operatingProfitMargin" : 0.00,
    "operatingProfit" : 0.00,
    "netProfitMargin" : 0.00,
    "netProfit" : 0.00
  }, {
    "date" : "2016-03-31",
    "sales" : 0.00,
    "salesGrowthYoY" : 0.00,
    "grossProfitMargin" : 0.00,
    "grossProfit" : 0.00,
    "operatingProfitMargin" : 0.00,
    "operatingProfit" : 0.00,
    "netProfitMargin" : 0.00,
    "netProfit" : 0.00
  }, {
    "date" : "2016-06-30",
    "sales" : 0.00,
    "salesGrowthYoY" : 0.00,
    "grossProfitMargin" : 0.00,
    "grossProfit" : 0.00,
    "operatingProfitMargin" : 0.00,
    "operatingProfit" : 0.00,
    "netProfitMargin" : 0.00,
    "netProfit" : 0.00
  }, {
    "date" : "2016-09-30",
    "sales" : 0.00,
    "salesGrowthYoY" : 0.00,
    "grossProfitMargin" : 0.00,
    "grossProfit" : 0.00,
    "operatingProfitMargin" : 0.00,
    "operatingProfit" : 0.00,
    "netProfitMargin" : 0.00,
    "netProfit" : 0.00
  }, {
    "date" : "2016-12-31",
    "sales" : 0.00,
    "salesGrowthYoY" : 0.00,
    "grossProfitMargin" : 0.00,
    "grossProfit" : 0.00,
    "operatingProfitMargin" : 0.00,
    "operatingProfit" : 0.00,
    "netProfitMargin" : 0.00,
    "netProfit" : 0.00
  }, {
    "date" : "2017-03-31",
    "sales" : 0.00,
    "salesGrowthYoY" : 0.00,
    "grossProfitMargin" : 0.00,
    "grossProfit" : 0.00,
    "operatingProfitMargin" : 0.00,
    "operatingProfit" : 0.00,
    "netProfitMargin" : 0.00,
    "netProfit" : 0.00
  }, {
    "date" : "2017-06-30",
    "sales" : 0.00,
    "salesGrowthYoY" : 0.00,
    "grossProfitMargin" : 0.00,
    "grossProfit" : 0.00,
    "operatingProfitMargin" : 0.00,
    "operatingProfit" : 0.00,
    "netProfitMargin" : 0.00,
    "netProfit" : 0.00
  }, {
    "date" : "2017-09-30",
    "sales" : 0.00,
    "salesGrowthYoY" : 0.00,
    "grossProfitMargin" : 0.00,
    "grossProfit" : 0.00,
    "operatingProfitMargin" : 0.00,
    "operatingProfit" : 0.00,
    "netProfitMargin" : 0.00,
    "netProfit" : 0.00
  }, {
    "date" : "2017-12-31",
    "sales" : 0.08,
    "salesGrowthYoY" : 100.00,
    "grossProfitMargin" : 100.00,
    "grossProfit" : 0.08,
    "operatingProfitMargin" : 87.50,
    "operatingProfit" : 0.07,
    "netProfitMargin" : 87.50,
    "netProfit" : 0.07
  }, {
    "date" : "2018-03-31",
    "sales" : 0.18,
    "salesGrowthYoY" : 100.00,
    "grossProfitMargin" : 100.00,
    "grossProfit" : 0.18,
    "operatingProfitMargin" : 94.44,
    "operatingProfit" : 0.17,
    "netProfitMargin" : 94.44,
    "netProfit" : 0.17
  }, {
    "date" : "2018-06-30",
    "sales" : 0.00,
    "salesGrowthYoY" : 0.00,
    "grossProfitMargin" : 0.00,
    "grossProfit" : 0.00,
    "operatingProfitMargin" : 0.00,
    "operatingProfit" : 0.00,
    "netProfitMargin" : 0.00,
    "netProfit" : 0.00
  }, {
    "date" : "2018-09-30",
    "sales" : 1.71,
    "salesGrowthYoY" : 100.00,
    "grossProfitMargin" : 2.34,
    "grossProfit" : 0.04,
    "operatingProfitMargin" : 2.92,
    "operatingProfit" : 0.05,
    "netProfitMargin" : 2.92,
    "netProfit" : 0.05
  }, {
    "date" : "2018-12-31",
    "sales" : 0.00,
    "salesGrowthYoY" : -100.00,
    "grossProfitMargin" : 0.00,
    "grossProfit" : 0.00,
    "operatingProfitMargin" : 0.00,
    "operatingProfit" : 0.00,
    "netProfitMargin" : 0.00,
    "netProfit" : 0.00
  }, {
    "date" : "2019-03-31",
    "sales" : 0.18,
    "salesGrowthYoY" : 0.00,
    "grossProfitMargin" : 155.56,
    "grossProfit" : 0.28,
    "operatingProfitMargin" : 138.89,
    "operatingProfit" : 0.25,
    "netProfitMargin" : 138.89,
    "netProfit" : 0.25
  }, {
    "date" : "2019-06-30",
    "sales" : 0.00,
    "salesGrowthYoY" : 0.00,
    "grossProfitMargin" : 0.00,
    "grossProfit" : 0.00,
    "operatingProfitMargin" : 0.00,
    "operatingProfit" : 0.00,
    "netProfitMargin" : 0.00,
    "netProfit" : 0.00
  }, {
    "date" : "2019-09-30",
    "sales" : 0.00,
    "salesGrowthYoY" : -100.00,
    "grossProfitMargin" : 0.00,
    "grossProfit" : 0.00,
    "operatingProfitMargin" : 0.00,
    "operatingProfit" : 0.00,
    "netProfitMargin" : 0.00,
    "netProfit" : 0.00
  }, {
    "date" : "2019-12-31",
    "sales" : 0.00,
    "salesGrowthYoY" : 0.00,
    "grossProfitMargin" : 0.00,
    "grossProfit" : 0.00,
    "operatingProfitMargin" : 0.00,
    "operatingProfit" : 0.00,
    "netProfitMargin" : 0.00,
    "netProfit" : 0.00
  }, {
    "date" : "2020-03-31",
    "sales" : 0.00,
    "salesGrowthYoY" : -100.00,
    "grossProfitMargin" : 0.00,
    "grossProfit" : 0.00,
    "operatingProfitMargin" : 0.00,
    "operatingProfit" : 0.00,
    "netProfitMargin" : 0.00,
    "netProfit" : 0.00
  }, {
    "date" : "2020-06-30",
    "sales" : 0.00,
    "salesGrowthYoY" : 0.00,
    "grossProfitMargin" : 0.00,
    "grossProfit" : 0.00,
    "operatingProfitMargin" : 0.00,
    "operatingProfit" : 0.00,
    "netProfitMargin" : 0.00,
    "netProfit" : 0.00
  }, {
    "date" : "2020-09-30",
    "sales" : 0.60,
    "salesGrowthYoY" : 100.00,
    "grossProfitMargin" : 100.00,
    "grossProfit" : 0.60,
    "operatingProfitMargin" : 96.67,
    "operatingProfit" : 0.58,
    "netProfitMargin" : 96.67,
    "netProfit" : 0.58
  }, {
    "date" : "2020-12-31",
    "sales" : 1.04,
    "salesGrowthYoY" : 100.00,
    "grossProfitMargin" : 66.35,
    "grossProfit" : 0.69,
    "operatingProfitMargin" : 64.42,
    "operatingProfit" : 0.67,
    "netProfitMargin" : 64.42,
    "netProfit" : 0.67
  }, {
    "date" : "2021-03-31",
    "sales" : 2.02,
    "salesGrowthYoY" : 100.00,
    "grossProfitMargin" : 66.83,
    "grossProfit" : 1.35,
    "operatingProfitMargin" : 61.88,
    "operatingProfit" : 1.25,
    "netProfitMargin" : 55.94,
    "netProfit" : 1.13
  }, {
    "date" : "2021-06-30",
    "sales" : 2.43,
    "salesGrowthYoY" : 100.00,
    "grossProfitMargin" : 16.05,
    "grossProfit" : 0.39,
    "operatingProfitMargin" : 9.88,
    "operatingProfit" : 0.24,
    "netProfitMargin" : 6.58,
    "netProfit" : 0.16
  }, {
    "date" : "2021-09-30",
    "sales" : 0.62,
    "salesGrowthYoY" : 3.33,
    "grossProfitMargin" : 41.94,
    "grossProfit" : 0.26,
    "operatingProfitMargin" : 20.97,
    "operatingProfit" : 0.13,
    "netProfitMargin" : 8.06,
    "netProfit" : 0.05
  }, {
    "date" : "2021-12-31",
    "sales" : 0.34,
    "salesGrowthYoY" : -67.31,
    "grossProfitMargin" : 73.53,
    "grossProfit" : 0.25,
    "operatingProfitMargin" : 32.35,
    "operatingProfit" : 0.11,
    "netProfitMargin" : 8.82,
    "netProfit" : 0.03
  }, {
    "date" : "2022-03-31",
    "sales" : 2.68,
    "salesGrowthYoY" : 32.67,
    "grossProfitMargin" : 38.43,
    "grossProfit" : 1.03,
    "operatingProfitMargin" : 32.84,
    "operatingProfit" : 0.88,
    "netProfitMargin" : 29.85,
    "netProfit" : 0.80
  }, {
    "date" : "2022-06-30",
    "sales" : 2.09,
    "salesGrowthYoY" : -13.99,
    "grossProfitMargin" : 27.75,
    "grossProfit" : 0.58,
    "operatingProfitMargin" : 9.09,
    "operatingProfit" : 0.19,
    "netProfitMargin" : 6.22,
    "netProfit" : 0.13
  }, {
    "date" : "2022-09-30",
    "sales" : 3.18,
    "salesGrowthYoY" : 412.90,
    "grossProfitMargin" : 33.65,
    "grossProfit" : 1.07,
    "operatingProfitMargin" : 9.12,
    "operatingProfit" : 0.29,
    "netProfitMargin" : 6.92,
    "netProfit" : 0.22
  }, {
    "date" : "2022-12-31",
    "sales" : 7.51,
    "salesGrowthYoY" : 2108.82,
    "grossProfitMargin" : 17.44,
    "grossProfit" : 1.31,
    "operatingProfitMargin" : 8.66,
    "operatingProfit" : 0.65,
    "netProfitMargin" : 7.72,
    "netProfit" : 0.58
  }, {
    "date" : "2023-03-31",
    "sales" : 5.34,
    "salesGrowthYoY" : 99.25,
    "grossProfitMargin" : 24.16,
    "grossProfit" : 1.29,
    "operatingProfitMargin" : 9.55,
    "operatingProfit" : 0.51,
    "netProfitMargin" : 8.24,
    "netProfit" : 0.44
  }, {
    "date" : "2023-06-30",
    "sales" : 12.52,
    "salesGrowthYoY" : 499.04,
    "grossProfitMargin" : 16.77,
    "grossProfit" : 2.10,
    "operatingProfitMargin" : 10.86,
    "operatingProfit" : 1.36,
    "netProfitMargin" : 7.83,
    "netProfit" : 0.98
  }, {
    "date" : "2023-09-30",
    "sales" : 11.65,
    "salesGrowthYoY" : 266.35,
    "grossProfitMargin" : 16.91,
    "grossProfit" : 1.97,
    "operatingProfitMargin" : 8.41,
    "operatingProfit" : 0.98,
    "netProfitMargin" : 5.92,
    "netProfit" : 0.69
  }, {
    "date" : "2023-12-31",
    "sales" : 14.54,
    "salesGrowthYoY" : 93.61,
    "grossProfitMargin" : 23.73,
    "grossProfit" : 3.45,
    "operatingProfitMargin" : 13.82,
    "operatingProfit" : 2.01,
    "netProfitMargin" : 10.04,
    "netProfit" : 1.46
  }, {
    "date" : "2024-03-31",
    "sales" : 24.30,
    "salesGrowthYoY" : 355.06,
    "grossProfitMargin" : 28.19,
    "grossProfit" : 6.85,
    "operatingProfitMargin" : 22.14,
    "operatingProfit" : 5.38,
    "netProfitMargin" : 16.34,
    "netProfit" : 3.97
  }, {
    "date" : "2024-06-30",
    "sales" : 13.56,
    "salesGrowthYoY" : 8.31,
    "grossProfitMargin" : 28.32,
    "grossProfit" : 3.84,
    "operatingProfitMargin" : 17.40,
    "operatingProfit" : 2.36,
    "netProfitMargin" : 12.98,
    "netProfit" : 1.76
  }, {
    "date" : "2024-09-30",
    "sales" : 19.41,
    "salesGrowthYoY" : 66.61,
    "grossProfitMargin" : 23.96,
    "grossProfit" : 4.65,
    "operatingProfitMargin" : 15.82,
    "operatingProfit" : 3.07,
    "netProfitMargin" : 11.70,
    "netProfit" : 2.27
  }, {
    "date" : "2024-12-31",
    "sales" : 33.37,
    "salesGrowthYoY" : 129.50,
    "grossProfitMargin" : 21.28,
    "grossProfit" : 7.10,
    "operatingProfitMargin" : 14.41,
    "operatingProfit" : 4.81,
    "netProfitMargin" : 10.43,
    "netProfit" : 3.48
  }, {
    "date" : "2025-03-31",
    "sales" : 55.46,
    "salesGrowthYoY" : 128.23,
    "grossProfitMargin" : 37.20,
    "grossProfit" : 20.63,
    "operatingProfitMargin" : 26.36,
    "operatingProfit" : 14.62,
    "netProfitMargin" : 19.46,
    "netProfit" : 10.79
  }, {
    "date" : "2025-06-30",
    "sales" : 87.83,
    "salesGrowthYoY" : 547.71,
    "grossProfitMargin" : 20.03,
    "grossProfit" : 17.59,
    "operatingProfitMargin" : 15.07,
    "operatingProfit" : 13.24,
    "netProfitMargin" : 11.18,
    "netProfit" : 9.82
  }, {
    "date" : "2025-09-30",
    "sales" : 134.98,
    "salesGrowthYoY" : 595.41,
    "grossProfitMargin" : 22.06,
    "grossProfit" : 29.78,
    "operatingProfitMargin" : 19.34,
    "operatingProfit" : 26.11,
    "netProfitMargin" : 14.66,
    "netProfit" : 19.79
  } ],
  "latestQuarterlyResult" : {
    "date" : "2025-09-30",
    "sales" : 134.98,
    "salesGrowthYoY" : 595.41,
    "grossProfitMargin" : 22.06,
    "grossProfit" : 29.78,
    "operatingProfitMargin" : 19.34,
    "operatingProfit" : 26.11,
    "netProfitMargin" : 14.66,
    "netProfit" : 19.79
  },
  "companyScore" : {
    "priceHigherThanDma50" : 5.00,
    "priceHigherThanDma100" : 5.00,
    "priceHigherThanDma200" : 5.00,
    "dma50HigherThanDma100" : 5.00,
    "dma50HigherThanDma200" : 5.00,
    "dma100HigherThanDma200" : 5.00,
    "pricePercentageAboveDma50" : 2.84,
    "pricePercentageAboveDma100" : 0.51,
    "pricePercentageAboveDma200" : 0.00,
    "weeklyVolumeHigherThanYearlyVolume" : 5.00,
    "salesGrowthPercentile" : 19.75,
    "operatingProfitMarginPercentile" : 18.47,
    "netProfitMarginPercentile" : 9.18,
    "totalTechnicalScore" : 38.35,
    "totalFundamentalScore" : 47.40,
    "totalScore" : 85.75
  }
}