{
  "metadata" : {
    "screenerCompanyId" : "1268571",
    "companyCode" : "515008",
    "companyName" : "Modern Insulator",
    "screenerCompanyLink" : "https://www.screener.in/company/515008/consolidated/",
    "screenerTechnicalHistoryLink" : "https://www.screener.in/api/company/1268571/chart/?q=Price-DMA50-DMA200-Volume&days=365",
    "screenerQuarterlyResultsLink" : "https://www.screener.in/api/company/1268571/chart/?q=GPM-OPM-NPM-Quarter+Sales&days=10000",
    "attributes" : {
      "companyCode" : "515008",
      "companyName" : "Modern Insulator",
      "marketCap" : 1181.00,
      "peRatio" : 23.90,
      "description" : "Modern Insulators is an arm of the Modern group of Industries and was set up in 1985 in collaboration with Siemens, Germany. Modern Insulators is also India’s largest manufacturer and exporter of porcelain insulators and is closely associated with National and Regional Utilities, Indian Railways, OEMs & EPC companies worldwide.[1]"
    },
    "companyScore" : {
      "priceHigherThanDma50" : 5.00,
      "priceHigherThanDma100" : 5.00,
      "priceHigherThanDma200" : 5.00,
      "dma50HigherThanDma100" : 5.00,
      "dma50HigherThanDma200" : 5.00,
      "dma100HigherThanDma200" : 5.00,
      "pricePercentageAboveDma50" : 3.61,
      "pricePercentageAboveDma100" : 2.51,
      "pricePercentageAboveDma200" : 1.64,
      "weeklyVolumeHigherThanYearlyVolume" : 5.00,
      "salesGrowthPercentile" : 19.75,
      "operatingProfitMarginPercentile" : 18.33,
      "netProfitMarginPercentile" : 9.52,
      "totalTechnicalScore" : 42.76,
      "totalFundamentalScore" : 47.61,
      "totalScore" : 90.37
    }
  },
  "attributes" : {
    "companyCode" : "515008",
    "companyName" : "Modern Insulator",
    "marketCap" : 1181.00,
    "peRatio" : 23.90,
    "description" : "Modern Insulators is an arm of the Modern group of Industries and was set up in 1985 in collaboration with Siemens, Germany. Modern Insulators is also India’s largest manufacturer and exporter of porcelain insulators and is closely associated with National and Regional Utilities, Indian Railways, OEMs & EPC companies worldwide.[1]"
  },
  "technicalHistory" : [ {
    "date" : "2025-02-11",
    "price" : 105.58,
    "dma50" : 120.73,
    "dma100" : null,
    "dma200" : 120.63,
    "volume" : 34221.00
  }, {
    "date" : "2025-02-12",
    "price" : 95.70,
    "dma50" : 119.75,
    "dma100" : null,
    "dma200" : 120.39,
    "volume" : 97603.00
  }, {
    "date" : "2025-02-13",
    "price" : 100.52,
    "dma50" : 118.99,
    "dma100" : null,
    "dma200" : 120.19,
    "volume" : 82122.00
  }, {
    "date" : "2025-02-14",
    "price" : 100.20,
    "dma50" : 118.26,
    "dma100" : null,
    "dma200" : 119.99,
    "volume" : 48406.00
  }, {
    "date" : "2025-02-17",
    "price" : 97.70,
    "dma50" : 117.45,
    "dma100" : null,
    "dma200" : 119.77,
    "volume" : 70278.00
  }, {
    "date" : "2025-02-18",
    "price" : 95.74,
    "dma50" : 116.60,
    "dma100" : null,
    "dma200" : 119.53,
    "volume" : 29798.00
  }, {
    "date" : "2025-02-19",
    "price" : 97.52,
    "dma50" : 115.85,
    "dma100" : null,
    "dma200" : 119.31,
    "volume" : 10083.00
  }, {
    "date" : "2025-02-20",
    "price" : 99.29,
    "dma50" : 115.20,
    "dma100" : null,
    "dma200" : 119.11,
    "volume" : 14435.00
  }, {
    "date" : "2025-02-21",
    "price" : 95.88,
    "dma50" : 114.44,
    "dma100" : null,
    "dma200" : 118.88,
    "volume" : 76377.00
  }, {
    "date" : "2025-02-24",
    "price" : 96.97,
    "dma50" : 113.76,
    "dma100" : null,
    "dma200" : 118.66,
    "volume" : 44287.00
  }, {
    "date" : "2025-02-25",
    "price" : 95.01,
    "dma50" : 113.02,
    "dma100" : null,
    "dma200" : 118.43,
    "volume" : 20251.00
  }, {
    "date" : "2025-02-27",
    "price" : 94.51,
    "dma50" : 112.30,
    "dma100" : null,
    "dma200" : 118.19,
    "volume" : 16272.00
  }, {
    "date" : "2025-02-28",
    "price" : 88.59,
    "dma50" : 111.37,
    "dma100" : null,
    "dma200" : 117.89,
    "volume" : 47351.00
  }, {
    "date" : "2025-03-03",
    "price" : 84.48,
    "dma50" : 110.31,
    "dma100" : null,
    "dma200" : 117.56,
    "volume" : 57438.00
  }, {
    "date" : "2025-03-04",
    "price" : 84.02,
    "dma50" : 109.28,
    "dma100" : null,
    "dma200" : 117.23,
    "volume" : 79122.00
  }, {
    "date" : "2025-03-05",
    "price" : 88.65,
    "dma50" : 108.47,
    "dma100" : null,
    "dma200" : 116.94,
    "volume" : 35378.00
  }, {
    "date" : "2025-03-06",
    "price" : 94.82,
    "dma50" : 107.94,
    "dma100" : null,
    "dma200" : 116.72,
    "volume" : 30880.00
  }, {
    "date" : "2025-03-07",
    "price" : 103.75,
    "dma50" : 107.77,
    "dma100" : null,
    "dma200" : 116.59,
    "volume" : 40549.00
  }, {
    "date" : "2025-03-10",
    "price" : 95.92,
    "dma50" : 107.31,
    "dma100" : null,
    "dma200" : 116.39,
    "volume" : 20833.00
  }, {
    "date" : "2025-03-11",
    "price" : 91.31,
    "dma50" : 106.68,
    "dma100" : null,
    "dma200" : 116.14,
    "volume" : 41150.00
  }, {
    "date" : "2025-03-12",
    "price" : 92.22,
    "dma50" : 106.11,
    "dma100" : null,
    "dma200" : 115.90,
    "volume" : 11275.00
  }, {
    "date" : "2025-03-13",
    "price" : 93.45,
    "dma50" : 105.62,
    "dma100" : null,
    "dma200" : 115.68,
    "volume" : 36152.00
  }, {
    "date" : "2025-03-17",
    "price" : 90.81,
    "dma50" : 105.04,
    "dma100" : null,
    "dma200" : 115.43,
    "volume" : 49840.00
  }, {
    "date" : "2025-03-18",
    "price" : 92.49,
    "dma50" : 104.54,
    "dma100" : null,
    "dma200" : 115.20,
    "volume" : 81520.00
  }, {
    "date" : "2025-03-19",
    "price" : 92.92,
    "dma50" : 104.09,
    "dma100" : null,
    "dma200" : 114.98,
    "volume" : 55053.00
  }, {
    "date" : "2025-03-20",
    "price" : 95.24,
    "dma50" : 103.74,
    "dma100" : null,
    "dma200" : 114.78,
    "volume" : 32153.00
  }, {
    "date" : "2025-03-21",
    "price" : 95.45,
    "dma50" : 103.42,
    "dma100" : null,
    "dma200" : 114.59,
    "volume" : 17214.00
  }, {
    "date" : "2025-03-24",
    "price" : 94.23,
    "dma50" : 103.06,
    "dma100" : null,
    "dma200" : 114.39,
    "volume" : 31775.00
  }, {
    "date" : "2025-03-25",
    "price" : 90.97,
    "dma50" : 102.58,
    "dma100" : null,
    "dma200" : 114.15,
    "volume" : 32524.00
  }, {
    "date" : "2025-03-26",
    "price" : 91.95,
    "dma50" : 102.17,
    "dma100" : null,
    "dma200" : 113.93,
    "volume" : 34095.00
  }, {
    "date" : "2025-03-27",
    "price" : 90.14,
    "dma50" : 101.69,
    "dma100" : null,
    "dma200" : 113.70,
    "volume" : 56409.00
  }, {
    "date" : "2025-03-28",
    "price" : 89.21,
    "dma50" : 101.20,
    "dma100" : null,
    "dma200" : 113.45,
    "volume" : 37241.00
  }, {
    "date" : "2025-04-01",
    "price" : 90.60,
    "dma50" : 100.79,
    "dma100" : null,
    "dma200" : 113.23,
    "volume" : 13441.00
  }, {
    "date" : "2025-04-02",
    "price" : 90.11,
    "dma50" : 100.37,
    "dma100" : null,
    "dma200" : 113.00,
    "volume" : 7844.00
  }, {
    "date" : "2025-04-03",
    "price" : 92.44,
    "dma50" : 100.06,
    "dma100" : null,
    "dma200" : 112.79,
    "volume" : 16867.00
  }, {
    "date" : "2025-04-04",
    "price" : 90.86,
    "dma50" : 99.70,
    "dma100" : null,
    "dma200" : 112.57,
    "volume" : 13247.00
  }, {
    "date" : "2025-04-07",
    "price" : 86.52,
    "dma50" : 99.18,
    "dma100" : null,
    "dma200" : 112.31,
    "volume" : 60993.00
  }, {
    "date" : "2025-04-08",
    "price" : 87.98,
    "dma50" : 98.74,
    "dma100" : null,
    "dma200" : 112.07,
    "volume" : 11377.00
  }, {
    "date" : "2025-04-09",
    "price" : 89.75,
    "dma50" : 98.39,
    "dma100" : null,
    "dma200" : 111.85,
    "volume" : 6370.00
  }, {
    "date" : "2025-04-11",
    "price" : 91.00,
    "dma50" : 98.10,
    "dma100" : null,
    "dma200" : 111.64,
    "volume" : 39488.00
  }, {
    "date" : "2025-04-15",
    "price" : 91.55,
    "dma50" : 97.84,
    "dma100" : null,
    "dma200" : 111.44,
    "volume" : 17002.00
  }, {
    "date" : "2025-04-16",
    "price" : 91.82,
    "dma50" : 97.61,
    "dma100" : null,
    "dma200" : 111.25,
    "volume" : 9540.00
  }, {
    "date" : "2025-04-17",
    "price" : 92.72,
    "dma50" : 97.41,
    "dma100" : null,
    "dma200" : 111.06,
    "volume" : 14970.00
  }, {
    "date" : "2025-04-21",
    "price" : 91.51,
    "dma50" : 97.18,
    "dma100" : null,
    "dma200" : 110.87,
    "volume" : 33924.00
  }, {
    "date" : "2025-04-22",
    "price" : 96.32,
    "dma50" : 97.15,
    "dma100" : null,
    "dma200" : 110.72,
    "volume" : 33665.00
  }, {
    "date" : "2025-04-23",
    "price" : 93.95,
    "dma50" : 97.02,
    "dma100" : null,
    "dma200" : 110.56,
    "volume" : 26756.00
  }, {
    "date" : "2025-04-24",
    "price" : 92.23,
    "dma50" : 96.84,
    "dma100" : null,
    "dma200" : 110.37,
    "volume" : 23061.00
  }, {
    "date" : "2025-04-25",
    "price" : 90.20,
    "dma50" : 96.58,
    "dma100" : null,
    "dma200" : 110.17,
    "volume" : 14135.00
  }, {
    "date" : "2025-04-28",
    "price" : 89.62,
    "dma50" : 96.30,
    "dma100" : null,
    "dma200" : 109.97,
    "volume" : 11346.00
  }, {
    "date" : "2025-04-29",
    "price" : 89.95,
    "dma50" : 96.05,
    "dma100" : null,
    "dma200" : 109.77,
    "volume" : 6624.00
  }, {
    "date" : "2025-04-30",
    "price" : 88.88,
    "dma50" : 95.77,
    "dma100" : null,
    "dma200" : 109.56,
    "volume" : 10470.00
  }, {
    "date" : "2025-05-02",
    "price" : 89.41,
    "dma50" : 95.52,
    "dma100" : null,
    "dma200" : 109.36,
    "volume" : 13074.00
  }, {
    "date" : "2025-05-05",
    "price" : 91.25,
    "dma50" : 95.36,
    "dma100" : null,
    "dma200" : 109.18,
    "volume" : 6274.00
  }, {
    "date" : "2025-05-06",
    "price" : 87.23,
    "dma50" : 95.04,
    "dma100" : null,
    "dma200" : 108.96,
    "volume" : 39424.00
  }, {
    "date" : "2025-05-07",
    "price" : 86.18,
    "dma50" : 94.69,
    "dma100" : null,
    "dma200" : 108.74,
    "volume" : 17853.00
  }, {
    "date" : "2025-05-08",
    "price" : 90.43,
    "dma50" : 94.52,
    "dma100" : null,
    "dma200" : 108.55,
    "volume" : 60470.00
  }, {
    "date" : "2025-05-09",
    "price" : 87.79,
    "dma50" : 94.26,
    "dma100" : null,
    "dma200" : 108.35,
    "volume" : 10762.00
  }, {
    "date" : "2025-05-12",
    "price" : 92.22,
    "dma50" : 94.18,
    "dma100" : null,
    "dma200" : 108.19,
    "volume" : 13193.00
  }, {
    "date" : "2025-05-13",
    "price" : 93.58,
    "dma50" : 94.15,
    "dma100" : null,
    "dma200" : 108.04,
    "volume" : 30031.00
  }, {
    "date" : "2025-05-14",
    "price" : 94.20,
    "dma50" : 94.16,
    "dma100" : null,
    "dma200" : 107.90,
    "volume" : 24387.00
  }, {
    "date" : "2025-05-15",
    "price" : 97.87,
    "dma50" : 94.30,
    "dma100" : null,
    "dma200" : 107.80,
    "volume" : 64023.00
  }, {
    "date" : "2025-05-16",
    "price" : 97.36,
    "dma50" : 94.42,
    "dma100" : null,
    "dma200" : 107.70,
    "volume" : 24702.00
  }, {
    "date" : "2025-05-19",
    "price" : 98.50,
    "dma50" : 94.58,
    "dma100" : null,
    "dma200" : 107.61,
    "volume" : 23590.00
  }, {
    "date" : "2025-05-20",
    "price" : 100.73,
    "dma50" : 94.82,
    "dma100" : null,
    "dma200" : 107.54,
    "volume" : 57447.00
  }, {
    "date" : "2025-05-21",
    "price" : 109.69,
    "dma50" : 95.41,
    "dma100" : null,
    "dma200" : 107.56,
    "volume" : 80170.00
  }, {
    "date" : "2025-05-22",
    "price" : 114.74,
    "dma50" : 96.16,
    "dma100" : null,
    "dma200" : 107.63,
    "volume" : 86051.00
  }, {
    "date" : "2025-05-23",
    "price" : 118.00,
    "dma50" : 97.02,
    "dma100" : null,
    "dma200" : 107.74,
    "volume" : 61895.00
  }, {
    "date" : "2025-05-26",
    "price" : 118.33,
    "dma50" : 97.86,
    "dma100" : null,
    "dma200" : 107.84,
    "volume" : 37137.00
  }, {
    "date" : "2025-05-27",
    "price" : 116.86,
    "dma50" : 98.60,
    "dma100" : null,
    "dma200" : 107.93,
    "volume" : 50078.00
  }, {
    "date" : "2025-05-28",
    "price" : 124.69,
    "dma50" : 99.62,
    "dma100" : null,
    "dma200" : 108.10,
    "volume" : 101870.00
  }, {
    "date" : "2025-05-29",
    "price" : 103.56,
    "dma50" : 99.78,
    "dma100" : null,
    "dma200" : 108.05,
    "volume" : 371342.00
  }, {
    "date" : "2025-05-30",
    "price" : 106.31,
    "dma50" : 100.04,
    "dma100" : null,
    "dma200" : 108.04,
    "volume" : 80897.00
  }, {
    "date" : "2025-06-02",
    "price" : 104.03,
    "dma50" : 100.19,
    "dma100" : null,
    "dma200" : 108.00,
    "volume" : 63104.00
  }, {
    "date" : "2025-06-03",
    "price" : 102.53,
    "dma50" : 100.28,
    "dma100" : null,
    "dma200" : 107.94,
    "volume" : 43510.00
  }, {
    "date" : "2025-06-04",
    "price" : 102.02,
    "dma50" : 100.35,
    "dma100" : null,
    "dma200" : 107.88,
    "volume" : 26448.00
  }, {
    "date" : "2025-06-05",
    "price" : 102.57,
    "dma50" : 100.44,
    "dma100" : null,
    "dma200" : 107.83,
    "volume" : 14437.00
  }, {
    "date" : "2025-06-06",
    "price" : 102.43,
    "dma50" : 100.52,
    "dma100" : null,
    "dma200" : 107.78,
    "volume" : 18410.00
  }, {
    "date" : "2025-06-09",
    "price" : 102.66,
    "dma50" : 100.60,
    "dma100" : null,
    "dma200" : 107.72,
    "volume" : 24952.00
  }, {
    "date" : "2025-06-10",
    "price" : 94.38,
    "dma50" : 100.36,
    "dma100" : null,
    "dma200" : 107.59,
    "volume" : 188587.00
  }, {
    "date" : "2025-06-11",
    "price" : 95.65,
    "dma50" : 100.17,
    "dma100" : null,
    "dma200" : 107.47,
    "volume" : 70325.00
  }, {
    "date" : "2025-06-12",
    "price" : 94.24,
    "dma50" : 99.94,
    "dma100" : null,
    "dma200" : 107.34,
    "volume" : 41987.00
  }, {
    "date" : "2025-06-13",
    "price" : 94.10,
    "dma50" : 99.71,
    "dma100" : null,
    "dma200" : 107.21,
    "volume" : 21936.00
  }, {
    "date" : "2025-06-16",
    "price" : 93.83,
    "dma50" : 99.48,
    "dma100" : null,
    "dma200" : 107.08,
    "volume" : 15110.00
  }, {
    "date" : "2025-06-17",
    "price" : 92.83,
    "dma50" : 99.22,
    "dma100" : null,
    "dma200" : 106.93,
    "volume" : 18360.00
  }, {
    "date" : "2025-06-18",
    "price" : 95.06,
    "dma50" : 99.06,
    "dma100" : null,
    "dma200" : 106.82,
    "volume" : 15208.00
  }, {
    "date" : "2025-06-19",
    "price" : 89.82,
    "dma50" : 98.69,
    "dma100" : null,
    "dma200" : 106.65,
    "volume" : 60005.00
  }, {
    "date" : "2025-06-20",
    "price" : 92.37,
    "dma50" : 98.45,
    "dma100" : null,
    "dma200" : 106.51,
    "volume" : 17313.00
  }, {
    "date" : "2025-06-23",
    "price" : 93.88,
    "dma50" : 98.27,
    "dma100" : null,
    "dma200" : 106.38,
    "volume" : 13970.00
  }, {
    "date" : "2025-06-24",
    "price" : 95.15,
    "dma50" : 98.14,
    "dma100" : null,
    "dma200" : 106.27,
    "volume" : 24699.00
  }, {
    "date" : "2025-06-25",
    "price" : 97.06,
    "dma50" : 98.10,
    "dma100" : null,
    "dma200" : 106.18,
    "volume" : 23307.00
  }, {
    "date" : "2025-06-26",
    "price" : 95.61,
    "dma50" : 98.00,
    "dma100" : null,
    "dma200" : 106.07,
    "volume" : 17227.00
  }, {
    "date" : "2025-06-27",
    "price" : 94.97,
    "dma50" : 97.89,
    "dma100" : null,
    "dma200" : 105.96,
    "volume" : 21893.00
  }, {
    "date" : "2025-06-30",
    "price" : 99.20,
    "dma50" : 97.94,
    "dma100" : null,
    "dma200" : 105.89,
    "volume" : 73464.00
  }, {
    "date" : "2025-07-01",
    "price" : 104.12,
    "dma50" : 98.18,
    "dma100" : null,
    "dma200" : 105.88,
    "volume" : 86002.00
  }, {
    "date" : "2025-07-02",
    "price" : 102.34,
    "dma50" : 98.34,
    "dma100" : null,
    "dma200" : 105.84,
    "volume" : 48501.00
  }, {
    "date" : "2025-07-03",
    "price" : 101.30,
    "dma50" : 98.46,
    "dma100" : null,
    "dma200" : 105.80,
    "volume" : 29569.00
  }, {
    "date" : "2025-07-04",
    "price" : 101.57,
    "dma50" : 98.58,
    "dma100" : null,
    "dma200" : 105.75,
    "volume" : 14669.00
  }, {
    "date" : "2025-07-07",
    "price" : 100.25,
    "dma50" : 98.65,
    "dma100" : null,
    "dma200" : 105.70,
    "volume" : 12338.00
  }, {
    "date" : "2025-07-08",
    "price" : 97.70,
    "dma50" : 98.61,
    "dma100" : null,
    "dma200" : 105.62,
    "volume" : 14612.00
  }, {
    "date" : "2025-07-09",
    "price" : 98.34,
    "dma50" : 98.60,
    "dma100" : null,
    "dma200" : 105.55,
    "volume" : 8869.00
  }, {
    "date" : "2025-07-10",
    "price" : 99.48,
    "dma50" : 98.63,
    "dma100" : 95.96,
    "dma200" : 105.49,
    "volume" : 30660.00
  }, {
    "date" : "2025-07-11",
    "price" : 99.02,
    "dma50" : 98.65,
    "dma100" : 95.99,
    "dma200" : 105.42,
    "volume" : 21557.00
  }, {
    "date" : "2025-07-14",
    "price" : 101.61,
    "dma50" : 98.76,
    "dma100" : 96.00,
    "dma200" : 105.38,
    "volume" : 37042.00
  }, {
    "date" : "2025-07-15",
    "price" : 102.21,
    "dma50" : 98.90,
    "dma100" : 96.03,
    "dma200" : 105.35,
    "volume" : 21825.00
  }, {
    "date" : "2025-07-16",
    "price" : 103.62,
    "dma50" : 99.08,
    "dma100" : 96.08,
    "dma200" : 105.34,
    "volume" : 25077.00
  }, {
    "date" : "2025-07-17",
    "price" : 102.21,
    "dma50" : 99.21,
    "dma100" : 96.15,
    "dma200" : 105.30,
    "volume" : 18086.00
  }, {
    "date" : "2025-07-18",
    "price" : 100.66,
    "dma50" : 99.26,
    "dma100" : 96.18,
    "dma200" : 105.26,
    "volume" : 16265.00
  }, {
    "date" : "2025-07-21",
    "price" : 99.29,
    "dma50" : 99.27,
    "dma100" : 96.18,
    "dma200" : 105.20,
    "volume" : 19848.00
  }, {
    "date" : "2025-07-22",
    "price" : 96.65,
    "dma50" : 99.16,
    "dma100" : 96.19,
    "dma200" : 105.11,
    "volume" : 27062.00
  }, {
    "date" : "2025-07-23",
    "price" : 97.70,
    "dma50" : 99.11,
    "dma100" : 96.20,
    "dma200" : 105.04,
    "volume" : 6799.00
  }, {
    "date" : "2025-07-24",
    "price" : 97.52,
    "dma50" : 99.04,
    "dma100" : 96.22,
    "dma200" : 104.96,
    "volume" : 20992.00
  }, {
    "date" : "2025-07-25",
    "price" : 94.01,
    "dma50" : 98.85,
    "dma100" : 96.22,
    "dma200" : 104.86,
    "volume" : 22668.00
  }, {
    "date" : "2025-07-28",
    "price" : 92.78,
    "dma50" : 98.61,
    "dma100" : 96.26,
    "dma200" : 104.74,
    "volume" : 25977.00
  }, {
    "date" : "2025-07-29",
    "price" : 93.88,
    "dma50" : 98.42,
    "dma100" : 96.35,
    "dma200" : 104.63,
    "volume" : 12520.00
  }, {
    "date" : "2025-07-30",
    "price" : 95.10,
    "dma50" : 98.29,
    "dma100" : 96.46,
    "dma200" : 104.53,
    "volume" : 8808.00
  }, {
    "date" : "2025-07-31",
    "price" : 94.29,
    "dma50" : 98.14,
    "dma100" : 96.52,
    "dma200" : 104.43,
    "volume" : 16096.00
  }, {
    "date" : "2025-08-01",
    "price" : 92.92,
    "dma50" : 97.93,
    "dma100" : 96.50,
    "dma200" : 104.32,
    "volume" : 15644.00
  }, {
    "date" : "2025-08-04",
    "price" : 91.37,
    "dma50" : 97.67,
    "dma100" : 96.38,
    "dma200" : 104.19,
    "volume" : 20102.00
  }, {
    "date" : "2025-08-05",
    "price" : 91.42,
    "dma50" : 97.43,
    "dma100" : 96.33,
    "dma200" : 104.06,
    "volume" : 18973.00
  }, {
    "date" : "2025-08-06",
    "price" : 90.96,
    "dma50" : 97.17,
    "dma100" : 96.33,
    "dma200" : 103.93,
    "volume" : 11024.00
  }, {
    "date" : "2025-08-07",
    "price" : 90.37,
    "dma50" : 96.91,
    "dma100" : 96.31,
    "dma200" : 103.80,
    "volume" : 14371.00
  }, {
    "date" : "2025-08-08",
    "price" : 89.82,
    "dma50" : 96.63,
    "dma100" : 96.27,
    "dma200" : 103.66,
    "volume" : 16621.00
  }, {
    "date" : "2025-08-11",
    "price" : 90.69,
    "dma50" : 96.40,
    "dma100" : 96.27,
    "dma200" : 103.53,
    "volume" : 6745.00
  }, {
    "date" : "2025-08-12",
    "price" : 91.10,
    "dma50" : 96.19,
    "dma100" : 96.26,
    "dma200" : 103.40,
    "volume" : 12016.00
  }, {
    "date" : "2025-08-13",
    "price" : 91.96,
    "dma50" : 96.02,
    "dma100" : 96.25,
    "dma200" : 103.29,
    "volume" : 14834.00
  }, {
    "date" : "2025-08-14",
    "price" : 103.44,
    "dma50" : 96.31,
    "dma100" : 96.33,
    "dma200" : 103.29,
    "volume" : 283073.00
  }, {
    "date" : "2025-08-18",
    "price" : 107.12,
    "dma50" : 96.74,
    "dma100" : 96.45,
    "dma200" : 103.33,
    "volume" : 122422.00
  }, {
    "date" : "2025-08-19",
    "price" : 109.40,
    "dma50" : 97.23,
    "dma100" : 96.60,
    "dma200" : 103.39,
    "volume" : 83279.00
  }, {
    "date" : "2025-08-20",
    "price" : 110.63,
    "dma50" : 97.76,
    "dma100" : 96.79,
    "dma200" : 103.46,
    "volume" : 81324.00
  }, {
    "date" : "2025-08-21",
    "price" : 111.99,
    "dma50" : 98.32,
    "dma100" : 97.00,
    "dma200" : 103.55,
    "volume" : 72602.00
  }, {
    "date" : "2025-08-22",
    "price" : 111.54,
    "dma50" : 98.84,
    "dma100" : 97.21,
    "dma200" : 103.63,
    "volume" : 61180.00
  }, {
    "date" : "2025-08-25",
    "price" : 112.22,
    "dma50" : 99.36,
    "dma100" : 97.44,
    "dma200" : 103.71,
    "volume" : 30519.00
  }, {
    "date" : "2025-08-26",
    "price" : 108.08,
    "dma50" : 99.70,
    "dma100" : 97.61,
    "dma200" : 103.76,
    "volume" : 36191.00
  }, {
    "date" : "2025-08-28",
    "price" : 104.39,
    "dma50" : 99.89,
    "dma100" : 97.76,
    "dma200" : 103.76,
    "volume" : 28821.00
  }, {
    "date" : "2025-08-29",
    "price" : 105.94,
    "dma50" : 100.12,
    "dma100" : 97.89,
    "dma200" : 103.78,
    "volume" : 25386.00
  }, {
    "date" : "2025-09-01",
    "price" : 107.53,
    "dma50" : 100.41,
    "dma100" : 98.06,
    "dma200" : 103.82,
    "volume" : 50588.00
  }, {
    "date" : "2025-09-02",
    "price" : 108.13,
    "dma50" : 100.72,
    "dma100" : 98.27,
    "dma200" : 103.86,
    "volume" : 32765.00
  }, {
    "date" : "2025-09-03",
    "price" : 108.53,
    "dma50" : 101.02,
    "dma100" : 98.48,
    "dma200" : 103.91,
    "volume" : 29634.00
  }, {
    "date" : "2025-09-04",
    "price" : 109.17,
    "dma50" : 101.34,
    "dma100" : 98.67,
    "dma200" : 103.96,
    "volume" : 23918.00
  }, {
    "date" : "2025-09-05",
    "price" : 107.35,
    "dma50" : 101.58,
    "dma100" : 98.84,
    "dma200" : 104.00,
    "volume" : 20302.00
  }, {
    "date" : "2025-09-08",
    "price" : 105.17,
    "dma50" : 101.72,
    "dma100" : 98.97,
    "dma200" : 104.01,
    "volume" : 25289.00
  }, {
    "date" : "2025-09-09",
    "price" : 106.21,
    "dma50" : 101.90,
    "dma100" : 99.12,
    "dma200" : 104.03,
    "volume" : 30416.00
  }, {
    "date" : "2025-09-10",
    "price" : 106.67,
    "dma50" : 102.08,
    "dma100" : 99.26,
    "dma200" : 104.06,
    "volume" : 31366.00
  }, {
    "date" : "2025-09-11",
    "price" : 105.30,
    "dma50" : 102.21,
    "dma100" : 99.40,
    "dma200" : 104.07,
    "volume" : 26477.00
  }, {
    "date" : "2025-09-12",
    "price" : 106.26,
    "dma50" : 102.37,
    "dma100" : 99.49,
    "dma200" : 104.09,
    "volume" : 19005.00
  }, {
    "date" : "2025-09-15",
    "price" : 107.85,
    "dma50" : 102.58,
    "dma100" : 99.63,
    "dma200" : 104.13,
    "volume" : 41640.00
  }, {
    "date" : "2025-09-16",
    "price" : 106.08,
    "dma50" : 102.72,
    "dma100" : 99.77,
    "dma200" : 104.15,
    "volume" : 39014.00
  }, {
    "date" : "2025-09-17",
    "price" : 109.40,
    "dma50" : 102.98,
    "dma100" : 99.96,
    "dma200" : 104.20,
    "volume" : 54756.00
  }, {
    "date" : "2025-09-18",
    "price" : 118.87,
    "dma50" : 103.60,
    "dma100" : 100.26,
    "dma200" : 104.34,
    "volume" : 202735.00
  }, {
    "date" : "2025-09-19",
    "price" : 116.09,
    "dma50" : 104.09,
    "dma100" : 100.52,
    "dma200" : 104.46,
    "volume" : 56862.00
  }, {
    "date" : "2025-09-22",
    "price" : 115.18,
    "dma50" : 104.53,
    "dma100" : 100.78,
    "dma200" : 104.57,
    "volume" : 51401.00
  }, {
    "date" : "2025-09-23",
    "price" : 118.55,
    "dma50" : 105.08,
    "dma100" : 101.07,
    "dma200" : 104.71,
    "volume" : 44450.00
  }, {
    "date" : "2025-09-24",
    "price" : 113.18,
    "dma50" : 105.40,
    "dma100" : 101.29,
    "dma200" : 104.79,
    "volume" : 28979.00
  }, {
    "date" : "2025-09-25",
    "price" : 116.46,
    "dma50" : 105.83,
    "dma100" : 101.58,
    "dma200" : 104.91,
    "volume" : 39133.00
  }, {
    "date" : "2025-09-26",
    "price" : 114.27,
    "dma50" : 106.16,
    "dma100" : 101.87,
    "dma200" : 105.00,
    "volume" : 43499.00
  }, {
    "date" : "2025-09-29",
    "price" : 113.13,
    "dma50" : 106.43,
    "dma100" : 102.09,
    "dma200" : 105.08,
    "volume" : 15100.00
  }, {
    "date" : "2025-09-30",
    "price" : 116.55,
    "dma50" : 106.83,
    "dma100" : 102.38,
    "dma200" : 105.20,
    "volume" : 33298.00
  }, {
    "date" : "2025-10-01",
    "price" : 116.46,
    "dma50" : 107.21,
    "dma100" : 102.62,
    "dma200" : 105.31,
    "volume" : 25691.00
  }, {
    "date" : "2025-10-03",
    "price" : 119.92,
    "dma50" : 107.71,
    "dma100" : 102.89,
    "dma200" : 105.45,
    "volume" : 43986.00
  }, {
    "date" : "2025-10-06",
    "price" : 117.64,
    "dma50" : 108.10,
    "dma100" : 103.12,
    "dma200" : 105.57,
    "volume" : 14795.00
  }, {
    "date" : "2025-10-07",
    "price" : 117.69,
    "dma50" : 108.47,
    "dma100" : 103.32,
    "dma200" : 105.70,
    "volume" : 42356.00
  }, {
    "date" : "2025-10-08",
    "price" : 118.82,
    "dma50" : 108.88,
    "dma100" : 103.53,
    "dma200" : 105.83,
    "volume" : 35445.00
  }, {
    "date" : "2025-10-09",
    "price" : 115.50,
    "dma50" : 109.14,
    "dma100" : 103.70,
    "dma200" : 105.92,
    "volume" : 15166.00
  }, {
    "date" : "2025-10-10",
    "price" : 114.73,
    "dma50" : 109.36,
    "dma100" : 103.84,
    "dma200" : 106.01,
    "volume" : 16308.00
  }, {
    "date" : "2025-10-13",
    "price" : 114.04,
    "dma50" : 109.54,
    "dma100" : 103.89,
    "dma200" : 106.09,
    "volume" : 48176.00
  }, {
    "date" : "2025-10-14",
    "price" : 119.05,
    "dma50" : 109.91,
    "dma100" : 103.93,
    "dma200" : 106.22,
    "volume" : 105598.00
  }, {
    "date" : "2025-10-15",
    "price" : 119.92,
    "dma50" : 110.31,
    "dma100" : 103.95,
    "dma200" : 106.36,
    "volume" : 47935.00
  }, {
    "date" : "2025-10-16",
    "price" : 121.60,
    "dma50" : 110.75,
    "dma100" : 103.98,
    "dma200" : 106.51,
    "volume" : 39209.00
  }, {
    "date" : "2025-10-17",
    "price" : 129.48,
    "dma50" : 111.48,
    "dma100" : 104.11,
    "dma200" : 106.74,
    "volume" : 136585.00
  }, {
    "date" : "2025-10-20",
    "price" : 139.63,
    "dma50" : 112.59,
    "dma100" : 104.26,
    "dma200" : 107.06,
    "volume" : 174802.00
  }, {
    "date" : "2025-10-21",
    "price" : 142.04,
    "dma50" : 113.74,
    "dma100" : 104.64,
    "dma200" : 107.41,
    "volume" : 57915.00
  }, {
    "date" : "2025-10-23",
    "price" : 138.35,
    "dma50" : 114.71,
    "dma100" : 104.96,
    "dma200" : 107.72,
    "volume" : 64776.00
  }, {
    "date" : "2025-10-24",
    "price" : 158.61,
    "dma50" : 116.43,
    "dma100" : 105.51,
    "dma200" : 108.22,
    "volume" : 359628.00
  }, {
    "date" : "2025-10-27",
    "price" : 153.33,
    "dma50" : 117.88,
    "dma100" : 106.02,
    "dma200" : 108.67,
    "volume" : 459697.00
  }, {
    "date" : "2025-10-28",
    "price" : 147.14,
    "dma50" : 119.02,
    "dma100" : 106.47,
    "dma200" : 109.06,
    "volume" : 86205.00
  }, {
    "date" : "2025-10-29",
    "price" : 148.33,
    "dma50" : 120.17,
    "dma100" : 106.92,
    "dma200" : 109.45,
    "volume" : 68946.00
  }, {
    "date" : "2025-10-30",
    "price" : 144.00,
    "dma50" : 121.11,
    "dma100" : 107.34,
    "dma200" : 109.79,
    "volume" : 76924.00
  }, {
    "date" : "2025-10-31",
    "price" : 151.20,
    "dma50" : 122.29,
    "dma100" : 107.83,
    "dma200" : 110.20,
    "volume" : 48514.00
  }, {
    "date" : "2025-11-03",
    "price" : 151.20,
    "dma50" : 123.42,
    "dma100" : 108.39,
    "dma200" : 110.61,
    "volume" : 49729.00
  }, {
    "date" : "2025-11-04",
    "price" : 149.30,
    "dma50" : 124.44,
    "dma100" : 108.93,
    "dma200" : 111.00,
    "volume" : 27768.00
  }, {
    "date" : "2025-11-06",
    "price" : 156.75,
    "dma50" : 125.70,
    "dma100" : 109.56,
    "dma200" : 111.45,
    "volume" : 64790.00
  }, {
    "date" : "2025-11-07",
    "price" : 164.55,
    "dma50" : 127.23,
    "dma100" : 110.26,
    "dma200" : 111.98,
    "volume" : 30785.00
  }, {
    "date" : "2025-11-10",
    "price" : 172.75,
    "dma50" : 129.01,
    "dma100" : 111.05,
    "dma200" : 112.58,
    "volume" : 184508.00
  }, {
    "date" : "2025-11-11",
    "price" : 165.65,
    "dma50" : 130.45,
    "dma100" : 111.78,
    "dma200" : 113.11,
    "volume" : 108220.00
  }, {
    "date" : "2025-11-12",
    "price" : 165.30,
    "dma50" : 131.82,
    "dma100" : 112.48,
    "dma200" : 113.63,
    "volume" : 24975.00
  }, {
    "date" : "2025-11-13",
    "price" : 163.40,
    "dma50" : 133.05,
    "dma100" : 113.22,
    "dma200" : 114.13,
    "volume" : 19927.00
  }, {
    "date" : "2025-11-14",
    "price" : 162.00,
    "dma50" : 134.19,
    "dma100" : 113.91,
    "dma200" : 114.60,
    "volume" : 21742.00
  }, {
    "date" : "2025-11-17",
    "price" : 166.20,
    "dma50" : 135.44,
    "dma100" : 114.64,
    "dma200" : 115.12,
    "volume" : 35784.00
  }, {
    "date" : "2025-11-18",
    "price" : 171.40,
    "dma50" : 136.85,
    "dma100" : 115.40,
    "dma200" : 115.68,
    "volume" : 46596.00
  }, {
    "date" : "2025-11-19",
    "price" : 177.15,
    "dma50" : 138.44,
    "dma100" : 116.20,
    "dma200" : 116.29,
    "volume" : 68921.00
  }, {
    "date" : "2025-11-20",
    "price" : 175.95,
    "dma50" : 139.91,
    "dma100" : 117.00,
    "dma200" : 116.88,
    "volume" : 63303.00
  }, {
    "date" : "2025-11-21",
    "price" : 174.00,
    "dma50" : 141.24,
    "dma100" : 117.79,
    "dma200" : 117.45,
    "volume" : 18656.00
  }, {
    "date" : "2025-11-24",
    "price" : 169.55,
    "dma50" : 142.35,
    "dma100" : 118.50,
    "dma200" : 117.97,
    "volume" : 28205.00
  }, {
    "date" : "2025-11-25",
    "price" : 169.75,
    "dma50" : 143.43,
    "dma100" : 119.15,
    "dma200" : 118.48,
    "volume" : 20230.00
  }, {
    "date" : "2025-11-26",
    "price" : 174.20,
    "dma50" : 144.63,
    "dma100" : 119.87,
    "dma200" : 119.04,
    "volume" : 24613.00
  }, {
    "date" : "2025-11-27",
    "price" : 169.25,
    "dma50" : 145.60,
    "dma100" : 120.55,
    "dma200" : 119.54,
    "volume" : 28255.00
  }, {
    "date" : "2025-11-28",
    "price" : 168.90,
    "dma50" : 146.51,
    "dma100" : 121.22,
    "dma200" : 120.03,
    "volume" : 12722.00
  }, {
    "date" : "2025-12-01",
    "price" : 169.60,
    "dma50" : 147.42,
    "dma100" : 121.92,
    "dma200" : 120.52,
    "volume" : 42824.00
  }, {
    "date" : "2025-12-02",
    "price" : 169.00,
    "dma50" : 148.27,
    "dma100" : 122.63,
    "dma200" : 121.00,
    "volume" : 15528.00
  }, {
    "date" : "2025-12-03",
    "price" : 167.55,
    "dma50" : 149.02,
    "dma100" : 123.32,
    "dma200" : 121.47,
    "volume" : 19875.00
  }, {
    "date" : "2025-12-04",
    "price" : 164.50,
    "dma50" : 149.63,
    "dma100" : 123.97,
    "dma200" : 121.90,
    "volume" : 9939.00
  }, {
    "date" : "2025-12-05",
    "price" : 163.40,
    "dma50" : 150.17,
    "dma100" : 124.62,
    "dma200" : 122.31,
    "volume" : 13872.00
  }, {
    "date" : "2025-12-08",
    "price" : 155.25,
    "dma50" : 150.37,
    "dma100" : 125.15,
    "dma200" : 122.64,
    "volume" : 20911.00
  }, {
    "date" : "2025-12-09",
    "price" : 148.30,
    "dma50" : 150.29,
    "dma100" : 125.61,
    "dma200" : 122.89,
    "volume" : 44975.00
  }, {
    "date" : "2025-12-10",
    "price" : 149.00,
    "dma50" : 150.24,
    "dma100" : 126.07,
    "dma200" : 123.15,
    "volume" : 23527.00
  }, {
    "date" : "2025-12-11",
    "price" : 150.60,
    "dma50" : 150.25,
    "dma100" : 126.55,
    "dma200" : 123.42,
    "volume" : 10321.00
  }, {
    "date" : "2025-12-12",
    "price" : 148.05,
    "dma50" : 150.16,
    "dma100" : 127.02,
    "dma200" : 123.67,
    "volume" : 17691.00
  }, {
    "date" : "2025-12-15",
    "price" : 155.45,
    "dma50" : 150.37,
    "dma100" : 127.59,
    "dma200" : 123.99,
    "volume" : 19800.00
  }, {
    "date" : "2025-12-16",
    "price" : 163.20,
    "dma50" : 150.87,
    "dma100" : 128.25,
    "dma200" : 124.38,
    "volume" : 8957.00
  }, {
    "date" : "2025-12-17",
    "price" : 171.35,
    "dma50" : 151.68,
    "dma100" : 128.99,
    "dma200" : 124.84,
    "volume" : 22820.00
  }, {
    "date" : "2025-12-18",
    "price" : 179.20,
    "dma50" : 152.76,
    "dma100" : 129.81,
    "dma200" : 125.38,
    "volume" : 185265.00
  }, {
    "date" : "2025-12-19",
    "price" : 170.25,
    "dma50" : 153.44,
    "dma100" : 130.57,
    "dma200" : 125.83,
    "volume" : 64812.00
  }, {
    "date" : "2025-12-22",
    "price" : 169.45,
    "dma50" : 154.07,
    "dma100" : 131.33,
    "dma200" : 126.27,
    "volume" : 31851.00
  }, {
    "date" : "2025-12-23",
    "price" : 177.90,
    "dma50" : 155.01,
    "dma100" : 132.17,
    "dma200" : 126.78,
    "volume" : 41044.00
  }, {
    "date" : "2025-12-24",
    "price" : 186.75,
    "dma50" : 156.25,
    "dma100" : 133.09,
    "dma200" : 127.38,
    "volume" : 91702.00
  }, {
    "date" : "2025-12-26",
    "price" : 196.05,
    "dma50" : 157.81,
    "dma100" : 134.11,
    "dma200" : 128.06,
    "volume" : 59552.00
  }, {
    "date" : "2025-12-29",
    "price" : 205.85,
    "dma50" : 159.69,
    "dma100" : 135.24,
    "dma200" : 128.83,
    "volume" : 178987.00
  }, {
    "date" : "2025-12-30",
    "price" : 211.95,
    "dma50" : 161.74,
    "dma100" : 136.44,
    "dma200" : 129.66,
    "volume" : 113524.00
  }, {
    "date" : "2025-12-31",
    "price" : 217.40,
    "dma50" : 163.93,
    "dma100" : 137.70,
    "dma200" : 130.53,
    "volume" : 65329.00
  }, {
    "date" : "2026-01-01",
    "price" : 220.90,
    "dma50" : 166.16,
    "dma100" : 139.00,
    "dma200" : 131.43,
    "volume" : 60603.00
  }, {
    "date" : "2026-01-02",
    "price" : 214.90,
    "dma50" : 168.07,
    "dma100" : 140.25,
    "dma200" : 132.26,
    "volume" : 89089.00
  }, {
    "date" : "2026-01-05",
    "price" : 209.70,
    "dma50" : 169.70,
    "dma100" : 141.45,
    "dma200" : 133.03,
    "volume" : 53713.00
  }, {
    "date" : "2026-01-06",
    "price" : 220.15,
    "dma50" : 171.68,
    "dma100" : 142.74,
    "dma200" : 133.90,
    "volume" : 41913.00
  }, {
    "date" : "2026-01-07",
    "price" : 224.30,
    "dma50" : 173.75,
    "dma100" : 144.07,
    "dma200" : 134.80,
    "volume" : 89314.00
  }, {
    "date" : "2026-01-08",
    "price" : 216.65,
    "dma50" : 175.43,
    "dma100" : 145.32,
    "dma200" : 135.61,
    "volume" : 60706.00
  }, {
    "date" : "2026-01-09",
    "price" : 206.10,
    "dma50" : 176.63,
    "dma100" : 146.35,
    "dma200" : 136.32,
    "volume" : 86537.00
  }, {
    "date" : "2026-01-12",
    "price" : 204.75,
    "dma50" : 177.73,
    "dma100" : 147.32,
    "dma200" : 137.00,
    "volume" : 36219.00
  }, {
    "date" : "2026-01-13",
    "price" : 209.85,
    "dma50" : 178.99,
    "dma100" : 148.33,
    "dma200" : 137.72,
    "volume" : 34052.00
  }, {
    "date" : "2026-01-14",
    "price" : 216.85,
    "dma50" : 180.48,
    "dma100" : 149.39,
    "dma200" : 138.51,
    "volume" : 85248.00
  }, {
    "date" : "2026-01-16",
    "price" : 209.95,
    "dma50" : 181.63,
    "dma100" : 150.37,
    "dma200" : 139.22,
    "volume" : 29531.00
  }, {
    "date" : "2026-01-19",
    "price" : 200.60,
    "dma50" : 182.38,
    "dma100" : 151.26,
    "dma200" : 139.83,
    "volume" : 56608.00
  }, {
    "date" : "2026-01-20",
    "price" : 195.25,
    "dma50" : 182.88,
    "dma100" : 152.09,
    "dma200" : 140.38,
    "volume" : 34283.00
  }, {
    "date" : "2026-01-21",
    "price" : 192.50,
    "dma50" : 183.26,
    "dma100" : 152.93,
    "dma200" : 140.90,
    "volume" : 53838.00
  }, {
    "date" : "2026-01-22",
    "price" : 192.00,
    "dma50" : 183.60,
    "dma100" : 153.81,
    "dma200" : 141.41,
    "volume" : 14926.00
  }, {
    "date" : "2026-01-23",
    "price" : 182.60,
    "dma50" : 183.56,
    "dma100" : 154.58,
    "dma200" : 141.82,
    "volume" : 26479.00
  }, {
    "date" : "2026-01-27",
    "price" : 173.50,
    "dma50" : 183.17,
    "dma100" : 155.24,
    "dma200" : 142.13,
    "volume" : 29808.00
  }, {
    "date" : "2026-01-28",
    "price" : 182.15,
    "dma50" : 183.13,
    "dma100" : 155.98,
    "dma200" : 142.53,
    "volume" : 13127.00
  }, {
    "date" : "2026-01-29",
    "price" : 191.25,
    "dma50" : 183.45,
    "dma100" : 156.80,
    "dma200" : 143.02,
    "volume" : 18239.00
  }, {
    "date" : "2026-01-30",
    "price" : 200.80,
    "dma50" : 184.13,
    "dma100" : 157.72,
    "dma200" : 143.59,
    "volume" : 73380.00
  }, {
    "date" : "2026-02-01",
    "price" : 201.90,
    "dma50" : 184.82,
    "dma100" : 158.67,
    "dma200" : 144.17,
    "volume" : 39890.00
  }, {
    "date" : "2026-02-02",
    "price" : 202.95,
    "dma50" : 185.54,
    "dma100" : 159.64,
    "dma200" : 144.76,
    "volume" : 31539.00
  }, {
    "date" : "2026-02-03",
    "price" : 213.05,
    "dma50" : 186.61,
    "dma100" : 160.71,
    "dma200" : 145.44,
    "volume" : 79288.00
  }, {
    "date" : "2026-02-04",
    "price" : 217.10,
    "dma50" : 187.81,
    "dma100" : 161.82,
    "dma200" : 146.15,
    "volume" : 32604.00
  }, {
    "date" : "2026-02-05",
    "price" : 227.95,
    "dma50" : 189.38,
    "dma100" : 163.04,
    "dma200" : 146.96,
    "volume" : 112938.00
  }, {
    "date" : "2026-02-06",
    "price" : 239.30,
    "dma50" : 191.34,
    "dma100" : 164.37,
    "dma200" : 147.88,
    "volume" : 78726.00
  }, {
    "date" : "2026-02-09",
    "price" : 251.25,
    "dma50" : 193.69,
    "dma100" : 165.81,
    "dma200" : 148.91,
    "volume" : 145914.00
  }, {
    "date" : "2026-02-10",
    "price" : 250.55,
    "dma50" : 195.92,
    "dma100" : 167.25,
    "dma200" : 149.92,
    "volume" : 88015.00
  } ],
  "latestTechnicalAttributes" : {
    "date" : "2026-02-10",
    "price" : 250.55,
    "dma50" : 195.92,
    "dma100" : 167.25,
    "dma200" : 149.92,
    "volume" : 88015.00
  },
  "quarterlyResults" : [ {
    "date" : "2005-03-31",
    "sales" : 37.08,
    "salesGrowthYoY" : null,
    "grossProfitMargin" : 100.00,
    "grossProfit" : 37.08,
    "operatingProfitMargin" : 16.42,
    "operatingProfit" : 6.09,
    "netProfitMargin" : -4.96,
    "netProfit" : -1.84
  }, {
    "date" : "2005-06-30",
    "sales" : 33.10,
    "salesGrowthYoY" : null,
    "grossProfitMargin" : 100.00,
    "grossProfit" : 33.10,
    "operatingProfitMargin" : 16.22,
    "operatingProfit" : 5.37,
    "netProfitMargin" : 10.60,
    "netProfit" : 3.51
  }, {
    "date" : "2005-09-30",
    "sales" : 32.37,
    "salesGrowthYoY" : null,
    "grossProfitMargin" : 100.00,
    "grossProfit" : 32.37,
    "operatingProfitMargin" : 16.06,
    "operatingProfit" : 5.20,
    "netProfitMargin" : 9.76,
    "netProfit" : 3.16
  }, {
    "date" : "2005-12-31",
    "sales" : 34.64,
    "salesGrowthYoY" : null,
    "grossProfitMargin" : 100.00,
    "grossProfit" : 34.64,
    "operatingProfitMargin" : 14.92,
    "operatingProfit" : 5.17,
    "netProfitMargin" : 9.15,
    "netProfit" : 3.17
  }, {
    "date" : "2006-03-31",
    "sales" : 39.07,
    "salesGrowthYoY" : 5.37,
    "grossProfitMargin" : 100.00,
    "grossProfit" : 39.07,
    "operatingProfitMargin" : 12.29,
    "operatingProfit" : 4.80,
    "netProfitMargin" : -4.61,
    "netProfit" : -1.80
  }, {
    "date" : "2006-06-30",
    "sales" : 41.44,
    "salesGrowthYoY" : 25.20,
    "grossProfitMargin" : 100.00,
    "grossProfit" : 41.44,
    "operatingProfitMargin" : 13.95,
    "operatingProfit" : 5.78,
    "netProfitMargin" : 10.21,
    "netProfit" : 4.23
  }, {
    "date" : "2006-09-30",
    "sales" : 49.98,
    "salesGrowthYoY" : 54.40,
    "grossProfitMargin" : 100.00,
    "grossProfit" : 49.98,
    "operatingProfitMargin" : 10.84,
    "operatingProfit" : 5.42,
    "netProfitMargin" : 5.44,
    "netProfit" : 2.72
  }, {
    "date" : "2006-12-31",
    "sales" : 55.96,
    "salesGrowthYoY" : 61.55,
    "grossProfitMargin" : 100.00,
    "grossProfit" : 55.96,
    "operatingProfitMargin" : 10.54,
    "operatingProfit" : 5.90,
    "netProfitMargin" : 5.81,
    "netProfit" : 3.25
  }, {
    "date" : "2007-03-31",
    "sales" : 52.55,
    "salesGrowthYoY" : 34.50,
    "grossProfitMargin" : 100.00,
    "grossProfit" : 52.55,
    "operatingProfitMargin" : 20.69,
    "operatingProfit" : 10.87,
    "netProfitMargin" : 10.77,
    "netProfit" : 5.66
  }, {
    "date" : "2007-06-30",
    "sales" : 49.87,
    "salesGrowthYoY" : 20.34,
    "grossProfitMargin" : 100.00,
    "grossProfit" : 49.87,
    "operatingProfitMargin" : 15.70,
    "operatingProfit" : 7.83,
    "netProfitMargin" : 12.87,
    "netProfit" : 6.42
  }, {
    "date" : "2007-09-30",
    "sales" : 54.44,
    "salesGrowthYoY" : 8.92,
    "grossProfitMargin" : 100.00,
    "grossProfit" : 54.44,
    "operatingProfitMargin" : 15.25,
    "operatingProfit" : 8.30,
    "netProfitMargin" : 12.60,
    "netProfit" : 6.86
  }, {
    "date" : "2007-12-31",
    "sales" : 53.09,
    "salesGrowthYoY" : -5.13,
    "grossProfitMargin" : 100.00,
    "grossProfit" : 53.09,
    "operatingProfitMargin" : 16.65,
    "operatingProfit" : 8.84,
    "netProfitMargin" : 14.26,
    "netProfit" : 7.57
  }, {
    "date" : "2008-03-31",
    "sales" : 61.66,
    "salesGrowthYoY" : 17.34,
    "grossProfitMargin" : 100.00,
    "grossProfit" : 61.66,
    "operatingProfitMargin" : 12.80,
    "operatingProfit" : 7.89,
    "netProfitMargin" : 10.09,
    "netProfit" : 6.22
  }, {
    "date" : "2008-06-30",
    "sales" : 51.60,
    "salesGrowthYoY" : 3.47,
    "grossProfitMargin" : 100.00,
    "grossProfit" : 51.60,
    "operatingProfitMargin" : 17.02,
    "operatingProfit" : 8.78,
    "netProfitMargin" : 12.79,
    "netProfit" : 6.60
  }, {
    "date" : "2008-09-30",
    "sales" : 66.54,
    "salesGrowthYoY" : 22.23,
    "grossProfitMargin" : 100.00,
    "grossProfit" : 66.54,
    "operatingProfitMargin" : 14.29,
    "operatingProfit" : 9.51,
    "netProfitMargin" : 10.73,
    "netProfit" : 7.14
  }, {
    "date" : "2008-12-31",
    "sales" : 56.51,
    "salesGrowthYoY" : 6.44,
    "grossProfitMargin" : 100.00,
    "grossProfit" : 56.51,
    "operatingProfitMargin" : 15.87,
    "operatingProfit" : 8.97,
    "netProfitMargin" : 11.40,
    "netProfit" : 6.44
  }, {
    "date" : "2009-03-31",
    "sales" : 64.49,
    "salesGrowthYoY" : 4.59,
    "grossProfitMargin" : 100.00,
    "grossProfit" : 64.49,
    "operatingProfitMargin" : 12.37,
    "operatingProfit" : 7.98,
    "netProfitMargin" : 8.53,
    "netProfit" : 5.50
  }, {
    "date" : "2009-06-30",
    "sales" : 63.07,
    "salesGrowthYoY" : 22.23,
    "grossProfitMargin" : 100.00,
    "grossProfit" : 63.07,
    "operatingProfitMargin" : 14.30,
    "operatingProfit" : 9.02,
    "netProfitMargin" : 8.47,
    "netProfit" : 5.34
  }, {
    "date" : "2009-09-30",
    "sales" : 82.81,
    "salesGrowthYoY" : 24.45,
    "grossProfitMargin" : 100.00,
    "grossProfit" : 82.81,
    "operatingProfitMargin" : 12.97,
    "operatingProfit" : 10.74,
    "netProfitMargin" : 8.98,
    "netProfit" : 7.44
  }, {
    "date" : "2009-12-31",
    "sales" : 76.80,
    "salesGrowthYoY" : 35.91,
    "grossProfitMargin" : 100.00,
    "grossProfit" : 76.80,
    "operatingProfitMargin" : 13.41,
    "operatingProfit" : 10.30,
    "netProfitMargin" : 8.96,
    "netProfit" : 6.88
  }, {
    "date" : "2010-03-31",
    "sales" : 87.47,
    "salesGrowthYoY" : 35.63,
    "grossProfitMargin" : 100.00,
    "grossProfit" : 87.47,
    "operatingProfitMargin" : 10.45,
    "operatingProfit" : 9.14,
    "netProfitMargin" : 5.59,
    "netProfit" : 4.89
  }, {
    "date" : "2010-06-30",
    "sales" : 81.42,
    "salesGrowthYoY" : 29.09,
    "grossProfitMargin" : 100.00,
    "grossProfit" : 81.42,
    "operatingProfitMargin" : 11.55,
    "operatingProfit" : 9.40,
    "netProfitMargin" : 5.26,
    "netProfit" : 4.28
  }, {
    "date" : "2010-09-30",
    "sales" : 92.54,
    "salesGrowthYoY" : 11.75,
    "grossProfitMargin" : 100.00,
    "grossProfit" : 92.54,
    "operatingProfitMargin" : 10.86,
    "operatingProfit" : 10.05,
    "netProfitMargin" : 5.36,
    "netProfit" : 4.96
  }, {
    "date" : "2010-12-31",
    "sales" : 96.99,
    "salesGrowthYoY" : 26.29,
    "grossProfitMargin" : 100.00,
    "grossProfit" : 96.99,
    "operatingProfitMargin" : 10.23,
    "operatingProfit" : 9.92,
    "netProfitMargin" : 5.12,
    "netProfit" : 4.97
  }, {
    "date" : "2011-03-31",
    "sales" : 104.52,
    "salesGrowthYoY" : 19.49,
    "grossProfitMargin" : 100.00,
    "grossProfit" : 104.52,
    "operatingProfitMargin" : 12.76,
    "operatingProfit" : 13.34,
    "netProfitMargin" : 7.77,
    "netProfit" : 8.12
  }, {
    "date" : "2011-06-30",
    "sales" : 86.82,
    "salesGrowthYoY" : 6.63,
    "grossProfitMargin" : 100.00,
    "grossProfit" : 86.82,
    "operatingProfitMargin" : 9.01,
    "operatingProfit" : 7.82,
    "netProfitMargin" : 3.29,
    "netProfit" : 2.86
  }, {
    "date" : "2011-09-30",
    "sales" : 94.44,
    "salesGrowthYoY" : 2.05,
    "grossProfitMargin" : 100.00,
    "grossProfit" : 94.44,
    "operatingProfitMargin" : 11.29,
    "operatingProfit" : 10.66,
    "netProfitMargin" : 6.23,
    "netProfit" : 5.88
  }, {
    "date" : "2011-12-31",
    "sales" : 102.73,
    "salesGrowthYoY" : 5.92,
    "grossProfitMargin" : 100.00,
    "grossProfit" : 102.73,
    "operatingProfitMargin" : 10.46,
    "operatingProfit" : 10.75,
    "netProfitMargin" : 5.97,
    "netProfit" : 6.13
  }, {
    "date" : "2012-03-31",
    "sales" : 98.76,
    "salesGrowthYoY" : -5.51,
    "grossProfitMargin" : 100.00,
    "grossProfit" : 98.76,
    "operatingProfitMargin" : 8.07,
    "operatingProfit" : 7.97,
    "netProfitMargin" : 7.64,
    "netProfit" : 7.55
  }, {
    "date" : "2012-06-30",
    "sales" : 84.47,
    "salesGrowthYoY" : -2.71,
    "grossProfitMargin" : 100.00,
    "grossProfit" : 84.47,
    "operatingProfitMargin" : 8.90,
    "operatingProfit" : 7.52,
    "netProfitMargin" : 3.14,
    "netProfit" : 2.65
  }, {
    "date" : "2012-09-30",
    "sales" : 94.27,
    "salesGrowthYoY" : -0.18,
    "grossProfitMargin" : 100.00,
    "grossProfit" : 94.27,
    "operatingProfitMargin" : 13.08,
    "operatingProfit" : 12.33,
    "netProfitMargin" : 8.23,
    "netProfit" : 7.76
  }, {
    "date" : "2012-12-31",
    "sales" : 96.95,
    "salesGrowthYoY" : -5.63,
    "grossProfitMargin" : 100.00,
    "grossProfit" : 96.95,
    "operatingProfitMargin" : 11.88,
    "operatingProfit" : 11.52,
    "netProfitMargin" : 6.86,
    "netProfit" : 6.65
  }, {
    "date" : "2013-03-31",
    "sales" : 115.93,
    "salesGrowthYoY" : 17.39,
    "grossProfitMargin" : 100.00,
    "grossProfit" : 115.93,
    "operatingProfitMargin" : 6.57,
    "operatingProfit" : 7.62,
    "netProfitMargin" : 5.49,
    "netProfit" : 6.36
  }, {
    "date" : "2013-06-30",
    "sales" : 96.26,
    "salesGrowthYoY" : 13.96,
    "grossProfitMargin" : 100.00,
    "grossProfit" : 96.26,
    "operatingProfitMargin" : 8.87,
    "operatingProfit" : 8.54,
    "netProfitMargin" : 4.64,
    "netProfit" : 4.47
  }, {
    "date" : "2013-09-30",
    "sales" : 112.09,
    "salesGrowthYoY" : 18.90,
    "grossProfitMargin" : 100.00,
    "grossProfit" : 112.09,
    "operatingProfitMargin" : 8.17,
    "operatingProfit" : 9.16,
    "netProfitMargin" : 5.23,
    "netProfit" : 5.86
  }, {
    "date" : "2013-12-31",
    "sales" : 118.80,
    "salesGrowthYoY" : 22.54,
    "grossProfitMargin" : 100.00,
    "grossProfit" : 118.80,
    "operatingProfitMargin" : 9.63,
    "operatingProfit" : 11.44,
    "netProfitMargin" : 5.81,
    "netProfit" : 6.90
  }, {
    "date" : "2014-03-31",
    "sales" : 132.17,
    "salesGrowthYoY" : 14.01,
    "grossProfitMargin" : 100.00,
    "grossProfit" : 132.17,
    "operatingProfitMargin" : 9.25,
    "operatingProfit" : 12.23,
    "netProfitMargin" : 5.48,
    "netProfit" : 7.24
  }, {
    "date" : "2014-06-30",
    "sales" : 98.40,
    "salesGrowthYoY" : 2.22,
    "grossProfitMargin" : 100.00,
    "grossProfit" : 98.40,
    "operatingProfitMargin" : 9.85,
    "operatingProfit" : 9.69,
    "netProfitMargin" : 5.40,
    "netProfit" : 5.31
  }, {
    "date" : "2014-09-30",
    "sales" : 102.86,
    "salesGrowthYoY" : -8.23,
    "grossProfitMargin" : 100.00,
    "grossProfit" : 102.86,
    "operatingProfitMargin" : 7.92,
    "operatingProfit" : 8.15,
    "netProfitMargin" : 3.31,
    "netProfit" : 3.40
  }, {
    "date" : "2014-12-31",
    "sales" : 105.32,
    "salesGrowthYoY" : -11.35,
    "grossProfitMargin" : 62.02,
    "grossProfit" : 65.32,
    "operatingProfitMargin" : 7.68,
    "operatingProfit" : 8.09,
    "netProfitMargin" : 4.33,
    "netProfit" : 4.56
  }, {
    "date" : "2015-03-31",
    "sales" : 111.34,
    "salesGrowthYoY" : -15.76,
    "grossProfitMargin" : 66.45,
    "grossProfit" : 73.99,
    "operatingProfitMargin" : 10.49,
    "operatingProfit" : 11.68,
    "netProfitMargin" : 3.03,
    "netProfit" : 3.37
  }, {
    "date" : "2015-06-30",
    "sales" : 97.23,
    "salesGrowthYoY" : -1.19,
    "grossProfitMargin" : 67.18,
    "grossProfit" : 65.32,
    "operatingProfitMargin" : 12.08,
    "operatingProfit" : 11.75,
    "netProfitMargin" : 7.39,
    "netProfit" : 7.19
  }, {
    "date" : "2015-09-30",
    "sales" : 119.22,
    "salesGrowthYoY" : 15.91,
    "grossProfitMargin" : 57.52,
    "grossProfit" : 68.58,
    "operatingProfitMargin" : 7.79,
    "operatingProfit" : 9.29,
    "netProfitMargin" : 4.08,
    "netProfit" : 4.86
  }, {
    "date" : "2015-12-31",
    "sales" : 114.36,
    "salesGrowthYoY" : 8.58,
    "grossProfitMargin" : 67.32,
    "grossProfit" : 76.99,
    "operatingProfitMargin" : 10.84,
    "operatingProfit" : 12.40,
    "netProfitMargin" : 6.89,
    "netProfit" : 7.88
  }, {
    "date" : "2016-03-31",
    "sales" : 129.85,
    "salesGrowthYoY" : 16.62,
    "grossProfitMargin" : 55.66,
    "grossProfit" : 72.27,
    "operatingProfitMargin" : 9.25,
    "operatingProfit" : 12.01,
    "netProfitMargin" : 6.96,
    "netProfit" : 9.04
  }, {
    "date" : "2016-06-30",
    "sales" : 113.94,
    "salesGrowthYoY" : 17.19,
    "grossProfitMargin" : 65.67,
    "grossProfit" : 74.82,
    "operatingProfitMargin" : 8.07,
    "operatingProfit" : 9.19,
    "netProfitMargin" : 3.34,
    "netProfit" : 3.81
  }, {
    "date" : "2016-09-30",
    "sales" : 121.46,
    "salesGrowthYoY" : 1.88,
    "grossProfitMargin" : 62.70,
    "grossProfit" : 76.16,
    "operatingProfitMargin" : 9.17,
    "operatingProfit" : 11.14,
    "netProfitMargin" : 4.22,
    "netProfit" : 5.13
  }, {
    "date" : "2016-12-31",
    "sales" : 100.59,
    "salesGrowthYoY" : -12.04,
    "grossProfitMargin" : 74.74,
    "grossProfit" : 75.18,
    "operatingProfitMargin" : 11.65,
    "operatingProfit" : 11.72,
    "netProfitMargin" : 5.34,
    "netProfit" : 5.37
  }, {
    "date" : "2017-03-31",
    "sales" : 118.25,
    "salesGrowthYoY" : -8.93,
    "grossProfitMargin" : 66.24,
    "grossProfit" : 78.33,
    "operatingProfitMargin" : 6.43,
    "operatingProfit" : 7.60,
    "netProfitMargin" : -1.24,
    "netProfit" : -1.47
  }, {
    "date" : "2017-06-30",
    "sales" : 76.21,
    "salesGrowthYoY" : -33.11,
    "grossProfitMargin" : 87.95,
    "grossProfit" : 67.03,
    "operatingProfitMargin" : 7.31,
    "operatingProfit" : 5.57,
    "netProfitMargin" : 2.94,
    "netProfit" : 2.24
  }, {
    "date" : "2017-09-30",
    "sales" : 99.30,
    "salesGrowthYoY" : -18.24,
    "grossProfitMargin" : 66.53,
    "grossProfit" : 66.06,
    "operatingProfitMargin" : 6.98,
    "operatingProfit" : 6.93,
    "netProfitMargin" : 2.62,
    "netProfit" : 2.60
  }, {
    "date" : "2017-12-31",
    "sales" : 106.84,
    "salesGrowthYoY" : 6.21,
    "grossProfitMargin" : 71.18,
    "grossProfit" : 76.05,
    "operatingProfitMargin" : 9.69,
    "operatingProfit" : 10.35,
    "netProfitMargin" : 4.93,
    "netProfit" : 5.27
  }, {
    "date" : "2018-03-31",
    "sales" : 120.83,
    "salesGrowthYoY" : 2.18,
    "grossProfitMargin" : 68.19,
    "grossProfit" : 82.39,
    "operatingProfitMargin" : 8.05,
    "operatingProfit" : 9.73,
    "netProfitMargin" : 6.01,
    "netProfit" : 7.26
  }, {
    "date" : "2018-06-30",
    "sales" : 87.11,
    "salesGrowthYoY" : 14.30,
    "grossProfitMargin" : 80.76,
    "grossProfit" : 70.35,
    "operatingProfitMargin" : 7.89,
    "operatingProfit" : 6.87,
    "netProfitMargin" : 4.48,
    "netProfit" : 3.90
  }, {
    "date" : "2018-09-30",
    "sales" : 106.43,
    "salesGrowthYoY" : 7.18,
    "grossProfitMargin" : 75.07,
    "grossProfit" : 79.90,
    "operatingProfitMargin" : 9.05,
    "operatingProfit" : 9.63,
    "netProfitMargin" : 5.96,
    "netProfit" : 6.34
  }, {
    "date" : "2018-12-31",
    "sales" : 115.86,
    "salesGrowthYoY" : 8.44,
    "grossProfitMargin" : 73.68,
    "grossProfit" : 85.37,
    "operatingProfitMargin" : 7.54,
    "operatingProfit" : 8.74,
    "netProfitMargin" : 5.98,
    "netProfit" : 6.93
  }, {
    "date" : "2019-03-31",
    "sales" : 130.64,
    "salesGrowthYoY" : 8.12,
    "grossProfitMargin" : 67.03,
    "grossProfit" : 87.57,
    "operatingProfitMargin" : 8.49,
    "operatingProfit" : 11.09,
    "netProfitMargin" : 6.39,
    "netProfit" : 8.35
  }, {
    "date" : "2019-06-30",
    "sales" : 106.01,
    "salesGrowthYoY" : 21.70,
    "grossProfitMargin" : 73.13,
    "grossProfit" : 77.53,
    "operatingProfitMargin" : 7.57,
    "operatingProfit" : 8.02,
    "netProfitMargin" : 4.42,
    "netProfit" : 4.69
  }, {
    "date" : "2019-09-30",
    "sales" : 99.42,
    "salesGrowthYoY" : -6.59,
    "grossProfitMargin" : 79.94,
    "grossProfit" : 79.48,
    "operatingProfitMargin" : 7.91,
    "operatingProfit" : 7.86,
    "netProfitMargin" : 4.92,
    "netProfit" : 4.89
  }, {
    "date" : "2019-12-31",
    "sales" : 118.72,
    "salesGrowthYoY" : 2.47,
    "grossProfitMargin" : 74.83,
    "grossProfit" : 88.84,
    "operatingProfitMargin" : 8.24,
    "operatingProfit" : 9.78,
    "netProfitMargin" : 4.65,
    "netProfit" : 5.52
  }, {
    "date" : "2020-03-31",
    "sales" : 112.72,
    "salesGrowthYoY" : -13.72,
    "grossProfitMargin" : 69.30,
    "grossProfit" : 78.11,
    "operatingProfitMargin" : 5.29,
    "operatingProfit" : 5.96,
    "netProfitMargin" : 6.70,
    "netProfit" : 7.55
  }, {
    "date" : "2020-06-30",
    "sales" : 70.51,
    "salesGrowthYoY" : -33.49,
    "grossProfitMargin" : 71.39,
    "grossProfit" : 50.34,
    "operatingProfitMargin" : 10.89,
    "operatingProfit" : 7.68,
    "netProfitMargin" : 5.80,
    "netProfit" : 4.09
  }, {
    "date" : "2020-09-30",
    "sales" : 89.24,
    "salesGrowthYoY" : -10.24,
    "grossProfitMargin" : 77.13,
    "grossProfit" : 68.83,
    "operatingProfitMargin" : 10.44,
    "operatingProfit" : 9.32,
    "netProfitMargin" : 7.89,
    "netProfit" : 7.04
  }, {
    "date" : "2020-12-31",
    "sales" : 105.10,
    "salesGrowthYoY" : -11.47,
    "grossProfitMargin" : 69.43,
    "grossProfit" : 72.97,
    "operatingProfitMargin" : 10.94,
    "operatingProfit" : 11.50,
    "netProfitMargin" : 8.65,
    "netProfit" : 9.09
  }, {
    "date" : "2021-03-31",
    "sales" : 125.44,
    "salesGrowthYoY" : 11.28,
    "grossProfitMargin" : 63.97,
    "grossProfit" : 80.24,
    "operatingProfitMargin" : 12.06,
    "operatingProfit" : 15.13,
    "netProfitMargin" : 12.13,
    "netProfit" : 15.22
  }, {
    "date" : "2021-06-30",
    "sales" : 97.37,
    "salesGrowthYoY" : 38.09,
    "grossProfitMargin" : 77.89,
    "grossProfit" : 75.84,
    "operatingProfitMargin" : 10.19,
    "operatingProfit" : 9.92,
    "netProfitMargin" : 11.26,
    "netProfit" : 10.96
  }, {
    "date" : "2021-09-30",
    "sales" : 105.13,
    "salesGrowthYoY" : 17.81,
    "grossProfitMargin" : 70.82,
    "grossProfit" : 74.45,
    "operatingProfitMargin" : 4.73,
    "operatingProfit" : 4.97,
    "netProfitMargin" : 3.57,
    "netProfit" : 3.75
  }, {
    "date" : "2021-12-31",
    "sales" : 115.18,
    "salesGrowthYoY" : 9.59,
    "grossProfitMargin" : 63.85,
    "grossProfit" : 73.54,
    "operatingProfitMargin" : 1.84,
    "operatingProfit" : 2.12,
    "netProfitMargin" : 0.25,
    "netProfit" : 0.29
  }, {
    "date" : "2022-03-31",
    "sales" : 118.54,
    "salesGrowthYoY" : -5.50,
    "grossProfitMargin" : 68.03,
    "grossProfit" : 80.64,
    "operatingProfitMargin" : 4.46,
    "operatingProfit" : 5.29,
    "netProfitMargin" : 5.82,
    "netProfit" : 6.90
  }, {
    "date" : "2022-06-30",
    "sales" : 100.76,
    "salesGrowthYoY" : 3.48,
    "grossProfitMargin" : 69.50,
    "grossProfit" : 70.03,
    "operatingProfitMargin" : 0.88,
    "operatingProfit" : 0.89,
    "netProfitMargin" : 0.97,
    "netProfit" : 0.98
  }, {
    "date" : "2022-09-30",
    "sales" : 100.45,
    "salesGrowthYoY" : -4.45,
    "grossProfitMargin" : 70.00,
    "grossProfit" : 70.31,
    "operatingProfitMargin" : 3.33,
    "operatingProfit" : 3.34,
    "netProfitMargin" : 4.73,
    "netProfit" : 4.75
  }, {
    "date" : "2022-12-31",
    "sales" : 106.99,
    "salesGrowthYoY" : -7.11,
    "grossProfitMargin" : 69.15,
    "grossProfit" : 73.98,
    "operatingProfitMargin" : 9.22,
    "operatingProfit" : 9.86,
    "netProfitMargin" : 9.36,
    "netProfit" : 10.01
  }, {
    "date" : "2023-03-31",
    "sales" : 122.76,
    "salesGrowthYoY" : 3.56,
    "grossProfitMargin" : 62.47,
    "grossProfit" : 76.69,
    "operatingProfitMargin" : 9.67,
    "operatingProfit" : 11.87,
    "netProfitMargin" : 10.23,
    "netProfit" : 12.56
  }, {
    "date" : "2023-06-30",
    "sales" : 89.75,
    "salesGrowthYoY" : -10.93,
    "grossProfitMargin" : 73.19,
    "grossProfit" : 65.69,
    "operatingProfitMargin" : 4.75,
    "operatingProfit" : 4.26,
    "netProfitMargin" : 4.41,
    "netProfit" : 3.96
  }, {
    "date" : "2023-09-30",
    "sales" : 106.19,
    "salesGrowthYoY" : 5.71,
    "grossProfitMargin" : 66.15,
    "grossProfit" : 70.24,
    "operatingProfitMargin" : 5.12,
    "operatingProfit" : 5.44,
    "netProfitMargin" : 5.80,
    "netProfit" : 6.16
  }, {
    "date" : "2023-12-31",
    "sales" : 107.14,
    "salesGrowthYoY" : 0.14,
    "grossProfitMargin" : 70.43,
    "grossProfit" : 75.46,
    "operatingProfitMargin" : 9.87,
    "operatingProfit" : 10.57,
    "netProfitMargin" : 9.47,
    "netProfit" : 10.15
  }, {
    "date" : "2024-03-31",
    "sales" : 140.21,
    "salesGrowthYoY" : 14.21,
    "grossProfitMargin" : 64.08,
    "grossProfit" : 89.85,
    "operatingProfitMargin" : 10.62,
    "operatingProfit" : 14.89,
    "netProfitMargin" : 11.58,
    "netProfit" : 16.24
  }, {
    "date" : "2024-06-30",
    "sales" : 103.82,
    "salesGrowthYoY" : 15.68,
    "grossProfitMargin" : 71.19,
    "grossProfit" : 73.91,
    "operatingProfitMargin" : 5.13,
    "operatingProfit" : 5.33,
    "netProfitMargin" : 6.84,
    "netProfit" : 7.10
  }, {
    "date" : "2024-09-30",
    "sales" : 114.92,
    "salesGrowthYoY" : 8.22,
    "grossProfitMargin" : 72.33,
    "grossProfit" : 83.12,
    "operatingProfitMargin" : 4.27,
    "operatingProfit" : 4.91,
    "netProfitMargin" : 6.68,
    "netProfit" : 7.68
  }, {
    "date" : "2024-12-31",
    "sales" : 124.58,
    "salesGrowthYoY" : 16.28,
    "grossProfitMargin" : 72.61,
    "grossProfit" : 90.46,
    "operatingProfitMargin" : 7.84,
    "operatingProfit" : 9.77,
    "netProfitMargin" : 7.38,
    "netProfit" : 9.19
  }, {
    "date" : "2025-03-31",
    "sales" : 159.93,
    "salesGrowthYoY" : 14.06,
    "grossProfitMargin" : 72.26,
    "grossProfit" : 115.57,
    "operatingProfitMargin" : 11.39,
    "operatingProfit" : 18.22,
    "netProfitMargin" : 5.43,
    "netProfit" : 8.68
  }, {
    "date" : "2025-06-30",
    "sales" : 141.37,
    "salesGrowthYoY" : 36.17,
    "grossProfitMargin" : 71.39,
    "grossProfit" : 100.92,
    "operatingProfitMargin" : 9.42,
    "operatingProfit" : 13.32,
    "netProfitMargin" : 11.42,
    "netProfit" : 16.14
  }, {
    "date" : "2025-09-30",
    "sales" : 176.51,
    "salesGrowthYoY" : 53.59,
    "grossProfitMargin" : 70.78,
    "grossProfit" : 124.93,
    "operatingProfitMargin" : 10.82,
    "operatingProfit" : 19.10,
    "netProfitMargin" : 9.93,
    "netProfit" : 17.53
  }, {
    "date" : "2025-12-31",
    "sales" : 199.39,
    "salesGrowthYoY" : 60.05,
    "grossProfitMargin" : 72.03,
    "grossProfit" : 143.62,
    "operatingProfitMargin" : 15.80,
    "operatingProfit" : 31.50,
    "netProfitMargin" : 12.37,
    "netProfit" : 24.66
  } ],
  "latestQuarterlyResult" : {
    "date" : "2025-12-31",
    "sales" : 199.39,
    "salesGrowthYoY" : 60.05,
    "grossProfitMargin" : 72.03,
    "grossProfit" : 143.62,
    "operatingProfitMargin" : 15.80,
    "operatingProfit" : 31.50,
    "netProfitMargin" : 12.37,
    "netProfit" : 24.66
  },
  "companyScore" : {
    "priceHigherThanDma50" : 5.00,
    "priceHigherThanDma100" : 5.00,
    "priceHigherThanDma200" : 5.00,
    "dma50HigherThanDma100" : 5.00,
    "dma50HigherThanDma200" : 5.00,
    "dma100HigherThanDma200" : 5.00,
    "pricePercentageAboveDma50" : 3.61,
    "pricePercentageAboveDma100" : 2.51,
    "pricePercentageAboveDma200" : 1.64,
    "weeklyVolumeHigherThanYearlyVolume" : 5.00,
    "salesGrowthPercentile" : 19.75,
    "operatingProfitMarginPercentile" : 18.33,
    "netProfitMarginPercentile" : 9.52,
    "totalTechnicalScore" : 42.76,
    "totalFundamentalScore" : 47.61,
    "totalScore" : 90.37
  }
}