{
  "metadata" : {
    "screenerCompanyId" : "2812",
    "companyCode" : "517035",
    "companyName" : "RIR Power Electr",
    "screenerCompanyLink" : "https://www.screener.in/company/517035",
    "screenerTechnicalHistoryLink" : "https://www.screener.in/api/company/2812/chart/?q=Price-DMA50-DMA200-Volume&days=365",
    "screenerQuarterlyResultsLink" : "https://www.screener.in/api/company/2812/chart/?q=GPM-OPM-NPM-Quarter+Sales&days=10000",
    "attributes" : {
      "companyCode" : "517035",
      "companyName" : "RIR Power Electr",
      "marketCap" : 1692.00,
      "peRatio" : 192.00,
      "description" : "Ruttonsha is engaged in manufacturing of traditional semiconductor devices such as bridges, power modules, diodes , rectifiers and thyristors. [1]"
    },
    "companyScore" : {
      "priceHigherThanDma50" : 0.00,
      "priceHigherThanDma100" : 0.00,
      "priceHigherThanDma200" : 0.00,
      "dma50HigherThanDma100" : 0.00,
      "dma50HigherThanDma200" : 5.00,
      "dma100HigherThanDma200" : 5.00,
      "pricePercentageAboveDma50" : 6.01,
      "pricePercentageAboveDma100" : 6.15,
      "pricePercentageAboveDma200" : 5.97,
      "weeklyVolumeHigherThanYearlyVolume" : 5.00,
      "salesGrowthPercentile" : 15.44,
      "operatingProfitMarginPercentile" : 16.63,
      "netProfitMarginPercentile" : 9.40,
      "totalTechnicalScore" : 33.12,
      "totalFundamentalScore" : 41.47,
      "totalScore" : 74.59
    }
  },
  "attributes" : {
    "companyCode" : "517035",
    "companyName" : "RIR Power Electr",
    "marketCap" : 1692.00,
    "peRatio" : 192.00,
    "description" : "Ruttonsha is engaged in manufacturing of traditional semiconductor devices such as bridges, power modules, diodes , rectifiers and thyristors. [1]"
  },
  "technicalHistory" : [ {
    "date" : "2024-12-02",
    "price" : 309.05,
    "dma50" : 329.06,
    "dma100" : null,
    "dma200" : 240.39,
    "volume" : 86170.00
  }, {
    "date" : "2024-12-03",
    "price" : 324.46,
    "dma50" : 328.88,
    "dma100" : null,
    "dma200" : 241.22,
    "volume" : 177458.00
  }, {
    "date" : "2024-12-04",
    "price" : 322.40,
    "dma50" : 328.63,
    "dma100" : null,
    "dma200" : 242.03,
    "volume" : 161710.00
  }, {
    "date" : "2024-12-05",
    "price" : 308.72,
    "dma50" : 327.85,
    "dma100" : null,
    "dma200" : 242.70,
    "volume" : 101089.00
  }, {
    "date" : "2024-12-06",
    "price" : 319.60,
    "dma50" : 327.52,
    "dma100" : null,
    "dma200" : 243.46,
    "volume" : 88289.00
  }, {
    "date" : "2024-12-09",
    "price" : 327.69,
    "dma50" : 327.53,
    "dma100" : null,
    "dma200" : 244.30,
    "volume" : 65689.00
  }, {
    "date" : "2024-12-10",
    "price" : 332.44,
    "dma50" : 327.72,
    "dma100" : null,
    "dma200" : 245.18,
    "volume" : 71000.00
  }, {
    "date" : "2024-12-11",
    "price" : 326.70,
    "dma50" : 327.68,
    "dma100" : null,
    "dma200" : 245.99,
    "volume" : 42350.00
  }, {
    "date" : "2024-12-12",
    "price" : 318.17,
    "dma50" : 327.31,
    "dma100" : null,
    "dma200" : 246.71,
    "volume" : 69010.00
  }, {
    "date" : "2024-12-13",
    "price" : 325.98,
    "dma50" : 327.26,
    "dma100" : null,
    "dma200" : 247.49,
    "volume" : 50760.00
  }, {
    "date" : "2024-12-16",
    "price" : 325.05,
    "dma50" : 327.17,
    "dma100" : null,
    "dma200" : 248.27,
    "volume" : 46050.00
  }, {
    "date" : "2024-12-17",
    "price" : 326.10,
    "dma50" : 327.13,
    "dma100" : null,
    "dma200" : 249.04,
    "volume" : 76899.00
  }, {
    "date" : "2024-12-18",
    "price" : 316.93,
    "dma50" : 326.73,
    "dma100" : null,
    "dma200" : 249.72,
    "volume" : 31890.00
  }, {
    "date" : "2024-12-19",
    "price" : 311.35,
    "dma50" : 326.13,
    "dma100" : null,
    "dma200" : 250.33,
    "volume" : 43950.00
  }, {
    "date" : "2024-12-20",
    "price" : 306.87,
    "dma50" : 325.37,
    "dma100" : null,
    "dma200" : 250.89,
    "volume" : 36150.00
  }, {
    "date" : "2024-12-23",
    "price" : 298.45,
    "dma50" : 324.32,
    "dma100" : null,
    "dma200" : 251.37,
    "volume" : 64890.00
  }, {
    "date" : "2024-12-24",
    "price" : 288.12,
    "dma50" : 322.90,
    "dma100" : null,
    "dma200" : 251.73,
    "volume" : 102339.00
  }, {
    "date" : "2024-12-26",
    "price" : 274.57,
    "dma50" : 321.00,
    "dma100" : null,
    "dma200" : 251.96,
    "volume" : 98000.00
  }, {
    "date" : "2024-12-27",
    "price" : 260.85,
    "dma50" : 318.64,
    "dma100" : null,
    "dma200" : 252.05,
    "volume" : 184557.00
  }, {
    "date" : "2024-12-30",
    "price" : 273.89,
    "dma50" : 316.89,
    "dma100" : null,
    "dma200" : 252.26,
    "volume" : 195107.00
  }, {
    "date" : "2024-12-31",
    "price" : 287.52,
    "dma50" : 315.74,
    "dma100" : null,
    "dma200" : 252.61,
    "volume" : 251346.00
  }, {
    "date" : "2025-01-01",
    "price" : 301.89,
    "dma50" : 315.19,
    "dma100" : null,
    "dma200" : 253.11,
    "volume" : 99620.00
  }, {
    "date" : "2025-01-02",
    "price" : 316.98,
    "dma50" : 315.26,
    "dma100" : null,
    "dma200" : 253.74,
    "volume" : 83300.00
  }, {
    "date" : "2025-01-03",
    "price" : 322.62,
    "dma50" : 315.55,
    "dma100" : null,
    "dma200" : 254.43,
    "volume" : 119269.00
  }, {
    "date" : "2025-01-06",
    "price" : 327.88,
    "dma50" : 316.03,
    "dma100" : null,
    "dma200" : 255.16,
    "volume" : 140400.00
  }, {
    "date" : "2025-01-07",
    "price" : 333.49,
    "dma50" : 316.72,
    "dma100" : null,
    "dma200" : 255.94,
    "volume" : 127699.00
  }, {
    "date" : "2025-01-08",
    "price" : 330.16,
    "dma50" : 317.25,
    "dma100" : null,
    "dma200" : 256.67,
    "volume" : 60200.00
  }, {
    "date" : "2025-01-09",
    "price" : 313.65,
    "dma50" : 317.11,
    "dma100" : null,
    "dma200" : 257.24,
    "volume" : 62780.00
  }, {
    "date" : "2025-01-10",
    "price" : 321.94,
    "dma50" : 317.29,
    "dma100" : null,
    "dma200" : 257.89,
    "volume" : 121779.00
  }, {
    "date" : "2025-01-13",
    "price" : 308.77,
    "dma50" : 316.96,
    "dma100" : null,
    "dma200" : 258.39,
    "volume" : 92960.00
  }, {
    "date" : "2025-01-14",
    "price" : 305.92,
    "dma50" : 316.53,
    "dma100" : null,
    "dma200" : 258.86,
    "volume" : 56360.00
  }, {
    "date" : "2025-01-15",
    "price" : 296.63,
    "dma50" : 315.75,
    "dma100" : null,
    "dma200" : 259.24,
    "volume" : 41220.00
  }, {
    "date" : "2025-01-16",
    "price" : 297.06,
    "dma50" : 315.01,
    "dma100" : null,
    "dma200" : 259.62,
    "volume" : 35990.00
  }, {
    "date" : "2025-01-17",
    "price" : 300.15,
    "dma50" : 314.43,
    "dma100" : null,
    "dma200" : 260.02,
    "volume" : 32310.00
  }, {
    "date" : "2025-01-20",
    "price" : 312.64,
    "dma50" : 314.36,
    "dma100" : null,
    "dma200" : 260.54,
    "volume" : 79990.00
  }, {
    "date" : "2025-01-21",
    "price" : 301.56,
    "dma50" : 313.86,
    "dma100" : null,
    "dma200" : 260.95,
    "volume" : 53680.00
  }, {
    "date" : "2025-01-22",
    "price" : 300.36,
    "dma50" : 313.33,
    "dma100" : null,
    "dma200" : 261.34,
    "volume" : 45010.00
  }, {
    "date" : "2025-01-23",
    "price" : 315.38,
    "dma50" : 313.41,
    "dma100" : null,
    "dma200" : 261.88,
    "volume" : 94849.00
  }, {
    "date" : "2025-01-24",
    "price" : 301.92,
    "dma50" : 312.96,
    "dma100" : null,
    "dma200" : 262.28,
    "volume" : 42740.00
  }, {
    "date" : "2025-01-27",
    "price" : 286.82,
    "dma50" : 311.93,
    "dma100" : null,
    "dma200" : 262.52,
    "volume" : 34040.00
  }, {
    "date" : "2025-01-28",
    "price" : 272.48,
    "dma50" : 310.39,
    "dma100" : null,
    "dma200" : 262.62,
    "volume" : 73860.00
  }, {
    "date" : "2025-01-29",
    "price" : 280.86,
    "dma50" : 309.23,
    "dma100" : null,
    "dma200" : 262.80,
    "volume" : 54560.00
  }, {
    "date" : "2025-01-30",
    "price" : 274.35,
    "dma50" : 307.86,
    "dma100" : null,
    "dma200" : 262.92,
    "volume" : 27810.00
  }, {
    "date" : "2025-01-31",
    "price" : 273.86,
    "dma50" : 306.53,
    "dma100" : null,
    "dma200" : 263.03,
    "volume" : 40640.00
  }, {
    "date" : "2025-02-01",
    "price" : 273.21,
    "dma50" : 305.22,
    "dma100" : null,
    "dma200" : 263.13,
    "volume" : 93179.00
  }, {
    "date" : "2025-02-03",
    "price" : 259.55,
    "dma50" : 303.43,
    "dma100" : null,
    "dma200" : 263.09,
    "volume" : 36340.00
  }, {
    "date" : "2025-02-04",
    "price" : 246.97,
    "dma50" : 301.22,
    "dma100" : null,
    "dma200" : 262.93,
    "volume" : 125750.00
  }, {
    "date" : "2025-02-05",
    "price" : 259.32,
    "dma50" : 299.57,
    "dma100" : null,
    "dma200" : 262.90,
    "volume" : 62659.00
  }, {
    "date" : "2025-02-06",
    "price" : 261.02,
    "dma50" : 298.06,
    "dma100" : null,
    "dma200" : 262.88,
    "volume" : 81789.00
  }, {
    "date" : "2025-02-07",
    "price" : 257.97,
    "dma50" : 296.49,
    "dma100" : null,
    "dma200" : 262.83,
    "volume" : 79180.00
  }, {
    "date" : "2025-02-10",
    "price" : 245.08,
    "dma50" : 294.47,
    "dma100" : null,
    "dma200" : 262.65,
    "volume" : 72959.00
  }, {
    "date" : "2025-02-11",
    "price" : 232.83,
    "dma50" : 292.06,
    "dma100" : null,
    "dma200" : 262.36,
    "volume" : 34360.00
  }, {
    "date" : "2025-02-12",
    "price" : 221.29,
    "dma50" : 289.28,
    "dma100" : null,
    "dma200" : 261.95,
    "volume" : 161970.00
  }, {
    "date" : "2025-02-13",
    "price" : 210.23,
    "dma50" : 286.18,
    "dma100" : null,
    "dma200" : 261.43,
    "volume" : 180160.00
  }, {
    "date" : "2025-02-14",
    "price" : 199.72,
    "dma50" : 282.79,
    "dma100" : null,
    "dma200" : 260.82,
    "volume" : 302570.00
  }, {
    "date" : "2025-02-17",
    "price" : 189.74,
    "dma50" : 279.14,
    "dma100" : null,
    "dma200" : 260.11,
    "volume" : 44119.00
  }, {
    "date" : "2025-02-18",
    "price" : 180.25,
    "dma50" : 275.26,
    "dma100" : null,
    "dma200" : 259.32,
    "volume" : 28670.00
  }, {
    "date" : "2025-02-19",
    "price" : 171.24,
    "dma50" : 271.18,
    "dma100" : null,
    "dma200" : 258.44,
    "volume" : 587200.00
  }, {
    "date" : "2025-02-20",
    "price" : 163.85,
    "dma50" : 266.97,
    "dma100" : null,
    "dma200" : 257.50,
    "volume" : 369640.00
  }, {
    "date" : "2025-02-21",
    "price" : 172.04,
    "dma50" : 263.25,
    "dma100" : null,
    "dma200" : 256.65,
    "volume" : 323870.00
  }, {
    "date" : "2025-02-24",
    "price" : 163.60,
    "dma50" : 259.34,
    "dma100" : null,
    "dma200" : 255.72,
    "volume" : 163770.00
  }, {
    "date" : "2025-02-25",
    "price" : 171.78,
    "dma50" : 255.91,
    "dma100" : null,
    "dma200" : 254.89,
    "volume" : 93700.00
  }, {
    "date" : "2025-02-27",
    "price" : 180.33,
    "dma50" : 252.95,
    "dma100" : null,
    "dma200" : 254.15,
    "volume" : 166610.00
  }, {
    "date" : "2025-02-28",
    "price" : 171.63,
    "dma50" : 249.76,
    "dma100" : null,
    "dma200" : 253.33,
    "volume" : 159680.00
  }, {
    "date" : "2025-03-03",
    "price" : 163.05,
    "dma50" : 246.36,
    "dma100" : null,
    "dma200" : 252.43,
    "volume" : 134400.00
  }, {
    "date" : "2025-03-04",
    "price" : 154.93,
    "dma50" : 242.77,
    "dma100" : null,
    "dma200" : 251.46,
    "volume" : 551353.00
  }, {
    "date" : "2025-03-05",
    "price" : 148.89,
    "dma50" : 239.09,
    "dma100" : null,
    "dma200" : 250.44,
    "volume" : 405727.00
  }, {
    "date" : "2025-03-06",
    "price" : 156.28,
    "dma50" : 235.84,
    "dma100" : null,
    "dma200" : 249.50,
    "volume" : 570492.00
  }, {
    "date" : "2025-03-07",
    "price" : 164.09,
    "dma50" : 233.03,
    "dma100" : null,
    "dma200" : 248.65,
    "volume" : 96458.00
  }, {
    "date" : "2025-03-10",
    "price" : 171.86,
    "dma50" : 230.63,
    "dma100" : null,
    "dma200" : 247.89,
    "volume" : 143786.00
  }, {
    "date" : "2025-03-11",
    "price" : 180.45,
    "dma50" : 228.66,
    "dma100" : null,
    "dma200" : 247.21,
    "volume" : 382810.00
  }, {
    "date" : "2025-03-12",
    "price" : 189.47,
    "dma50" : 227.12,
    "dma100" : null,
    "dma200" : 246.64,
    "volume" : 180316.00
  }, {
    "date" : "2025-03-13",
    "price" : 198.74,
    "dma50" : 226.01,
    "dma100" : null,
    "dma200" : 246.16,
    "volume" : 200180.00
  }, {
    "date" : "2025-03-17",
    "price" : 208.68,
    "dma50" : 225.33,
    "dma100" : null,
    "dma200" : 245.79,
    "volume" : 74459.00
  }, {
    "date" : "2025-03-18",
    "price" : 219.11,
    "dma50" : 225.09,
    "dma100" : null,
    "dma200" : 245.53,
    "volume" : 57049.00
  }, {
    "date" : "2025-03-19",
    "price" : 230.06,
    "dma50" : 225.28,
    "dma100" : null,
    "dma200" : 245.37,
    "volume" : 64400.00
  }, {
    "date" : "2025-03-20",
    "price" : 223.56,
    "dma50" : 225.22,
    "dma100" : null,
    "dma200" : 245.15,
    "volume" : 529280.00
  }, {
    "date" : "2025-03-21",
    "price" : 230.12,
    "dma50" : 225.41,
    "dma100" : null,
    "dma200" : 245.00,
    "volume" : 420381.00
  }, {
    "date" : "2025-03-24",
    "price" : 224.47,
    "dma50" : 225.37,
    "dma100" : null,
    "dma200" : 244.80,
    "volume" : 273054.00
  }, {
    "date" : "2025-03-25",
    "price" : 214.63,
    "dma50" : 224.95,
    "dma100" : null,
    "dma200" : 244.50,
    "volume" : 142360.00
  }, {
    "date" : "2025-03-26",
    "price" : 221.19,
    "dma50" : 224.80,
    "dma100" : null,
    "dma200" : 244.27,
    "volume" : 227900.00
  }, {
    "date" : "2025-03-27",
    "price" : 228.49,
    "dma50" : 224.95,
    "dma100" : null,
    "dma200" : 244.11,
    "volume" : 191106.00
  }, {
    "date" : "2025-03-28",
    "price" : 234.43,
    "dma50" : 225.32,
    "dma100" : null,
    "dma200" : 244.01,
    "volume" : 296360.00
  }, {
    "date" : "2025-04-01",
    "price" : 246.14,
    "dma50" : 226.14,
    "dma100" : null,
    "dma200" : 244.04,
    "volume" : 335564.00
  }, {
    "date" : "2025-04-02",
    "price" : 254.13,
    "dma50" : 227.23,
    "dma100" : null,
    "dma200" : 244.14,
    "volume" : 340094.00
  }, {
    "date" : "2025-04-03",
    "price" : 258.56,
    "dma50" : 228.46,
    "dma100" : null,
    "dma200" : 244.28,
    "volume" : 177467.00
  }, {
    "date" : "2025-04-04",
    "price" : 247.74,
    "dma50" : 229.22,
    "dma100" : null,
    "dma200" : 244.31,
    "volume" : 151277.00
  }, {
    "date" : "2025-04-07",
    "price" : 235.35,
    "dma50" : 229.46,
    "dma100" : null,
    "dma200" : 244.23,
    "volume" : 10220.00
  }, {
    "date" : "2025-04-08",
    "price" : 244.04,
    "dma50" : 230.03,
    "dma100" : null,
    "dma200" : 244.22,
    "volume" : 254140.00
  }, {
    "date" : "2025-04-09",
    "price" : 232.46,
    "dma50" : 230.13,
    "dma100" : null,
    "dma200" : 244.11,
    "volume" : 83969.00
  }, {
    "date" : "2025-04-11",
    "price" : 239.32,
    "dma50" : 230.49,
    "dma100" : null,
    "dma200" : 244.06,
    "volume" : 108678.00
  }, {
    "date" : "2025-04-15",
    "price" : 240.17,
    "dma50" : 230.87,
    "dma100" : null,
    "dma200" : 244.02,
    "volume" : 157700.00
  }, {
    "date" : "2025-04-16",
    "price" : 234.96,
    "dma50" : 231.03,
    "dma100" : null,
    "dma200" : 243.93,
    "volume" : 264800.00
  }, {
    "date" : "2025-04-17",
    "price" : 232.12,
    "dma50" : 231.07,
    "dma100" : null,
    "dma200" : 243.81,
    "volume" : 185776.00
  }, {
    "date" : "2025-04-21",
    "price" : 220.51,
    "dma50" : 230.66,
    "dma100" : null,
    "dma200" : 243.58,
    "volume" : 405180.00
  }, {
    "date" : "2025-04-22",
    "price" : 212.14,
    "dma50" : 229.93,
    "dma100" : null,
    "dma200" : 243.27,
    "volume" : 464830.00
  }, {
    "date" : "2025-04-23",
    "price" : 222.75,
    "dma50" : 229.65,
    "dma100" : null,
    "dma200" : 243.06,
    "volume" : 409391.00
  }, {
    "date" : "2025-04-24",
    "price" : 230.55,
    "dma50" : 229.68,
    "dma100" : null,
    "dma200" : 242.94,
    "volume" : 449921.00
  }, {
    "date" : "2025-04-25",
    "price" : 219.02,
    "dma50" : 229.26,
    "dma100" : null,
    "dma200" : 242.70,
    "volume" : 488850.00
  }, {
    "date" : "2025-04-28",
    "price" : 208.07,
    "dma50" : 228.43,
    "dma100" : null,
    "dma200" : 242.36,
    "volume" : 350610.00
  }, {
    "date" : "2025-04-29",
    "price" : 197.67,
    "dma50" : 227.23,
    "dma100" : 253.43,
    "dma200" : 241.91,
    "volume" : 573770.00
  }, {
    "date" : "2025-04-30",
    "price" : 191.05,
    "dma50" : 225.81,
    "dma100" : 252.10,
    "dma200" : 241.41,
    "volume" : 1047340.00
  }, {
    "date" : "2025-05-02",
    "price" : 197.24,
    "dma50" : 224.69,
    "dma100" : 250.85,
    "dma200" : 240.97,
    "volume" : 234750.00
  }, {
    "date" : "2025-05-05",
    "price" : 191.73,
    "dma50" : 223.40,
    "dma100" : 249.68,
    "dma200" : 240.48,
    "volume" : 354860.00
  }, {
    "date" : "2025-05-06",
    "price" : 182.40,
    "dma50" : 221.79,
    "dma100" : 248.30,
    "dma200" : 239.90,
    "volume" : 159696.00
  }, {
    "date" : "2025-05-07",
    "price" : 188.60,
    "dma50" : 220.49,
    "dma100" : 246.91,
    "dma200" : 239.39,
    "volume" : 224900.00
  }, {
    "date" : "2025-05-08",
    "price" : 184.60,
    "dma50" : 219.08,
    "dma100" : 245.43,
    "dma200" : 238.84,
    "volume" : 127297.00
  }, {
    "date" : "2025-05-09",
    "price" : 192.42,
    "dma50" : 218.03,
    "dma100" : 244.09,
    "dma200" : 238.38,
    "volume" : 285480.00
  }, {
    "date" : "2025-05-12",
    "price" : 202.04,
    "dma50" : 217.41,
    "dma100" : 242.93,
    "dma200" : 238.02,
    "volume" : 61920.00
  }, {
    "date" : "2025-05-13",
    "price" : 203.69,
    "dma50" : 216.87,
    "dma100" : 241.71,
    "dma200" : 237.68,
    "volume" : 222460.00
  }, {
    "date" : "2025-05-14",
    "price" : 194.26,
    "dma50" : 215.98,
    "dma100" : 240.40,
    "dma200" : 237.25,
    "volume" : 321782.00
  }, {
    "date" : "2025-05-15",
    "price" : 193.65,
    "dma50" : 215.11,
    "dma100" : 239.07,
    "dma200" : 236.81,
    "volume" : 135300.00
  }, {
    "date" : "2025-05-16",
    "price" : 188.60,
    "dma50" : 214.07,
    "dma100" : 237.79,
    "dma200" : 236.33,
    "volume" : 291500.00
  }, {
    "date" : "2025-05-19",
    "price" : 187.96,
    "dma50" : 213.04,
    "dma100" : 236.56,
    "dma200" : 235.85,
    "volume" : 206475.00
  }, {
    "date" : "2025-05-20",
    "price" : 185.73,
    "dma50" : 211.97,
    "dma100" : 235.35,
    "dma200" : 235.35,
    "volume" : 176716.00
  }, {
    "date" : "2025-05-21",
    "price" : 195.01,
    "dma50" : 211.31,
    "dma100" : 234.31,
    "dma200" : 234.95,
    "volume" : 244030.00
  }, {
    "date" : "2025-05-22",
    "price" : 201.03,
    "dma50" : 210.90,
    "dma100" : 233.44,
    "dma200" : 234.61,
    "volume" : 728922.00
  }, {
    "date" : "2025-05-23",
    "price" : 211.08,
    "dma50" : 210.91,
    "dma100" : 232.81,
    "dma200" : 234.38,
    "volume" : 473839.00
  }, {
    "date" : "2025-05-26",
    "price" : 221.63,
    "dma50" : 211.33,
    "dma100" : 232.41,
    "dma200" : 234.25,
    "volume" : 428971.00
  }, {
    "date" : "2025-05-27",
    "price" : 232.71,
    "dma50" : 212.17,
    "dma100" : 232.00,
    "dma200" : 234.24,
    "volume" : 293714.00
  }, {
    "date" : "2025-05-28",
    "price" : 238.56,
    "dma50" : 213.20,
    "dma100" : 231.51,
    "dma200" : 234.28,
    "volume" : 704646.00
  }, {
    "date" : "2025-05-29",
    "price" : 227.05,
    "dma50" : 213.75,
    "dma100" : 230.76,
    "dma200" : 234.21,
    "volume" : 495510.00
  }, {
    "date" : "2025-05-30",
    "price" : 225.46,
    "dma50" : 214.21,
    "dma100" : 229.85,
    "dma200" : 234.12,
    "volume" : 656670.00
  }, {
    "date" : "2025-06-02",
    "price" : 236.73,
    "dma50" : 215.09,
    "dma100" : 228.99,
    "dma200" : 234.15,
    "volume" : 538610.00
  }, {
    "date" : "2025-06-03",
    "price" : 248.57,
    "dma50" : 216.40,
    "dma100" : 228.20,
    "dma200" : 234.29,
    "volume" : 525640.00
  }, {
    "date" : "2025-06-04",
    "price" : 260.99,
    "dma50" : 218.15,
    "dma100" : 227.47,
    "dma200" : 234.56,
    "volume" : 162380.00
  }, {
    "date" : "2025-06-05",
    "price" : 273.71,
    "dma50" : 220.33,
    "dma100" : 226.91,
    "dma200" : 234.95,
    "volume" : 1466174.00
  }, {
    "date" : "2025-06-06",
    "price" : 287.39,
    "dma50" : 222.96,
    "dma100" : 226.64,
    "dma200" : 235.47,
    "volume" : 633530.00
  }, {
    "date" : "2025-06-09",
    "price" : 298.90,
    "dma50" : 225.94,
    "dma100" : 226.41,
    "dma200" : 236.10,
    "volume" : 969520.00
  }, {
    "date" : "2025-06-10",
    "price" : 302.74,
    "dma50" : 228.95,
    "dma100" : 226.35,
    "dma200" : 236.76,
    "volume" : 643630.00
  }, {
    "date" : "2025-06-11",
    "price" : 289.68,
    "dma50" : 231.33,
    "dma100" : 226.19,
    "dma200" : 237.29,
    "volume" : 666920.00
  }, {
    "date" : "2025-06-12",
    "price" : 275.57,
    "dma50" : 233.07,
    "dma100" : 225.98,
    "dma200" : 237.67,
    "volume" : 493580.00
  }, {
    "date" : "2025-06-13",
    "price" : 269.18,
    "dma50" : 234.48,
    "dma100" : 225.70,
    "dma200" : 237.98,
    "volume" : 1076900.00
  }, {
    "date" : "2025-06-16",
    "price" : 273.33,
    "dma50" : 236.01,
    "dma100" : 225.43,
    "dma200" : 238.33,
    "volume" : 415023.00
  }, {
    "date" : "2025-06-17",
    "price" : 262.55,
    "dma50" : 237.05,
    "dma100" : 224.93,
    "dma200" : 238.58,
    "volume" : 304290.00
  }, {
    "date" : "2025-06-18",
    "price" : 257.24,
    "dma50" : 237.84,
    "dma100" : 224.49,
    "dma200" : 238.76,
    "volume" : 193907.00
  }, {
    "date" : "2025-06-19",
    "price" : 260.93,
    "dma50" : 238.74,
    "dma100" : 224.10,
    "dma200" : 238.98,
    "volume" : 403733.00
  }, {
    "date" : "2025-06-20",
    "price" : 260.41,
    "dma50" : 239.59,
    "dma100" : 223.55,
    "dma200" : 239.19,
    "volume" : 151910.00
  }, {
    "date" : "2025-06-23",
    "price" : 261.42,
    "dma50" : 240.45,
    "dma100" : 223.14,
    "dma200" : 239.42,
    "volume" : 338274.00
  }, {
    "date" : "2025-06-24",
    "price" : 265.71,
    "dma50" : 241.44,
    "dma100" : 222.93,
    "dma200" : 239.68,
    "volume" : 460872.00
  }, {
    "date" : "2025-06-25",
    "price" : 277.07,
    "dma50" : 242.84,
    "dma100" : 222.98,
    "dma200" : 240.05,
    "volume" : 403450.00
  }, {
    "date" : "2025-06-26",
    "price" : 278.06,
    "dma50" : 244.22,
    "dma100" : 222.95,
    "dma200" : 240.43,
    "volume" : 384354.00
  }, {
    "date" : "2025-06-27",
    "price" : 272.00,
    "dma50" : 245.31,
    "dma100" : 222.92,
    "dma200" : 240.74,
    "volume" : 174220.00
  }, {
    "date" : "2025-06-30",
    "price" : 273.17,
    "dma50" : 246.40,
    "dma100" : 222.92,
    "dma200" : 241.06,
    "volume" : 213487.00
  }, {
    "date" : "2025-07-01",
    "price" : 268.42,
    "dma50" : 247.26,
    "dma100" : 222.87,
    "dma200" : 241.34,
    "volume" : 110400.00
  }, {
    "date" : "2025-07-02",
    "price" : 267.42,
    "dma50" : 248.05,
    "dma100" : 222.95,
    "dma200" : 241.60,
    "volume" : 268400.00
  }, {
    "date" : "2025-07-03",
    "price" : 269.34,
    "dma50" : 248.89,
    "dma100" : 223.17,
    "dma200" : 241.87,
    "volume" : 97079.00
  }, {
    "date" : "2025-07-04",
    "price" : 265.76,
    "dma50" : 249.55,
    "dma100" : 223.24,
    "dma200" : 242.11,
    "volume" : 90409.00
  }, {
    "date" : "2025-07-07",
    "price" : 274.42,
    "dma50" : 250.53,
    "dma100" : 223.37,
    "dma200" : 242.43,
    "volume" : 305340.00
  }, {
    "date" : "2025-07-08",
    "price" : 273.05,
    "dma50" : 251.41,
    "dma100" : 223.52,
    "dma200" : 242.74,
    "volume" : 121588.00
  }, {
    "date" : "2025-07-09",
    "price" : 267.34,
    "dma50" : 252.03,
    "dma100" : 223.74,
    "dma200" : 242.98,
    "volume" : 182037.00
  }, {
    "date" : "2025-07-10",
    "price" : 264.04,
    "dma50" : 252.51,
    "dma100" : 224.06,
    "dma200" : 243.19,
    "volume" : 223296.00
  }, {
    "date" : "2025-07-11",
    "price" : 277.24,
    "dma50" : 253.48,
    "dma100" : 224.61,
    "dma200" : 243.53,
    "volume" : 401925.00
  }, {
    "date" : "2025-07-14",
    "price" : 283.27,
    "dma50" : 254.64,
    "dma100" : 225.35,
    "dma200" : 243.92,
    "volume" : 481220.00
  }, {
    "date" : "2025-07-15",
    "price" : 269.11,
    "dma50" : 255.21,
    "dma100" : 226.04,
    "dma200" : 244.18,
    "volume" : 385245.00
  }, {
    "date" : "2025-07-16",
    "price" : 265.86,
    "dma50" : 255.63,
    "dma100" : 226.80,
    "dma200" : 244.39,
    "volume" : 374380.00
  }, {
    "date" : "2025-07-17",
    "price" : 264.23,
    "dma50" : 255.97,
    "dma100" : 227.64,
    "dma200" : 244.59,
    "volume" : 106500.00
  }, {
    "date" : "2025-07-18",
    "price" : 271.53,
    "dma50" : 256.58,
    "dma100" : 228.64,
    "dma200" : 244.86,
    "volume" : 772900.00
  }, {
    "date" : "2025-07-21",
    "price" : 284.17,
    "dma50" : 257.66,
    "dma100" : 229.85,
    "dma200" : 245.25,
    "volume" : 568790.00
  }, {
    "date" : "2025-07-22",
    "price" : 285.82,
    "dma50" : 258.76,
    "dma100" : 230.98,
    "dma200" : 245.65,
    "volume" : 614140.00
  }, {
    "date" : "2025-07-23",
    "price" : 293.01,
    "dma50" : 260.11,
    "dma100" : 232.28,
    "dma200" : 246.12,
    "volume" : 710885.00
  }, {
    "date" : "2025-07-24",
    "price" : 287.88,
    "dma50" : 261.19,
    "dma100" : 233.44,
    "dma200" : 246.54,
    "volume" : 332740.00
  }, {
    "date" : "2025-07-25",
    "price" : 292.90,
    "dma50" : 262.44,
    "dma100" : 234.56,
    "dma200" : 247.00,
    "volume" : 291648.00
  }, {
    "date" : "2025-07-28",
    "price" : 278.30,
    "dma50" : 263.06,
    "dma100" : 235.63,
    "dma200" : 247.31,
    "volume" : 114243.00
  }, {
    "date" : "2025-07-29",
    "price" : 266.40,
    "dma50" : 263.19,
    "dma100" : 236.67,
    "dma200" : 247.50,
    "volume" : 412118.00
  }, {
    "date" : "2025-07-30",
    "price" : 256.60,
    "dma50" : 262.93,
    "dma100" : 237.68,
    "dma200" : 247.59,
    "volume" : 87200.00
  }, {
    "date" : "2025-07-31",
    "price" : 243.80,
    "dma50" : 262.18,
    "dma100" : 238.63,
    "dma200" : 247.55,
    "volume" : 196068.00
  }, {
    "date" : "2025-08-01",
    "price" : 231.65,
    "dma50" : 260.99,
    "dma100" : 239.38,
    "dma200" : 247.40,
    "volume" : 63016.00
  }, {
    "date" : "2025-08-04",
    "price" : 225.85,
    "dma50" : 259.61,
    "dma100" : 240.00,
    "dma200" : 247.18,
    "volume" : 401012.00
  }, {
    "date" : "2025-08-05",
    "price" : 226.20,
    "dma50" : 258.30,
    "dma100" : 240.55,
    "dma200" : 246.97,
    "volume" : 167510.00
  }, {
    "date" : "2025-08-06",
    "price" : 214.90,
    "dma50" : 256.60,
    "dma100" : 240.89,
    "dma200" : 246.65,
    "volume" : 289465.00
  }, {
    "date" : "2025-08-07",
    "price" : 220.20,
    "dma50" : 255.17,
    "dma100" : 241.20,
    "dma200" : 246.39,
    "volume" : 607679.00
  }, {
    "date" : "2025-08-08",
    "price" : 231.20,
    "dma50" : 254.23,
    "dma100" : 241.52,
    "dma200" : 246.24,
    "volume" : 144778.00
  }, {
    "date" : "2025-08-11",
    "price" : 242.75,
    "dma50" : 253.78,
    "dma100" : 241.86,
    "dma200" : 246.20,
    "volume" : 419340.00
  }, {
    "date" : "2025-08-12",
    "price" : 254.60,
    "dma50" : 253.81,
    "dma100" : 242.22,
    "dma200" : 246.29,
    "volume" : 452368.00
  }, {
    "date" : "2025-08-13",
    "price" : 252.65,
    "dma50" : 253.76,
    "dma100" : 242.44,
    "dma200" : 246.35,
    "volume" : 766293.00
  }, {
    "date" : "2025-08-14",
    "price" : 240.05,
    "dma50" : 253.23,
    "dma100" : 242.61,
    "dma200" : 246.29,
    "volume" : 134844.00
  }, {
    "date" : "2025-08-18",
    "price" : 228.45,
    "dma50" : 252.26,
    "dma100" : 242.59,
    "dma200" : 246.11,
    "volume" : 331150.00
  }, {
    "date" : "2025-08-19",
    "price" : 229.35,
    "dma50" : 251.36,
    "dma100" : 242.64,
    "dma200" : 245.94,
    "volume" : 337633.00
  }, {
    "date" : "2025-08-20",
    "price" : 225.25,
    "dma50" : 250.33,
    "dma100" : 242.75,
    "dma200" : 245.74,
    "volume" : 204027.00
  }, {
    "date" : "2025-08-21",
    "price" : 228.10,
    "dma50" : 249.46,
    "dma100" : 242.82,
    "dma200" : 245.56,
    "volume" : 138019.00
  }, {
    "date" : "2025-08-22",
    "price" : 225.30,
    "dma50" : 248.51,
    "dma100" : 242.78,
    "dma200" : 245.36,
    "volume" : 98822.00
  }, {
    "date" : "2025-08-25",
    "price" : 222.45,
    "dma50" : 247.49,
    "dma100" : 242.66,
    "dma200" : 245.13,
    "volume" : 78465.00
  }, {
    "date" : "2025-08-26",
    "price" : 211.35,
    "dma50" : 246.07,
    "dma100" : 242.32,
    "dma200" : 244.80,
    "volume" : 229691.00
  }, {
    "date" : "2025-08-28",
    "price" : 221.90,
    "dma50" : 245.13,
    "dma100" : 241.99,
    "dma200" : 244.57,
    "volume" : 321999.00
  }, {
    "date" : "2025-08-29",
    "price" : 232.95,
    "dma50" : 244.65,
    "dma100" : 241.74,
    "dma200" : 244.45,
    "volume" : 232030.00
  }, {
    "date" : "2025-09-01",
    "price" : 223.60,
    "dma50" : 243.82,
    "dma100" : 241.50,
    "dma200" : 244.25,
    "volume" : 189736.00
  }, {
    "date" : "2025-09-02",
    "price" : 231.95,
    "dma50" : 243.36,
    "dma100" : 241.46,
    "dma200" : 244.12,
    "volume" : 146042.00
  }, {
    "date" : "2025-09-03",
    "price" : 243.50,
    "dma50" : 243.36,
    "dma100" : 241.46,
    "dma200" : 244.12,
    "volume" : 249429.00
  }, {
    "date" : "2025-09-04",
    "price" : 255.65,
    "dma50" : 243.85,
    "dma100" : 241.69,
    "dma200" : 244.23,
    "volume" : 207760.00
  }, {
    "date" : "2025-09-05",
    "price" : 268.40,
    "dma50" : 244.81,
    "dma100" : 241.98,
    "dma200" : 244.47,
    "volume" : 61430.00
  }, {
    "date" : "2025-09-08",
    "price" : 281.80,
    "dma50" : 246.26,
    "dma100" : 242.40,
    "dma200" : 244.84,
    "volume" : 116135.00
  }, {
    "date" : "2025-09-09",
    "price" : 289.80,
    "dma50" : 247.97,
    "dma100" : 242.94,
    "dma200" : 245.29,
    "volume" : 2100501.00
  }, {
    "date" : "2025-09-10",
    "price" : 304.25,
    "dma50" : 250.17,
    "dma100" : 243.67,
    "dma200" : 245.88,
    "volume" : 998957.00
  }, {
    "date" : "2025-09-11",
    "price" : 319.45,
    "dma50" : 252.89,
    "dma100" : 244.66,
    "dma200" : 246.61,
    "volume" : 552137.00
  }, {
    "date" : "2025-09-12",
    "price" : 335.40,
    "dma50" : 256.13,
    "dma100" : 245.89,
    "dma200" : 247.49,
    "volume" : 899507.00
  }, {
    "date" : "2025-09-15",
    "price" : 329.00,
    "dma50" : 258.98,
    "dma100" : 246.95,
    "dma200" : 248.30,
    "volume" : 1551598.00
  }, {
    "date" : "2025-09-16",
    "price" : 312.60,
    "dma50" : 261.09,
    "dma100" : 247.77,
    "dma200" : 248.94,
    "volume" : 1241216.00
  }, {
    "date" : "2025-09-17",
    "price" : 304.15,
    "dma50" : 262.78,
    "dma100" : 248.62,
    "dma200" : 249.49,
    "volume" : 1040043.00
  }, {
    "date" : "2025-09-18",
    "price" : 312.95,
    "dma50" : 264.74,
    "dma100" : 249.67,
    "dma200" : 250.13,
    "volume" : 1006624.00
  }, {
    "date" : "2025-09-19",
    "price" : 311.45,
    "dma50" : 266.57,
    "dma100" : 250.81,
    "dma200" : 250.74,
    "volume" : 337388.00
  }, {
    "date" : "2025-09-22",
    "price" : 323.05,
    "dma50" : 268.79,
    "dma100" : 252.13,
    "dma200" : 251.45,
    "volume" : 481445.00
  }, {
    "date" : "2025-09-23",
    "price" : 339.20,
    "dma50" : 271.55,
    "dma100" : 253.55,
    "dma200" : 252.33,
    "volume" : 669921.00
  }, {
    "date" : "2025-09-24",
    "price" : 356.15,
    "dma50" : 274.87,
    "dma100" : 255.19,
    "dma200" : 253.36,
    "volume" : 1041501.00
  }, {
    "date" : "2025-09-25",
    "price" : 373.95,
    "dma50" : 278.75,
    "dma100" : 257.11,
    "dma200" : 254.56,
    "volume" : 1228710.00
  }, {
    "date" : "2025-09-26",
    "price" : 357.75,
    "dma50" : 281.85,
    "dma100" : 258.80,
    "dma200" : 255.59,
    "volume" : 1257113.00
  }, {
    "date" : "2025-09-29",
    "price" : 339.95,
    "dma50" : 284.13,
    "dma100" : 260.35,
    "dma200" : 256.43,
    "volume" : 735981.00
  }, {
    "date" : "2025-09-30",
    "price" : 354.70,
    "dma50" : 286.90,
    "dma100" : 261.98,
    "dma200" : 257.40,
    "volume" : 755086.00
  }, {
    "date" : "2025-10-01",
    "price" : 356.85,
    "dma50" : 289.64,
    "dma100" : 263.52,
    "dma200" : 258.39,
    "volume" : 530166.00
  }, {
    "date" : "2025-10-03",
    "price" : 348.90,
    "dma50" : 291.96,
    "dma100" : 264.98,
    "dma200" : 259.30,
    "volume" : 534147.00
  }, {
    "date" : "2025-10-06",
    "price" : 337.85,
    "dma50" : 293.76,
    "dma100" : 266.41,
    "dma200" : 260.08,
    "volume" : 530091.00
  }, {
    "date" : "2025-10-07",
    "price" : 329.80,
    "dma50" : 295.18,
    "dma100" : 267.77,
    "dma200" : 260.77,
    "volume" : 355099.00
  }, {
    "date" : "2025-10-08",
    "price" : 336.15,
    "dma50" : 296.78,
    "dma100" : 269.25,
    "dma200" : 261.52,
    "volume" : 377251.00
  }, {
    "date" : "2025-10-09",
    "price" : 327.75,
    "dma50" : 298.00,
    "dma100" : 270.65,
    "dma200" : 262.18,
    "volume" : 160606.00
  }, {
    "date" : "2025-10-10",
    "price" : 327.15,
    "dma50" : 299.14,
    "dma100" : 272.06,
    "dma200" : 262.83,
    "volume" : 418673.00
  }, {
    "date" : "2025-10-13",
    "price" : 319.80,
    "dma50" : 299.95,
    "dma100" : 273.31,
    "dma200" : 263.39,
    "volume" : 332075.00
  }, {
    "date" : "2025-10-14",
    "price" : 317.20,
    "dma50" : 300.63,
    "dma100" : 274.47,
    "dma200" : 263.93,
    "volume" : 240171.00
  }, {
    "date" : "2025-10-15",
    "price" : 331.55,
    "dma50" : 301.84,
    "dma100" : 275.68,
    "dma200" : 264.60,
    "volume" : 797150.00
  }, {
    "date" : "2025-10-16",
    "price" : 323.10,
    "dma50" : 302.67,
    "dma100" : 276.69,
    "dma200" : 265.18,
    "volume" : 638859.00
  }, {
    "date" : "2025-10-17",
    "price" : 312.05,
    "dma50" : 303.04,
    "dma100" : 277.48,
    "dma200" : 265.65,
    "volume" : 232251.00
  }, {
    "date" : "2025-10-20",
    "price" : 307.90,
    "dma50" : 303.23,
    "dma100" : 278.18,
    "dma200" : 266.07,
    "volume" : 239552.00
  }, {
    "date" : "2025-10-21",
    "price" : 311.75,
    "dma50" : 303.57,
    "dma100" : 279.02,
    "dma200" : 266.52,
    "volume" : 80605.00
  }, {
    "date" : "2025-10-23",
    "price" : 306.95,
    "dma50" : 303.70,
    "dma100" : 279.84,
    "dma200" : 266.93,
    "volume" : 186124.00
  }, {
    "date" : "2025-10-24",
    "price" : 299.20,
    "dma50" : 303.52,
    "dma100" : 280.46,
    "dma200" : 267.25,
    "volume" : 164411.00
  }, {
    "date" : "2025-10-27",
    "price" : 299.10,
    "dma50" : 303.35,
    "dma100" : 280.97,
    "dma200" : 267.56,
    "volume" : 216642.00
  }, {
    "date" : "2025-10-28",
    "price" : 304.35,
    "dma50" : 303.39,
    "dma100" : 281.40,
    "dma200" : 267.93,
    "volume" : 238654.00
  }, {
    "date" : "2025-10-29",
    "price" : 289.15,
    "dma50" : 302.83,
    "dma100" : 281.56,
    "dma200" : 268.14,
    "volume" : 422889.00
  }, {
    "date" : "2025-10-30",
    "price" : 288.90,
    "dma50" : 302.28,
    "dma100" : 281.57,
    "dma200" : 268.35,
    "volume" : 756757.00
  }, {
    "date" : "2025-10-31",
    "price" : 288.40,
    "dma50" : 301.74,
    "dma100" : 281.47,
    "dma200" : 268.55,
    "volume" : 398382.00
  }, {
    "date" : "2025-11-03",
    "price" : 276.05,
    "dma50" : 300.73,
    "dma100" : 281.20,
    "dma200" : 268.62,
    "volume" : 424866.00
  }, {
    "date" : "2025-11-04",
    "price" : 262.25,
    "dma50" : 299.22,
    "dma100" : 280.93,
    "dma200" : 268.56,
    "volume" : 595059.00
  }, {
    "date" : "2025-11-06",
    "price" : 265.75,
    "dma50" : 297.91,
    "dma100" : 280.83,
    "dma200" : 268.53,
    "volume" : 444171.00
  }, {
    "date" : "2025-11-07",
    "price" : 267.50,
    "dma50" : 296.72,
    "dma100" : 280.81,
    "dma200" : 268.52,
    "volume" : 264195.00
  }, {
    "date" : "2025-11-10",
    "price" : 277.75,
    "dma50" : 295.97,
    "dma100" : 280.85,
    "dma200" : 268.61,
    "volume" : 185755.00
  }, {
    "date" : "2025-11-11",
    "price" : 270.45,
    "dma50" : 294.97,
    "dma100" : 280.93,
    "dma200" : 268.63,
    "volume" : 159786.00
  }, {
    "date" : "2025-11-12",
    "price" : 263.50,
    "dma50" : 293.74,
    "dma100" : 281.00,
    "dma200" : 268.58,
    "volume" : 148176.00
  }, {
    "date" : "2025-11-13",
    "price" : 256.40,
    "dma50" : 292.27,
    "dma100" : 280.95,
    "dma200" : 268.46,
    "volume" : 262211.00
  }, {
    "date" : "2025-11-14",
    "price" : 268.70,
    "dma50" : 291.35,
    "dma100" : 281.03,
    "dma200" : 268.46,
    "volume" : 792517.00
  }, {
    "date" : "2025-11-17",
    "price" : 260.20,
    "dma50" : 290.13,
    "dma100" : 281.02,
    "dma200" : 268.38,
    "volume" : 228947.00
  }, {
    "date" : "2025-11-18",
    "price" : 247.20,
    "dma50" : 288.44,
    "dma100" : 280.84,
    "dma200" : 268.17,
    "volume" : 318943.00
  }, {
    "date" : "2025-11-19",
    "price" : 234.85,
    "dma50" : 286.34,
    "dma100" : 280.41,
    "dma200" : 267.84,
    "volume" : 310145.00
  }, {
    "date" : "2025-11-20",
    "price" : 223.15,
    "dma50" : 283.86,
    "dma100" : 279.87,
    "dma200" : 267.39,
    "volume" : 824492.00
  }, {
    "date" : "2025-11-21",
    "price" : 212.00,
    "dma50" : 281.05,
    "dma100" : 279.27,
    "dma200" : 266.84,
    "volume" : 376754.00
  }, {
    "date" : "2025-11-24",
    "price" : 201.40,
    "dma50" : 277.92,
    "dma100" : 278.55,
    "dma200" : 266.19,
    "volume" : 923368.00
  }, {
    "date" : "2025-11-25",
    "price" : 191.95,
    "dma50" : 274.55,
    "dma100" : 277.78,
    "dma200" : 265.45,
    "volume" : 1133356.00
  }, {
    "date" : "2025-11-26",
    "price" : 192.95,
    "dma50" : 271.35,
    "dma100" : 277.04,
    "dma200" : 264.73,
    "volume" : 977593.00
  }, {
    "date" : "2025-11-27",
    "price" : 202.55,
    "dma50" : 268.65,
    "dma100" : 276.37,
    "dma200" : 264.11,
    "volume" : 487818.00
  }, {
    "date" : "2025-11-28",
    "price" : 212.65,
    "dma50" : 266.46,
    "dma100" : 275.84,
    "dma200" : 263.60,
    "volume" : 137549.00
  } ],
  "latestTechnicalAttributes" : {
    "date" : "2025-11-28",
    "price" : 212.65,
    "dma50" : 266.46,
    "dma100" : 275.84,
    "dma200" : 263.60,
    "volume" : 137549.00
  },
  "quarterlyResults" : [ {
    "date" : "2005-03-31",
    "sales" : 2.34,
    "salesGrowthYoY" : null,
    "grossProfitMargin" : 44.44,
    "grossProfit" : 1.04,
    "operatingProfitMargin" : 13.68,
    "operatingProfit" : 0.32,
    "netProfitMargin" : 9.40,
    "netProfit" : 0.22
  }, {
    "date" : "2005-06-30",
    "sales" : 1.59,
    "salesGrowthYoY" : null,
    "grossProfitMargin" : 30.82,
    "grossProfit" : 0.49,
    "operatingProfitMargin" : -9.43,
    "operatingProfit" : -0.15,
    "netProfitMargin" : -20.13,
    "netProfit" : -0.32
  }, {
    "date" : "2005-09-30",
    "sales" : 1.84,
    "salesGrowthYoY" : null,
    "grossProfitMargin" : 48.91,
    "grossProfit" : 0.90,
    "operatingProfitMargin" : 12.50,
    "operatingProfit" : 0.23,
    "netProfitMargin" : 3.26,
    "netProfit" : 0.06
  }, {
    "date" : "2005-12-31",
    "sales" : 2.20,
    "salesGrowthYoY" : null,
    "grossProfitMargin" : 40.91,
    "grossProfit" : 0.90,
    "operatingProfitMargin" : 12.27,
    "operatingProfit" : 0.27,
    "netProfitMargin" : 4.09,
    "netProfit" : 0.09
  }, {
    "date" : "2006-03-31",
    "sales" : 2.74,
    "salesGrowthYoY" : 17.09,
    "grossProfitMargin" : 42.34,
    "grossProfit" : 1.16,
    "operatingProfitMargin" : 16.06,
    "operatingProfit" : 0.44,
    "netProfitMargin" : 12.41,
    "netProfit" : 0.34
  }, {
    "date" : "2006-06-30",
    "sales" : 2.09,
    "salesGrowthYoY" : 31.45,
    "grossProfitMargin" : 37.80,
    "grossProfit" : 0.79,
    "operatingProfitMargin" : 11.00,
    "operatingProfit" : 0.23,
    "netProfitMargin" : 3.35,
    "netProfit" : 0.07
  }, {
    "date" : "2006-09-30",
    "sales" : 2.93,
    "salesGrowthYoY" : 59.24,
    "grossProfitMargin" : 36.18,
    "grossProfit" : 1.06,
    "operatingProfitMargin" : 13.99,
    "operatingProfit" : 0.41,
    "netProfitMargin" : 7.51,
    "netProfit" : 0.22
  }, {
    "date" : "2006-12-31",
    "sales" : 2.60,
    "salesGrowthYoY" : 18.18,
    "grossProfitMargin" : 34.62,
    "grossProfit" : 0.90,
    "operatingProfitMargin" : 11.92,
    "operatingProfit" : 0.31,
    "netProfitMargin" : 4.62,
    "netProfit" : 0.12
  }, {
    "date" : "2007-03-31",
    "sales" : 3.63,
    "salesGrowthYoY" : 32.48,
    "grossProfitMargin" : 38.84,
    "grossProfit" : 1.41,
    "operatingProfitMargin" : 13.22,
    "operatingProfit" : 0.48,
    "netProfitMargin" : 5.79,
    "netProfit" : 0.21
  }, {
    "date" : "2007-06-30",
    "sales" : 2.64,
    "salesGrowthYoY" : 26.32,
    "grossProfitMargin" : 40.53,
    "grossProfit" : 1.07,
    "operatingProfitMargin" : 14.02,
    "operatingProfit" : 0.37,
    "netProfitMargin" : 6.06,
    "netProfit" : 0.16
  }, {
    "date" : "2007-09-30",
    "sales" : 3.46,
    "salesGrowthYoY" : 18.09,
    "grossProfitMargin" : 38.73,
    "grossProfit" : 1.34,
    "operatingProfitMargin" : 19.08,
    "operatingProfit" : 0.66,
    "netProfitMargin" : 12.43,
    "netProfit" : 0.43
  }, {
    "date" : "2007-12-31",
    "sales" : 3.49,
    "salesGrowthYoY" : 34.23,
    "grossProfitMargin" : 40.40,
    "grossProfit" : 1.41,
    "operatingProfitMargin" : 17.77,
    "operatingProfit" : 0.62,
    "netProfitMargin" : 11.17,
    "netProfit" : 0.39
  }, {
    "date" : "2008-03-31",
    "sales" : 4.42,
    "salesGrowthYoY" : 21.76,
    "grossProfitMargin" : 32.35,
    "grossProfit" : 1.43,
    "operatingProfitMargin" : 11.54,
    "operatingProfit" : 0.51,
    "netProfitMargin" : 6.33,
    "netProfit" : 0.28
  }, {
    "date" : "2008-06-30",
    "sales" : 4.93,
    "salesGrowthYoY" : 86.74,
    "grossProfitMargin" : 37.93,
    "grossProfit" : 1.87,
    "operatingProfitMargin" : 18.26,
    "operatingProfit" : 0.90,
    "netProfitMargin" : 6.69,
    "netProfit" : 0.33
  }, {
    "date" : "2008-09-30",
    "sales" : 5.76,
    "salesGrowthYoY" : 66.47,
    "grossProfitMargin" : 34.03,
    "grossProfit" : 1.96,
    "operatingProfitMargin" : 14.41,
    "operatingProfit" : 0.83,
    "netProfitMargin" : 2.78,
    "netProfit" : 0.16
  }, {
    "date" : "2008-12-31",
    "sales" : 5.81,
    "salesGrowthYoY" : 66.48,
    "grossProfitMargin" : 39.76,
    "grossProfit" : 2.31,
    "operatingProfitMargin" : 19.97,
    "operatingProfit" : 1.16,
    "netProfitMargin" : 5.51,
    "netProfit" : 0.32
  }, {
    "date" : "2009-03-31",
    "sales" : 5.48,
    "salesGrowthYoY" : 23.98,
    "grossProfitMargin" : 52.37,
    "grossProfit" : 2.87,
    "operatingProfitMargin" : 28.47,
    "operatingProfit" : 1.56,
    "netProfitMargin" : 0.55,
    "netProfit" : 0.03
  }, {
    "date" : "2009-06-30",
    "sales" : 4.34,
    "salesGrowthYoY" : -11.97,
    "grossProfitMargin" : 47.00,
    "grossProfit" : 2.04,
    "operatingProfitMargin" : 23.50,
    "operatingProfit" : 1.02,
    "netProfitMargin" : 8.99,
    "netProfit" : 0.39
  }, {
    "date" : "2009-09-30",
    "sales" : 5.10,
    "salesGrowthYoY" : -11.46,
    "grossProfitMargin" : 45.88,
    "grossProfit" : 2.34,
    "operatingProfitMargin" : 21.37,
    "operatingProfit" : 1.09,
    "netProfitMargin" : 6.86,
    "netProfit" : 0.35
  }, {
    "date" : "2009-12-31",
    "sales" : 4.69,
    "salesGrowthYoY" : -19.28,
    "grossProfitMargin" : 37.95,
    "grossProfit" : 1.78,
    "operatingProfitMargin" : 14.29,
    "operatingProfit" : 0.67,
    "netProfitMargin" : 2.99,
    "netProfit" : 0.14
  }, {
    "date" : "2010-03-31",
    "sales" : 5.71,
    "salesGrowthYoY" : 4.20,
    "grossProfitMargin" : 40.11,
    "grossProfit" : 2.29,
    "operatingProfitMargin" : 19.96,
    "operatingProfit" : 1.14,
    "netProfitMargin" : 4.55,
    "netProfit" : 0.26
  }, {
    "date" : "2010-06-30",
    "sales" : 5.98,
    "salesGrowthYoY" : 37.79,
    "grossProfitMargin" : 35.79,
    "grossProfit" : 2.14,
    "operatingProfitMargin" : 17.56,
    "operatingProfit" : 1.05,
    "netProfitMargin" : 7.02,
    "netProfit" : 0.42
  }, {
    "date" : "2010-09-30",
    "sales" : 5.19,
    "salesGrowthYoY" : 1.76,
    "grossProfitMargin" : 41.81,
    "grossProfit" : 2.17,
    "operatingProfitMargin" : 20.42,
    "operatingProfit" : 1.06,
    "netProfitMargin" : 5.01,
    "netProfit" : 0.26
  }, {
    "date" : "2010-12-31",
    "sales" : 5.68,
    "salesGrowthYoY" : 21.11,
    "grossProfitMargin" : 38.56,
    "grossProfit" : 2.19,
    "operatingProfitMargin" : 15.49,
    "operatingProfit" : 0.88,
    "netProfitMargin" : 4.23,
    "netProfit" : 0.24
  }, {
    "date" : "2011-03-31",
    "sales" : 8.16,
    "salesGrowthYoY" : 42.91,
    "grossProfitMargin" : 31.13,
    "grossProfit" : 2.54,
    "operatingProfitMargin" : 16.79,
    "operatingProfit" : 1.37,
    "netProfitMargin" : 6.99,
    "netProfit" : 0.57
  }, {
    "date" : "2011-06-30",
    "sales" : 5.27,
    "salesGrowthYoY" : -11.87,
    "grossProfitMargin" : 41.18,
    "grossProfit" : 2.17,
    "operatingProfitMargin" : 18.98,
    "operatingProfit" : 1.00,
    "netProfitMargin" : 7.21,
    "netProfit" : 0.38
  }, {
    "date" : "2011-09-30",
    "sales" : 7.99,
    "salesGrowthYoY" : 53.95,
    "grossProfitMargin" : 34.29,
    "grossProfit" : 2.74,
    "operatingProfitMargin" : 15.77,
    "operatingProfit" : 1.26,
    "netProfitMargin" : 5.26,
    "netProfit" : 0.42
  }, {
    "date" : "2011-12-31",
    "sales" : 6.82,
    "salesGrowthYoY" : 20.07,
    "grossProfitMargin" : 32.55,
    "grossProfit" : 2.22,
    "operatingProfitMargin" : 12.02,
    "operatingProfit" : 0.82,
    "netProfitMargin" : 3.23,
    "netProfit" : 0.22
  }, {
    "date" : "2012-03-31",
    "sales" : 8.09,
    "salesGrowthYoY" : -0.86,
    "grossProfitMargin" : 38.07,
    "grossProfit" : 3.08,
    "operatingProfitMargin" : 20.15,
    "operatingProfit" : 1.63,
    "netProfitMargin" : 11.25,
    "netProfit" : 0.91
  }, {
    "date" : "2012-06-30",
    "sales" : 4.74,
    "salesGrowthYoY" : -10.06,
    "grossProfitMargin" : 42.62,
    "grossProfit" : 2.02,
    "operatingProfitMargin" : 16.03,
    "operatingProfit" : 0.76,
    "netProfitMargin" : 5.91,
    "netProfit" : 0.28
  }, {
    "date" : "2012-09-30",
    "sales" : 7.58,
    "salesGrowthYoY" : -5.13,
    "grossProfitMargin" : 30.47,
    "grossProfit" : 2.31,
    "operatingProfitMargin" : 11.87,
    "operatingProfit" : 0.90,
    "netProfitMargin" : 3.83,
    "netProfit" : 0.29
  }, {
    "date" : "2012-12-31",
    "sales" : 7.15,
    "salesGrowthYoY" : 4.84,
    "grossProfitMargin" : 31.61,
    "grossProfit" : 2.26,
    "operatingProfitMargin" : 13.29,
    "operatingProfit" : 0.95,
    "netProfitMargin" : 4.34,
    "netProfit" : 0.31
  }, {
    "date" : "2013-03-31",
    "sales" : 10.56,
    "salesGrowthYoY" : 30.53,
    "grossProfitMargin" : 34.56,
    "grossProfit" : 3.65,
    "operatingProfitMargin" : 17.42,
    "operatingProfit" : 1.84,
    "netProfitMargin" : 9.94,
    "netProfit" : 1.05
  }, {
    "date" : "2013-06-30",
    "sales" : 6.04,
    "salesGrowthYoY" : 27.43,
    "grossProfitMargin" : 35.93,
    "grossProfit" : 2.17,
    "operatingProfitMargin" : 13.25,
    "operatingProfit" : 0.80,
    "netProfitMargin" : 3.48,
    "netProfit" : 0.21
  }, {
    "date" : "2013-09-30",
    "sales" : 4.35,
    "salesGrowthYoY" : -42.61,
    "grossProfitMargin" : 30.80,
    "grossProfit" : 1.34,
    "operatingProfitMargin" : -2.76,
    "operatingProfit" : -0.12,
    "netProfitMargin" : -12.64,
    "netProfit" : -0.55
  }, {
    "date" : "2013-12-31",
    "sales" : 5.04,
    "salesGrowthYoY" : -29.51,
    "grossProfitMargin" : 36.71,
    "grossProfit" : 1.85,
    "operatingProfitMargin" : 7.54,
    "operatingProfit" : 0.38,
    "netProfitMargin" : -2.18,
    "netProfit" : -0.11
  }, {
    "date" : "2014-03-31",
    "sales" : 6.39,
    "salesGrowthYoY" : -39.49,
    "grossProfitMargin" : 32.39,
    "grossProfit" : 2.07,
    "operatingProfitMargin" : 9.23,
    "operatingProfit" : 0.59,
    "netProfitMargin" : 1.88,
    "netProfit" : 0.12
  }, {
    "date" : "2014-06-30",
    "sales" : 5.83,
    "salesGrowthYoY" : -3.48,
    "grossProfitMargin" : 32.25,
    "grossProfit" : 1.88,
    "operatingProfitMargin" : 8.58,
    "operatingProfit" : 0.50,
    "netProfitMargin" : -1.20,
    "netProfit" : -0.07
  }, {
    "date" : "2014-09-30",
    "sales" : 6.24,
    "salesGrowthYoY" : 43.45,
    "grossProfitMargin" : 35.90,
    "grossProfit" : 2.24,
    "operatingProfitMargin" : 10.90,
    "operatingProfit" : 0.68,
    "netProfitMargin" : 1.92,
    "netProfit" : 0.12
  }, {
    "date" : "2014-12-31",
    "sales" : 8.06,
    "salesGrowthYoY" : 59.92,
    "grossProfitMargin" : 28.16,
    "grossProfit" : 2.27,
    "operatingProfitMargin" : 7.32,
    "operatingProfit" : 0.59,
    "netProfitMargin" : 1.36,
    "netProfit" : 0.11
  }, {
    "date" : "2015-03-31",
    "sales" : 6.92,
    "salesGrowthYoY" : 8.29,
    "grossProfitMargin" : 32.08,
    "grossProfit" : 2.22,
    "operatingProfitMargin" : 8.67,
    "operatingProfit" : 0.60,
    "netProfitMargin" : 2.31,
    "netProfit" : 0.16
  }, {
    "date" : "2015-06-30",
    "sales" : 5.87,
    "salesGrowthYoY" : 0.69,
    "grossProfitMargin" : 36.97,
    "grossProfit" : 2.17,
    "operatingProfitMargin" : 11.58,
    "operatingProfit" : 0.68,
    "netProfitMargin" : 2.21,
    "netProfit" : 0.13
  }, {
    "date" : "2015-09-30",
    "sales" : 7.42,
    "salesGrowthYoY" : 18.91,
    "grossProfitMargin" : 33.02,
    "grossProfit" : 2.45,
    "operatingProfitMargin" : 10.51,
    "operatingProfit" : 0.78,
    "netProfitMargin" : 2.43,
    "netProfit" : 0.18
  }, {
    "date" : "2015-12-31",
    "sales" : 6.17,
    "salesGrowthYoY" : -23.45,
    "grossProfitMargin" : 38.90,
    "grossProfit" : 2.40,
    "operatingProfitMargin" : 10.70,
    "operatingProfit" : 0.66,
    "netProfitMargin" : 2.11,
    "netProfit" : 0.13
  }, {
    "date" : "2016-03-31",
    "sales" : 8.93,
    "salesGrowthYoY" : 29.05,
    "grossProfitMargin" : 34.04,
    "grossProfit" : 3.04,
    "operatingProfitMargin" : 14.11,
    "operatingProfit" : 1.26,
    "netProfitMargin" : 5.82,
    "netProfit" : 0.52
  }, {
    "date" : "2016-06-30",
    "sales" : 7.12,
    "salesGrowthYoY" : 21.29,
    "grossProfitMargin" : 38.62,
    "grossProfit" : 2.75,
    "operatingProfitMargin" : 16.15,
    "operatingProfit" : 1.15,
    "netProfitMargin" : 6.04,
    "netProfit" : 0.43
  }, {
    "date" : "2016-09-30",
    "sales" : 6.38,
    "salesGrowthYoY" : -14.02,
    "grossProfitMargin" : 39.18,
    "grossProfit" : 2.50,
    "operatingProfitMargin" : 10.03,
    "operatingProfit" : 0.64,
    "netProfitMargin" : 1.88,
    "netProfit" : 0.12
  }, {
    "date" : "2016-12-31",
    "sales" : 5.59,
    "salesGrowthYoY" : -9.40,
    "grossProfitMargin" : 36.14,
    "grossProfit" : 2.02,
    "operatingProfitMargin" : 7.69,
    "operatingProfit" : 0.43,
    "netProfitMargin" : 0.36,
    "netProfit" : 0.02
  }, {
    "date" : "2017-03-31",
    "sales" : 9.18,
    "salesGrowthYoY" : 2.80,
    "grossProfitMargin" : 29.74,
    "grossProfit" : 2.73,
    "operatingProfitMargin" : 10.89,
    "operatingProfit" : 1.00,
    "netProfitMargin" : 1.20,
    "netProfit" : 0.11
  }, {
    "date" : "2017-06-30",
    "sales" : 5.19,
    "salesGrowthYoY" : -27.11,
    "grossProfitMargin" : 41.04,
    "grossProfit" : 2.13,
    "operatingProfitMargin" : 9.83,
    "operatingProfit" : 0.51,
    "netProfitMargin" : 1.54,
    "netProfit" : 0.08
  }, {
    "date" : "2017-09-30",
    "sales" : 8.08,
    "salesGrowthYoY" : 26.65,
    "grossProfitMargin" : 28.09,
    "grossProfit" : 2.27,
    "operatingProfitMargin" : 8.42,
    "operatingProfit" : 0.68,
    "netProfitMargin" : 1.49,
    "netProfit" : 0.12
  }, {
    "date" : "2017-12-31",
    "sales" : 9.03,
    "salesGrowthYoY" : 61.54,
    "grossProfitMargin" : 33.22,
    "grossProfit" : 3.00,
    "operatingProfitMargin" : 11.96,
    "operatingProfit" : 1.08,
    "netProfitMargin" : 4.87,
    "netProfit" : 0.44
  }, {
    "date" : "2018-03-31",
    "sales" : 9.50,
    "salesGrowthYoY" : 3.49,
    "grossProfitMargin" : 33.26,
    "grossProfit" : 3.16,
    "operatingProfitMargin" : 11.79,
    "operatingProfit" : 1.12,
    "netProfitMargin" : 1.58,
    "netProfit" : 0.15
  }, {
    "date" : "2018-06-30",
    "sales" : 8.23,
    "salesGrowthYoY" : 58.57,
    "grossProfitMargin" : 34.39,
    "grossProfit" : 2.83,
    "operatingProfitMargin" : 10.57,
    "operatingProfit" : 0.87,
    "netProfitMargin" : 3.52,
    "netProfit" : 0.29
  }, {
    "date" : "2018-09-30",
    "sales" : 12.00,
    "salesGrowthYoY" : 48.51,
    "grossProfitMargin" : 30.33,
    "grossProfit" : 3.64,
    "operatingProfitMargin" : 11.50,
    "operatingProfit" : 1.38,
    "netProfitMargin" : 5.08,
    "netProfit" : 0.61
  }, {
    "date" : "2018-12-31",
    "sales" : 11.63,
    "salesGrowthYoY" : 28.79,
    "grossProfitMargin" : 30.09,
    "grossProfit" : 3.50,
    "operatingProfitMargin" : 11.18,
    "operatingProfit" : 1.30,
    "netProfitMargin" : 5.16,
    "netProfit" : 0.60
  }, {
    "date" : "2019-03-31",
    "sales" : 11.19,
    "salesGrowthYoY" : 17.79,
    "grossProfitMargin" : 35.57,
    "grossProfit" : 3.98,
    "operatingProfitMargin" : 14.03,
    "operatingProfit" : 1.57,
    "netProfitMargin" : 9.83,
    "netProfit" : 1.10
  }, {
    "date" : "2019-06-30",
    "sales" : 9.90,
    "salesGrowthYoY" : 20.29,
    "grossProfitMargin" : 33.33,
    "grossProfit" : 3.30,
    "operatingProfitMargin" : 11.52,
    "operatingProfit" : 1.14,
    "netProfitMargin" : 5.86,
    "netProfit" : 0.58
  }, {
    "date" : "2019-09-30",
    "sales" : 8.80,
    "salesGrowthYoY" : -26.67,
    "grossProfitMargin" : 36.36,
    "grossProfit" : 3.20,
    "operatingProfitMargin" : 12.39,
    "operatingProfit" : 1.09,
    "netProfitMargin" : 6.02,
    "netProfit" : 0.53
  }, {
    "date" : "2019-12-31",
    "sales" : 8.82,
    "salesGrowthYoY" : -24.16,
    "grossProfitMargin" : 37.53,
    "grossProfit" : 3.31,
    "operatingProfitMargin" : 9.18,
    "operatingProfit" : 0.81,
    "netProfitMargin" : 6.92,
    "netProfit" : 0.61
  }, {
    "date" : "2020-03-31",
    "sales" : 6.06,
    "salesGrowthYoY" : -45.84,
    "grossProfitMargin" : 35.48,
    "grossProfit" : 2.15,
    "operatingProfitMargin" : 1.65,
    "operatingProfit" : 0.10,
    "netProfitMargin" : -4.79,
    "netProfit" : -0.29
  }, {
    "date" : "2020-06-30",
    "sales" : 2.88,
    "salesGrowthYoY" : -70.91,
    "grossProfitMargin" : 42.36,
    "grossProfit" : 1.22,
    "operatingProfitMargin" : -13.54,
    "operatingProfit" : -0.39,
    "netProfitMargin" : -23.96,
    "netProfit" : -0.69
  }, {
    "date" : "2020-09-30",
    "sales" : 8.20,
    "salesGrowthYoY" : -6.82,
    "grossProfitMargin" : 37.56,
    "grossProfit" : 3.08,
    "operatingProfitMargin" : 14.15,
    "operatingProfit" : 1.16,
    "netProfitMargin" : 10.37,
    "netProfit" : 0.85
  }, {
    "date" : "2020-12-31",
    "sales" : 8.84,
    "salesGrowthYoY" : 0.23,
    "grossProfitMargin" : 38.12,
    "grossProfit" : 3.37,
    "operatingProfitMargin" : 13.24,
    "operatingProfit" : 1.17,
    "netProfitMargin" : 5.66,
    "netProfit" : 0.50
  }, {
    "date" : "2021-03-31",
    "sales" : 10.15,
    "salesGrowthYoY" : 67.49,
    "grossProfitMargin" : 34.78,
    "grossProfit" : 3.53,
    "operatingProfitMargin" : 9.16,
    "operatingProfit" : 0.93,
    "netProfitMargin" : 6.70,
    "netProfit" : 0.68
  }, {
    "date" : "2021-06-30",
    "sales" : 8.65,
    "salesGrowthYoY" : 200.35,
    "grossProfitMargin" : 34.68,
    "grossProfit" : 3.00,
    "operatingProfitMargin" : 11.21,
    "operatingProfit" : 0.97,
    "netProfitMargin" : 7.63,
    "netProfit" : 0.66
  }, {
    "date" : "2021-09-30",
    "sales" : 10.57,
    "salesGrowthYoY" : 28.90,
    "grossProfitMargin" : 33.40,
    "grossProfit" : 3.53,
    "operatingProfitMargin" : 15.42,
    "operatingProfit" : 1.63,
    "netProfitMargin" : 7.47,
    "netProfit" : 0.79
  }, {
    "date" : "2021-12-31",
    "sales" : 11.74,
    "salesGrowthYoY" : 32.81,
    "grossProfitMargin" : 29.13,
    "grossProfit" : 3.42,
    "operatingProfitMargin" : 7.92,
    "operatingProfit" : 0.93,
    "netProfitMargin" : 4.68,
    "netProfit" : 0.55
  }, {
    "date" : "2022-03-31",
    "sales" : 11.36,
    "salesGrowthYoY" : 11.92,
    "grossProfitMargin" : 36.00,
    "grossProfit" : 4.09,
    "operatingProfitMargin" : 11.80,
    "operatingProfit" : 1.34,
    "netProfitMargin" : 8.54,
    "netProfit" : 0.97
  }, {
    "date" : "2022-06-30",
    "sales" : 12.11,
    "salesGrowthYoY" : 40.00,
    "grossProfitMargin" : 34.68,
    "grossProfit" : 4.20,
    "operatingProfitMargin" : 13.46,
    "operatingProfit" : 1.63,
    "netProfitMargin" : 9.58,
    "netProfit" : 1.16
  }, {
    "date" : "2022-09-30",
    "sales" : 14.91,
    "salesGrowthYoY" : 41.06,
    "grossProfitMargin" : 35.08,
    "grossProfit" : 5.23,
    "operatingProfitMargin" : 16.83,
    "operatingProfit" : 2.51,
    "netProfitMargin" : 12.14,
    "netProfit" : 1.81
  }, {
    "date" : "2022-12-31",
    "sales" : 14.06,
    "salesGrowthYoY" : 19.76,
    "grossProfitMargin" : 38.05,
    "grossProfit" : 5.35,
    "operatingProfitMargin" : 16.50,
    "operatingProfit" : 2.32,
    "netProfitMargin" : 16.22,
    "netProfit" : 2.28
  }, {
    "date" : "2023-03-31",
    "sales" : 16.26,
    "salesGrowthYoY" : 43.13,
    "grossProfitMargin" : 36.90,
    "grossProfit" : 6.00,
    "operatingProfitMargin" : 10.64,
    "operatingProfit" : 1.73,
    "netProfitMargin" : 8.79,
    "netProfit" : 1.43
  }, {
    "date" : "2023-06-30",
    "sales" : 13.87,
    "salesGrowthYoY" : 14.53,
    "grossProfitMargin" : 35.69,
    "grossProfit" : 4.95,
    "operatingProfitMargin" : 12.91,
    "operatingProfit" : 1.79,
    "netProfitMargin" : 11.25,
    "netProfit" : 1.56
  }, {
    "date" : "2023-09-30",
    "sales" : 16.61,
    "salesGrowthYoY" : 11.40,
    "grossProfitMargin" : 37.27,
    "grossProfit" : 6.19,
    "operatingProfitMargin" : 15.77,
    "operatingProfit" : 2.62,
    "netProfitMargin" : 11.98,
    "netProfit" : 1.99
  }, {
    "date" : "2023-12-31",
    "sales" : 14.71,
    "salesGrowthYoY" : 4.62,
    "grossProfitMargin" : 35.55,
    "grossProfit" : 5.23,
    "operatingProfitMargin" : 11.01,
    "operatingProfit" : 1.62,
    "netProfitMargin" : 9.72,
    "netProfit" : 1.43
  }, {
    "date" : "2024-03-31",
    "sales" : 21.57,
    "salesGrowthYoY" : 32.66,
    "grossProfitMargin" : 35.98,
    "grossProfit" : 7.76,
    "operatingProfitMargin" : 18.27,
    "operatingProfit" : 3.94,
    "netProfitMargin" : 13.77,
    "netProfit" : 2.97
  }, {
    "date" : "2024-06-30",
    "sales" : 21.05,
    "salesGrowthYoY" : 51.77,
    "grossProfitMargin" : 36.44,
    "grossProfit" : 7.67,
    "operatingProfitMargin" : 16.01,
    "operatingProfit" : 3.37,
    "netProfitMargin" : 13.44,
    "netProfit" : 2.83
  }, {
    "date" : "2024-09-30",
    "sales" : 18.82,
    "salesGrowthYoY" : 13.31,
    "grossProfitMargin" : 36.56,
    "grossProfit" : 6.88,
    "operatingProfitMargin" : 13.07,
    "operatingProfit" : 2.46,
    "netProfitMargin" : 8.13,
    "netProfit" : 1.53
  }, {
    "date" : "2024-12-31",
    "sales" : 19.87,
    "salesGrowthYoY" : 35.08,
    "grossProfitMargin" : 35.13,
    "grossProfit" : 6.98,
    "operatingProfitMargin" : 10.62,
    "operatingProfit" : 2.11,
    "netProfitMargin" : 6.89,
    "netProfit" : 1.37
  }, {
    "date" : "2025-03-31",
    "sales" : 26.46,
    "salesGrowthYoY" : 22.67,
    "grossProfitMargin" : 31.86,
    "grossProfit" : 8.43,
    "operatingProfitMargin" : 13.04,
    "operatingProfit" : 3.45,
    "netProfitMargin" : 9.64,
    "netProfit" : 2.55
  }, {
    "date" : "2025-06-30",
    "sales" : 21.01,
    "salesGrowthYoY" : -0.19,
    "grossProfitMargin" : 38.36,
    "grossProfit" : 8.06,
    "operatingProfitMargin" : 13.76,
    "operatingProfit" : 2.89,
    "netProfitMargin" : 8.28,
    "netProfit" : 1.74
  }, {
    "date" : "2025-09-30",
    "sales" : 25.64,
    "salesGrowthYoY" : 36.24,
    "grossProfitMargin" : 39.55,
    "grossProfit" : 10.14,
    "operatingProfitMargin" : 17.04,
    "operatingProfit" : 4.37,
    "netProfitMargin" : 12.29,
    "netProfit" : 3.15
  } ],
  "latestQuarterlyResult" : {
    "date" : "2025-09-30",
    "sales" : 25.64,
    "salesGrowthYoY" : 36.24,
    "grossProfitMargin" : 39.55,
    "grossProfit" : 10.14,
    "operatingProfitMargin" : 17.04,
    "operatingProfit" : 4.37,
    "netProfitMargin" : 12.29,
    "netProfit" : 3.15
  },
  "companyScore" : {
    "priceHigherThanDma50" : 0.00,
    "priceHigherThanDma100" : 0.00,
    "priceHigherThanDma200" : 0.00,
    "dma50HigherThanDma100" : 0.00,
    "dma50HigherThanDma200" : 5.00,
    "dma100HigherThanDma200" : 5.00,
    "pricePercentageAboveDma50" : 6.01,
    "pricePercentageAboveDma100" : 6.15,
    "pricePercentageAboveDma200" : 5.97,
    "weeklyVolumeHigherThanYearlyVolume" : 5.00,
    "salesGrowthPercentile" : 15.44,
    "operatingProfitMarginPercentile" : 16.63,
    "netProfitMarginPercentile" : 9.40,
    "totalTechnicalScore" : 33.12,
    "totalFundamentalScore" : 41.47,
    "totalScore" : 74.59
  }
}