{
  "metadata" : {
    "screenerCompanyId" : "2733",
    "companyCode" : "524632",
    "companyName" : "Shukra Pharma.",
    "screenerCompanyLink" : "https://www.screener.in/company/524632/",
    "screenerTechnicalHistoryLink" : "https://www.screener.in/api/company/2733/chart/?q=Price-DMA50-DMA200-Volume&days=365",
    "screenerQuarterlyResultsLink" : "https://www.screener.in/api/company/2733/chart/?q=GPM-OPM-NPM-Quarter+Sales&days=10000",
    "attributes" : {
      "companyCode" : "524632",
      "companyName" : "Shukra Pharma.",
      "marketCap" : 1725.00,
      "peRatio" : 59.20,
      "description" : "Incorporated in 1993, Shukra Pharmaceuticals Ltd manufactures and markets pharmaceutical products, and does laboratory testing[1]"
    },
    "companyScore" : {
      "priceHigherThanDma50" : 0.00,
      "priceHigherThanDma100" : 0.00,
      "priceHigherThanDma200" : 5.00,
      "dma50HigherThanDma100" : 5.00,
      "dma50HigherThanDma200" : 5.00,
      "dma100HigherThanDma200" : 5.00,
      "pricePercentageAboveDma50" : 5.57,
      "pricePercentageAboveDma100" : 5.50,
      "pricePercentageAboveDma200" : 4.38,
      "weeklyVolumeHigherThanYearlyVolume" : 0.00,
      "salesGrowthPercentile" : 18.55,
      "operatingProfitMarginPercentile" : 19.84,
      "netProfitMarginPercentile" : 10.00,
      "totalTechnicalScore" : 35.44,
      "totalFundamentalScore" : 48.39,
      "totalScore" : 83.83
    }
  },
  "attributes" : {
    "companyCode" : "524632",
    "companyName" : "Shukra Pharma.",
    "marketCap" : 1725.00,
    "peRatio" : 59.20,
    "description" : "Incorporated in 1993, Shukra Pharmaceuticals Ltd manufactures and markets pharmaceutical products, and does laboratory testing[1]"
  },
  "technicalHistory" : [ {
    "date" : "2025-02-20",
    "price" : 19.75,
    "dma50" : 18.22,
    "dma100" : null,
    "dma200" : 11.55,
    "volume" : 191100.00
  }, {
    "date" : "2025-02-21",
    "price" : 19.36,
    "dma50" : 18.26,
    "dma100" : null,
    "dma200" : 11.63,
    "volume" : 2380.00
  }, {
    "date" : "2025-02-24",
    "price" : 20.32,
    "dma50" : 18.34,
    "dma100" : null,
    "dma200" : 11.71,
    "volume" : 481830.00
  }, {
    "date" : "2025-02-25",
    "price" : 21.34,
    "dma50" : 18.46,
    "dma100" : null,
    "dma200" : 11.81,
    "volume" : 67435.00
  }, {
    "date" : "2025-02-27",
    "price" : 22.40,
    "dma50" : 18.62,
    "dma100" : null,
    "dma200" : 11.91,
    "volume" : 188560.00
  }, {
    "date" : "2025-02-28",
    "price" : 23.50,
    "dma50" : 18.81,
    "dma100" : null,
    "dma200" : 12.03,
    "volume" : 692440.00
  }, {
    "date" : "2025-03-03",
    "price" : 24.68,
    "dma50" : 19.04,
    "dma100" : null,
    "dma200" : 12.16,
    "volume" : 344211.00
  }, {
    "date" : "2025-03-04",
    "price" : 25.91,
    "dma50" : 19.31,
    "dma100" : null,
    "dma200" : 12.29,
    "volume" : 354942.00
  }, {
    "date" : "2025-03-05",
    "price" : 24.61,
    "dma50" : 19.52,
    "dma100" : null,
    "dma200" : 12.42,
    "volume" : 704710.00
  }, {
    "date" : "2025-03-06",
    "price" : 24.12,
    "dma50" : 19.70,
    "dma100" : null,
    "dma200" : 12.53,
    "volume" : 12460.00
  }, {
    "date" : "2025-03-07",
    "price" : 23.64,
    "dma50" : 19.85,
    "dma100" : null,
    "dma200" : 12.64,
    "volume" : 17110.00
  }, {
    "date" : "2025-03-10",
    "price" : 23.17,
    "dma50" : 19.98,
    "dma100" : null,
    "dma200" : 12.75,
    "volume" : 15370.00
  }, {
    "date" : "2025-03-11",
    "price" : 23.63,
    "dma50" : 20.12,
    "dma100" : null,
    "dma200" : 12.86,
    "volume" : 421980.00
  }, {
    "date" : "2025-03-12",
    "price" : 24.10,
    "dma50" : 20.28,
    "dma100" : null,
    "dma200" : 12.97,
    "volume" : 128940.00
  }, {
    "date" : "2025-03-13",
    "price" : 24.58,
    "dma50" : 20.45,
    "dma100" : null,
    "dma200" : 13.08,
    "volume" : 85530.00
  }, {
    "date" : "2025-03-17",
    "price" : 25.07,
    "dma50" : 20.63,
    "dma100" : null,
    "dma200" : 13.20,
    "volume" : 400540.00
  }, {
    "date" : "2025-03-18",
    "price" : 24.57,
    "dma50" : 20.78,
    "dma100" : null,
    "dma200" : 13.32,
    "volume" : 87760.00
  }, {
    "date" : "2025-03-19",
    "price" : 24.08,
    "dma50" : 20.91,
    "dma100" : null,
    "dma200" : 13.42,
    "volume" : 68130.00
  }, {
    "date" : "2025-03-20",
    "price" : 23.60,
    "dma50" : 21.02,
    "dma100" : null,
    "dma200" : 13.52,
    "volume" : 52910.00
  }, {
    "date" : "2025-03-21",
    "price" : 24.05,
    "dma50" : 21.14,
    "dma100" : null,
    "dma200" : 13.63,
    "volume" : 174422.00
  }, {
    "date" : "2025-03-24",
    "price" : 23.60,
    "dma50" : 21.23,
    "dma100" : null,
    "dma200" : 13.73,
    "volume" : 64145.00
  }, {
    "date" : "2025-03-25",
    "price" : 23.15,
    "dma50" : 21.31,
    "dma100" : null,
    "dma200" : 13.82,
    "volume" : 22107.00
  }, {
    "date" : "2025-03-26",
    "price" : 22.70,
    "dma50" : 21.36,
    "dma100" : null,
    "dma200" : 13.91,
    "volume" : 19459.00
  }, {
    "date" : "2025-03-27",
    "price" : 22.25,
    "dma50" : 21.40,
    "dma100" : null,
    "dma200" : 13.99,
    "volume" : 113458.00
  }, {
    "date" : "2025-03-28",
    "price" : 21.85,
    "dma50" : 21.42,
    "dma100" : null,
    "dma200" : 14.07,
    "volume" : 38148.00
  }, {
    "date" : "2025-04-01",
    "price" : 21.42,
    "dma50" : 21.42,
    "dma100" : null,
    "dma200" : 14.14,
    "volume" : 21473.00
  }, {
    "date" : "2025-04-02",
    "price" : 21.00,
    "dma50" : 21.40,
    "dma100" : null,
    "dma200" : 14.21,
    "volume" : 16746.00
  }, {
    "date" : "2025-04-03",
    "price" : 20.58,
    "dma50" : 21.37,
    "dma100" : null,
    "dma200" : 14.28,
    "volume" : 30768.00
  }, {
    "date" : "2025-04-04",
    "price" : 20.17,
    "dma50" : 21.32,
    "dma100" : null,
    "dma200" : 14.33,
    "volume" : 18876.00
  }, {
    "date" : "2025-04-07",
    "price" : 19.77,
    "dma50" : 21.26,
    "dma100" : null,
    "dma200" : 14.39,
    "volume" : 7049.00
  }, {
    "date" : "2025-04-08",
    "price" : 19.38,
    "dma50" : 21.19,
    "dma100" : null,
    "dma200" : 14.44,
    "volume" : 15376.00
  }, {
    "date" : "2025-04-09",
    "price" : 19.00,
    "dma50" : 21.10,
    "dma100" : null,
    "dma200" : 14.48,
    "volume" : 12759.00
  }, {
    "date" : "2025-04-11",
    "price" : 18.62,
    "dma50" : 21.00,
    "dma100" : null,
    "dma200" : 14.52,
    "volume" : 17488.00
  }, {
    "date" : "2025-04-15",
    "price" : 19.55,
    "dma50" : 20.95,
    "dma100" : null,
    "dma200" : 14.57,
    "volume" : 1162343.00
  }, {
    "date" : "2025-04-16",
    "price" : 20.52,
    "dma50" : 20.93,
    "dma100" : null,
    "dma200" : 14.63,
    "volume" : 859773.00
  }, {
    "date" : "2025-04-17",
    "price" : 19.50,
    "dma50" : 20.87,
    "dma100" : null,
    "dma200" : 14.68,
    "volume" : 336012.00
  }, {
    "date" : "2025-04-21",
    "price" : 19.13,
    "dma50" : 20.81,
    "dma100" : null,
    "dma200" : 14.73,
    "volume" : 453115.00
  }, {
    "date" : "2025-04-22",
    "price" : 19.41,
    "dma50" : 20.75,
    "dma100" : null,
    "dma200" : 14.77,
    "volume" : 309216.00
  }, {
    "date" : "2025-04-23",
    "price" : 18.86,
    "dma50" : 20.68,
    "dma100" : null,
    "dma200" : 14.81,
    "volume" : 101106.00
  }, {
    "date" : "2025-04-24",
    "price" : 18.12,
    "dma50" : 20.58,
    "dma100" : null,
    "dma200" : 14.85,
    "volume" : 138008.00
  }, {
    "date" : "2025-04-25",
    "price" : 17.22,
    "dma50" : 20.44,
    "dma100" : null,
    "dma200" : 14.87,
    "volume" : 284319.00
  }, {
    "date" : "2025-04-28",
    "price" : 16.36,
    "dma50" : 20.28,
    "dma100" : null,
    "dma200" : 14.88,
    "volume" : 79628.00
  }, {
    "date" : "2025-04-29",
    "price" : 16.83,
    "dma50" : 20.15,
    "dma100" : null,
    "dma200" : 14.90,
    "volume" : 114625.00
  }, {
    "date" : "2025-04-30",
    "price" : 15.99,
    "dma50" : 19.99,
    "dma100" : null,
    "dma200" : 14.92,
    "volume" : 85483.00
  }, {
    "date" : "2025-05-02",
    "price" : 15.20,
    "dma50" : 19.80,
    "dma100" : null,
    "dma200" : 14.92,
    "volume" : 98061.00
  }, {
    "date" : "2025-05-05",
    "price" : 14.44,
    "dma50" : 19.59,
    "dma100" : null,
    "dma200" : 14.91,
    "volume" : 63166.00
  }, {
    "date" : "2025-05-06",
    "price" : 13.72,
    "dma50" : 19.36,
    "dma100" : null,
    "dma200" : 14.90,
    "volume" : 36779.00
  }, {
    "date" : "2025-05-07",
    "price" : 13.04,
    "dma50" : 19.11,
    "dma100" : null,
    "dma200" : 14.88,
    "volume" : 40760.00
  }, {
    "date" : "2025-05-08",
    "price" : 13.00,
    "dma50" : 18.87,
    "dma100" : null,
    "dma200" : 14.86,
    "volume" : 562372.00
  }, {
    "date" : "2025-05-09",
    "price" : 12.35,
    "dma50" : 18.61,
    "dma100" : null,
    "dma200" : 14.84,
    "volume" : 75242.00
  }, {
    "date" : "2025-05-12",
    "price" : 12.09,
    "dma50" : 18.36,
    "dma100" : null,
    "dma200" : 14.81,
    "volume" : 327227.00
  }, {
    "date" : "2025-05-13",
    "price" : 12.69,
    "dma50" : 18.14,
    "dma100" : null,
    "dma200" : 14.79,
    "volume" : 136515.00
  }, {
    "date" : "2025-05-14",
    "price" : 13.32,
    "dma50" : 17.95,
    "dma100" : null,
    "dma200" : 14.78,
    "volume" : 97281.00
  }, {
    "date" : "2025-05-15",
    "price" : 13.98,
    "dma50" : 17.79,
    "dma100" : null,
    "dma200" : 14.77,
    "volume" : 234516.00
  }, {
    "date" : "2025-05-16",
    "price" : 14.52,
    "dma50" : 17.66,
    "dma100" : null,
    "dma200" : 14.77,
    "volume" : 530053.00
  }, {
    "date" : "2025-05-19",
    "price" : 14.66,
    "dma50" : 17.55,
    "dma100" : null,
    "dma200" : 14.76,
    "volume" : 588488.00
  }, {
    "date" : "2025-05-20",
    "price" : 14.37,
    "dma50" : 17.42,
    "dma100" : null,
    "dma200" : 14.76,
    "volume" : 34987.00
  }, {
    "date" : "2025-05-21",
    "price" : 14.09,
    "dma50" : 17.29,
    "dma100" : null,
    "dma200" : 14.75,
    "volume" : 25414.00
  }, {
    "date" : "2025-05-22",
    "price" : 13.81,
    "dma50" : 17.15,
    "dma100" : null,
    "dma200" : 14.74,
    "volume" : 25962.00
  }, {
    "date" : "2025-05-23",
    "price" : 13.54,
    "dma50" : 17.01,
    "dma100" : null,
    "dma200" : 14.73,
    "volume" : 37067.00
  }, {
    "date" : "2025-05-26",
    "price" : 13.27,
    "dma50" : 16.87,
    "dma100" : null,
    "dma200" : 14.72,
    "volume" : 64453.00
  }, {
    "date" : "2025-05-27",
    "price" : 13.01,
    "dma50" : 16.71,
    "dma100" : null,
    "dma200" : 14.70,
    "volume" : 72590.00
  }, {
    "date" : "2025-05-28",
    "price" : 13.27,
    "dma50" : 16.58,
    "dma100" : null,
    "dma200" : 14.69,
    "volume" : 119857.00
  }, {
    "date" : "2025-05-29",
    "price" : 13.53,
    "dma50" : 16.46,
    "dma100" : null,
    "dma200" : 14.68,
    "volume" : 733858.00
  }, {
    "date" : "2025-05-30",
    "price" : 13.26,
    "dma50" : 16.33,
    "dma100" : null,
    "dma200" : 14.66,
    "volume" : 80603.00
  }, {
    "date" : "2025-06-02",
    "price" : 13.00,
    "dma50" : 16.20,
    "dma100" : null,
    "dma200" : 14.64,
    "volume" : 66818.00
  }, {
    "date" : "2025-06-03",
    "price" : 13.26,
    "dma50" : 16.09,
    "dma100" : null,
    "dma200" : 14.63,
    "volume" : 63969.00
  }, {
    "date" : "2025-06-04",
    "price" : 13.26,
    "dma50" : 15.98,
    "dma100" : null,
    "dma200" : 14.62,
    "volume" : 35713.00
  }, {
    "date" : "2025-06-05",
    "price" : 13.52,
    "dma50" : 15.88,
    "dma100" : null,
    "dma200" : 14.61,
    "volume" : 90182.00
  }, {
    "date" : "2025-06-06",
    "price" : 13.79,
    "dma50" : 15.80,
    "dma100" : null,
    "dma200" : 14.60,
    "volume" : 24122.00
  }, {
    "date" : "2025-06-09",
    "price" : 14.06,
    "dma50" : 15.73,
    "dma100" : null,
    "dma200" : 14.59,
    "volume" : 41037.00
  }, {
    "date" : "2025-06-10",
    "price" : 14.34,
    "dma50" : 15.68,
    "dma100" : null,
    "dma200" : 14.59,
    "volume" : 50203.00
  }, {
    "date" : "2025-06-11",
    "price" : 14.62,
    "dma50" : 15.63,
    "dma100" : null,
    "dma200" : 14.59,
    "volume" : 76920.00
  }, {
    "date" : "2025-06-12",
    "price" : 14.91,
    "dma50" : 15.61,
    "dma100" : null,
    "dma200" : 14.59,
    "volume" : 23446.00
  }, {
    "date" : "2025-06-13",
    "price" : 14.62,
    "dma50" : 15.57,
    "dma100" : null,
    "dma200" : 14.59,
    "volume" : 159735.00
  }, {
    "date" : "2025-06-16",
    "price" : 14.33,
    "dma50" : 15.52,
    "dma100" : null,
    "dma200" : 14.59,
    "volume" : 101504.00
  }, {
    "date" : "2025-06-17",
    "price" : 14.05,
    "dma50" : 15.46,
    "dma100" : null,
    "dma200" : 14.59,
    "volume" : 19611.00
  }, {
    "date" : "2025-06-18",
    "price" : 13.77,
    "dma50" : 15.40,
    "dma100" : null,
    "dma200" : 14.58,
    "volume" : 26080.00
  }, {
    "date" : "2025-06-19",
    "price" : 13.50,
    "dma50" : 15.32,
    "dma100" : null,
    "dma200" : 14.57,
    "volume" : 20352.00
  }, {
    "date" : "2025-06-20",
    "price" : 13.23,
    "dma50" : 15.24,
    "dma100" : null,
    "dma200" : 14.55,
    "volume" : 20397.00
  }, {
    "date" : "2025-06-23",
    "price" : 12.97,
    "dma50" : 15.15,
    "dma100" : null,
    "dma200" : 14.54,
    "volume" : 48912.00
  }, {
    "date" : "2025-06-24",
    "price" : 13.22,
    "dma50" : 15.07,
    "dma100" : null,
    "dma200" : 14.53,
    "volume" : 65246.00
  }, {
    "date" : "2025-06-25",
    "price" : 13.48,
    "dma50" : 15.01,
    "dma100" : null,
    "dma200" : 14.51,
    "volume" : 175484.00
  }, {
    "date" : "2025-06-26",
    "price" : 13.40,
    "dma50" : 14.95,
    "dma100" : null,
    "dma200" : 14.50,
    "volume" : 166807.00
  }, {
    "date" : "2025-06-27",
    "price" : 13.66,
    "dma50" : 14.90,
    "dma100" : null,
    "dma200" : 14.50,
    "volume" : 31388.00
  }, {
    "date" : "2025-06-30",
    "price" : 14.34,
    "dma50" : 14.88,
    "dma100" : null,
    "dma200" : 14.49,
    "volume" : 70052.00
  }, {
    "date" : "2025-07-01",
    "price" : 15.05,
    "dma50" : 14.88,
    "dma100" : null,
    "dma200" : 14.50,
    "volume" : 625461.00
  }, {
    "date" : "2025-07-02",
    "price" : 15.80,
    "dma50" : 14.92,
    "dma100" : null,
    "dma200" : 14.51,
    "volume" : 252265.00
  }, {
    "date" : "2025-07-03",
    "price" : 16.59,
    "dma50" : 14.98,
    "dma100" : null,
    "dma200" : 14.53,
    "volume" : 81376.00
  }, {
    "date" : "2025-07-04",
    "price" : 17.41,
    "dma50" : 15.08,
    "dma100" : null,
    "dma200" : 14.56,
    "volume" : 90875.00
  }, {
    "date" : "2025-07-07",
    "price" : 18.28,
    "dma50" : 15.21,
    "dma100" : null,
    "dma200" : 14.60,
    "volume" : 96581.00
  }, {
    "date" : "2025-07-08",
    "price" : 19.19,
    "dma50" : 15.36,
    "dma100" : null,
    "dma200" : 14.64,
    "volume" : 1087579.00
  }, {
    "date" : "2025-07-09",
    "price" : 19.57,
    "dma50" : 15.53,
    "dma100" : null,
    "dma200" : 14.69,
    "volume" : 283751.00
  }, {
    "date" : "2025-07-10",
    "price" : 19.96,
    "dma50" : 15.70,
    "dma100" : null,
    "dma200" : 14.75,
    "volume" : 346908.00
  }, {
    "date" : "2025-07-11",
    "price" : 20.35,
    "dma50" : 15.88,
    "dma100" : null,
    "dma200" : 14.80,
    "volume" : 99353.00
  }, {
    "date" : "2025-07-14",
    "price" : 20.75,
    "dma50" : 16.07,
    "dma100" : null,
    "dma200" : 14.86,
    "volume" : 55611.00
  }, {
    "date" : "2025-07-15",
    "price" : 21.16,
    "dma50" : 16.27,
    "dma100" : null,
    "dma200" : 14.92,
    "volume" : 362948.00
  }, {
    "date" : "2025-07-16",
    "price" : 21.58,
    "dma50" : 16.48,
    "dma100" : null,
    "dma200" : 14.99,
    "volume" : 84218.00
  }, {
    "date" : "2025-07-17",
    "price" : 22.01,
    "dma50" : 16.70,
    "dma100" : null,
    "dma200" : 15.06,
    "volume" : 39949.00
  }, {
    "date" : "2025-07-18",
    "price" : 21.57,
    "dma50" : 16.89,
    "dma100" : null,
    "dma200" : 15.12,
    "volume" : 424804.00
  }, {
    "date" : "2025-07-21",
    "price" : 21.14,
    "dma50" : 17.06,
    "dma100" : 17.87,
    "dma200" : 15.18,
    "volume" : 57724.00
  }, {
    "date" : "2025-07-22",
    "price" : 20.72,
    "dma50" : 17.20,
    "dma100" : 17.88,
    "dma200" : 15.24,
    "volume" : 23171.00
  }, {
    "date" : "2025-07-23",
    "price" : 20.31,
    "dma50" : 17.32,
    "dma100" : 17.88,
    "dma200" : 15.29,
    "volume" : 13121.00
  }, {
    "date" : "2025-07-24",
    "price" : 19.91,
    "dma50" : 17.42,
    "dma100" : 17.87,
    "dma200" : 15.34,
    "volume" : 19522.00
  }, {
    "date" : "2025-07-25",
    "price" : 19.52,
    "dma50" : 17.51,
    "dma100" : 17.84,
    "dma200" : 15.38,
    "volume" : 23519.00
  }, {
    "date" : "2025-07-28",
    "price" : 19.91,
    "dma50" : 17.60,
    "dma100" : 17.80,
    "dma200" : 15.42,
    "volume" : 727475.00
  }, {
    "date" : "2025-07-29",
    "price" : 20.30,
    "dma50" : 17.71,
    "dma100" : 17.76,
    "dma200" : 15.47,
    "volume" : 109219.00
  }, {
    "date" : "2025-07-30",
    "price" : 20.70,
    "dma50" : 17.82,
    "dma100" : 17.70,
    "dma200" : 15.52,
    "volume" : 44519.00
  }, {
    "date" : "2025-07-31",
    "price" : 21.11,
    "dma50" : 17.95,
    "dma100" : 17.67,
    "dma200" : 15.58,
    "volume" : 109360.00
  }, {
    "date" : "2025-08-01",
    "price" : 20.69,
    "dma50" : 18.06,
    "dma100" : 17.64,
    "dma200" : 15.63,
    "volume" : 530011.00
  }, {
    "date" : "2025-08-04",
    "price" : 20.28,
    "dma50" : 18.15,
    "dma100" : 17.60,
    "dma200" : 15.68,
    "volume" : 14776.00
  }, {
    "date" : "2025-08-05",
    "price" : 19.88,
    "dma50" : 18.21,
    "dma100" : 17.57,
    "dma200" : 15.72,
    "volume" : 20035.00
  }, {
    "date" : "2025-08-06",
    "price" : 19.49,
    "dma50" : 18.26,
    "dma100" : 17.53,
    "dma200" : 15.75,
    "volume" : 16373.00
  }, {
    "date" : "2025-08-07",
    "price" : 19.11,
    "dma50" : 18.30,
    "dma100" : 17.48,
    "dma200" : 15.79,
    "volume" : 20522.00
  }, {
    "date" : "2025-08-08",
    "price" : 18.73,
    "dma50" : 18.31,
    "dma100" : 17.42,
    "dma200" : 15.82,
    "volume" : 44813.00
  }, {
    "date" : "2025-08-11",
    "price" : 18.36,
    "dma50" : 18.32,
    "dma100" : 17.35,
    "dma200" : 15.84,
    "volume" : 29615.00
  }, {
    "date" : "2025-08-12",
    "price" : 18.68,
    "dma50" : 18.33,
    "dma100" : 17.29,
    "dma200" : 15.87,
    "volume" : 438141.00
  }, {
    "date" : "2025-08-13",
    "price" : 18.31,
    "dma50" : 18.33,
    "dma100" : 17.24,
    "dma200" : 15.90,
    "volume" : 98907.00
  }, {
    "date" : "2025-08-14",
    "price" : 17.95,
    "dma50" : 18.31,
    "dma100" : 17.18,
    "dma200" : 15.92,
    "volume" : 21428.00
  }, {
    "date" : "2025-08-18",
    "price" : 18.84,
    "dma50" : 18.34,
    "dma100" : 17.13,
    "dma200" : 15.94,
    "volume" : 783693.00
  }, {
    "date" : "2025-08-19",
    "price" : 19.78,
    "dma50" : 18.39,
    "dma100" : 17.09,
    "dma200" : 15.98,
    "volume" : 61029.00
  }, {
    "date" : "2025-08-20",
    "price" : 20.76,
    "dma50" : 18.48,
    "dma100" : 17.06,
    "dma200" : 16.03,
    "volume" : 48675.00
  }, {
    "date" : "2025-08-21",
    "price" : 21.79,
    "dma50" : 18.61,
    "dma100" : 17.06,
    "dma200" : 16.09,
    "volume" : 274338.00
  }, {
    "date" : "2025-08-22",
    "price" : 22.87,
    "dma50" : 18.78,
    "dma100" : 17.06,
    "dma200" : 16.16,
    "volume" : 523655.00
  }, {
    "date" : "2025-08-25",
    "price" : 24.01,
    "dma50" : 18.99,
    "dma100" : 17.08,
    "dma200" : 16.23,
    "volume" : 1380944.00
  }, {
    "date" : "2025-08-26",
    "price" : 25.21,
    "dma50" : 19.23,
    "dma100" : 17.12,
    "dma200" : 16.32,
    "volume" : 677463.00
  }, {
    "date" : "2025-08-28",
    "price" : 25.71,
    "dma50" : 19.48,
    "dma100" : 17.17,
    "dma200" : 16.42,
    "volume" : 530055.00
  }, {
    "date" : "2025-08-29",
    "price" : 26.22,
    "dma50" : 19.75,
    "dma100" : 17.22,
    "dma200" : 16.51,
    "volume" : 471528.00
  }, {
    "date" : "2025-09-01",
    "price" : 26.74,
    "dma50" : 20.02,
    "dma100" : 17.29,
    "dma200" : 16.62,
    "volume" : 941259.00
  }, {
    "date" : "2025-09-02",
    "price" : 27.27,
    "dma50" : 20.31,
    "dma100" : 17.37,
    "dma200" : 16.72,
    "volume" : 484363.00
  }, {
    "date" : "2025-09-03",
    "price" : 27.81,
    "dma50" : 20.60,
    "dma100" : 17.45,
    "dma200" : 16.83,
    "volume" : 289079.00
  }, {
    "date" : "2025-09-04",
    "price" : 28.36,
    "dma50" : 20.91,
    "dma100" : 17.54,
    "dma200" : 16.95,
    "volume" : 187850.00
  }, {
    "date" : "2025-09-05",
    "price" : 27.80,
    "dma50" : 21.18,
    "dma100" : 17.64,
    "dma200" : 17.05,
    "volume" : 878164.00
  }, {
    "date" : "2025-09-08",
    "price" : 27.25,
    "dma50" : 21.41,
    "dma100" : 17.71,
    "dma200" : 17.16,
    "volume" : 655300.00
  }, {
    "date" : "2025-09-09",
    "price" : 26.71,
    "dma50" : 21.62,
    "dma100" : 17.77,
    "dma200" : 17.25,
    "volume" : 316878.00
  }, {
    "date" : "2025-09-10",
    "price" : 27.24,
    "dma50" : 21.84,
    "dma100" : 17.85,
    "dma200" : 17.35,
    "volume" : 527469.00
  }, {
    "date" : "2025-09-11",
    "price" : 27.78,
    "dma50" : 22.07,
    "dma100" : 17.94,
    "dma200" : 17.45,
    "volume" : 169193.00
  }, {
    "date" : "2025-09-12",
    "price" : 28.33,
    "dma50" : 22.32,
    "dma100" : 18.03,
    "dma200" : 17.56,
    "volume" : 480665.00
  }, {
    "date" : "2025-09-15",
    "price" : 28.89,
    "dma50" : 22.58,
    "dma100" : 18.13,
    "dma200" : 17.68,
    "volume" : 169454.00
  }, {
    "date" : "2025-09-16",
    "price" : 29.46,
    "dma50" : 22.85,
    "dma100" : 18.24,
    "dma200" : 17.79,
    "volume" : 46616.00
  }, {
    "date" : "2025-09-17",
    "price" : 30.04,
    "dma50" : 23.13,
    "dma100" : 18.37,
    "dma200" : 17.91,
    "volume" : 242157.00
  }, {
    "date" : "2025-09-18",
    "price" : 30.64,
    "dma50" : 23.42,
    "dma100" : 18.51,
    "dma200" : 18.04,
    "volume" : 94689.00
  }, {
    "date" : "2025-09-19",
    "price" : 31.25,
    "dma50" : 23.73,
    "dma100" : 18.66,
    "dma200" : 18.17,
    "volume" : 68011.00
  }, {
    "date" : "2025-09-22",
    "price" : 31.87,
    "dma50" : 24.05,
    "dma100" : 18.81,
    "dma200" : 18.31,
    "volume" : 293706.00
  }, {
    "date" : "2025-09-23",
    "price" : 32.50,
    "dma50" : 24.38,
    "dma100" : 18.99,
    "dma200" : 18.45,
    "volume" : 44194.00
  }, {
    "date" : "2025-09-24",
    "price" : 33.15,
    "dma50" : 24.73,
    "dma100" : 19.17,
    "dma200" : 18.60,
    "volume" : 35556.00
  }, {
    "date" : "2025-09-25",
    "price" : 33.81,
    "dma50" : 25.08,
    "dma100" : 19.38,
    "dma200" : 18.75,
    "volume" : 81472.00
  }, {
    "date" : "2025-09-26",
    "price" : 34.48,
    "dma50" : 25.45,
    "dma100" : 19.59,
    "dma200" : 18.90,
    "volume" : 124123.00
  }, {
    "date" : "2025-09-29",
    "price" : 35.16,
    "dma50" : 25.83,
    "dma100" : 19.81,
    "dma200" : 19.07,
    "volume" : 69499.00
  }, {
    "date" : "2025-09-30",
    "price" : 35.86,
    "dma50" : 26.22,
    "dma100" : 20.05,
    "dma200" : 19.23,
    "volume" : 47722.00
  }, {
    "date" : "2025-10-01",
    "price" : 35.15,
    "dma50" : 26.57,
    "dma100" : 20.28,
    "dma200" : 19.39,
    "volume" : 384071.00
  }, {
    "date" : "2025-10-03",
    "price" : 34.45,
    "dma50" : 26.88,
    "dma100" : 20.50,
    "dma200" : 19.54,
    "volume" : 101721.00
  }, {
    "date" : "2025-10-06",
    "price" : 33.77,
    "dma50" : 27.15,
    "dma100" : 20.70,
    "dma200" : 19.68,
    "volume" : 99223.00
  }, {
    "date" : "2025-10-07",
    "price" : 33.10,
    "dma50" : 27.39,
    "dma100" : 20.89,
    "dma200" : 19.82,
    "volume" : 40016.00
  }, {
    "date" : "2025-10-08",
    "price" : 32.44,
    "dma50" : 27.58,
    "dma100" : 21.07,
    "dma200" : 19.94,
    "volume" : 61211.00
  }, {
    "date" : "2025-10-09",
    "price" : 33.08,
    "dma50" : 27.80,
    "dma100" : 21.25,
    "dma200" : 20.07,
    "volume" : 783005.00
  }, {
    "date" : "2025-10-10",
    "price" : 33.74,
    "dma50" : 28.03,
    "dma100" : 21.45,
    "dma200" : 20.21,
    "volume" : 101574.00
  }, {
    "date" : "2025-10-13",
    "price" : 34.41,
    "dma50" : 28.28,
    "dma100" : 21.65,
    "dma200" : 20.35,
    "volume" : 64687.00
  }, {
    "date" : "2025-10-14",
    "price" : 35.09,
    "dma50" : 28.55,
    "dma100" : 21.86,
    "dma200" : 20.50,
    "volume" : 87216.00
  }, {
    "date" : "2025-10-15",
    "price" : 35.79,
    "dma50" : 28.83,
    "dma100" : 22.09,
    "dma200" : 20.65,
    "volume" : 852766.00
  }, {
    "date" : "2025-10-16",
    "price" : 36.50,
    "dma50" : 29.13,
    "dma100" : 22.32,
    "dma200" : 20.81,
    "volume" : 85694.00
  }, {
    "date" : "2025-10-17",
    "price" : 37.23,
    "dma50" : 29.45,
    "dma100" : 22.56,
    "dma200" : 20.97,
    "volume" : 54536.00
  }, {
    "date" : "2025-10-20",
    "price" : 37.97,
    "dma50" : 29.79,
    "dma100" : 22.81,
    "dma200" : 21.14,
    "volume" : 100869.00
  }, {
    "date" : "2025-10-21",
    "price" : 38.72,
    "dma50" : 30.14,
    "dma100" : 23.06,
    "dma200" : 21.31,
    "volume" : 15651.00
  }, {
    "date" : "2025-10-23",
    "price" : 39.49,
    "dma50" : 30.50,
    "dma100" : 23.32,
    "dma200" : 21.49,
    "volume" : 46056.00
  }, {
    "date" : "2025-10-24",
    "price" : 40.27,
    "dma50" : 30.89,
    "dma100" : 23.59,
    "dma200" : 21.68,
    "volume" : 38557.00
  }, {
    "date" : "2025-10-27",
    "price" : 41.07,
    "dma50" : 31.29,
    "dma100" : 23.87,
    "dma200" : 21.87,
    "volume" : 115150.00
  }, {
    "date" : "2025-10-28",
    "price" : 41.89,
    "dma50" : 31.70,
    "dma100" : 24.16,
    "dma200" : 22.07,
    "volume" : 1573893.00
  }, {
    "date" : "2025-10-29",
    "price" : 42.69,
    "dma50" : 32.13,
    "dma100" : 24.45,
    "dma200" : 22.28,
    "volume" : 948056.00
  }, {
    "date" : "2025-10-30",
    "price" : 41.84,
    "dma50" : 32.51,
    "dma100" : 24.73,
    "dma200" : 22.47,
    "volume" : 237309.00
  }, {
    "date" : "2025-10-31",
    "price" : 41.01,
    "dma50" : 32.85,
    "dma100" : 25.00,
    "dma200" : 22.66,
    "volume" : 84574.00
  }, {
    "date" : "2025-11-03",
    "price" : 40.19,
    "dma50" : 33.13,
    "dma100" : 25.26,
    "dma200" : 22.83,
    "volume" : 71294.00
  }, {
    "date" : "2025-11-04",
    "price" : 39.39,
    "dma50" : 33.38,
    "dma100" : 25.51,
    "dma200" : 23.00,
    "volume" : 68897.00
  }, {
    "date" : "2025-11-06",
    "price" : 40.17,
    "dma50" : 33.65,
    "dma100" : 25.76,
    "dma200" : 23.17,
    "volume" : 496316.00
  }, {
    "date" : "2025-11-07",
    "price" : 40.97,
    "dma50" : 33.93,
    "dma100" : 26.02,
    "dma200" : 23.35,
    "volume" : 622773.00
  }, {
    "date" : "2025-11-10",
    "price" : 40.16,
    "dma50" : 34.18,
    "dma100" : 26.28,
    "dma200" : 23.51,
    "volume" : 191206.00
  }, {
    "date" : "2025-11-11",
    "price" : 40.96,
    "dma50" : 34.44,
    "dma100" : 26.55,
    "dma200" : 23.69,
    "volume" : 210155.00
  }, {
    "date" : "2025-11-12",
    "price" : 41.77,
    "dma50" : 34.73,
    "dma100" : 26.83,
    "dma200" : 23.87,
    "volume" : 280588.00
  }, {
    "date" : "2025-11-13",
    "price" : 42.60,
    "dma50" : 35.04,
    "dma100" : 27.12,
    "dma200" : 24.05,
    "volume" : 107406.00
  }, {
    "date" : "2025-11-14",
    "price" : 43.45,
    "dma50" : 35.37,
    "dma100" : 27.42,
    "dma200" : 24.25,
    "volume" : 279476.00
  }, {
    "date" : "2025-11-17",
    "price" : 44.31,
    "dma50" : 35.72,
    "dma100" : 27.74,
    "dma200" : 24.45,
    "volume" : 373656.00
  }, {
    "date" : "2025-11-18",
    "price" : 43.43,
    "dma50" : 36.02,
    "dma100" : 28.04,
    "dma200" : 24.63,
    "volume" : 404870.00
  }, {
    "date" : "2025-11-19",
    "price" : 42.57,
    "dma50" : 36.28,
    "dma100" : 28.33,
    "dma200" : 24.81,
    "volume" : 115919.00
  }, {
    "date" : "2025-11-20",
    "price" : 41.72,
    "dma50" : 36.49,
    "dma100" : 28.61,
    "dma200" : 24.98,
    "volume" : 106940.00
  }, {
    "date" : "2025-11-21",
    "price" : 40.89,
    "dma50" : 36.66,
    "dma100" : 28.89,
    "dma200" : 25.14,
    "volume" : 447291.00
  }, {
    "date" : "2025-11-24",
    "price" : 38.85,
    "dma50" : 36.75,
    "dma100" : 29.13,
    "dma200" : 25.28,
    "volume" : 159447.00
  }, {
    "date" : "2025-11-25",
    "price" : 39.94,
    "dma50" : 36.88,
    "dma100" : 29.38,
    "dma200" : 25.42,
    "volume" : 724327.00
  }, {
    "date" : "2025-11-26",
    "price" : 38.74,
    "dma50" : 36.95,
    "dma100" : 29.61,
    "dma200" : 25.55,
    "volume" : 670835.00
  }, {
    "date" : "2025-11-27",
    "price" : 37.56,
    "dma50" : 36.97,
    "dma100" : 29.82,
    "dma200" : 25.67,
    "volume" : 330444.00
  }, {
    "date" : "2025-11-28",
    "price" : 38.68,
    "dma50" : 37.04,
    "dma100" : 30.03,
    "dma200" : 25.80,
    "volume" : 291105.00
  }, {
    "date" : "2025-12-01",
    "price" : 38.10,
    "dma50" : 37.08,
    "dma100" : 30.23,
    "dma200" : 25.93,
    "volume" : 294472.00
  }, {
    "date" : "2025-12-02",
    "price" : 38.84,
    "dma50" : 37.15,
    "dma100" : 30.43,
    "dma200" : 26.05,
    "volume" : 317172.00
  }, {
    "date" : "2025-12-03",
    "price" : 38.36,
    "dma50" : 37.20,
    "dma100" : 30.61,
    "dma200" : 26.18,
    "volume" : 152000.00
  }, {
    "date" : "2025-12-04",
    "price" : 39.59,
    "dma50" : 37.29,
    "dma100" : 30.81,
    "dma200" : 26.31,
    "volume" : 337380.00
  }, {
    "date" : "2025-12-05",
    "price" : 40.13,
    "dma50" : 37.40,
    "dma100" : 31.01,
    "dma200" : 26.45,
    "volume" : 166766.00
  }, {
    "date" : "2025-12-08",
    "price" : 42.13,
    "dma50" : 37.59,
    "dma100" : 31.22,
    "dma200" : 26.60,
    "volume" : 912930.00
  }, {
    "date" : "2025-12-09",
    "price" : 44.23,
    "dma50" : 37.85,
    "dma100" : 31.45,
    "dma200" : 26.78,
    "volume" : 301509.00
  }, {
    "date" : "2025-12-10",
    "price" : 46.44,
    "dma50" : 38.19,
    "dma100" : 31.70,
    "dma200" : 26.97,
    "volume" : 60749.00
  }, {
    "date" : "2025-12-11",
    "price" : 48.76,
    "dma50" : 38.60,
    "dma100" : 31.97,
    "dma200" : 27.19,
    "volume" : 662518.00
  }, {
    "date" : "2025-12-12",
    "price" : 51.16,
    "dma50" : 39.09,
    "dma100" : 32.26,
    "dma200" : 27.43,
    "volume" : 754848.00
  }, {
    "date" : "2025-12-15",
    "price" : 53.71,
    "dma50" : 39.67,
    "dma100" : 32.59,
    "dma200" : 27.69,
    "volume" : 549751.00
  }, {
    "date" : "2025-12-16",
    "price" : 56.39,
    "dma50" : 40.32,
    "dma100" : 32.95,
    "dma200" : 27.98,
    "volume" : 451658.00
  }, {
    "date" : "2025-12-17",
    "price" : 59.20,
    "dma50" : 41.06,
    "dma100" : 33.34,
    "dma200" : 28.29,
    "volume" : 314054.00
  }, {
    "date" : "2025-12-18",
    "price" : 62.16,
    "dma50" : 41.89,
    "dma100" : 33.76,
    "dma200" : 28.62,
    "volume" : 282267.00
  }, {
    "date" : "2025-12-19",
    "price" : 59.06,
    "dma50" : 42.56,
    "dma100" : 34.15,
    "dma200" : 28.93,
    "volume" : 783388.00
  }, {
    "date" : "2025-12-22",
    "price" : 56.11,
    "dma50" : 43.09,
    "dma100" : 34.52,
    "dma200" : 29.20,
    "volume" : 53585.00
  }, {
    "date" : "2025-12-23",
    "price" : 53.31,
    "dma50" : 43.49,
    "dma100" : 34.85,
    "dma200" : 29.44,
    "volume" : 81069.00
  }, {
    "date" : "2025-12-24",
    "price" : 55.97,
    "dma50" : 43.98,
    "dma100" : 35.20,
    "dma200" : 29.70,
    "volume" : 571889.00
  }, {
    "date" : "2025-12-26",
    "price" : 58.76,
    "dma50" : 44.56,
    "dma100" : 35.58,
    "dma200" : 29.99,
    "volume" : 271888.00
  }, {
    "date" : "2025-12-29",
    "price" : 61.69,
    "dma50" : 45.24,
    "dma100" : 35.99,
    "dma200" : 30.31,
    "volume" : 927292.00
  }, {
    "date" : "2025-12-30",
    "price" : 62.36,
    "dma50" : 45.91,
    "dma100" : 36.41,
    "dma200" : 30.62,
    "volume" : 751459.00
  }, {
    "date" : "2025-12-31",
    "price" : 59.25,
    "dma50" : 46.43,
    "dma100" : 36.80,
    "dma200" : 30.91,
    "volume" : 330143.00
  }, {
    "date" : "2026-01-01",
    "price" : 56.29,
    "dma50" : 46.82,
    "dma100" : 37.17,
    "dma200" : 31.16,
    "volume" : 279191.00
  }, {
    "date" : "2026-01-02",
    "price" : 56.99,
    "dma50" : 47.22,
    "dma100" : 37.55,
    "dma200" : 31.42,
    "volume" : 355684.00
  }, {
    "date" : "2026-01-05",
    "price" : 54.15,
    "dma50" : 47.49,
    "dma100" : 37.90,
    "dma200" : 31.65,
    "volume" : 256171.00
  }, {
    "date" : "2026-01-06",
    "price" : 51.45,
    "dma50" : 47.64,
    "dma100" : 38.23,
    "dma200" : 31.84,
    "volume" : 188304.00
  }, {
    "date" : "2026-01-07",
    "price" : 52.23,
    "dma50" : 47.82,
    "dma100" : 38.57,
    "dma200" : 32.05,
    "volume" : 491702.00
  }, {
    "date" : "2026-01-08",
    "price" : 49.78,
    "dma50" : 47.90,
    "dma100" : 38.88,
    "dma200" : 32.22,
    "volume" : 336763.00
  }, {
    "date" : "2026-01-09",
    "price" : 47.30,
    "dma50" : 47.88,
    "dma100" : 39.18,
    "dma200" : 32.37,
    "volume" : 205525.00
  }, {
    "date" : "2026-01-12",
    "price" : 46.62,
    "dma50" : 47.83,
    "dma100" : 39.45,
    "dma200" : 32.51,
    "volume" : 464138.00
  }, {
    "date" : "2026-01-13",
    "price" : 48.67,
    "dma50" : 47.86,
    "dma100" : 39.74,
    "dma200" : 32.67,
    "volume" : 297029.00
  }, {
    "date" : "2026-01-14",
    "price" : 51.08,
    "dma50" : 47.99,
    "dma100" : 40.05,
    "dma200" : 32.86,
    "volume" : 283962.00
  }, {
    "date" : "2026-01-16",
    "price" : 53.51,
    "dma50" : 48.20,
    "dma100" : 40.36,
    "dma200" : 33.06,
    "volume" : 235859.00
  }, {
    "date" : "2026-01-19",
    "price" : 50.84,
    "dma50" : 48.31,
    "dma100" : 40.64,
    "dma200" : 33.24,
    "volume" : 249239.00
  }, {
    "date" : "2026-01-20",
    "price" : 48.30,
    "dma50" : 48.31,
    "dma100" : 40.89,
    "dma200" : 33.39,
    "volume" : 143074.00
  }, {
    "date" : "2026-01-21",
    "price" : 45.89,
    "dma50" : 48.21,
    "dma100" : 41.09,
    "dma200" : 33.51,
    "volume" : 278729.00
  }, {
    "date" : "2026-01-22",
    "price" : 43.60,
    "dma50" : 48.03,
    "dma100" : 41.27,
    "dma200" : 33.61,
    "volume" : 82698.00
  }, {
    "date" : "2026-01-23",
    "price" : 45.00,
    "dma50" : 47.91,
    "dma100" : 41.46,
    "dma200" : 33.73,
    "volume" : 477180.00
  }, {
    "date" : "2026-01-27",
    "price" : 42.75,
    "dma50" : 47.71,
    "dma100" : 41.62,
    "dma200" : 33.82,
    "volume" : 134916.00
  }, {
    "date" : "2026-01-28",
    "price" : 40.62,
    "dma50" : 47.43,
    "dma100" : 41.75,
    "dma200" : 33.89,
    "volume" : 155018.00
  }, {
    "date" : "2026-01-29",
    "price" : 42.64,
    "dma50" : 47.24,
    "dma100" : 41.90,
    "dma200" : 33.97,
    "volume" : 606944.00
  }, {
    "date" : "2026-01-30",
    "price" : 40.51,
    "dma50" : 46.98,
    "dma100" : 42.02,
    "dma200" : 34.04,
    "volume" : 217995.00
  }, {
    "date" : "2026-02-01",
    "price" : 39.73,
    "dma50" : 46.69,
    "dma100" : 42.14,
    "dma200" : 34.09,
    "volume" : 212838.00
  }, {
    "date" : "2026-02-02",
    "price" : 37.78,
    "dma50" : 46.35,
    "dma100" : 42.25,
    "dma200" : 34.13,
    "volume" : 174581.00
  }, {
    "date" : "2026-02-03",
    "price" : 39.61,
    "dma50" : 46.08,
    "dma100" : 42.38,
    "dma200" : 34.19,
    "volume" : 260701.00
  }, {
    "date" : "2026-02-04",
    "price" : 38.51,
    "dma50" : 45.78,
    "dma100" : 42.49,
    "dma200" : 34.23,
    "volume" : 204002.00
  }, {
    "date" : "2026-02-05",
    "price" : 40.43,
    "dma50" : 45.57,
    "dma100" : 42.61,
    "dma200" : 34.29,
    "volume" : 106414.00
  }, {
    "date" : "2026-02-06",
    "price" : 42.45,
    "dma50" : 45.45,
    "dma100" : 42.76,
    "dma200" : 34.37,
    "volume" : 51819.00
  }, {
    "date" : "2026-02-09",
    "price" : 44.57,
    "dma50" : 45.42,
    "dma100" : 42.91,
    "dma200" : 34.47,
    "volume" : 49662.00
  }, {
    "date" : "2026-02-10",
    "price" : 46.79,
    "dma50" : 45.47,
    "dma100" : 43.09,
    "dma200" : 34.60,
    "volume" : 781259.00
  }, {
    "date" : "2026-02-11",
    "price" : 44.46,
    "dma50" : 45.43,
    "dma100" : 43.23,
    "dma200" : 34.69,
    "volume" : 354995.00
  }, {
    "date" : "2026-02-12",
    "price" : 42.24,
    "dma50" : 45.31,
    "dma100" : 43.35,
    "dma200" : 34.77,
    "volume" : 59795.00
  }, {
    "date" : "2026-02-13",
    "price" : 40.13,
    "dma50" : 45.10,
    "dma100" : 43.44,
    "dma200" : 34.82,
    "volume" : 108412.00
  }, {
    "date" : "2026-02-16",
    "price" : 42.10,
    "dma50" : 44.99,
    "dma100" : 43.54,
    "dma200" : 34.89,
    "volume" : 343549.00
  }, {
    "date" : "2026-02-17",
    "price" : 41.24,
    "dma50" : 44.84,
    "dma100" : 43.62,
    "dma200" : 34.96,
    "volume" : 173535.00
  }, {
    "date" : "2026-02-18",
    "price" : 39.39,
    "dma50" : 44.62,
    "dma100" : 43.69,
    "dma200" : 35.00,
    "volume" : 375276.00
  }, {
    "date" : "2026-02-19",
    "price" : 39.40,
    "dma50" : 44.42,
    "dma100" : 43.74,
    "dma200" : 35.05,
    "volume" : 155160.00
  } ],
  "latestTechnicalAttributes" : {
    "date" : "2026-02-19",
    "price" : 39.40,
    "dma50" : 44.42,
    "dma100" : 43.74,
    "dma200" : 35.05,
    "volume" : 155160.00
  },
  "quarterlyResults" : [ {
    "date" : "2007-06-30",
    "sales" : 1.59,
    "salesGrowthYoY" : null,
    "grossProfitMargin" : -6.92,
    "grossProfit" : -0.11,
    "operatingProfitMargin" : -23.27,
    "operatingProfit" : -0.37,
    "netProfitMargin" : -49.69,
    "netProfit" : -0.79
  }, {
    "date" : "2008-03-31",
    "sales" : 1.07,
    "salesGrowthYoY" : null,
    "grossProfitMargin" : 42.99,
    "grossProfit" : 0.46,
    "operatingProfitMargin" : 12.15,
    "operatingProfit" : 0.13,
    "netProfitMargin" : -1.87,
    "netProfit" : -0.02
  }, {
    "date" : "2008-06-30",
    "sales" : 1.25,
    "salesGrowthYoY" : null,
    "grossProfitMargin" : 24.00,
    "grossProfit" : 0.30,
    "operatingProfitMargin" : 6.40,
    "operatingProfit" : 0.08,
    "netProfitMargin" : -8.00,
    "netProfit" : -0.10
  }, {
    "date" : "2008-09-30",
    "sales" : 1.80,
    "salesGrowthYoY" : null,
    "grossProfitMargin" : 23.89,
    "grossProfit" : 0.43,
    "operatingProfitMargin" : 6.11,
    "operatingProfit" : 0.11,
    "netProfitMargin" : 0.00,
    "netProfit" : 0.00
  }, {
    "date" : "2008-12-31",
    "sales" : 1.89,
    "salesGrowthYoY" : 18.87,
    "grossProfitMargin" : 23.81,
    "grossProfit" : 0.45,
    "operatingProfitMargin" : 6.35,
    "operatingProfit" : 0.12,
    "netProfitMargin" : 0.53,
    "netProfit" : 0.01
  }, {
    "date" : "2009-03-31",
    "sales" : 2.36,
    "salesGrowthYoY" : 120.56,
    "grossProfitMargin" : 37.71,
    "grossProfit" : 0.89,
    "operatingProfitMargin" : 8.05,
    "operatingProfit" : 0.19,
    "netProfitMargin" : 2.54,
    "netProfit" : 0.06
  }, {
    "date" : "2009-06-30",
    "sales" : 2.30,
    "salesGrowthYoY" : 84.00,
    "grossProfitMargin" : 34.35,
    "grossProfit" : 0.79,
    "operatingProfitMargin" : 15.22,
    "operatingProfit" : 0.35,
    "netProfitMargin" : 3.91,
    "netProfit" : 0.09
  }, {
    "date" : "2009-09-30",
    "sales" : 2.35,
    "salesGrowthYoY" : 30.56,
    "grossProfitMargin" : 30.64,
    "grossProfit" : 0.72,
    "operatingProfitMargin" : 11.49,
    "operatingProfit" : 0.27,
    "netProfitMargin" : 0.85,
    "netProfit" : 0.02
  }, {
    "date" : "2009-12-31",
    "sales" : 2.37,
    "salesGrowthYoY" : 25.40,
    "grossProfitMargin" : 30.38,
    "grossProfit" : 0.72,
    "operatingProfitMargin" : 9.70,
    "operatingProfit" : 0.23,
    "netProfitMargin" : -0.42,
    "netProfit" : -0.01
  }, {
    "date" : "2010-03-31",
    "sales" : 2.50,
    "salesGrowthYoY" : 5.93,
    "grossProfitMargin" : 34.40,
    "grossProfit" : 0.86,
    "operatingProfitMargin" : 11.60,
    "operatingProfit" : 0.29,
    "netProfitMargin" : 2.80,
    "netProfit" : 0.07
  }, {
    "date" : "2010-06-30",
    "sales" : 2.50,
    "salesGrowthYoY" : 8.70,
    "grossProfitMargin" : 36.40,
    "grossProfit" : 0.91,
    "operatingProfitMargin" : 15.20,
    "operatingProfit" : 0.38,
    "netProfitMargin" : 11.60,
    "netProfit" : 0.29
  }, {
    "date" : "2010-09-30",
    "sales" : 2.50,
    "salesGrowthYoY" : 6.38,
    "grossProfitMargin" : 36.40,
    "grossProfit" : 0.91,
    "operatingProfitMargin" : 15.20,
    "operatingProfit" : 0.38,
    "netProfitMargin" : 11.60,
    "netProfit" : 0.29
  }, {
    "date" : "2010-12-31",
    "sales" : 2.50,
    "salesGrowthYoY" : 5.49,
    "grossProfitMargin" : 36.40,
    "grossProfit" : 0.91,
    "operatingProfitMargin" : 15.20,
    "operatingProfit" : 0.38,
    "netProfitMargin" : 11.60,
    "netProfit" : 0.29
  }, {
    "date" : "2011-03-31",
    "sales" : 2.64,
    "salesGrowthYoY" : 5.60,
    "grossProfitMargin" : 33.71,
    "grossProfit" : 0.89,
    "operatingProfitMargin" : 7.95,
    "operatingProfit" : 0.21,
    "netProfitMargin" : -2.27,
    "netProfit" : -0.06
  }, {
    "date" : "2011-06-30",
    "sales" : 2.69,
    "salesGrowthYoY" : 7.60,
    "grossProfitMargin" : 40.52,
    "grossProfit" : 1.09,
    "operatingProfitMargin" : 15.99,
    "operatingProfit" : 0.43,
    "netProfitMargin" : 11.90,
    "netProfit" : 0.32
  }, {
    "date" : "2011-09-30",
    "sales" : 1.78,
    "salesGrowthYoY" : -28.80,
    "grossProfitMargin" : 50.56,
    "grossProfit" : 0.90,
    "operatingProfitMargin" : 28.65,
    "operatingProfit" : 0.51,
    "netProfitMargin" : 22.47,
    "netProfit" : 0.40
  }, {
    "date" : "2011-12-31",
    "sales" : 1.20,
    "salesGrowthYoY" : -52.00,
    "grossProfitMargin" : 30.83,
    "grossProfit" : 0.37,
    "operatingProfitMargin" : 2.50,
    "operatingProfit" : 0.03,
    "netProfitMargin" : -6.67,
    "netProfit" : -0.08
  }, {
    "date" : "2012-03-31",
    "sales" : 0.45,
    "salesGrowthYoY" : -82.95,
    "grossProfitMargin" : 77.78,
    "grossProfit" : 0.35,
    "operatingProfitMargin" : -1633.33,
    "operatingProfit" : -7.35,
    "netProfitMargin" : -1660.00,
    "netProfit" : -7.47
  }, {
    "date" : "2012-06-30",
    "sales" : 0.34,
    "salesGrowthYoY" : -87.36,
    "grossProfitMargin" : -88.24,
    "grossProfit" : -0.30,
    "operatingProfitMargin" : -147.06,
    "operatingProfit" : -0.50,
    "netProfitMargin" : -179.41,
    "netProfit" : -0.61
  }, {
    "date" : "2012-09-30",
    "sales" : 2.09,
    "salesGrowthYoY" : 17.42,
    "grossProfitMargin" : 22.97,
    "grossProfit" : 0.48,
    "operatingProfitMargin" : 10.53,
    "operatingProfit" : 0.22,
    "netProfitMargin" : 5.26,
    "netProfit" : 0.11
  }, {
    "date" : "2012-12-31",
    "sales" : 1.13,
    "salesGrowthYoY" : -5.83,
    "grossProfitMargin" : 39.82,
    "grossProfit" : 0.45,
    "operatingProfitMargin" : 14.16,
    "operatingProfit" : 0.16,
    "netProfitMargin" : 4.42,
    "netProfit" : 0.05
  }, {
    "date" : "2013-03-31",
    "sales" : 1.58,
    "salesGrowthYoY" : 251.11,
    "grossProfitMargin" : 75.95,
    "grossProfit" : 1.20,
    "operatingProfitMargin" : -129.11,
    "operatingProfit" : -2.04,
    "netProfitMargin" : -154.43,
    "netProfit" : -2.44
  }, {
    "date" : "2013-06-30",
    "sales" : 0.76,
    "salesGrowthYoY" : 123.53,
    "grossProfitMargin" : -10.53,
    "grossProfit" : -0.08,
    "operatingProfitMargin" : -48.68,
    "operatingProfit" : -0.37,
    "netProfitMargin" : -72.37,
    "netProfit" : -0.55
  }, {
    "date" : "2013-09-30",
    "sales" : 0.94,
    "salesGrowthYoY" : -55.02,
    "grossProfitMargin" : 0.00,
    "grossProfit" : 0.00,
    "operatingProfitMargin" : -35.11,
    "operatingProfit" : -0.33,
    "netProfitMargin" : -36.17,
    "netProfit" : -0.34
  }, {
    "date" : "2013-12-31",
    "sales" : 1.18,
    "salesGrowthYoY" : 4.42,
    "grossProfitMargin" : 13.56,
    "grossProfit" : 0.16,
    "operatingProfitMargin" : -11.02,
    "operatingProfit" : -0.13,
    "netProfitMargin" : -26.27,
    "netProfit" : -0.31
  }, {
    "date" : "2014-03-31",
    "sales" : 1.62,
    "salesGrowthYoY" : 2.53,
    "grossProfitMargin" : 72.84,
    "grossProfit" : 1.18,
    "operatingProfitMargin" : 52.47,
    "operatingProfit" : 0.85,
    "netProfitMargin" : 48.15,
    "netProfit" : 0.78
  }, {
    "date" : "2014-06-30",
    "sales" : 1.12,
    "salesGrowthYoY" : 47.37,
    "grossProfitMargin" : 56.25,
    "grossProfit" : 0.63,
    "operatingProfitMargin" : 17.86,
    "operatingProfit" : 0.20,
    "netProfitMargin" : 3.57,
    "netProfit" : 0.04
  }, {
    "date" : "2014-09-30",
    "sales" : 1.09,
    "salesGrowthYoY" : 15.96,
    "grossProfitMargin" : 68.81,
    "grossProfit" : 0.75,
    "operatingProfitMargin" : 19.27,
    "operatingProfit" : 0.21,
    "netProfitMargin" : 4.59,
    "netProfit" : 0.05
  }, {
    "date" : "2014-12-31",
    "sales" : 0.38,
    "salesGrowthYoY" : -67.80,
    "grossProfitMargin" : 81.58,
    "grossProfit" : 0.31,
    "operatingProfitMargin" : -7.89,
    "operatingProfit" : -0.03,
    "netProfitMargin" : -23.68,
    "netProfit" : -0.09
  }, {
    "date" : "2015-03-31",
    "sales" : 0.39,
    "salesGrowthYoY" : -75.93,
    "grossProfitMargin" : 82.05,
    "grossProfit" : 0.32,
    "operatingProfitMargin" : -5.13,
    "operatingProfit" : -0.02,
    "netProfitMargin" : -5.13,
    "netProfit" : -0.02
  }, {
    "date" : "2015-06-30",
    "sales" : 0.80,
    "salesGrowthYoY" : -28.57,
    "grossProfitMargin" : 81.25,
    "grossProfit" : 0.65,
    "operatingProfitMargin" : 37.50,
    "operatingProfit" : 0.30,
    "netProfitMargin" : 18.75,
    "netProfit" : 0.15
  }, {
    "date" : "2015-09-30",
    "sales" : 1.42,
    "salesGrowthYoY" : 30.28,
    "grossProfitMargin" : 39.44,
    "grossProfit" : 0.56,
    "operatingProfitMargin" : 16.90,
    "operatingProfit" : 0.24,
    "netProfitMargin" : 6.34,
    "netProfit" : 0.09
  }, {
    "date" : "2015-12-31",
    "sales" : 0.37,
    "salesGrowthYoY" : -2.63,
    "grossProfitMargin" : 129.73,
    "grossProfit" : 0.48,
    "operatingProfitMargin" : 21.62,
    "operatingProfit" : 0.08,
    "netProfitMargin" : -16.22,
    "netProfit" : -0.06
  }, {
    "date" : "2016-03-31",
    "sales" : 2.24,
    "salesGrowthYoY" : 474.36,
    "grossProfitMargin" : 62.95,
    "grossProfit" : 1.41,
    "operatingProfitMargin" : 34.38,
    "operatingProfit" : 0.77,
    "netProfitMargin" : 9.82,
    "netProfit" : 0.22
  }, {
    "date" : "2016-06-30",
    "sales" : 0.94,
    "salesGrowthYoY" : 17.50,
    "grossProfitMargin" : 68.09,
    "grossProfit" : 0.64,
    "operatingProfitMargin" : 32.98,
    "operatingProfit" : 0.31,
    "netProfitMargin" : 14.89,
    "netProfit" : 0.14
  }, {
    "date" : "2016-09-30",
    "sales" : 0.39,
    "salesGrowthYoY" : -72.54,
    "grossProfitMargin" : 53.85,
    "grossProfit" : 0.21,
    "operatingProfitMargin" : -64.10,
    "operatingProfit" : -0.25,
    "netProfitMargin" : -89.74,
    "netProfit" : -0.35
  }, {
    "date" : "2016-12-31",
    "sales" : 1.33,
    "salesGrowthYoY" : 259.46,
    "grossProfitMargin" : 79.70,
    "grossProfit" : 1.06,
    "operatingProfitMargin" : 17.29,
    "operatingProfit" : 0.23,
    "netProfitMargin" : 7.52,
    "netProfit" : 0.10
  }, {
    "date" : "2017-03-31",
    "sales" : 2.04,
    "salesGrowthYoY" : -8.93,
    "grossProfitMargin" : 86.76,
    "grossProfit" : 1.77,
    "operatingProfitMargin" : 33.82,
    "operatingProfit" : 0.69,
    "netProfitMargin" : 16.18,
    "netProfit" : 0.33
  }, {
    "date" : "2017-06-30",
    "sales" : 1.01,
    "salesGrowthYoY" : 7.45,
    "grossProfitMargin" : 75.25,
    "grossProfit" : 0.76,
    "operatingProfitMargin" : 20.79,
    "operatingProfit" : 0.21,
    "netProfitMargin" : 6.93,
    "netProfit" : 0.07
  }, {
    "date" : "2017-09-30",
    "sales" : 0.06,
    "salesGrowthYoY" : -84.62,
    "grossProfitMargin" : 616.67,
    "grossProfit" : 0.37,
    "operatingProfitMargin" : 83.33,
    "operatingProfit" : 0.05,
    "netProfitMargin" : 16.67,
    "netProfit" : 0.01
  }, {
    "date" : "2017-12-31",
    "sales" : 3.28,
    "salesGrowthYoY" : 146.62,
    "grossProfitMargin" : 75.61,
    "grossProfit" : 2.48,
    "operatingProfitMargin" : 46.95,
    "operatingProfit" : 1.54,
    "netProfitMargin" : 29.27,
    "netProfit" : 0.96
  }, {
    "date" : "2018-03-31",
    "sales" : 1.01,
    "salesGrowthYoY" : -50.49,
    "grossProfitMargin" : 84.16,
    "grossProfit" : 0.85,
    "operatingProfitMargin" : -25.74,
    "operatingProfit" : -0.26,
    "netProfitMargin" : -14.85,
    "netProfit" : -0.15
  }, {
    "date" : "2018-06-30",
    "sales" : 1.05,
    "salesGrowthYoY" : 3.96,
    "grossProfitMargin" : 98.10,
    "grossProfit" : 1.03,
    "operatingProfitMargin" : 34.29,
    "operatingProfit" : 0.36,
    "netProfitMargin" : 4.76,
    "netProfit" : 0.05
  }, {
    "date" : "2018-09-30",
    "sales" : 0.86,
    "salesGrowthYoY" : 1333.33,
    "grossProfitMargin" : 94.19,
    "grossProfit" : 0.81,
    "operatingProfitMargin" : 26.74,
    "operatingProfit" : 0.23,
    "netProfitMargin" : -3.49,
    "netProfit" : -0.03
  }, {
    "date" : "2018-12-31",
    "sales" : 1.14,
    "salesGrowthYoY" : -65.24,
    "grossProfitMargin" : 92.98,
    "grossProfit" : 1.06,
    "operatingProfitMargin" : 20.18,
    "operatingProfit" : 0.23,
    "netProfitMargin" : 0.00,
    "netProfit" : 0.00
  }, {
    "date" : "2019-03-31",
    "sales" : 2.61,
    "salesGrowthYoY" : 158.42,
    "grossProfitMargin" : 68.20,
    "grossProfit" : 1.78,
    "operatingProfitMargin" : 31.03,
    "operatingProfit" : 0.81,
    "netProfitMargin" : 13.79,
    "netProfit" : 0.36
  }, {
    "date" : "2019-06-30",
    "sales" : 1.04,
    "salesGrowthYoY" : -0.95,
    "grossProfitMargin" : 93.27,
    "grossProfit" : 0.97,
    "operatingProfitMargin" : 14.42,
    "operatingProfit" : 0.15,
    "netProfitMargin" : 0.00,
    "netProfit" : 0.00
  }, {
    "date" : "2019-09-30",
    "sales" : 1.49,
    "salesGrowthYoY" : 73.26,
    "grossProfitMargin" : 14.77,
    "grossProfit" : 0.22,
    "operatingProfitMargin" : -68.46,
    "operatingProfit" : -1.02,
    "netProfitMargin" : 1.34,
    "netProfit" : 0.02
  }, {
    "date" : "2019-12-31",
    "sales" : 3.88,
    "salesGrowthYoY" : 240.35,
    "grossProfitMargin" : 67.27,
    "grossProfit" : 2.61,
    "operatingProfitMargin" : 24.48,
    "operatingProfit" : 0.95,
    "netProfitMargin" : 10.82,
    "netProfit" : 0.42
  }, {
    "date" : "2020-03-31",
    "sales" : 4.04,
    "salesGrowthYoY" : 54.79,
    "grossProfitMargin" : 90.35,
    "grossProfit" : 3.65,
    "operatingProfitMargin" : 1.24,
    "operatingProfit" : 0.05,
    "netProfitMargin" : -9.16,
    "netProfit" : -0.37
  }, {
    "date" : "2020-06-30",
    "sales" : 1.11,
    "salesGrowthYoY" : 6.73,
    "grossProfitMargin" : 108.11,
    "grossProfit" : 1.20,
    "operatingProfitMargin" : 21.62,
    "operatingProfit" : 0.24,
    "netProfitMargin" : 1.80,
    "netProfit" : 0.02
  }, {
    "date" : "2020-09-30",
    "sales" : 1.68,
    "salesGrowthYoY" : 12.75,
    "grossProfitMargin" : 110.12,
    "grossProfit" : 1.85,
    "operatingProfitMargin" : 20.83,
    "operatingProfit" : 0.35,
    "netProfitMargin" : 5.36,
    "netProfit" : 0.09
  }, {
    "date" : "2020-12-31",
    "sales" : 4.15,
    "salesGrowthYoY" : 6.96,
    "grossProfitMargin" : 60.72,
    "grossProfit" : 2.52,
    "operatingProfitMargin" : 9.40,
    "operatingProfit" : 0.39,
    "netProfitMargin" : 5.06,
    "netProfit" : 0.21
  }, {
    "date" : "2021-03-31",
    "sales" : 4.26,
    "salesGrowthYoY" : 5.45,
    "grossProfitMargin" : 67.61,
    "grossProfit" : 2.88,
    "operatingProfitMargin" : 10.80,
    "operatingProfit" : 0.46,
    "netProfitMargin" : -0.70,
    "netProfit" : -0.03
  }, {
    "date" : "2021-06-30",
    "sales" : 2.96,
    "salesGrowthYoY" : 166.67,
    "grossProfitMargin" : 74.32,
    "grossProfit" : 2.20,
    "operatingProfitMargin" : 7.09,
    "operatingProfit" : 0.21,
    "netProfitMargin" : 1.35,
    "netProfit" : 0.04
  }, {
    "date" : "2021-09-30",
    "sales" : 2.98,
    "salesGrowthYoY" : 77.38,
    "grossProfitMargin" : 11.07,
    "grossProfit" : 0.33,
    "operatingProfitMargin" : -65.10,
    "operatingProfit" : -1.94,
    "netProfitMargin" : 0.67,
    "netProfit" : 0.02
  }, {
    "date" : "2021-12-31",
    "sales" : 2.89,
    "salesGrowthYoY" : -30.36,
    "grossProfitMargin" : 91.35,
    "grossProfit" : 2.64,
    "operatingProfitMargin" : 12.80,
    "operatingProfit" : 0.37,
    "netProfitMargin" : 1.73,
    "netProfit" : 0.05
  }, {
    "date" : "2022-03-31",
    "sales" : 8.94,
    "salesGrowthYoY" : 109.86,
    "grossProfitMargin" : 48.88,
    "grossProfit" : 4.37,
    "operatingProfitMargin" : 17.67,
    "operatingProfit" : 1.58,
    "netProfitMargin" : 7.27,
    "netProfit" : 0.65
  }, {
    "date" : "2022-06-30",
    "sales" : 6.57,
    "salesGrowthYoY" : 121.96,
    "grossProfitMargin" : 38.96,
    "grossProfit" : 2.56,
    "operatingProfitMargin" : 14.61,
    "operatingProfit" : 0.96,
    "netProfitMargin" : 5.02,
    "netProfit" : 0.33
  }, {
    "date" : "2022-09-30",
    "sales" : 3.72,
    "salesGrowthYoY" : 24.83,
    "grossProfitMargin" : 59.68,
    "grossProfit" : 2.22,
    "operatingProfitMargin" : 12.63,
    "operatingProfit" : 0.47,
    "netProfitMargin" : 2.15,
    "netProfit" : 0.08
  }, {
    "date" : "2022-12-31",
    "sales" : 2.30,
    "salesGrowthYoY" : -20.42,
    "grossProfitMargin" : 87.83,
    "grossProfit" : 2.02,
    "operatingProfitMargin" : 12.17,
    "operatingProfit" : 0.28,
    "netProfitMargin" : 1.30,
    "netProfit" : 0.03
  }, {
    "date" : "2023-03-31",
    "sales" : 46.25,
    "salesGrowthYoY" : 417.34,
    "grossProfitMargin" : 14.53,
    "grossProfit" : 6.72,
    "operatingProfitMargin" : 7.89,
    "operatingProfit" : 3.65,
    "netProfitMargin" : 8.61,
    "netProfit" : 3.98
  }, {
    "date" : "2023-06-30",
    "sales" : 20.16,
    "salesGrowthYoY" : 206.85,
    "grossProfitMargin" : 11.16,
    "grossProfit" : 2.25,
    "operatingProfitMargin" : 1.69,
    "operatingProfit" : 0.34,
    "netProfitMargin" : 2.08,
    "netProfit" : 0.42
  }, {
    "date" : "2023-09-30",
    "sales" : 24.64,
    "salesGrowthYoY" : 562.37,
    "grossProfitMargin" : 28.25,
    "grossProfit" : 6.96,
    "operatingProfitMargin" : 20.66,
    "operatingProfit" : 5.09,
    "netProfitMargin" : 19.12,
    "netProfit" : 4.71
  }, {
    "date" : "2023-12-31",
    "sales" : 18.89,
    "salesGrowthYoY" : 721.30,
    "grossProfitMargin" : 61.46,
    "grossProfit" : 11.61,
    "operatingProfitMargin" : 50.56,
    "operatingProfit" : 9.55,
    "netProfitMargin" : 49.87,
    "netProfit" : 9.42
  }, {
    "date" : "2024-03-31",
    "sales" : 10.88,
    "salesGrowthYoY" : -76.48,
    "grossProfitMargin" : 85.02,
    "grossProfit" : 9.25,
    "operatingProfitMargin" : 40.72,
    "operatingProfit" : 4.43,
    "netProfitMargin" : 36.67,
    "netProfit" : 3.99
  }, {
    "date" : "2024-06-30",
    "sales" : 3.18,
    "salesGrowthYoY" : -84.23,
    "grossProfitMargin" : 99.37,
    "grossProfit" : 3.16,
    "operatingProfitMargin" : 25.16,
    "operatingProfit" : 0.80,
    "netProfitMargin" : 15.41,
    "netProfit" : 0.49
  }, {
    "date" : "2024-09-30",
    "sales" : 5.56,
    "salesGrowthYoY" : -77.44,
    "grossProfitMargin" : 57.37,
    "grossProfit" : 3.19,
    "operatingProfitMargin" : 11.87,
    "operatingProfit" : 0.66,
    "netProfitMargin" : 9.71,
    "netProfit" : 0.54
  }, {
    "date" : "2024-12-31",
    "sales" : 10.58,
    "salesGrowthYoY" : -43.99,
    "grossProfitMargin" : 62.57,
    "grossProfit" : 6.62,
    "operatingProfitMargin" : 37.15,
    "operatingProfit" : 3.93,
    "netProfitMargin" : 29.87,
    "netProfit" : 3.16
  }, {
    "date" : "2025-03-31",
    "sales" : 13.27,
    "salesGrowthYoY" : 21.97,
    "grossProfitMargin" : 86.74,
    "grossProfit" : 11.51,
    "operatingProfitMargin" : 55.09,
    "operatingProfit" : 7.31,
    "netProfitMargin" : 40.62,
    "netProfit" : 5.39
  }, {
    "date" : "2025-06-30",
    "sales" : 5.39,
    "salesGrowthYoY" : 69.50,
    "grossProfitMargin" : 85.71,
    "grossProfit" : 4.62,
    "operatingProfitMargin" : 24.49,
    "operatingProfit" : 1.32,
    "netProfitMargin" : 19.11,
    "netProfit" : 1.03
  }, {
    "date" : "2025-09-30",
    "sales" : 5.88,
    "salesGrowthYoY" : 5.76,
    "grossProfitMargin" : 65.82,
    "grossProfit" : 3.87,
    "operatingProfitMargin" : -6.97,
    "operatingProfit" : -0.41,
    "netProfitMargin" : 40.48,
    "netProfit" : 2.38
  }, {
    "date" : "2025-12-31",
    "sales" : 39.13,
    "salesGrowthYoY" : 269.85,
    "grossProfitMargin" : 81.78,
    "grossProfit" : 32.00,
    "operatingProfitMargin" : 69.33,
    "operatingProfit" : 27.13,
    "netProfitMargin" : 52.03,
    "netProfit" : 20.36
  } ],
  "latestQuarterlyResult" : {
    "date" : "2025-12-31",
    "sales" : 39.13,
    "salesGrowthYoY" : 269.85,
    "grossProfitMargin" : 81.78,
    "grossProfit" : 32.00,
    "operatingProfitMargin" : 69.33,
    "operatingProfit" : 27.13,
    "netProfitMargin" : 52.03,
    "netProfit" : 20.36
  },
  "companyScore" : {
    "priceHigherThanDma50" : 0.00,
    "priceHigherThanDma100" : 0.00,
    "priceHigherThanDma200" : 5.00,
    "dma50HigherThanDma100" : 5.00,
    "dma50HigherThanDma200" : 5.00,
    "dma100HigherThanDma200" : 5.00,
    "pricePercentageAboveDma50" : 5.57,
    "pricePercentageAboveDma100" : 5.50,
    "pricePercentageAboveDma200" : 4.38,
    "weeklyVolumeHigherThanYearlyVolume" : 0.00,
    "salesGrowthPercentile" : 18.55,
    "operatingProfitMarginPercentile" : 19.84,
    "netProfitMarginPercentile" : 10.00,
    "totalTechnicalScore" : 35.44,
    "totalFundamentalScore" : 48.39,
    "totalScore" : 83.83
  }
}