{
  "metadata" : {
    "screenerCompanyId" : "3436",
    "companyCode" : "524717",
    "companyName" : "Titan Biotech",
    "screenerCompanyLink" : "https://www.screener.in/company/524717/consolidated/",
    "screenerTechnicalHistoryLink" : "https://www.screener.in/api/company/3436/chart/?q=Price-DMA50-DMA200-Volume&days=365",
    "screenerQuarterlyResultsLink" : "https://www.screener.in/api/company/3436/chart/?q=GPM-OPM-NPM-Quarter+Sales&days=10000",
    "attributes" : {
      "companyCode" : "524717",
      "companyName" : "Titan Biotech",
      "marketCap" : 1076.00,
      "peRatio" : 39.60,
      "description" : "Incorporated in 1992, Titan Biotech Ltd manufacturer and exporter of the Biological products[1]"
    },
    "companyScore" : {
      "priceHigherThanDma50" : 5.00,
      "priceHigherThanDma100" : 5.00,
      "priceHigherThanDma200" : 5.00,
      "dma50HigherThanDma100" : 0.00,
      "dma50HigherThanDma200" : 5.00,
      "dma100HigherThanDma200" : 5.00,
      "pricePercentageAboveDma50" : 3.74,
      "pricePercentageAboveDma100" : 3.78,
      "pricePercentageAboveDma200" : 2.48,
      "weeklyVolumeHigherThanYearlyVolume" : 5.00,
      "salesGrowthPercentile" : 17.25,
      "operatingProfitMarginPercentile" : 16.67,
      "netProfitMarginPercentile" : 8.69,
      "totalTechnicalScore" : 40.00,
      "totalFundamentalScore" : 42.61,
      "totalScore" : 82.61
    }
  },
  "attributes" : {
    "companyCode" : "524717",
    "companyName" : "Titan Biotech",
    "marketCap" : 1076.00,
    "peRatio" : 39.60,
    "description" : "Incorporated in 1992, Titan Biotech Ltd manufacturer and exporter of the Biological products[1]"
  },
  "technicalHistory" : [ {
    "date" : "2025-02-17",
    "price" : 443.60,
    "dma50" : 715.57,
    "dma100" : null,
    "dma200" : 679.21,
    "volume" : 17280.00
  }, {
    "date" : "2025-02-18",
    "price" : 428.40,
    "dma50" : 704.31,
    "dma100" : null,
    "dma200" : 676.71,
    "volume" : 16127.00
  }, {
    "date" : "2025-02-19",
    "price" : 445.70,
    "dma50" : 694.17,
    "dma100" : null,
    "dma200" : 674.42,
    "volume" : 10337.00
  }, {
    "date" : "2025-02-20",
    "price" : 444.70,
    "dma50" : 684.39,
    "dma100" : null,
    "dma200" : 672.13,
    "volume" : 7932.00
  }, {
    "date" : "2025-02-21",
    "price" : 433.65,
    "dma50" : 674.55,
    "dma100" : null,
    "dma200" : 669.76,
    "volume" : 10881.00
  }, {
    "date" : "2025-02-24",
    "price" : 435.80,
    "dma50" : 665.19,
    "dma100" : null,
    "dma200" : 667.43,
    "volume" : 4413.00
  }, {
    "date" : "2025-02-25",
    "price" : 447.50,
    "dma50" : 656.65,
    "dma100" : null,
    "dma200" : 665.24,
    "volume" : 5759.00
  }, {
    "date" : "2025-02-27",
    "price" : 470.60,
    "dma50" : 649.36,
    "dma100" : null,
    "dma200" : 663.30,
    "volume" : 6994.00
  }, {
    "date" : "2025-02-28",
    "price" : 445.50,
    "dma50" : 641.36,
    "dma100" : null,
    "dma200" : 661.14,
    "volume" : 11890.00
  }, {
    "date" : "2025-03-03",
    "price" : 446.15,
    "dma50" : 633.71,
    "dma100" : null,
    "dma200" : 659.00,
    "volume" : 5864.00
  }, {
    "date" : "2025-03-04",
    "price" : 447.65,
    "dma50" : 626.41,
    "dma100" : null,
    "dma200" : 656.89,
    "volume" : 3580.00
  }, {
    "date" : "2025-03-05",
    "price" : 471.65,
    "dma50" : 620.34,
    "dma100" : null,
    "dma200" : 655.05,
    "volume" : 7178.00
  }, {
    "date" : "2025-03-06",
    "price" : 470.30,
    "dma50" : 614.46,
    "dma100" : null,
    "dma200" : 653.21,
    "volume" : 6582.00
  }, {
    "date" : "2025-03-07",
    "price" : 470.70,
    "dma50" : 608.82,
    "dma100" : null,
    "dma200" : 651.40,
    "volume" : 5755.00
  }, {
    "date" : "2025-03-10",
    "price" : 440.05,
    "dma50" : 602.20,
    "dma100" : null,
    "dma200" : 649.29,
    "volume" : 7510.00
  }, {
    "date" : "2025-03-11",
    "price" : 428.05,
    "dma50" : 595.37,
    "dma100" : null,
    "dma200" : 647.09,
    "volume" : 7879.00
  }, {
    "date" : "2025-03-12",
    "price" : 432.05,
    "dma50" : 588.97,
    "dma100" : null,
    "dma200" : 644.95,
    "volume" : 7462.00
  }, {
    "date" : "2025-03-13",
    "price" : 427.65,
    "dma50" : 582.64,
    "dma100" : null,
    "dma200" : 642.79,
    "volume" : 9267.00
  }, {
    "date" : "2025-03-17",
    "price" : 444.30,
    "dma50" : 577.22,
    "dma100" : null,
    "dma200" : 640.82,
    "volume" : 4804.00
  }, {
    "date" : "2025-03-18",
    "price" : 439.50,
    "dma50" : 571.82,
    "dma100" : null,
    "dma200" : 638.81,
    "volume" : 5132.00
  }, {
    "date" : "2025-03-19",
    "price" : 458.70,
    "dma50" : 567.38,
    "dma100" : null,
    "dma200" : 637.02,
    "volume" : 10208.00
  }, {
    "date" : "2025-03-20",
    "price" : 467.65,
    "dma50" : 563.47,
    "dma100" : null,
    "dma200" : 635.34,
    "volume" : 8177.00
  }, {
    "date" : "2025-03-21",
    "price" : 472.55,
    "dma50" : 559.90,
    "dma100" : null,
    "dma200" : 633.72,
    "volume" : 4791.00
  }, {
    "date" : "2025-03-24",
    "price" : 481.80,
    "dma50" : 556.84,
    "dma100" : null,
    "dma200" : 632.20,
    "volume" : 8715.00
  }, {
    "date" : "2025-03-25",
    "price" : 471.70,
    "dma50" : 553.50,
    "dma100" : null,
    "dma200" : 630.61,
    "volume" : 14025.00
  }, {
    "date" : "2025-03-26",
    "price" : 449.40,
    "dma50" : 549.42,
    "dma100" : null,
    "dma200" : 628.80,
    "volume" : 9994.00
  }, {
    "date" : "2025-03-27",
    "price" : 425.20,
    "dma50" : 544.55,
    "dma100" : null,
    "dma200" : 626.78,
    "volume" : 25028.00
  }, {
    "date" : "2025-03-28",
    "price" : 421.55,
    "dma50" : 539.72,
    "dma100" : null,
    "dma200" : 624.74,
    "volume" : 11752.00
  }, {
    "date" : "2025-04-01",
    "price" : 454.45,
    "dma50" : 536.38,
    "dma100" : null,
    "dma200" : 623.04,
    "volume" : 9113.00
  }, {
    "date" : "2025-04-02",
    "price" : 466.75,
    "dma50" : 533.65,
    "dma100" : null,
    "dma200" : 621.49,
    "volume" : 4223.00
  }, {
    "date" : "2025-04-03",
    "price" : 474.65,
    "dma50" : 531.34,
    "dma100" : null,
    "dma200" : 620.03,
    "volume" : 5441.00
  }, {
    "date" : "2025-04-04",
    "price" : 474.55,
    "dma50" : 529.11,
    "dma100" : null,
    "dma200" : 618.58,
    "volume" : 7097.00
  }, {
    "date" : "2025-04-07",
    "price" : 458.55,
    "dma50" : 526.34,
    "dma100" : null,
    "dma200" : 616.99,
    "volume" : 7283.00
  }, {
    "date" : "2025-04-08",
    "price" : 476.50,
    "dma50" : 524.39,
    "dma100" : null,
    "dma200" : 615.59,
    "volume" : 5579.00
  }, {
    "date" : "2025-04-09",
    "price" : 487.15,
    "dma50" : 522.93,
    "dma100" : null,
    "dma200" : 614.31,
    "volume" : 3857.00
  }, {
    "date" : "2025-04-11",
    "price" : 495.95,
    "dma50" : 521.87,
    "dma100" : null,
    "dma200" : 613.13,
    "volume" : 7076.00
  }, {
    "date" : "2025-04-15",
    "price" : 505.95,
    "dma50" : 521.25,
    "dma100" : null,
    "dma200" : 612.07,
    "volume" : 6669.00
  }, {
    "date" : "2025-04-16",
    "price" : 500.15,
    "dma50" : 520.42,
    "dma100" : null,
    "dma200" : 610.95,
    "volume" : 2516.00
  }, {
    "date" : "2025-04-17",
    "price" : 495.40,
    "dma50" : 519.44,
    "dma100" : null,
    "dma200" : 609.80,
    "volume" : 2551.00
  }, {
    "date" : "2025-04-21",
    "price" : 493.55,
    "dma50" : 518.42,
    "dma100" : null,
    "dma200" : 608.65,
    "volume" : 4545.00
  }, {
    "date" : "2025-04-22",
    "price" : 497.60,
    "dma50" : 517.60,
    "dma100" : null,
    "dma200" : 607.54,
    "volume" : 3835.00
  }, {
    "date" : "2025-04-23",
    "price" : 492.30,
    "dma50" : 516.61,
    "dma100" : null,
    "dma200" : 606.39,
    "volume" : 3558.00
  }, {
    "date" : "2025-04-24",
    "price" : 498.60,
    "dma50" : 515.91,
    "dma100" : null,
    "dma200" : 605.32,
    "volume" : 2197.00
  }, {
    "date" : "2025-04-25",
    "price" : 476.25,
    "dma50" : 514.35,
    "dma100" : null,
    "dma200" : 604.04,
    "volume" : 9268.00
  }, {
    "date" : "2025-04-28",
    "price" : 465.10,
    "dma50" : 512.42,
    "dma100" : null,
    "dma200" : 602.65,
    "volume" : 7271.00
  }, {
    "date" : "2025-04-29",
    "price" : 469.50,
    "dma50" : 510.74,
    "dma100" : null,
    "dma200" : 601.33,
    "volume" : 1190.00
  }, {
    "date" : "2025-04-30",
    "price" : 460.80,
    "dma50" : 508.78,
    "dma100" : null,
    "dma200" : 599.93,
    "volume" : 2943.00
  }, {
    "date" : "2025-05-02",
    "price" : 456.80,
    "dma50" : 506.74,
    "dma100" : null,
    "dma200" : 598.51,
    "volume" : 3241.00
  }, {
    "date" : "2025-05-05",
    "price" : 461.25,
    "dma50" : 504.96,
    "dma100" : null,
    "dma200" : 597.14,
    "volume" : 2028.00
  }, {
    "date" : "2025-05-06",
    "price" : 443.15,
    "dma50" : 502.53,
    "dma100" : null,
    "dma200" : 595.61,
    "volume" : 4547.00
  }, {
    "date" : "2025-05-07",
    "price" : 448.00,
    "dma50" : 500.39,
    "dma100" : null,
    "dma200" : 594.14,
    "volume" : 4159.00
  }, {
    "date" : "2025-05-08",
    "price" : 441.45,
    "dma50" : 498.08,
    "dma100" : null,
    "dma200" : 592.62,
    "volume" : 5249.00
  }, {
    "date" : "2025-05-09",
    "price" : 441.20,
    "dma50" : 495.85,
    "dma100" : null,
    "dma200" : 591.11,
    "volume" : 7112.00
  }, {
    "date" : "2025-05-12",
    "price" : 457.70,
    "dma50" : 494.36,
    "dma100" : null,
    "dma200" : 589.79,
    "volume" : 4662.00
  }, {
    "date" : "2025-05-13",
    "price" : 460.35,
    "dma50" : 493.02,
    "dma100" : null,
    "dma200" : 588.50,
    "volume" : 3969.00
  }, {
    "date" : "2025-05-14",
    "price" : 458.15,
    "dma50" : 491.65,
    "dma100" : null,
    "dma200" : 587.20,
    "volume" : 3954.00
  }, {
    "date" : "2025-05-15",
    "price" : 481.20,
    "dma50" : 491.24,
    "dma100" : null,
    "dma200" : 586.15,
    "volume" : 17560.00
  }, {
    "date" : "2025-05-16",
    "price" : 478.15,
    "dma50" : 490.73,
    "dma100" : null,
    "dma200" : 585.07,
    "volume" : 8080.00
  }, {
    "date" : "2025-05-19",
    "price" : 474.25,
    "dma50" : 490.08,
    "dma100" : null,
    "dma200" : 583.97,
    "volume" : 6238.00
  }, {
    "date" : "2025-05-20",
    "price" : 457.00,
    "dma50" : 488.79,
    "dma100" : null,
    "dma200" : 582.71,
    "volume" : 9035.00
  }, {
    "date" : "2025-05-21",
    "price" : 456.55,
    "dma50" : 487.52,
    "dma100" : null,
    "dma200" : 581.45,
    "volume" : 5856.00
  }, {
    "date" : "2025-05-22",
    "price" : 453.10,
    "dma50" : 486.17,
    "dma100" : null,
    "dma200" : 580.17,
    "volume" : 3320.00
  }, {
    "date" : "2025-05-23",
    "price" : 455.00,
    "dma50" : 484.95,
    "dma100" : null,
    "dma200" : 578.93,
    "volume" : 3497.00
  }, {
    "date" : "2025-05-26",
    "price" : 457.75,
    "dma50" : 483.88,
    "dma100" : null,
    "dma200" : 577.72,
    "volume" : 8289.00
  }, {
    "date" : "2025-05-27",
    "price" : 456.45,
    "dma50" : 482.81,
    "dma100" : null,
    "dma200" : 576.52,
    "volume" : 6261.00
  }, {
    "date" : "2025-05-28",
    "price" : 458.20,
    "dma50" : 481.84,
    "dma100" : null,
    "dma200" : 575.34,
    "volume" : 5408.00
  }, {
    "date" : "2025-05-29",
    "price" : 457.50,
    "dma50" : 480.89,
    "dma100" : null,
    "dma200" : 574.17,
    "volume" : 3482.00
  }, {
    "date" : "2025-05-30",
    "price" : 458.70,
    "dma50" : 480.02,
    "dma100" : null,
    "dma200" : 573.02,
    "volume" : 5384.00
  }, {
    "date" : "2025-06-02",
    "price" : 430.20,
    "dma50" : 478.06,
    "dma100" : null,
    "dma200" : 571.60,
    "volume" : 25031.00
  }, {
    "date" : "2025-06-03",
    "price" : 432.35,
    "dma50" : 476.27,
    "dma100" : null,
    "dma200" : 570.21,
    "volume" : 4927.00
  }, {
    "date" : "2025-06-04",
    "price" : 425.90,
    "dma50" : 474.30,
    "dma100" : null,
    "dma200" : 568.77,
    "volume" : 7668.00
  }, {
    "date" : "2025-06-05",
    "price" : 415.75,
    "dma50" : 472.00,
    "dma100" : null,
    "dma200" : 567.25,
    "volume" : 14018.00
  }, {
    "date" : "2025-06-06",
    "price" : 424.25,
    "dma50" : 470.13,
    "dma100" : null,
    "dma200" : 565.83,
    "volume" : 8272.00
  }, {
    "date" : "2025-06-09",
    "price" : 426.75,
    "dma50" : 468.43,
    "dma100" : null,
    "dma200" : 564.45,
    "volume" : 9829.00
  }, {
    "date" : "2025-06-10",
    "price" : 431.55,
    "dma50" : 466.98,
    "dma100" : null,
    "dma200" : 563.12,
    "volume" : 7970.00
  }, {
    "date" : "2025-06-11",
    "price" : 431.65,
    "dma50" : 465.60,
    "dma100" : null,
    "dma200" : 561.81,
    "volume" : 5897.00
  }, {
    "date" : "2025-06-12",
    "price" : 430.45,
    "dma50" : 464.22,
    "dma100" : null,
    "dma200" : 560.51,
    "volume" : 7638.00
  }, {
    "date" : "2025-06-13",
    "price" : 428.10,
    "dma50" : 462.80,
    "dma100" : null,
    "dma200" : 559.19,
    "volume" : 3212.00
  }, {
    "date" : "2025-06-16",
    "price" : 426.05,
    "dma50" : 461.36,
    "dma100" : null,
    "dma200" : 557.87,
    "volume" : 1979.00
  }, {
    "date" : "2025-06-17",
    "price" : 422.85,
    "dma50" : 459.85,
    "dma100" : null,
    "dma200" : 556.52,
    "volume" : 2842.00
  }, {
    "date" : "2025-06-18",
    "price" : 424.15,
    "dma50" : 458.45,
    "dma100" : null,
    "dma200" : 555.20,
    "volume" : 3709.00
  }, {
    "date" : "2025-06-19",
    "price" : 396.90,
    "dma50" : 456.04,
    "dma100" : null,
    "dma200" : 553.63,
    "volume" : 18329.00
  }, {
    "date" : "2025-06-20",
    "price" : 401.90,
    "dma50" : 453.91,
    "dma100" : null,
    "dma200" : 552.12,
    "volume" : 9654.00
  }, {
    "date" : "2025-06-23",
    "price" : 391.45,
    "dma50" : 451.46,
    "dma100" : null,
    "dma200" : 550.52,
    "volume" : 9560.00
  }, {
    "date" : "2025-06-24",
    "price" : 407.20,
    "dma50" : 449.73,
    "dma100" : null,
    "dma200" : 549.10,
    "volume" : 20389.00
  }, {
    "date" : "2025-06-25",
    "price" : 403.40,
    "dma50" : 447.91,
    "dma100" : null,
    "dma200" : 547.65,
    "volume" : 5344.00
  }, {
    "date" : "2025-06-26",
    "price" : 402.30,
    "dma50" : 446.12,
    "dma100" : null,
    "dma200" : 546.20,
    "volume" : 9646.00
  }, {
    "date" : "2025-06-27",
    "price" : 401.75,
    "dma50" : 444.38,
    "dma100" : null,
    "dma200" : 544.76,
    "volume" : 6907.00
  }, {
    "date" : "2025-06-30",
    "price" : 403.75,
    "dma50" : 442.79,
    "dma100" : null,
    "dma200" : 543.36,
    "volume" : 12176.00
  }, {
    "date" : "2025-07-01",
    "price" : 407.15,
    "dma50" : 441.39,
    "dma100" : null,
    "dma200" : 542.00,
    "volume" : 2773.00
  }, {
    "date" : "2025-07-02",
    "price" : 408.65,
    "dma50" : 440.11,
    "dma100" : null,
    "dma200" : 540.68,
    "volume" : 6686.00
  }, {
    "date" : "2025-07-03",
    "price" : 434.15,
    "dma50" : 439.87,
    "dma100" : null,
    "dma200" : 539.62,
    "volume" : 22441.00
  }, {
    "date" : "2025-07-04",
    "price" : 457.75,
    "dma50" : 440.57,
    "dma100" : null,
    "dma200" : 538.80,
    "volume" : 27098.00
  }, {
    "date" : "2025-07-07",
    "price" : 453.55,
    "dma50" : 441.08,
    "dma100" : null,
    "dma200" : 537.95,
    "volume" : 15319.00
  }, {
    "date" : "2025-07-08",
    "price" : 457.65,
    "dma50" : 441.73,
    "dma100" : null,
    "dma200" : 537.15,
    "volume" : 4704.00
  }, {
    "date" : "2025-07-09",
    "price" : 455.65,
    "dma50" : 442.28,
    "dma100" : null,
    "dma200" : 536.34,
    "volume" : 8634.00
  }, {
    "date" : "2025-07-10",
    "price" : 457.40,
    "dma50" : 442.87,
    "dma100" : null,
    "dma200" : 535.56,
    "volume" : 6148.00
  }, {
    "date" : "2025-07-11",
    "price" : 463.70,
    "dma50" : 443.69,
    "dma100" : null,
    "dma200" : 534.84,
    "volume" : 8263.00
  }, {
    "date" : "2025-07-14",
    "price" : 463.75,
    "dma50" : 444.48,
    "dma100" : null,
    "dma200" : 534.14,
    "volume" : 4466.00
  }, {
    "date" : "2025-07-15",
    "price" : 454.60,
    "dma50" : 444.87,
    "dma100" : null,
    "dma200" : 533.34,
    "volume" : 7368.00
  }, {
    "date" : "2025-07-16",
    "price" : 455.30,
    "dma50" : 445.28,
    "dma100" : 450.02,
    "dma200" : 532.57,
    "volume" : 3820.00
  }, {
    "date" : "2025-07-17",
    "price" : 452.95,
    "dma50" : 445.58,
    "dma100" : 450.27,
    "dma200" : 531.78,
    "volume" : 3253.00
  }, {
    "date" : "2025-07-18",
    "price" : 456.00,
    "dma50" : 445.99,
    "dma100" : 450.37,
    "dma200" : 531.02,
    "volume" : 2363.00
  }, {
    "date" : "2025-07-21",
    "price" : 455.85,
    "dma50" : 446.38,
    "dma100" : 450.48,
    "dma200" : 530.27,
    "volume" : 3281.00
  }, {
    "date" : "2025-07-22",
    "price" : 446.70,
    "dma50" : 446.39,
    "dma100" : 450.61,
    "dma200" : 529.44,
    "volume" : 3716.00
  }, {
    "date" : "2025-07-23",
    "price" : 448.50,
    "dma50" : 446.47,
    "dma100" : 450.74,
    "dma200" : 528.64,
    "volume" : 3386.00
  }, {
    "date" : "2025-07-24",
    "price" : 448.60,
    "dma50" : 446.56,
    "dma100" : 450.75,
    "dma200" : 527.84,
    "volume" : 4243.00
  }, {
    "date" : "2025-07-25",
    "price" : 443.85,
    "dma50" : 446.45,
    "dma100" : 450.48,
    "dma200" : 527.00,
    "volume" : 3623.00
  }, {
    "date" : "2025-07-28",
    "price" : 440.35,
    "dma50" : 446.21,
    "dma100" : 450.43,
    "dma200" : 526.14,
    "volume" : 4461.00
  }, {
    "date" : "2025-07-29",
    "price" : 437.15,
    "dma50" : 445.86,
    "dma100" : 450.34,
    "dma200" : 525.26,
    "volume" : 3701.00
  }, {
    "date" : "2025-07-30",
    "price" : 433.95,
    "dma50" : 445.39,
    "dma100" : 450.20,
    "dma200" : 524.35,
    "volume" : 2085.00
  }, {
    "date" : "2025-07-31",
    "price" : 427.05,
    "dma50" : 444.67,
    "dma100" : 449.76,
    "dma200" : 523.38,
    "volume" : 4749.00
  }, {
    "date" : "2025-08-01",
    "price" : 423.35,
    "dma50" : 443.83,
    "dma100" : 449.29,
    "dma200" : 522.38,
    "volume" : 5508.00
  }, {
    "date" : "2025-08-04",
    "price" : 455.20,
    "dma50" : 444.28,
    "dma100" : 449.13,
    "dma200" : 521.72,
    "volume" : 12361.00
  }, {
    "date" : "2025-08-05",
    "price" : 490.85,
    "dma50" : 446.11,
    "dma100" : 449.64,
    "dma200" : 521.41,
    "volume" : 37328.00
  }, {
    "date" : "2025-08-06",
    "price" : 472.30,
    "dma50" : 447.13,
    "dma100" : 450.08,
    "dma200" : 520.92,
    "volume" : 3958.00
  }, {
    "date" : "2025-08-07",
    "price" : 464.00,
    "dma50" : 447.79,
    "dma100" : 450.40,
    "dma200" : 520.35,
    "volume" : 2925.00
  }, {
    "date" : "2025-08-08",
    "price" : 442.35,
    "dma50" : 447.58,
    "dma100" : 450.55,
    "dma200" : 519.58,
    "volume" : 19962.00
  }, {
    "date" : "2025-08-11",
    "price" : 441.65,
    "dma50" : 447.35,
    "dma100" : 450.52,
    "dma200" : 518.80,
    "volume" : 1724.00
  }, {
    "date" : "2025-08-12",
    "price" : 436.85,
    "dma50" : 446.94,
    "dma100" : 450.50,
    "dma200" : 517.99,
    "volume" : 1600.00
  }, {
    "date" : "2025-08-13",
    "price" : 440.80,
    "dma50" : 446.70,
    "dma100" : 450.32,
    "dma200" : 517.22,
    "volume" : 4105.00
  }, {
    "date" : "2025-08-14",
    "price" : 471.10,
    "dma50" : 447.65,
    "dma100" : 450.35,
    "dma200" : 516.76,
    "volume" : 23356.00
  }, {
    "date" : "2025-08-18",
    "price" : 462.60,
    "dma50" : 448.24,
    "dma100" : 450.25,
    "dma200" : 516.22,
    "volume" : 7409.00
  }, {
    "date" : "2025-08-19",
    "price" : 456.85,
    "dma50" : 448.58,
    "dma100" : 450.00,
    "dma200" : 515.63,
    "volume" : 2768.00
  }, {
    "date" : "2025-08-20",
    "price" : 458.95,
    "dma50" : 448.98,
    "dma100" : 449.88,
    "dma200" : 515.07,
    "volume" : 4766.00
  }, {
    "date" : "2025-08-21",
    "price" : 454.10,
    "dma50" : 449.18,
    "dma100" : 449.92,
    "dma200" : 514.46,
    "volume" : 4434.00
  }, {
    "date" : "2025-08-22",
    "price" : 445.95,
    "dma50" : 449.06,
    "dma100" : 450.13,
    "dma200" : 513.78,
    "volume" : 4886.00
  }, {
    "date" : "2025-08-25",
    "price" : 466.85,
    "dma50" : 449.75,
    "dma100" : 450.58,
    "dma200" : 513.31,
    "volume" : 10398.00
  }, {
    "date" : "2025-08-26",
    "price" : 546.85,
    "dma50" : 453.56,
    "dma100" : 451.51,
    "dma200" : 513.65,
    "volume" : 83254.00
  }, {
    "date" : "2025-08-28",
    "price" : 638.25,
    "dma50" : 460.81,
    "dma100" : 453.22,
    "dma200" : 514.88,
    "volume" : 106373.00
  }, {
    "date" : "2025-08-29",
    "price" : 723.50,
    "dma50" : 471.11,
    "dma100" : 455.71,
    "dma200" : 516.96,
    "volume" : 125823.00
  }, {
    "date" : "2025-09-01",
    "price" : 748.95,
    "dma50" : 482.00,
    "dma100" : 458.45,
    "dma200" : 519.27,
    "volume" : 95569.00
  }, {
    "date" : "2025-09-02",
    "price" : 680.15,
    "dma50" : 489.77,
    "dma100" : 460.67,
    "dma200" : 520.87,
    "volume" : 70860.00
  }, {
    "date" : "2025-09-03",
    "price" : 704.05,
    "dma50" : 498.18,
    "dma100" : 462.95,
    "dma200" : 522.69,
    "volume" : 13951.00
  }, {
    "date" : "2025-09-04",
    "price" : 684.45,
    "dma50" : 505.48,
    "dma100" : 464.92,
    "dma200" : 524.30,
    "volume" : 8676.00
  }, {
    "date" : "2025-09-05",
    "price" : 697.10,
    "dma50" : 513.00,
    "dma100" : 466.93,
    "dma200" : 526.02,
    "volume" : 5741.00
  }, {
    "date" : "2025-09-08",
    "price" : 666.35,
    "dma50" : 519.01,
    "dma100" : 468.53,
    "dma200" : 527.42,
    "volume" : 12404.00
  }, {
    "date" : "2025-09-09",
    "price" : 674.45,
    "dma50" : 525.11,
    "dma100" : 470.28,
    "dma200" : 528.88,
    "volume" : 8129.00
  }, {
    "date" : "2025-09-10",
    "price" : 708.15,
    "dma50" : 532.28,
    "dma100" : 472.40,
    "dma200" : 530.66,
    "volume" : 12341.00
  }, {
    "date" : "2025-09-11",
    "price" : 743.55,
    "dma50" : 540.57,
    "dma100" : 474.90,
    "dma200" : 532.78,
    "volume" : 16679.00
  }, {
    "date" : "2025-09-12",
    "price" : 780.70,
    "dma50" : 549.99,
    "dma100" : 477.74,
    "dma200" : 535.25,
    "volume" : 25054.00
  }, {
    "date" : "2025-09-15",
    "price" : 811.75,
    "dma50" : 560.25,
    "dma100" : 480.93,
    "dma200" : 538.00,
    "volume" : 22437.00
  }, {
    "date" : "2025-09-16",
    "price" : 852.30,
    "dma50" : 571.70,
    "dma100" : 484.47,
    "dma200" : 541.13,
    "volume" : 17155.00
  }, {
    "date" : "2025-09-17",
    "price" : 894.90,
    "dma50" : 584.38,
    "dma100" : 488.65,
    "dma200" : 544.65,
    "volume" : 12498.00
  }, {
    "date" : "2025-09-18",
    "price" : 927.50,
    "dma50" : 597.83,
    "dma100" : 493.28,
    "dma200" : 548.46,
    "volume" : 51754.00
  }, {
    "date" : "2025-09-19",
    "price" : 962.10,
    "dma50" : 612.12,
    "dma100" : 498.20,
    "dma200" : 552.57,
    "volume" : 41187.00
  }, {
    "date" : "2025-09-22",
    "price" : 980.35,
    "dma50" : 626.56,
    "dma100" : 503.40,
    "dma200" : 556.83,
    "volume" : 33327.00
  }, {
    "date" : "2025-09-23",
    "price" : 996.30,
    "dma50" : 641.06,
    "dma100" : 508.79,
    "dma200" : 561.20,
    "volume" : 25812.00
  }, {
    "date" : "2025-09-24",
    "price" : 973.55,
    "dma50" : 654.10,
    "dma100" : 513.92,
    "dma200" : 565.31,
    "volume" : 34496.00
  }, {
    "date" : "2025-09-25",
    "price" : 928.20,
    "dma50" : 664.85,
    "dma100" : 518.77,
    "dma200" : 568.92,
    "volume" : 30604.00
  }, {
    "date" : "2025-09-26",
    "price" : 902.35,
    "dma50" : 674.16,
    "dma100" : 523.31,
    "dma200" : 572.23,
    "volume" : 30403.00
  }, {
    "date" : "2025-09-29",
    "price" : 938.85,
    "dma50" : 684.54,
    "dma100" : 528.29,
    "dma200" : 575.88,
    "volume" : 30486.00
  }, {
    "date" : "2025-09-30",
    "price" : 948.30,
    "dma50" : 694.88,
    "dma100" : 533.36,
    "dma200" : 579.59,
    "volume" : 16803.00
  }, {
    "date" : "2025-10-01",
    "price" : 952.70,
    "dma50" : 704.99,
    "dma100" : 538.31,
    "dma200" : 583.30,
    "volume" : 17950.00
  }, {
    "date" : "2025-10-03",
    "price" : 968.80,
    "dma50" : 715.34,
    "dma100" : 543.39,
    "dma200" : 587.14,
    "volume" : 20411.00
  }, {
    "date" : "2025-10-06",
    "price" : 977.00,
    "dma50" : 725.60,
    "dma100" : 548.58,
    "dma200" : 591.02,
    "volume" : 17295.00
  }, {
    "date" : "2025-10-07",
    "price" : 1025.85,
    "dma50" : 737.38,
    "dma100" : 554.03,
    "dma200" : 595.34,
    "volume" : 26256.00
  }, {
    "date" : "2025-10-08",
    "price" : 1077.10,
    "dma50" : 750.70,
    "dma100" : 560.02,
    "dma200" : 600.14,
    "volume" : 17109.00
  }, {
    "date" : "2025-10-09",
    "price" : 1130.95,
    "dma50" : 765.61,
    "dma100" : 566.58,
    "dma200" : 605.42,
    "volume" : 51972.00
  }, {
    "date" : "2025-10-10",
    "price" : 1185.60,
    "dma50" : 782.08,
    "dma100" : 573.87,
    "dma200" : 611.19,
    "volume" : 48728.00
  }, {
    "date" : "2025-10-13",
    "price" : 1244.85,
    "dma50" : 800.23,
    "dma100" : 581.75,
    "dma200" : 617.50,
    "volume" : 42370.00
  }, {
    "date" : "2025-10-14",
    "price" : 1306.55,
    "dma50" : 820.08,
    "dma100" : 590.29,
    "dma200" : 624.35,
    "volume" : 66084.00
  }, {
    "date" : "2025-10-15",
    "price" : 1357.80,
    "dma50" : 841.17,
    "dma100" : 599.31,
    "dma200" : 631.65,
    "volume" : 75091.00
  }, {
    "date" : "2025-10-16",
    "price" : 1289.95,
    "dma50" : 858.77,
    "dma100" : 607.64,
    "dma200" : 638.20,
    "volume" : 49607.00
  }, {
    "date" : "2025-10-17",
    "price" : 1264.20,
    "dma50" : 874.67,
    "dma100" : 615.71,
    "dma200" : 644.43,
    "volume" : 8332.00
  }, {
    "date" : "2025-10-20",
    "price" : 1238.95,
    "dma50" : 888.95,
    "dma100" : 623.52,
    "dma200" : 650.34,
    "volume" : 4022.00
  }, {
    "date" : "2025-10-21",
    "price" : 1214.20,
    "dma50" : 901.71,
    "dma100" : 631.09,
    "dma200" : 655.96,
    "volume" : 3300.00
  }, {
    "date" : "2025-10-23",
    "price" : 1189.95,
    "dma50" : 913.01,
    "dma100" : 638.40,
    "dma200" : 661.27,
    "volume" : 5048.00
  }, {
    "date" : "2025-10-24",
    "price" : 1166.20,
    "dma50" : 922.94,
    "dma100" : 645.76,
    "dma200" : 666.29,
    "volume" : 2690.00
  }, {
    "date" : "2025-10-27",
    "price" : 1142.90,
    "dma50" : 931.57,
    "dma100" : 652.87,
    "dma200" : 671.04,
    "volume" : 2659.00
  }, {
    "date" : "2025-10-28",
    "price" : 1120.05,
    "dma50" : 938.96,
    "dma100" : 659.81,
    "dma200" : 675.50,
    "volume" : 2569.00
  }, {
    "date" : "2025-10-29",
    "price" : 1097.65,
    "dma50" : 945.18,
    "dma100" : 666.63,
    "dma200" : 679.70,
    "volume" : 470.00
  }, {
    "date" : "2025-10-30",
    "price" : 1075.70,
    "dma50" : 950.30,
    "dma100" : 673.14,
    "dma200" : 683.64,
    "volume" : 208.00
  }, {
    "date" : "2025-10-31",
    "price" : 1054.20,
    "dma50" : 954.37,
    "dma100" : 679.42,
    "dma200" : 687.33,
    "volume" : 2771.00
  }, {
    "date" : "2025-11-03",
    "price" : 1033.15,
    "dma50" : 957.46,
    "dma100" : 685.43,
    "dma200" : 690.77,
    "volume" : 8561.00
  }, {
    "date" : "2025-11-04",
    "price" : 1012.50,
    "dma50" : 959.62,
    "dma100" : 691.24,
    "dma200" : 693.97,
    "volume" : 6214.00
  }, {
    "date" : "2025-11-06",
    "price" : 992.25,
    "dma50" : 960.90,
    "dma100" : 696.86,
    "dma200" : 696.94,
    "volume" : 4820.00
  }, {
    "date" : "2025-11-07",
    "price" : 972.45,
    "dma50" : 961.35,
    "dma100" : 702.30,
    "dma200" : 699.68,
    "volume" : 6251.00
  }, {
    "date" : "2025-11-10",
    "price" : 953.05,
    "dma50" : 961.03,
    "dma100" : 707.57,
    "dma200" : 702.20,
    "volume" : 9054.00
  }, {
    "date" : "2025-11-11",
    "price" : 934.00,
    "dma50" : 959.97,
    "dma100" : 712.68,
    "dma200" : 704.51,
    "volume" : 7649.00
  }, {
    "date" : "2025-11-12",
    "price" : 952.65,
    "dma50" : 959.68,
    "dma100" : 717.97,
    "dma200" : 706.98,
    "volume" : 23752.00
  }, {
    "date" : "2025-11-13",
    "price" : 971.70,
    "dma50" : 960.15,
    "dma100" : 723.72,
    "dma200" : 709.61,
    "volume" : 13619.00
  }, {
    "date" : "2025-11-14",
    "price" : 991.10,
    "dma50" : 961.37,
    "dma100" : 729.61,
    "dma200" : 712.41,
    "volume" : 3164.00
  }, {
    "date" : "2025-11-17",
    "price" : 1010.90,
    "dma50" : 963.31,
    "dma100" : 735.80,
    "dma200" : 715.38,
    "volume" : 12348.00
  }, {
    "date" : "2025-11-18",
    "price" : 990.70,
    "dma50" : 964.38,
    "dma100" : 741.64,
    "dma200" : 718.12,
    "volume" : 12434.00
  }, {
    "date" : "2025-11-19",
    "price" : 970.90,
    "dma50" : 964.64,
    "dma100" : 747.31,
    "dma200" : 720.64,
    "volume" : 2832.00
  }, {
    "date" : "2025-11-20",
    "price" : 951.50,
    "dma50" : 964.12,
    "dma100" : 752.80,
    "dma200" : 722.94,
    "volume" : 3622.00
  }, {
    "date" : "2025-11-21",
    "price" : 932.50,
    "dma50" : 962.88,
    "dma100" : 758.11,
    "dma200" : 725.02,
    "volume" : 5282.00
  }, {
    "date" : "2025-11-24",
    "price" : 979.10,
    "dma50" : 963.52,
    "dma100" : 763.87,
    "dma200" : 727.55,
    "volume" : 27650.00
  }, {
    "date" : "2025-11-25",
    "price" : 1027.35,
    "dma50" : 966.02,
    "dma100" : 770.07,
    "dma200" : 730.53,
    "volume" : 43988.00
  }, {
    "date" : "2025-11-26",
    "price" : 1020.85,
    "dma50" : 968.17,
    "dma100" : 776.19,
    "dma200" : 733.42,
    "volume" : 18223.00
  }, {
    "date" : "2025-11-27",
    "price" : 1008.85,
    "dma50" : 969.77,
    "dma100" : 781.94,
    "dma200" : 736.16,
    "volume" : 9539.00
  }, {
    "date" : "2025-11-28",
    "price" : 979.50,
    "dma50" : 970.15,
    "dma100" : 787.15,
    "dma200" : 738.58,
    "volume" : 10803.00
  }, {
    "date" : "2025-12-01",
    "price" : 992.75,
    "dma50" : 971.04,
    "dma100" : 792.55,
    "dma200" : 741.11,
    "volume" : 10791.00
  }, {
    "date" : "2025-12-02",
    "price" : 981.95,
    "dma50" : 971.46,
    "dma100" : 797.79,
    "dma200" : 743.51,
    "volume" : 6529.00
  }, {
    "date" : "2025-12-03",
    "price" : 983.70,
    "dma50" : 971.94,
    "dma100" : 803.07,
    "dma200" : 745.90,
    "volume" : 7605.00
  }, {
    "date" : "2025-12-04",
    "price" : 971.60,
    "dma50" : 971.93,
    "dma100" : 808.21,
    "dma200" : 748.14,
    "volume" : 4237.00
  }, {
    "date" : "2025-12-05",
    "price" : 941.35,
    "dma50" : 970.73,
    "dma100" : 812.99,
    "dma200" : 750.07,
    "volume" : 7585.00
  }, {
    "date" : "2025-12-08",
    "price" : 901.60,
    "dma50" : 968.02,
    "dma100" : 817.37,
    "dma200" : 751.57,
    "volume" : 14484.00
  }, {
    "date" : "2025-12-09",
    "price" : 946.25,
    "dma50" : 967.17,
    "dma100" : 822.28,
    "dma200" : 753.51,
    "volume" : 18396.00
  }, {
    "date" : "2025-12-10",
    "price" : 993.55,
    "dma50" : 968.20,
    "dma100" : 827.67,
    "dma200" : 755.90,
    "volume" : 9261.00
  }, {
    "date" : "2025-12-11",
    "price" : 1036.10,
    "dma50" : 970.86,
    "dma100" : 833.50,
    "dma200" : 758.69,
    "volume" : 13205.00
  }, {
    "date" : "2025-12-12",
    "price" : 1087.90,
    "dma50" : 975.45,
    "dma100" : 839.82,
    "dma200" : 761.96,
    "volume" : 8706.00
  }, {
    "date" : "2025-12-15",
    "price" : 1142.25,
    "dma50" : 981.99,
    "dma100" : 846.68,
    "dma200" : 765.75,
    "volume" : 7584.00
  }, {
    "date" : "2025-12-16",
    "price" : 1199.35,
    "dma50" : 990.52,
    "dma100" : 854.21,
    "dma200" : 770.06,
    "volume" : 6706.00
  }, {
    "date" : "2025-12-17",
    "price" : 1139.40,
    "dma50" : 996.36,
    "dma100" : 861.12,
    "dma200" : 773.74,
    "volume" : 23836.00
  }, {
    "date" : "2025-12-18",
    "price" : 1082.45,
    "dma50" : 999.73,
    "dma100" : 867.45,
    "dma200" : 776.81,
    "volume" : 6593.00
  }, {
    "date" : "2025-12-19",
    "price" : 1094.00,
    "dma50" : 1003.43,
    "dma100" : 873.96,
    "dma200" : 779.96,
    "volume" : 12193.00
  }, {
    "date" : "2025-12-22",
    "price" : 1056.65,
    "dma50" : 1005.52,
    "dma100" : 880.12,
    "dma200" : 782.72,
    "volume" : 10644.00
  }, {
    "date" : "2025-12-23",
    "price" : 1049.10,
    "dma50" : 1007.23,
    "dma100" : 886.24,
    "dma200" : 785.37,
    "volume" : 10734.00
  }, {
    "date" : "2025-12-24",
    "price" : 1101.55,
    "dma50" : 1010.92,
    "dma100" : 892.91,
    "dma200" : 788.51,
    "volume" : 8903.00
  }, {
    "date" : "2025-12-26",
    "price" : 1077.55,
    "dma50" : 1013.54,
    "dma100" : 899.42,
    "dma200" : 791.39,
    "volume" : 9574.00
  }, {
    "date" : "2025-12-29",
    "price" : 1052.40,
    "dma50" : 1015.06,
    "dma100" : 905.71,
    "dma200" : 793.99,
    "volume" : 8078.00
  }, {
    "date" : "2025-12-30",
    "price" : 1068.00,
    "dma50" : 1017.14,
    "dma100" : 911.84,
    "dma200" : 796.71,
    "volume" : 6266.00
  }, {
    "date" : "2025-12-31",
    "price" : 1053.80,
    "dma50" : 1018.58,
    "dma100" : 917.47,
    "dma200" : 799.27,
    "volume" : 3847.00
  }, {
    "date" : "2026-01-01",
    "price" : 1062.75,
    "dma50" : 1020.31,
    "dma100" : 923.37,
    "dma200" : 801.89,
    "volume" : 4001.00
  }, {
    "date" : "2026-01-02",
    "price" : 1081.45,
    "dma50" : 1022.71,
    "dma100" : 929.55,
    "dma200" : 804.68,
    "volume" : 5571.00
  }, {
    "date" : "2026-01-05",
    "price" : 1092.90,
    "dma50" : 1025.46,
    "dma100" : 936.05,
    "dma200" : 807.54,
    "volume" : 5865.00
  }, {
    "date" : "2026-01-06",
    "price" : 1073.25,
    "dma50" : 1027.33,
    "dma100" : 942.37,
    "dma200" : 810.19,
    "volume" : 4587.00
  }, {
    "date" : "2026-01-07",
    "price" : 1061.25,
    "dma50" : 1028.66,
    "dma100" : 948.61,
    "dma200" : 812.69,
    "volume" : 5220.00
  }, {
    "date" : "2026-01-08",
    "price" : 1038.40,
    "dma50" : 1029.04,
    "dma100" : 954.59,
    "dma200" : 814.93,
    "volume" : 4403.00
  }, {
    "date" : "2026-01-09",
    "price" : 1010.75,
    "dma50" : 1028.33,
    "dma100" : 959.98,
    "dma200" : 816.88,
    "volume" : 8937.00
  }, {
    "date" : "2026-01-12",
    "price" : 1033.60,
    "dma50" : 1028.53,
    "dma100" : 965.69,
    "dma200" : 819.04,
    "volume" : 6112.00
  }, {
    "date" : "2026-01-13",
    "price" : 1058.15,
    "dma50" : 1029.70,
    "dma100" : 971.71,
    "dma200" : 821.42,
    "volume" : 5551.00
  }, {
    "date" : "2026-01-14",
    "price" : 1057.70,
    "dma50" : 1030.79,
    "dma100" : 977.69,
    "dma200" : 823.77,
    "volume" : 3463.00
  }, {
    "date" : "2026-01-16",
    "price" : 1020.25,
    "dma50" : 1030.38,
    "dma100" : 983.36,
    "dma200" : 825.72,
    "volume" : 8957.00
  }, {
    "date" : "2026-01-19",
    "price" : 1008.80,
    "dma50" : 1029.53,
    "dma100" : 988.98,
    "dma200" : 827.54,
    "volume" : 5029.00
  }, {
    "date" : "2026-01-20",
    "price" : 992.25,
    "dma50" : 1028.07,
    "dma100" : 994.24,
    "dma200" : 829.18,
    "volume" : 12671.00
  }, {
    "date" : "2026-01-21",
    "price" : 966.00,
    "dma50" : 1025.64,
    "dma100" : 998.43,
    "dma200" : 830.54,
    "volume" : 12460.00
  }, {
    "date" : "2026-01-22",
    "price" : 979.65,
    "dma50" : 1023.83,
    "dma100" : 1001.84,
    "dma200" : 832.03,
    "volume" : 5899.00
  }, {
    "date" : "2026-01-23",
    "price" : 988.15,
    "dma50" : 1022.43,
    "dma100" : 1004.49,
    "dma200" : 833.58,
    "volume" : 4662.00
  }, {
    "date" : "2026-01-27",
    "price" : 976.85,
    "dma50" : 1020.65,
    "dma100" : 1006.77,
    "dma200" : 835.01,
    "volume" : 6278.00
  }, {
    "date" : "2026-01-28",
    "price" : 989.55,
    "dma50" : 1019.43,
    "dma100" : 1009.86,
    "dma200" : 836.54,
    "volume" : 3474.00
  }, {
    "date" : "2026-01-29",
    "price" : 950.35,
    "dma50" : 1016.72,
    "dma100" : 1012.33,
    "dma200" : 837.68,
    "volume" : 8217.00
  }, {
    "date" : "2026-01-30",
    "price" : 931.25,
    "dma50" : 1013.37,
    "dma100" : 1014.79,
    "dma200" : 838.61,
    "volume" : 8562.00
  }, {
    "date" : "2026-02-01",
    "price" : 979.35,
    "dma50" : 1012.03,
    "dma100" : 1017.62,
    "dma200" : 840.01,
    "volume" : 12957.00
  }, {
    "date" : "2026-02-02",
    "price" : 1000.10,
    "dma50" : 1011.56,
    "dma100" : 1020.95,
    "dma200" : 841.60,
    "volume" : 10418.00
  }, {
    "date" : "2026-02-03",
    "price" : 1034.20,
    "dma50" : 1012.45,
    "dma100" : 1024.55,
    "dma200" : 843.52,
    "volume" : 7240.00
  }, {
    "date" : "2026-02-04",
    "price" : 1008.80,
    "dma50" : 1012.31,
    "dma100" : 1027.56,
    "dma200" : 845.16,
    "volume" : 6085.00
  }, {
    "date" : "2026-02-05",
    "price" : 1034.65,
    "dma50" : 1013.19,
    "dma100" : 1030.47,
    "dma200" : 847.05,
    "volume" : 7307.00
  }, {
    "date" : "2026-02-06",
    "price" : 1014.20,
    "dma50" : 1013.23,
    "dma100" : 1032.80,
    "dma200" : 848.71,
    "volume" : 7311.00
  }, {
    "date" : "2026-02-09",
    "price" : 1020.80,
    "dma50" : 1013.52,
    "dma100" : 1034.89,
    "dma200" : 850.42,
    "volume" : 3849.00
  }, {
    "date" : "2026-02-10",
    "price" : 1032.25,
    "dma50" : 1014.26,
    "dma100" : 1036.69,
    "dma200" : 852.23,
    "volume" : 7580.00
  }, {
    "date" : "2026-02-11",
    "price" : 1108.20,
    "dma50" : 1017.94,
    "dma100" : 1038.83,
    "dma200" : 854.78,
    "volume" : 22470.00
  }, {
    "date" : "2026-02-12",
    "price" : 1137.90,
    "dma50" : 1022.64,
    "dma100" : 1040.93,
    "dma200" : 857.60,
    "volume" : 9737.00
  }, {
    "date" : "2026-02-13",
    "price" : 1212.15,
    "dma50" : 1030.08,
    "dma100" : 1043.43,
    "dma200" : 861.12,
    "volume" : 39608.00
  }, {
    "date" : "2026-02-16",
    "price" : 1302.35,
    "dma50" : 1040.75,
    "dma100" : 1046.65,
    "dma200" : 865.51,
    "volume" : 33918.00
  } ],
  "latestTechnicalAttributes" : {
    "date" : "2026-02-16",
    "price" : 1302.35,
    "dma50" : 1040.75,
    "dma100" : 1046.65,
    "dma200" : 865.51,
    "volume" : 33918.00
  },
  "quarterlyResults" : [ {
    "date" : "2005-03-31",
    "sales" : 1.27,
    "salesGrowthYoY" : null,
    "grossProfitMargin" : 43.31,
    "grossProfit" : 0.55,
    "operatingProfitMargin" : 10.24,
    "operatingProfit" : 0.13,
    "netProfitMargin" : 2.36,
    "netProfit" : 0.03
  }, {
    "date" : "2005-06-30",
    "sales" : 2.04,
    "salesGrowthYoY" : null,
    "grossProfitMargin" : 30.88,
    "grossProfit" : 0.63,
    "operatingProfitMargin" : 9.31,
    "operatingProfit" : 0.19,
    "netProfitMargin" : 5.39,
    "netProfit" : 0.11
  }, {
    "date" : "2005-09-30",
    "sales" : 1.78,
    "salesGrowthYoY" : null,
    "grossProfitMargin" : 35.39,
    "grossProfit" : 0.63,
    "operatingProfitMargin" : 10.67,
    "operatingProfit" : 0.19,
    "netProfitMargin" : 6.18,
    "netProfit" : 0.11
  }, {
    "date" : "2005-12-31",
    "sales" : 2.30,
    "salesGrowthYoY" : null,
    "grossProfitMargin" : 31.74,
    "grossProfit" : 0.73,
    "operatingProfitMargin" : 8.26,
    "operatingProfit" : 0.19,
    "netProfitMargin" : 4.78,
    "netProfit" : 0.11
  }, {
    "date" : "2006-03-31",
    "sales" : 1.52,
    "salesGrowthYoY" : 19.69,
    "grossProfitMargin" : 45.39,
    "grossProfit" : 0.69,
    "operatingProfitMargin" : 12.50,
    "operatingProfit" : 0.19,
    "netProfitMargin" : 5.26,
    "netProfit" : 0.08
  }, {
    "date" : "2006-06-30",
    "sales" : 2.93,
    "salesGrowthYoY" : 43.63,
    "grossProfitMargin" : 30.72,
    "grossProfit" : 0.90,
    "operatingProfitMargin" : 9.90,
    "operatingProfit" : 0.29,
    "netProfitMargin" : 6.14,
    "netProfit" : 0.18
  }, {
    "date" : "2006-09-30",
    "sales" : 2.82,
    "salesGrowthYoY" : 58.43,
    "grossProfitMargin" : 29.79,
    "grossProfit" : 0.84,
    "operatingProfitMargin" : 10.64,
    "operatingProfit" : 0.30,
    "netProfitMargin" : 7.09,
    "netProfit" : 0.20
  }, {
    "date" : "2006-12-31",
    "sales" : 2.33,
    "salesGrowthYoY" : 1.30,
    "grossProfitMargin" : 47.21,
    "grossProfit" : 1.10,
    "operatingProfitMargin" : 12.45,
    "operatingProfit" : 0.29,
    "netProfitMargin" : 7.73,
    "netProfit" : 0.18
  }, {
    "date" : "2007-03-31",
    "sales" : 2.45,
    "salesGrowthYoY" : 61.18,
    "grossProfitMargin" : 42.04,
    "grossProfit" : 1.03,
    "operatingProfitMargin" : 9.80,
    "operatingProfit" : 0.24,
    "netProfitMargin" : 5.31,
    "netProfit" : 0.13
  }, {
    "date" : "2007-06-30",
    "sales" : 3.06,
    "salesGrowthYoY" : 4.44,
    "grossProfitMargin" : 29.74,
    "grossProfit" : 0.91,
    "operatingProfitMargin" : 11.11,
    "operatingProfit" : 0.34,
    "netProfitMargin" : 6.54,
    "netProfit" : 0.20
  }, {
    "date" : "2007-09-30",
    "sales" : 3.08,
    "salesGrowthYoY" : 9.22,
    "grossProfitMargin" : 29.22,
    "grossProfit" : 0.90,
    "operatingProfitMargin" : 10.71,
    "operatingProfit" : 0.33,
    "netProfitMargin" : 6.17,
    "netProfit" : 0.19
  }, {
    "date" : "2007-12-31",
    "sales" : 2.89,
    "salesGrowthYoY" : 24.03,
    "grossProfitMargin" : 33.56,
    "grossProfit" : 0.97,
    "operatingProfitMargin" : 12.46,
    "operatingProfit" : 0.36,
    "netProfitMargin" : 7.61,
    "netProfit" : 0.22
  }, {
    "date" : "2008-03-31",
    "sales" : 3.36,
    "salesGrowthYoY" : 37.14,
    "grossProfitMargin" : 30.95,
    "grossProfit" : 1.04,
    "operatingProfitMargin" : 9.23,
    "operatingProfit" : 0.31,
    "netProfitMargin" : 4.76,
    "netProfit" : 0.16
  }, {
    "date" : "2008-06-30",
    "sales" : 3.34,
    "salesGrowthYoY" : 9.15,
    "grossProfitMargin" : 36.23,
    "grossProfit" : 1.21,
    "operatingProfitMargin" : 11.68,
    "operatingProfit" : 0.39,
    "netProfitMargin" : 6.29,
    "netProfit" : 0.21
  }, {
    "date" : "2008-09-30",
    "sales" : 3.46,
    "salesGrowthYoY" : 12.34,
    "grossProfitMargin" : 34.10,
    "grossProfit" : 1.18,
    "operatingProfitMargin" : 11.56,
    "operatingProfit" : 0.40,
    "netProfitMargin" : 6.65,
    "netProfit" : 0.23
  }, {
    "date" : "2008-12-31",
    "sales" : 3.32,
    "salesGrowthYoY" : 14.88,
    "grossProfitMargin" : 37.65,
    "grossProfit" : 1.25,
    "operatingProfitMargin" : 12.65,
    "operatingProfit" : 0.42,
    "netProfitMargin" : 7.83,
    "netProfit" : 0.26
  }, {
    "date" : "2009-03-31",
    "sales" : 3.32,
    "salesGrowthYoY" : -1.19,
    "grossProfitMargin" : 35.84,
    "grossProfit" : 1.19,
    "operatingProfitMargin" : 7.23,
    "operatingProfit" : 0.24,
    "netProfitMargin" : 0.90,
    "netProfit" : 0.03
  }, {
    "date" : "2009-06-30",
    "sales" : 5.00,
    "salesGrowthYoY" : 49.70,
    "grossProfitMargin" : 30.40,
    "grossProfit" : 1.52,
    "operatingProfitMargin" : 11.20,
    "operatingProfit" : 0.56,
    "netProfitMargin" : 6.20,
    "netProfit" : 0.31
  }, {
    "date" : "2009-09-30",
    "sales" : 4.19,
    "salesGrowthYoY" : 21.10,
    "grossProfitMargin" : 33.41,
    "grossProfit" : 1.40,
    "operatingProfitMargin" : 11.46,
    "operatingProfit" : 0.48,
    "netProfitMargin" : 9.07,
    "netProfit" : 0.38
  }, {
    "date" : "2009-12-31",
    "sales" : 3.60,
    "salesGrowthYoY" : 8.43,
    "grossProfitMargin" : 37.50,
    "grossProfit" : 1.35,
    "operatingProfitMargin" : 8.33,
    "operatingProfit" : 0.30,
    "netProfitMargin" : 2.78,
    "netProfit" : 0.10
  }, {
    "date" : "2010-03-31",
    "sales" : 3.29,
    "salesGrowthYoY" : -0.90,
    "grossProfitMargin" : 38.30,
    "grossProfit" : 1.26,
    "operatingProfitMargin" : 6.38,
    "operatingProfit" : 0.21,
    "netProfitMargin" : 0.91,
    "netProfit" : 0.03
  }, {
    "date" : "2010-06-30",
    "sales" : 3.85,
    "salesGrowthYoY" : -23.00,
    "grossProfitMargin" : 36.62,
    "grossProfit" : 1.41,
    "operatingProfitMargin" : 13.25,
    "operatingProfit" : 0.51,
    "netProfitMargin" : 7.79,
    "netProfit" : 0.30
  }, {
    "date" : "2010-09-30",
    "sales" : 4.60,
    "salesGrowthYoY" : 9.79,
    "grossProfitMargin" : 34.35,
    "grossProfit" : 1.58,
    "operatingProfitMargin" : 11.30,
    "operatingProfit" : 0.52,
    "netProfitMargin" : 5.00,
    "netProfit" : 0.23
  }, {
    "date" : "2010-12-31",
    "sales" : 4.83,
    "salesGrowthYoY" : 34.17,
    "grossProfitMargin" : 34.58,
    "grossProfit" : 1.67,
    "operatingProfitMargin" : 10.35,
    "operatingProfit" : 0.50,
    "netProfitMargin" : 4.35,
    "netProfit" : 0.21
  }, {
    "date" : "2011-03-31",
    "sales" : 5.37,
    "salesGrowthYoY" : 63.22,
    "grossProfitMargin" : 30.54,
    "grossProfit" : 1.64,
    "operatingProfitMargin" : 8.57,
    "operatingProfit" : 0.46,
    "netProfitMargin" : 2.98,
    "netProfit" : 0.16
  }, {
    "date" : "2011-06-30",
    "sales" : 5.06,
    "salesGrowthYoY" : 31.43,
    "grossProfitMargin" : 33.20,
    "grossProfit" : 1.68,
    "operatingProfitMargin" : 13.04,
    "operatingProfit" : 0.66,
    "netProfitMargin" : 7.11,
    "netProfit" : 0.36
  }, {
    "date" : "2011-09-30",
    "sales" : 5.16,
    "salesGrowthYoY" : 12.17,
    "grossProfitMargin" : 35.66,
    "grossProfit" : 1.84,
    "operatingProfitMargin" : 13.57,
    "operatingProfit" : 0.70,
    "netProfitMargin" : 7.56,
    "netProfit" : 0.39
  }, {
    "date" : "2011-12-31",
    "sales" : 4.76,
    "salesGrowthYoY" : -1.45,
    "grossProfitMargin" : 40.97,
    "grossProfit" : 1.95,
    "operatingProfitMargin" : 11.55,
    "operatingProfit" : 0.55,
    "netProfitMargin" : 5.88,
    "netProfit" : 0.28
  }, {
    "date" : "2012-03-31",
    "sales" : 7.55,
    "salesGrowthYoY" : 40.60,
    "grossProfitMargin" : 24.77,
    "grossProfit" : 1.87,
    "operatingProfitMargin" : 5.43,
    "operatingProfit" : 0.41,
    "netProfitMargin" : 4.77,
    "netProfit" : 0.36
  }, {
    "date" : "2012-06-30",
    "sales" : 5.77,
    "salesGrowthYoY" : 14.03,
    "grossProfitMargin" : 33.10,
    "grossProfit" : 1.91,
    "operatingProfitMargin" : 9.88,
    "operatingProfit" : 0.57,
    "netProfitMargin" : 5.89,
    "netProfit" : 0.34
  }, {
    "date" : "2012-09-30",
    "sales" : 7.05,
    "salesGrowthYoY" : 36.63,
    "grossProfitMargin" : 32.34,
    "grossProfit" : 2.28,
    "operatingProfitMargin" : 10.21,
    "operatingProfit" : 0.72,
    "netProfitMargin" : 5.39,
    "netProfit" : 0.38
  }, {
    "date" : "2012-12-31",
    "sales" : 6.79,
    "salesGrowthYoY" : 42.65,
    "grossProfitMargin" : 34.17,
    "grossProfit" : 2.32,
    "operatingProfitMargin" : 9.13,
    "operatingProfit" : 0.62,
    "netProfitMargin" : 3.83,
    "netProfit" : 0.26
  }, {
    "date" : "2013-03-31",
    "sales" : 7.46,
    "salesGrowthYoY" : -1.19,
    "grossProfitMargin" : 39.14,
    "grossProfit" : 2.92,
    "operatingProfitMargin" : 9.65,
    "operatingProfit" : 0.72,
    "netProfitMargin" : 5.36,
    "netProfit" : 0.40
  }, {
    "date" : "2013-06-30",
    "sales" : 6.47,
    "salesGrowthYoY" : 12.13,
    "grossProfitMargin" : 36.48,
    "grossProfit" : 2.36,
    "operatingProfitMargin" : 9.89,
    "operatingProfit" : 0.64,
    "netProfitMargin" : 5.26,
    "netProfit" : 0.34
  }, {
    "date" : "2013-09-30",
    "sales" : 12.21,
    "salesGrowthYoY" : 73.19,
    "grossProfitMargin" : 28.50,
    "grossProfit" : 3.48,
    "operatingProfitMargin" : 5.32,
    "operatingProfit" : 0.65,
    "netProfitMargin" : 3.36,
    "netProfit" : 0.41
  }, {
    "date" : "2013-12-31",
    "sales" : 9.33,
    "salesGrowthYoY" : 37.41,
    "grossProfitMargin" : 37.94,
    "grossProfit" : 3.54,
    "operatingProfitMargin" : 9.11,
    "operatingProfit" : 0.85,
    "netProfitMargin" : 4.18,
    "netProfit" : 0.39
  }, {
    "date" : "2014-03-31",
    "sales" : 11.12,
    "salesGrowthYoY" : 49.06,
    "grossProfitMargin" : 34.17,
    "grossProfit" : 3.80,
    "operatingProfitMargin" : 7.91,
    "operatingProfit" : 0.88,
    "netProfitMargin" : 3.87,
    "netProfit" : 0.43
  }, {
    "date" : "2014-06-30",
    "sales" : 8.87,
    "salesGrowthYoY" : 37.09,
    "grossProfitMargin" : 36.19,
    "grossProfit" : 3.21,
    "operatingProfitMargin" : 10.03,
    "operatingProfit" : 0.89,
    "netProfitMargin" : 4.17,
    "netProfit" : 0.37
  }, {
    "date" : "2014-09-30",
    "sales" : 11.18,
    "salesGrowthYoY" : -8.44,
    "grossProfitMargin" : 33.72,
    "grossProfit" : 3.77,
    "operatingProfitMargin" : 9.57,
    "operatingProfit" : 1.07,
    "netProfitMargin" : 3.94,
    "netProfit" : 0.44
  }, {
    "date" : "2014-12-31",
    "sales" : 8.30,
    "salesGrowthYoY" : -11.04,
    "grossProfitMargin" : 48.67,
    "grossProfit" : 4.04,
    "operatingProfitMargin" : 9.28,
    "operatingProfit" : 0.77,
    "netProfitMargin" : 4.94,
    "netProfit" : 0.41
  }, {
    "date" : "2015-03-31",
    "sales" : 11.96,
    "salesGrowthYoY" : 7.55,
    "grossProfitMargin" : 33.95,
    "grossProfit" : 4.06,
    "operatingProfitMargin" : 9.62,
    "operatingProfit" : 1.15,
    "netProfitMargin" : 3.51,
    "netProfit" : 0.42
  }, {
    "date" : "2015-06-30",
    "sales" : 9.33,
    "salesGrowthYoY" : 5.19,
    "grossProfitMargin" : 37.30,
    "grossProfit" : 3.48,
    "operatingProfitMargin" : 9.86,
    "operatingProfit" : 0.92,
    "netProfitMargin" : 4.07,
    "netProfit" : 0.38
  }, {
    "date" : "2015-09-30",
    "sales" : 12.34,
    "salesGrowthYoY" : 10.38,
    "grossProfitMargin" : 36.47,
    "grossProfit" : 4.50,
    "operatingProfitMargin" : 9.24,
    "operatingProfit" : 1.14,
    "netProfitMargin" : 3.40,
    "netProfit" : 0.42
  }, {
    "date" : "2015-12-31",
    "sales" : 11.51,
    "salesGrowthYoY" : 38.67,
    "grossProfitMargin" : 36.32,
    "grossProfit" : 4.18,
    "operatingProfitMargin" : 7.91,
    "operatingProfit" : 0.91,
    "netProfitMargin" : 3.74,
    "netProfit" : 0.43
  }, {
    "date" : "2016-03-31",
    "sales" : 12.43,
    "salesGrowthYoY" : 3.93,
    "grossProfitMargin" : 24.38,
    "grossProfit" : 3.03,
    "operatingProfitMargin" : 7.56,
    "operatingProfit" : 0.94,
    "netProfitMargin" : 4.02,
    "netProfit" : 0.50
  }, {
    "date" : "2016-06-30",
    "sales" : 11.98,
    "salesGrowthYoY" : 28.40,
    "grossProfitMargin" : 26.79,
    "grossProfit" : 3.21,
    "operatingProfitMargin" : 9.27,
    "operatingProfit" : 1.11,
    "netProfitMargin" : 3.84,
    "netProfit" : 0.46
  }, {
    "date" : "2016-09-30",
    "sales" : 13.19,
    "salesGrowthYoY" : 6.89,
    "grossProfitMargin" : 33.13,
    "grossProfit" : 4.37,
    "operatingProfitMargin" : 7.58,
    "operatingProfit" : 1.00,
    "netProfitMargin" : 4.32,
    "netProfit" : 0.57
  }, {
    "date" : "2016-12-31",
    "sales" : 12.28,
    "salesGrowthYoY" : 6.69,
    "grossProfitMargin" : 32.08,
    "grossProfit" : 3.94,
    "operatingProfitMargin" : 13.27,
    "operatingProfit" : 1.63,
    "netProfitMargin" : 4.23,
    "netProfit" : 0.52
  }, {
    "date" : "2017-03-31",
    "sales" : 15.01,
    "salesGrowthYoY" : 20.76,
    "grossProfitMargin" : 26.45,
    "grossProfit" : 3.97,
    "operatingProfitMargin" : 11.86,
    "operatingProfit" : 1.78,
    "netProfitMargin" : 6.46,
    "netProfit" : 0.97
  }, {
    "date" : "2017-06-30",
    "sales" : 12.12,
    "salesGrowthYoY" : 1.17,
    "grossProfitMargin" : 31.68,
    "grossProfit" : 3.84,
    "operatingProfitMargin" : 11.72,
    "operatingProfit" : 1.42,
    "netProfitMargin" : 4.04,
    "netProfit" : 0.49
  }, {
    "date" : "2017-09-30",
    "sales" : 14.74,
    "salesGrowthYoY" : 11.75,
    "grossProfitMargin" : 30.05,
    "grossProfit" : 4.43,
    "operatingProfitMargin" : 13.57,
    "operatingProfit" : 2.00,
    "netProfitMargin" : 2.65,
    "netProfit" : 0.39
  }, {
    "date" : "2017-12-31",
    "sales" : 14.91,
    "salesGrowthYoY" : 21.42,
    "grossProfitMargin" : 29.11,
    "grossProfit" : 4.34,
    "operatingProfitMargin" : 13.62,
    "operatingProfit" : 2.03,
    "netProfitMargin" : 5.23,
    "netProfit" : 0.78
  }, {
    "date" : "2018-03-31",
    "sales" : 13.77,
    "salesGrowthYoY" : -8.26,
    "grossProfitMargin" : 51.49,
    "grossProfit" : 7.09,
    "operatingProfitMargin" : 8.21,
    "operatingProfit" : 1.13,
    "netProfitMargin" : 5.30,
    "netProfit" : 0.73
  }, {
    "date" : "2018-06-30",
    "sales" : 14.43,
    "salesGrowthYoY" : 19.06,
    "grossProfitMargin" : 48.79,
    "grossProfit" : 7.04,
    "operatingProfitMargin" : 13.24,
    "operatingProfit" : 1.91,
    "netProfitMargin" : 5.27,
    "netProfit" : 0.76
  }, {
    "date" : "2018-09-30",
    "sales" : 14.96,
    "salesGrowthYoY" : 1.49,
    "grossProfitMargin" : 30.48,
    "grossProfit" : 4.56,
    "operatingProfitMargin" : 12.77,
    "operatingProfit" : 1.91,
    "netProfitMargin" : 5.88,
    "netProfit" : 0.88
  }, {
    "date" : "2018-12-31",
    "sales" : 13.48,
    "salesGrowthYoY" : -9.59,
    "grossProfitMargin" : 31.75,
    "grossProfit" : 4.28,
    "operatingProfitMargin" : 14.39,
    "operatingProfit" : 1.94,
    "netProfitMargin" : 6.01,
    "netProfit" : 0.81
  }, {
    "date" : "2019-03-31",
    "sales" : 15.37,
    "salesGrowthYoY" : 11.62,
    "grossProfitMargin" : 45.28,
    "grossProfit" : 6.96,
    "operatingProfitMargin" : 10.67,
    "operatingProfit" : 1.64,
    "netProfitMargin" : 4.10,
    "netProfit" : 0.63
  }, {
    "date" : "2019-06-30",
    "sales" : 17.46,
    "salesGrowthYoY" : 21.00,
    "grossProfitMargin" : 42.38,
    "grossProfit" : 7.40,
    "operatingProfitMargin" : 14.66,
    "operatingProfit" : 2.56,
    "netProfitMargin" : 7.04,
    "netProfit" : 1.23
  }, {
    "date" : "2019-09-30",
    "sales" : 15.86,
    "salesGrowthYoY" : 6.02,
    "grossProfitMargin" : 48.23,
    "grossProfit" : 7.65,
    "operatingProfitMargin" : 14.75,
    "operatingProfit" : 2.34,
    "netProfitMargin" : 6.81,
    "netProfit" : 1.08
  }, {
    "date" : "2019-12-31",
    "sales" : 18.14,
    "salesGrowthYoY" : 34.57,
    "grossProfitMargin" : 47.96,
    "grossProfit" : 8.70,
    "operatingProfitMargin" : 16.10,
    "operatingProfit" : 2.92,
    "netProfitMargin" : 8.32,
    "netProfit" : 1.51
  }, {
    "date" : "2020-03-31",
    "sales" : 18.01,
    "salesGrowthYoY" : 17.18,
    "grossProfitMargin" : 53.30,
    "grossProfit" : 9.60,
    "operatingProfitMargin" : 16.82,
    "operatingProfit" : 3.03,
    "netProfitMargin" : 10.72,
    "netProfit" : 1.93
  }, {
    "date" : "2020-06-30",
    "sales" : 34.91,
    "salesGrowthYoY" : 99.94,
    "grossProfitMargin" : 66.08,
    "grossProfit" : 23.07,
    "operatingProfitMargin" : 47.81,
    "operatingProfit" : 16.69,
    "netProfitMargin" : 34.72,
    "netProfit" : 12.12
  }, {
    "date" : "2020-09-30",
    "sales" : 27.17,
    "salesGrowthYoY" : 71.31,
    "grossProfitMargin" : 59.85,
    "grossProfit" : 16.26,
    "operatingProfitMargin" : 36.03,
    "operatingProfit" : 9.79,
    "netProfitMargin" : 24.99,
    "netProfit" : 6.79
  }, {
    "date" : "2020-12-31",
    "sales" : 30.97,
    "salesGrowthYoY" : 70.73,
    "grossProfitMargin" : 52.02,
    "grossProfit" : 16.11,
    "operatingProfitMargin" : 29.45,
    "operatingProfit" : 9.12,
    "netProfitMargin" : 20.70,
    "netProfit" : 6.41
  }, {
    "date" : "2021-03-31",
    "sales" : 29.41,
    "salesGrowthYoY" : 63.30,
    "grossProfitMargin" : 48.45,
    "grossProfit" : 14.25,
    "operatingProfitMargin" : 21.08,
    "operatingProfit" : 6.20,
    "netProfitMargin" : 12.48,
    "netProfit" : 3.67
  }, {
    "date" : "2021-06-30",
    "sales" : 32.82,
    "salesGrowthYoY" : -5.99,
    "grossProfitMargin" : 54.33,
    "grossProfit" : 17.83,
    "operatingProfitMargin" : 33.61,
    "operatingProfit" : 11.03,
    "netProfitMargin" : 22.67,
    "netProfit" : 7.44
  }, {
    "date" : "2021-09-30",
    "sales" : 29.66,
    "salesGrowthYoY" : 9.16,
    "grossProfitMargin" : 48.21,
    "grossProfit" : 14.30,
    "operatingProfitMargin" : 22.83,
    "operatingProfit" : 6.77,
    "netProfitMargin" : 16.89,
    "netProfit" : 5.01
  }, {
    "date" : "2021-12-31",
    "sales" : 28.97,
    "salesGrowthYoY" : -6.46,
    "grossProfitMargin" : 49.95,
    "grossProfit" : 14.47,
    "operatingProfitMargin" : 22.37,
    "operatingProfit" : 6.48,
    "netProfitMargin" : 15.29,
    "netProfit" : 4.43
  }, {
    "date" : "2022-03-31",
    "sales" : 31.09,
    "salesGrowthYoY" : 5.71,
    "grossProfitMargin" : 54.62,
    "grossProfit" : 16.98,
    "operatingProfitMargin" : 22.52,
    "operatingProfit" : 7.00,
    "netProfitMargin" : 15.44,
    "netProfit" : 4.80
  }, {
    "date" : "2022-06-30",
    "sales" : 35.00,
    "salesGrowthYoY" : 6.64,
    "grossProfitMargin" : 50.77,
    "grossProfit" : 17.77,
    "operatingProfitMargin" : 23.06,
    "operatingProfit" : 8.07,
    "netProfitMargin" : 16.51,
    "netProfit" : 5.78
  }, {
    "date" : "2022-09-30",
    "sales" : 41.83,
    "salesGrowthYoY" : 41.03,
    "grossProfitMargin" : 48.98,
    "grossProfit" : 20.49,
    "operatingProfitMargin" : 25.05,
    "operatingProfit" : 10.48,
    "netProfitMargin" : 18.89,
    "netProfit" : 7.90
  }, {
    "date" : "2022-12-31",
    "sales" : 30.33,
    "salesGrowthYoY" : 4.69,
    "grossProfitMargin" : 54.04,
    "grossProfit" : 16.39,
    "operatingProfitMargin" : 13.65,
    "operatingProfit" : 4.14,
    "netProfitMargin" : 8.90,
    "netProfit" : 2.70
  }, {
    "date" : "2023-03-31",
    "sales" : 36.84,
    "salesGrowthYoY" : 18.49,
    "grossProfitMargin" : 52.85,
    "grossProfit" : 19.47,
    "operatingProfitMargin" : 18.57,
    "operatingProfit" : 6.84,
    "netProfitMargin" : 12.60,
    "netProfit" : 4.64
  }, {
    "date" : "2023-06-30",
    "sales" : 34.75,
    "salesGrowthYoY" : -0.71,
    "grossProfitMargin" : 58.07,
    "grossProfit" : 20.18,
    "operatingProfitMargin" : 22.71,
    "operatingProfit" : 7.89,
    "netProfitMargin" : 15.57,
    "netProfit" : 5.41
  }, {
    "date" : "2023-09-30",
    "sales" : 43.43,
    "salesGrowthYoY" : 3.83,
    "grossProfitMargin" : 51.14,
    "grossProfit" : 22.21,
    "operatingProfitMargin" : 20.08,
    "operatingProfit" : 8.72,
    "netProfitMargin" : 13.88,
    "netProfit" : 6.03
  }, {
    "date" : "2023-12-31",
    "sales" : 45.98,
    "salesGrowthYoY" : 51.60,
    "grossProfitMargin" : 53.18,
    "grossProfit" : 24.45,
    "operatingProfitMargin" : 23.05,
    "operatingProfit" : 10.60,
    "netProfitMargin" : 16.05,
    "netProfit" : 7.38
  }, {
    "date" : "2024-03-31",
    "sales" : 39.92,
    "salesGrowthYoY" : 8.36,
    "grossProfitMargin" : 54.18,
    "grossProfit" : 21.63,
    "operatingProfitMargin" : 17.71,
    "operatingProfit" : 7.07,
    "netProfitMargin" : 12.12,
    "netProfit" : 4.84
  }, {
    "date" : "2024-06-30",
    "sales" : 43.11,
    "salesGrowthYoY" : 24.06,
    "grossProfitMargin" : 49.50,
    "grossProfit" : 21.34,
    "operatingProfitMargin" : 19.14,
    "operatingProfit" : 8.25,
    "netProfitMargin" : 13.22,
    "netProfit" : 5.70
  }, {
    "date" : "2024-09-30",
    "sales" : 39.89,
    "salesGrowthYoY" : -8.15,
    "grossProfitMargin" : 56.10,
    "grossProfit" : 22.38,
    "operatingProfitMargin" : 19.45,
    "operatingProfit" : 7.76,
    "netProfitMargin" : 12.53,
    "netProfit" : 5.00
  }, {
    "date" : "2024-12-31",
    "sales" : 38.28,
    "salesGrowthYoY" : -16.75,
    "grossProfitMargin" : 52.09,
    "grossProfit" : 19.94,
    "operatingProfitMargin" : 12.67,
    "operatingProfit" : 4.85,
    "netProfitMargin" : 9.93,
    "netProfit" : 3.80
  }, {
    "date" : "2025-03-31",
    "sales" : 35.17,
    "salesGrowthYoY" : -11.90,
    "grossProfitMargin" : 57.32,
    "grossProfit" : 20.16,
    "operatingProfitMargin" : 12.99,
    "operatingProfit" : 4.57,
    "netProfitMargin" : 10.72,
    "netProfit" : 3.77
  }, {
    "date" : "2025-06-30",
    "sales" : 46.50,
    "salesGrowthYoY" : 7.86,
    "grossProfitMargin" : 48.49,
    "grossProfit" : 22.55,
    "operatingProfitMargin" : 18.80,
    "operatingProfit" : 8.74,
    "netProfitMargin" : 13.25,
    "netProfit" : 6.16
  }, {
    "date" : "2025-09-30",
    "sales" : 54.35,
    "salesGrowthYoY" : 36.25,
    "grossProfitMargin" : 52.07,
    "grossProfit" : 28.30,
    "operatingProfitMargin" : 17.17,
    "operatingProfit" : 9.33,
    "netProfitMargin" : 12.62,
    "netProfit" : 6.86
  }, {
    "date" : "2025-12-31",
    "sales" : 56.51,
    "salesGrowthYoY" : 47.62,
    "grossProfitMargin" : 51.57,
    "grossProfit" : 29.14,
    "operatingProfitMargin" : 19.16,
    "operatingProfit" : 10.83,
    "netProfitMargin" : 13.93,
    "netProfit" : 7.87
  } ],
  "latestQuarterlyResult" : {
    "date" : "2025-12-31",
    "sales" : 56.51,
    "salesGrowthYoY" : 47.62,
    "grossProfitMargin" : 51.57,
    "grossProfit" : 29.14,
    "operatingProfitMargin" : 19.16,
    "operatingProfit" : 10.83,
    "netProfitMargin" : 13.93,
    "netProfit" : 7.87
  },
  "companyScore" : {
    "priceHigherThanDma50" : 5.00,
    "priceHigherThanDma100" : 5.00,
    "priceHigherThanDma200" : 5.00,
    "dma50HigherThanDma100" : 0.00,
    "dma50HigherThanDma200" : 5.00,
    "dma100HigherThanDma200" : 5.00,
    "pricePercentageAboveDma50" : 3.74,
    "pricePercentageAboveDma100" : 3.78,
    "pricePercentageAboveDma200" : 2.48,
    "weeklyVolumeHigherThanYearlyVolume" : 5.00,
    "salesGrowthPercentile" : 17.25,
    "operatingProfitMarginPercentile" : 16.67,
    "netProfitMarginPercentile" : 8.69,
    "totalTechnicalScore" : 40.00,
    "totalFundamentalScore" : 42.61,
    "totalScore" : 82.61
  }
}