{
  "metadata" : {
    "screenerCompanyId" : "851",
    "companyCode" : "526783",
    "companyName" : "Dr Agarwal's Eye",
    "screenerCompanyLink" : "https://www.screener.in/company/526783/",
    "screenerTechnicalHistoryLink" : "https://www.screener.in/api/company/851/chart/?q=Price-DMA50-DMA200-Volume&days=365",
    "screenerQuarterlyResultsLink" : "https://www.screener.in/api/company/851/chart/?q=GPM-OPM-NPM-Quarter+Sales&days=10000",
    "attributes" : {
      "companyCode" : "526783",
      "companyName" : "Dr Agarwal's Eye",
      "marketCap" : 2265.00,
      "peRatio" : 32.40,
      "description" : "Dr Agarwal's Eye Hospital Ltd is a leading chain of eye hospitals with predominant presence in Tamil Nadu.[1]"
    },
    "companyScore" : {
      "priceHigherThanDma50" : 0.00,
      "priceHigherThanDma100" : 0.00,
      "priceHigherThanDma200" : 0.00,
      "dma50HigherThanDma100" : 0.00,
      "dma50HigherThanDma200" : 5.00,
      "dma100HigherThanDma200" : 5.00,
      "pricePercentageAboveDma50" : 5.25,
      "pricePercentageAboveDma100" : 5.44,
      "pricePercentageAboveDma200" : 5.18,
      "weeklyVolumeHigherThanYearlyVolume" : 0.00,
      "salesGrowthPercentile" : 13.75,
      "operatingProfitMarginPercentile" : 18.68,
      "netProfitMarginPercentile" : 9.31,
      "totalTechnicalScore" : 25.87,
      "totalFundamentalScore" : 41.74,
      "totalScore" : 67.61
    }
  },
  "attributes" : {
    "companyCode" : "526783",
    "companyName" : "Dr Agarwal's Eye",
    "marketCap" : 2265.00,
    "peRatio" : 32.40,
    "description" : "Dr Agarwal's Eye Hospital Ltd is a leading chain of eye hospitals with predominant presence in Tamil Nadu.[1]"
  },
  "technicalHistory" : [ {
    "date" : "2025-02-21",
    "price" : 4143.85,
    "dma50" : 4990.43,
    "dma100" : null,
    "dma200" : 4596.82,
    "volume" : 2358.00
  }, {
    "date" : "2025-02-24",
    "price" : 3976.05,
    "dma50" : 4950.65,
    "dma100" : null,
    "dma200" : 4590.65,
    "volume" : 984.00
  }, {
    "date" : "2025-02-25",
    "price" : 4010.50,
    "dma50" : 4913.78,
    "dma100" : null,
    "dma200" : 4584.87,
    "volume" : 271.00
  }, {
    "date" : "2025-02-27",
    "price" : 3964.15,
    "dma50" : 4876.54,
    "dma100" : null,
    "dma200" : 4578.70,
    "volume" : 5781.00
  }, {
    "date" : "2025-02-28",
    "price" : 3707.35,
    "dma50" : 4830.69,
    "dma100" : null,
    "dma200" : 4570.03,
    "volume" : 2135.00
  }, {
    "date" : "2025-03-03",
    "price" : 3885.85,
    "dma50" : 4793.64,
    "dma100" : null,
    "dma200" : 4563.22,
    "volume" : 77744.00
  }, {
    "date" : "2025-03-04",
    "price" : 4237.55,
    "dma50" : 4771.83,
    "dma100" : null,
    "dma200" : 4559.98,
    "volume" : 4121.00
  }, {
    "date" : "2025-03-05",
    "price" : 4266.45,
    "dma50" : 4752.01,
    "dma100" : null,
    "dma200" : 4557.06,
    "volume" : 2012.00
  }, {
    "date" : "2025-03-06",
    "price" : 4196.70,
    "dma50" : 4730.24,
    "dma100" : null,
    "dma200" : 4553.47,
    "volume" : 2343.00
  }, {
    "date" : "2025-03-07",
    "price" : 4133.85,
    "dma50" : 4706.85,
    "dma100" : null,
    "dma200" : 4549.30,
    "volume" : 1392.00
  }, {
    "date" : "2025-03-10",
    "price" : 4196.30,
    "dma50" : 4686.83,
    "dma100" : null,
    "dma200" : 4545.78,
    "volume" : 1931.00
  }, {
    "date" : "2025-03-11",
    "price" : 4405.40,
    "dma50" : 4675.79,
    "dma100" : null,
    "dma200" : 4544.39,
    "volume" : 3780.00
  }, {
    "date" : "2025-03-12",
    "price" : 4411.50,
    "dma50" : 4665.43,
    "dma100" : null,
    "dma200" : 4543.07,
    "volume" : 1182.00
  }, {
    "date" : "2025-03-13",
    "price" : 4413.25,
    "dma50" : 4655.54,
    "dma100" : null,
    "dma200" : 4541.77,
    "volume" : 1490.00
  }, {
    "date" : "2025-03-17",
    "price" : 4336.45,
    "dma50" : 4643.02,
    "dma100" : null,
    "dma200" : 4539.73,
    "volume" : 1509.00
  }, {
    "date" : "2025-03-18",
    "price" : 4325.55,
    "dma50" : 4630.57,
    "dma100" : null,
    "dma200" : 4537.60,
    "volume" : 1550.00
  }, {
    "date" : "2025-03-19",
    "price" : 4345.45,
    "dma50" : 4619.39,
    "dma100" : null,
    "dma200" : 4535.69,
    "volume" : 3025.00
  }, {
    "date" : "2025-03-20",
    "price" : 4396.40,
    "dma50" : 4610.65,
    "dma100" : null,
    "dma200" : 4534.30,
    "volume" : 3335.00
  }, {
    "date" : "2025-03-21",
    "price" : 4443.35,
    "dma50" : 4604.09,
    "dma100" : null,
    "dma200" : 4533.40,
    "volume" : 2315.00
  }, {
    "date" : "2025-03-24",
    "price" : 4475.90,
    "dma50" : 4599.06,
    "dma100" : null,
    "dma200" : 4532.82,
    "volume" : 2566.00
  }, {
    "date" : "2025-03-25",
    "price" : 4376.45,
    "dma50" : 4590.33,
    "dma100" : null,
    "dma200" : 4531.27,
    "volume" : 1646.00
  }, {
    "date" : "2025-03-26",
    "price" : 4252.60,
    "dma50" : 4577.09,
    "dma100" : null,
    "dma200" : 4528.50,
    "volume" : 902.00
  }, {
    "date" : "2025-03-27",
    "price" : 4088.20,
    "dma50" : 4557.91,
    "dma100" : null,
    "dma200" : 4524.11,
    "volume" : 2688.00
  }, {
    "date" : "2025-03-28",
    "price" : 4052.40,
    "dma50" : 4538.09,
    "dma100" : null,
    "dma200" : 4519.42,
    "volume" : 3450.00
  }, {
    "date" : "2025-04-01",
    "price" : 4191.10,
    "dma50" : 4524.48,
    "dma100" : null,
    "dma200" : 4516.15,
    "volume" : 702.00
  }, {
    "date" : "2025-04-02",
    "price" : 4294.00,
    "dma50" : 4515.44,
    "dma100" : null,
    "dma200" : 4513.94,
    "volume" : 804.00
  }, {
    "date" : "2025-04-03",
    "price" : 4248.05,
    "dma50" : 4504.96,
    "dma100" : null,
    "dma200" : 4511.30,
    "volume" : 875.00
  }, {
    "date" : "2025-04-04",
    "price" : 4142.90,
    "dma50" : 4490.76,
    "dma100" : null,
    "dma200" : 4507.63,
    "volume" : 2280.00
  }, {
    "date" : "2025-04-07",
    "price" : 4002.95,
    "dma50" : 4471.63,
    "dma100" : null,
    "dma200" : 4502.61,
    "volume" : 1912.00
  }, {
    "date" : "2025-04-08",
    "price" : 4061.40,
    "dma50" : 4455.54,
    "dma100" : null,
    "dma200" : 4498.22,
    "volume" : 2225.00
  }, {
    "date" : "2025-04-09",
    "price" : 4052.25,
    "dma50" : 4439.73,
    "dma100" : null,
    "dma200" : 4493.78,
    "volume" : 743.00
  }, {
    "date" : "2025-04-11",
    "price" : 4045.90,
    "dma50" : 4424.28,
    "dma100" : null,
    "dma200" : 4489.33,
    "volume" : 1746.00
  }, {
    "date" : "2025-04-15",
    "price" : 4130.20,
    "dma50" : 4412.75,
    "dma100" : null,
    "dma200" : 4485.75,
    "volume" : 1517.00
  }, {
    "date" : "2025-04-16",
    "price" : 4166.65,
    "dma50" : 4403.10,
    "dma100" : null,
    "dma200" : 4482.58,
    "volume" : 674.00
  }, {
    "date" : "2025-04-17",
    "price" : 4110.05,
    "dma50" : 4391.61,
    "dma100" : null,
    "dma200" : 4478.87,
    "volume" : 529.00
  }, {
    "date" : "2025-04-21",
    "price" : 4357.55,
    "dma50" : 4390.27,
    "dma100" : null,
    "dma200" : 4477.66,
    "volume" : 2231.00
  }, {
    "date" : "2025-04-22",
    "price" : 4309.65,
    "dma50" : 4387.11,
    "dma100" : null,
    "dma200" : 4475.99,
    "volume" : 4353.00
  }, {
    "date" : "2025-04-23",
    "price" : 4390.10,
    "dma50" : 4387.23,
    "dma100" : null,
    "dma200" : 4475.14,
    "volume" : 1496.00
  }, {
    "date" : "2025-04-24",
    "price" : 4373.20,
    "dma50" : 4386.68,
    "dma100" : null,
    "dma200" : 4474.12,
    "volume" : 1286.00
  }, {
    "date" : "2025-04-25",
    "price" : 4221.85,
    "dma50" : 4380.21,
    "dma100" : null,
    "dma200" : 4471.61,
    "volume" : 1637.00
  }, {
    "date" : "2025-04-28",
    "price" : 4207.20,
    "dma50" : 4373.43,
    "dma100" : null,
    "dma200" : 4468.98,
    "volume" : 862.00
  }, {
    "date" : "2025-04-29",
    "price" : 4204.15,
    "dma50" : 4366.79,
    "dma100" : null,
    "dma200" : 4466.35,
    "volume" : 591.00
  }, {
    "date" : "2025-04-30",
    "price" : 4146.75,
    "dma50" : 4358.16,
    "dma100" : null,
    "dma200" : 4463.17,
    "volume" : 918.00
  }, {
    "date" : "2025-05-02",
    "price" : 4286.30,
    "dma50" : 4355.34,
    "dma100" : null,
    "dma200" : 4461.41,
    "volume" : 3648.00
  }, {
    "date" : "2025-05-05",
    "price" : 4222.25,
    "dma50" : 4350.12,
    "dma100" : null,
    "dma200" : 4459.03,
    "volume" : 2964.00
  }, {
    "date" : "2025-05-06",
    "price" : 4122.70,
    "dma50" : 4341.20,
    "dma100" : null,
    "dma200" : 4455.68,
    "volume" : 879.00
  }, {
    "date" : "2025-05-07",
    "price" : 4092.60,
    "dma50" : 4331.46,
    "dma100" : null,
    "dma200" : 4452.07,
    "volume" : 1727.00
  }, {
    "date" : "2025-05-08",
    "price" : 3959.15,
    "dma50" : 4316.86,
    "dma100" : null,
    "dma200" : 4447.16,
    "volume" : 4820.00
  }, {
    "date" : "2025-05-09",
    "price" : 4000.85,
    "dma50" : 4304.46,
    "dma100" : null,
    "dma200" : 4442.72,
    "volume" : 941.00
  }, {
    "date" : "2025-05-12",
    "price" : 4047.80,
    "dma50" : 4294.40,
    "dma100" : null,
    "dma200" : 4438.79,
    "volume" : 2651.00
  }, {
    "date" : "2025-05-13",
    "price" : 4111.85,
    "dma50" : 4287.24,
    "dma100" : null,
    "dma200" : 4435.54,
    "volume" : 3323.00
  }, {
    "date" : "2025-05-14",
    "price" : 4158.10,
    "dma50" : 4282.17,
    "dma100" : null,
    "dma200" : 4432.78,
    "volume" : 2399.00
  }, {
    "date" : "2025-05-15",
    "price" : 4120.25,
    "dma50" : 4275.82,
    "dma100" : null,
    "dma200" : 4429.67,
    "volume" : 1569.00
  }, {
    "date" : "2025-05-16",
    "price" : 4101.65,
    "dma50" : 4268.99,
    "dma100" : null,
    "dma200" : 4426.41,
    "volume" : 891.00
  }, {
    "date" : "2025-05-19",
    "price" : 4275.65,
    "dma50" : 4269.26,
    "dma100" : null,
    "dma200" : 4424.91,
    "volume" : 5629.00
  }, {
    "date" : "2025-05-20",
    "price" : 4397.90,
    "dma50" : 4274.30,
    "dma100" : null,
    "dma200" : 4424.64,
    "volume" : 2922.00
  }, {
    "date" : "2025-05-21",
    "price" : 4373.60,
    "dma50" : 4278.19,
    "dma100" : null,
    "dma200" : 4424.13,
    "volume" : 677.00
  }, {
    "date" : "2025-05-22",
    "price" : 4316.00,
    "dma50" : 4279.68,
    "dma100" : null,
    "dma200" : 4423.05,
    "volume" : 702.00
  }, {
    "date" : "2025-05-23",
    "price" : 4340.15,
    "dma50" : 4282.05,
    "dma100" : null,
    "dma200" : 4422.23,
    "volume" : 358.00
  }, {
    "date" : "2025-05-26",
    "price" : 4351.55,
    "dma50" : 4284.77,
    "dma100" : null,
    "dma200" : 4421.52,
    "volume" : 1328.00
  }, {
    "date" : "2025-05-27",
    "price" : 4375.65,
    "dma50" : 4288.34,
    "dma100" : null,
    "dma200" : 4421.07,
    "volume" : 1183.00
  }, {
    "date" : "2025-05-28",
    "price" : 4370.55,
    "dma50" : 4291.56,
    "dma100" : null,
    "dma200" : 4420.57,
    "volume" : 7603.00
  }, {
    "date" : "2025-05-29",
    "price" : 4278.40,
    "dma50" : 4291.05,
    "dma100" : null,
    "dma200" : 4419.15,
    "volume" : 1618.00
  }, {
    "date" : "2025-05-30",
    "price" : 4343.00,
    "dma50" : 4293.08,
    "dma100" : null,
    "dma200" : 4418.39,
    "volume" : 2230.00
  }, {
    "date" : "2025-06-02",
    "price" : 4323.30,
    "dma50" : 4294.27,
    "dma100" : null,
    "dma200" : 4417.45,
    "volume" : 1603.00
  }, {
    "date" : "2025-06-03",
    "price" : 4359.60,
    "dma50" : 4296.83,
    "dma100" : null,
    "dma200" : 4416.87,
    "volume" : 1214.00
  }, {
    "date" : "2025-06-04",
    "price" : 4367.20,
    "dma50" : 4299.59,
    "dma100" : null,
    "dma200" : 4416.38,
    "volume" : 1286.00
  }, {
    "date" : "2025-06-05",
    "price" : 4351.95,
    "dma50" : 4301.64,
    "dma100" : null,
    "dma200" : 4415.74,
    "volume" : 1265.00
  }, {
    "date" : "2025-06-06",
    "price" : 4398.25,
    "dma50" : 4305.43,
    "dma100" : null,
    "dma200" : 4415.56,
    "volume" : 2570.00
  }, {
    "date" : "2025-06-09",
    "price" : 4410.80,
    "dma50" : 4309.56,
    "dma100" : null,
    "dma200" : 4415.51,
    "volume" : 3240.00
  }, {
    "date" : "2025-06-10",
    "price" : 4473.75,
    "dma50" : 4316.00,
    "dma100" : null,
    "dma200" : 4416.09,
    "volume" : 1748.00
  }, {
    "date" : "2025-06-11",
    "price" : 4498.50,
    "dma50" : 4323.16,
    "dma100" : null,
    "dma200" : 4416.91,
    "volume" : 2864.00
  }, {
    "date" : "2025-06-12",
    "price" : 4482.00,
    "dma50" : 4329.39,
    "dma100" : null,
    "dma200" : 4417.56,
    "volume" : 794.00
  }, {
    "date" : "2025-06-13",
    "price" : 4417.20,
    "dma50" : 4332.83,
    "dma100" : null,
    "dma200" : 4417.56,
    "volume" : 663.00
  }, {
    "date" : "2025-06-16",
    "price" : 4412.15,
    "dma50" : 4335.94,
    "dma100" : null,
    "dma200" : 4417.50,
    "volume" : 996.00
  }, {
    "date" : "2025-06-17",
    "price" : 4425.10,
    "dma50" : 4339.44,
    "dma100" : null,
    "dma200" : 4417.58,
    "volume" : 615.00
  }, {
    "date" : "2025-06-18",
    "price" : 4364.25,
    "dma50" : 4340.41,
    "dma100" : null,
    "dma200" : 4417.05,
    "volume" : 1573.00
  }, {
    "date" : "2025-06-19",
    "price" : 4266.00,
    "dma50" : 4337.49,
    "dma100" : null,
    "dma200" : 4415.55,
    "volume" : 1783.00
  }, {
    "date" : "2025-06-20",
    "price" : 4312.40,
    "dma50" : 4336.51,
    "dma100" : null,
    "dma200" : 4414.52,
    "volume" : 1693.00
  }, {
    "date" : "2025-06-23",
    "price" : 4297.00,
    "dma50" : 4334.96,
    "dma100" : null,
    "dma200" : 4413.35,
    "volume" : 1379.00
  }, {
    "date" : "2025-06-24",
    "price" : 4300.10,
    "dma50" : 4333.59,
    "dma100" : null,
    "dma200" : 4412.22,
    "volume" : 1478.00
  }, {
    "date" : "2025-06-25",
    "price" : 4313.90,
    "dma50" : 4332.82,
    "dma100" : null,
    "dma200" : 4411.25,
    "volume" : 1797.00
  }, {
    "date" : "2025-06-26",
    "price" : 4316.40,
    "dma50" : 4332.18,
    "dma100" : null,
    "dma200" : 4410.30,
    "volume" : 540.00
  }, {
    "date" : "2025-06-27",
    "price" : 4318.35,
    "dma50" : 4331.63,
    "dma100" : null,
    "dma200" : 4409.39,
    "volume" : 1233.00
  }, {
    "date" : "2025-06-30",
    "price" : 4522.20,
    "dma50" : 4339.11,
    "dma100" : null,
    "dma200" : 4410.51,
    "volume" : 3009.00
  }, {
    "date" : "2025-07-01",
    "price" : 4384.20,
    "dma50" : 4340.88,
    "dma100" : null,
    "dma200" : 4410.25,
    "volume" : 4040.00
  }, {
    "date" : "2025-07-02",
    "price" : 4317.15,
    "dma50" : 4339.95,
    "dma100" : null,
    "dma200" : 4409.32,
    "volume" : 1168.00
  }, {
    "date" : "2025-07-03",
    "price" : 4325.00,
    "dma50" : 4339.36,
    "dma100" : null,
    "dma200" : 4408.48,
    "volume" : 797.00
  }, {
    "date" : "2025-07-04",
    "price" : 4310.15,
    "dma50" : 4338.21,
    "dma100" : null,
    "dma200" : 4407.50,
    "volume" : 507.00
  }, {
    "date" : "2025-07-07",
    "price" : 4447.50,
    "dma50" : 4342.50,
    "dma100" : null,
    "dma200" : 4407.90,
    "volume" : 3102.00
  }, {
    "date" : "2025-07-08",
    "price" : 4479.30,
    "dma50" : 4347.86,
    "dma100" : null,
    "dma200" : 4408.61,
    "volume" : 1257.00
  }, {
    "date" : "2025-07-09",
    "price" : 4483.20,
    "dma50" : 4353.17,
    "dma100" : null,
    "dma200" : 4409.35,
    "volume" : 2113.00
  }, {
    "date" : "2025-07-10",
    "price" : 4494.25,
    "dma50" : 4358.70,
    "dma100" : null,
    "dma200" : 4410.20,
    "volume" : 735.00
  }, {
    "date" : "2025-07-11",
    "price" : 4497.10,
    "dma50" : 4364.13,
    "dma100" : null,
    "dma200" : 4411.06,
    "volume" : 734.00
  }, {
    "date" : "2025-07-14",
    "price" : 4439.65,
    "dma50" : 4367.09,
    "dma100" : null,
    "dma200" : 4411.35,
    "volume" : 1213.00
  }, {
    "date" : "2025-07-15",
    "price" : 4470.70,
    "dma50" : 4371.16,
    "dma100" : null,
    "dma200" : 4411.94,
    "volume" : 3165.00
  }, {
    "date" : "2025-07-16",
    "price" : 4452.25,
    "dma50" : 4374.34,
    "dma100" : null,
    "dma200" : 4412.34,
    "volume" : 727.00
  }, {
    "date" : "2025-07-17",
    "price" : 4451.80,
    "dma50" : 4377.37,
    "dma100" : null,
    "dma200" : 4412.73,
    "volume" : 1722.00
  }, {
    "date" : "2025-07-18",
    "price" : 4442.25,
    "dma50" : 4379.92,
    "dma100" : null,
    "dma200" : 4413.03,
    "volume" : 680.00
  }, {
    "date" : "2025-07-21",
    "price" : 4408.90,
    "dma50" : 4381.05,
    "dma100" : null,
    "dma200" : 4412.99,
    "volume" : 890.00
  }, {
    "date" : "2025-07-22",
    "price" : 4418.15,
    "dma50" : 4382.51,
    "dma100" : 4279.51,
    "dma200" : 4413.04,
    "volume" : 1060.00
  }, {
    "date" : "2025-07-23",
    "price" : 4364.55,
    "dma50" : 4381.81,
    "dma100" : 4283.40,
    "dma200" : 4412.55,
    "volume" : 371.00
  }, {
    "date" : "2025-07-24",
    "price" : 4342.10,
    "dma50" : 4380.25,
    "dma100" : 4286.72,
    "dma200" : 4411.85,
    "volume" : 787.00
  }, {
    "date" : "2025-07-25",
    "price" : 4403.45,
    "dma50" : 4381.16,
    "dma100" : 4291.11,
    "dma200" : 4411.77,
    "volume" : 425.00
  }, {
    "date" : "2025-07-28",
    "price" : 4339.45,
    "dma50" : 4379.52,
    "dma100" : 4297.43,
    "dma200" : 4411.05,
    "volume" : 658.00
  }, {
    "date" : "2025-07-29",
    "price" : 4393.45,
    "dma50" : 4380.07,
    "dma100" : 4302.51,
    "dma200" : 4410.87,
    "volume" : 598.00
  }, {
    "date" : "2025-07-30",
    "price" : 4475.35,
    "dma50" : 4383.81,
    "dma100" : 4304.88,
    "dma200" : 4411.52,
    "volume" : 4413.00
  }, {
    "date" : "2025-07-31",
    "price" : 4381.90,
    "dma50" : 4383.73,
    "dma100" : 4306.04,
    "dma200" : 4411.22,
    "volume" : 1266.00
  }, {
    "date" : "2025-08-01",
    "price" : 4428.45,
    "dma50" : 4385.48,
    "dma100" : 4308.36,
    "dma200" : 4411.39,
    "volume" : 1320.00
  }, {
    "date" : "2025-08-04",
    "price" : 4446.90,
    "dma50" : 4387.89,
    "dma100" : 4311.49,
    "dma200" : 4411.75,
    "volume" : 848.00
  }, {
    "date" : "2025-08-05",
    "price" : 4373.50,
    "dma50" : 4387.33,
    "dma100" : 4313.26,
    "dma200" : 4411.37,
    "volume" : 1318.00
  }, {
    "date" : "2025-08-06",
    "price" : 4351.60,
    "dma50" : 4385.93,
    "dma100" : 4312.72,
    "dma200" : 4410.77,
    "volume" : 991.00
  }, {
    "date" : "2025-08-07",
    "price" : 4365.10,
    "dma50" : 4385.11,
    "dma100" : 4312.26,
    "dma200" : 4410.32,
    "volume" : 395.00
  }, {
    "date" : "2025-08-08",
    "price" : 4405.25,
    "dma50" : 4385.90,
    "dma100" : 4312.18,
    "dma200" : 4410.27,
    "volume" : 2074.00
  }, {
    "date" : "2025-08-11",
    "price" : 4424.65,
    "dma50" : 4387.42,
    "dma100" : 4313.06,
    "dma200" : 4410.41,
    "volume" : 1108.00
  }, {
    "date" : "2025-08-12",
    "price" : 4516.30,
    "dma50" : 4392.47,
    "dma100" : 4314.97,
    "dma200" : 4411.46,
    "volume" : 2127.00
  }, {
    "date" : "2025-08-13",
    "price" : 4449.75,
    "dma50" : 4394.72,
    "dma100" : 4316.01,
    "dma200" : 4411.84,
    "volume" : 2102.00
  }, {
    "date" : "2025-08-14",
    "price" : 4500.80,
    "dma50" : 4398.88,
    "dma100" : 4317.05,
    "dma200" : 4412.73,
    "volume" : 1067.00
  }, {
    "date" : "2025-08-18",
    "price" : 4477.75,
    "dma50" : 4401.97,
    "dma100" : 4317.40,
    "dma200" : 4413.38,
    "volume" : 1487.00
  }, {
    "date" : "2025-08-19",
    "price" : 4446.05,
    "dma50" : 4403.70,
    "dma100" : 4317.10,
    "dma200" : 4413.70,
    "volume" : 1409.00
  }, {
    "date" : "2025-08-20",
    "price" : 4501.85,
    "dma50" : 4407.55,
    "dma100" : 4318.35,
    "dma200" : 4414.58,
    "volume" : 2358.00
  }, {
    "date" : "2025-08-21",
    "price" : 4523.55,
    "dma50" : 4412.10,
    "dma100" : 4321.06,
    "dma200" : 4415.66,
    "volume" : 1214.00
  }, {
    "date" : "2025-08-22",
    "price" : 4922.35,
    "dma50" : 4432.11,
    "dma100" : 4329.40,
    "dma200" : 4420.70,
    "volume" : 5685.00
  }, {
    "date" : "2025-08-25",
    "price" : 5323.45,
    "dma50" : 4467.06,
    "dma100" : 4342.11,
    "dma200" : 4429.69,
    "volume" : 9751.00
  }, {
    "date" : "2025-08-26",
    "price" : 5145.65,
    "dma50" : 4493.67,
    "dma100" : 4351.66,
    "dma200" : 4436.81,
    "volume" : 2553.00
  }, {
    "date" : "2025-08-28",
    "price" : 4448.80,
    "dma50" : 4491.92,
    "dma100" : 4353.21,
    "dma200" : 4436.93,
    "volume" : 21886.00
  }, {
    "date" : "2025-08-29",
    "price" : 4472.55,
    "dma50" : 4491.16,
    "dma100" : 4355.45,
    "dma200" : 4437.28,
    "volume" : 6075.00
  }, {
    "date" : "2025-09-01",
    "price" : 4452.85,
    "dma50" : 4489.65,
    "dma100" : 4358.55,
    "dma200" : 4437.44,
    "volume" : 4954.00
  }, {
    "date" : "2025-09-02",
    "price" : 4503.40,
    "dma50" : 4490.19,
    "dma100" : 4363.56,
    "dma200" : 4438.10,
    "volume" : 3347.00
  }, {
    "date" : "2025-09-03",
    "price" : 4507.00,
    "dma50" : 4490.85,
    "dma100" : 4368.01,
    "dma200" : 4438.78,
    "volume" : 1312.00
  }, {
    "date" : "2025-09-04",
    "price" : 4504.95,
    "dma50" : 4491.40,
    "dma100" : 4372.54,
    "dma200" : 4439.44,
    "volume" : 1598.00
  }, {
    "date" : "2025-09-05",
    "price" : 4505.40,
    "dma50" : 4491.95,
    "dma100" : 4377.13,
    "dma200" : 4440.10,
    "volume" : 2510.00
  }, {
    "date" : "2025-09-08",
    "price" : 4528.20,
    "dma50" : 4493.37,
    "dma100" : 4381.11,
    "dma200" : 4440.97,
    "volume" : 2521.00
  }, {
    "date" : "2025-09-09",
    "price" : 4544.20,
    "dma50" : 4495.37,
    "dma100" : 4384.89,
    "dma200" : 4442.00,
    "volume" : 1020.00
  }, {
    "date" : "2025-09-10",
    "price" : 4570.50,
    "dma50" : 4498.31,
    "dma100" : 4389.49,
    "dma200" : 4443.28,
    "volume" : 5730.00
  }, {
    "date" : "2025-09-11",
    "price" : 4639.05,
    "dma50" : 4503.83,
    "dma100" : 4392.31,
    "dma200" : 4445.23,
    "volume" : 961.00
  }, {
    "date" : "2025-09-12",
    "price" : 4647.00,
    "dma50" : 4509.45,
    "dma100" : 4395.68,
    "dma200" : 4447.23,
    "volume" : 2352.00
  }, {
    "date" : "2025-09-15",
    "price" : 4645.10,
    "dma50" : 4514.77,
    "dma100" : 4398.23,
    "dma200" : 4449.20,
    "volume" : 6006.00
  }, {
    "date" : "2025-09-16",
    "price" : 4650.40,
    "dma50" : 4520.09,
    "dma100" : 4401.00,
    "dma200" : 4451.20,
    "volume" : 1358.00
  }, {
    "date" : "2025-09-17",
    "price" : 4653.40,
    "dma50" : 4525.31,
    "dma100" : 4405.32,
    "dma200" : 4453.22,
    "volume" : 2888.00
  }, {
    "date" : "2025-09-18",
    "price" : 4680.35,
    "dma50" : 4531.39,
    "dma100" : 4410.05,
    "dma200" : 4455.48,
    "volume" : 515.00
  }, {
    "date" : "2025-09-19",
    "price" : 4726.30,
    "dma50" : 4539.04,
    "dma100" : 4415.27,
    "dma200" : 4458.17,
    "volume" : 1957.00
  }, {
    "date" : "2025-09-22",
    "price" : 4707.70,
    "dma50" : 4545.65,
    "dma100" : 4420.88,
    "dma200" : 4460.65,
    "volume" : 1581.00
  }, {
    "date" : "2025-09-23",
    "price" : 4746.50,
    "dma50" : 4553.53,
    "dma100" : 4425.48,
    "dma200" : 4463.50,
    "volume" : 1520.00
  }, {
    "date" : "2025-09-24",
    "price" : 4741.35,
    "dma50" : 4560.89,
    "dma100" : 4430.68,
    "dma200" : 4466.26,
    "volume" : 850.00
  }, {
    "date" : "2025-09-25",
    "price" : 4831.40,
    "dma50" : 4571.50,
    "dma100" : 4437.76,
    "dma200" : 4469.90,
    "volume" : 2002.00
  }, {
    "date" : "2025-09-26",
    "price" : 4807.25,
    "dma50" : 4580.75,
    "dma100" : 4444.91,
    "dma200" : 4473.25,
    "volume" : 1868.00
  }, {
    "date" : "2025-09-29",
    "price" : 4828.40,
    "dma50" : 4590.46,
    "dma100" : 4453.60,
    "dma200" : 4476.79,
    "volume" : 658.00
  }, {
    "date" : "2025-09-30",
    "price" : 4859.10,
    "dma50" : 4600.99,
    "dma100" : 4462.18,
    "dma200" : 4480.59,
    "volume" : 889.00
  }, {
    "date" : "2025-10-01",
    "price" : 4965.80,
    "dma50" : 4615.30,
    "dma100" : 4471.36,
    "dma200" : 4485.42,
    "volume" : 2918.00
  }, {
    "date" : "2025-10-03",
    "price" : 4950.65,
    "dma50" : 4628.45,
    "dma100" : 4479.75,
    "dma200" : 4490.05,
    "volume" : 1263.00
  }, {
    "date" : "2025-10-06",
    "price" : 4910.05,
    "dma50" : 4639.49,
    "dma100" : 4487.27,
    "dma200" : 4494.23,
    "volume" : 867.00
  }, {
    "date" : "2025-10-07",
    "price" : 4937.75,
    "dma50" : 4651.19,
    "dma100" : 4495.45,
    "dma200" : 4498.64,
    "volume" : 1258.00
  }, {
    "date" : "2025-10-08",
    "price" : 4945.15,
    "dma50" : 4662.72,
    "dma100" : 4503.88,
    "dma200" : 4503.08,
    "volume" : 492.00
  }, {
    "date" : "2025-10-09",
    "price" : 4905.95,
    "dma50" : 4672.26,
    "dma100" : 4510.18,
    "dma200" : 4507.09,
    "volume" : 633.00
  }, {
    "date" : "2025-10-10",
    "price" : 5097.50,
    "dma50" : 4688.93,
    "dma100" : 4517.18,
    "dma200" : 4512.97,
    "volume" : 2054.00
  }, {
    "date" : "2025-10-13",
    "price" : 5082.25,
    "dma50" : 4704.36,
    "dma100" : 4524.27,
    "dma200" : 4518.63,
    "volume" : 1336.00
  }, {
    "date" : "2025-10-14",
    "price" : 5052.95,
    "dma50" : 4718.03,
    "dma100" : 4531.64,
    "dma200" : 4523.95,
    "volume" : 1289.00
  }, {
    "date" : "2025-10-15",
    "price" : 5081.40,
    "dma50" : 4732.28,
    "dma100" : 4539.05,
    "dma200" : 4529.49,
    "volume" : 1451.00
  }, {
    "date" : "2025-10-16",
    "price" : 5397.00,
    "dma50" : 4758.34,
    "dma100" : 4549.50,
    "dma200" : 4538.13,
    "volume" : 2577.00
  }, {
    "date" : "2025-10-17",
    "price" : 5348.90,
    "dma50" : 4781.50,
    "dma100" : 4559.24,
    "dma200" : 4546.19,
    "volume" : 2472.00
  }, {
    "date" : "2025-10-20",
    "price" : 5322.65,
    "dma50" : 4802.73,
    "dma100" : 4568.76,
    "dma200" : 4553.92,
    "volume" : 1274.00
  }, {
    "date" : "2025-10-21",
    "price" : 5278.00,
    "dma50" : 4821.36,
    "dma100" : 4578.75,
    "dma200" : 4561.12,
    "volume" : 461.00
  }, {
    "date" : "2025-10-23",
    "price" : 5407.75,
    "dma50" : 4844.36,
    "dma100" : 4589.40,
    "dma200" : 4569.55,
    "volume" : 1262.00
  }, {
    "date" : "2025-10-24",
    "price" : 5360.35,
    "dma50" : 4864.59,
    "dma100" : 4599.77,
    "dma200" : 4577.42,
    "volume" : 790.00
  }, {
    "date" : "2025-10-27",
    "price" : 5178.65,
    "dma50" : 4876.91,
    "dma100" : 4607.96,
    "dma200" : 4583.40,
    "volume" : 1238.00
  }, {
    "date" : "2025-10-28",
    "price" : 5166.90,
    "dma50" : 4888.28,
    "dma100" : 4615.96,
    "dma200" : 4589.21,
    "volume" : 590.00
  }, {
    "date" : "2025-10-29",
    "price" : 5100.45,
    "dma50" : 4896.60,
    "dma100" : 4623.44,
    "dma200" : 4594.29,
    "volume" : 892.00
  }, {
    "date" : "2025-10-30",
    "price" : 5173.35,
    "dma50" : 4907.46,
    "dma100" : 4631.19,
    "dma200" : 4600.05,
    "volume" : 610.00
  }, {
    "date" : "2025-10-31",
    "price" : 5235.70,
    "dma50" : 4920.33,
    "dma100" : 4639.44,
    "dma200" : 4606.38,
    "volume" : 1769.00
  }, {
    "date" : "2025-11-03",
    "price" : 5295.65,
    "dma50" : 4935.05,
    "dma100" : 4647.66,
    "dma200" : 4613.24,
    "volume" : 1148.00
  }, {
    "date" : "2025-11-04",
    "price" : 5287.65,
    "dma50" : 4948.87,
    "dma100" : 4655.55,
    "dma200" : 4619.95,
    "volume" : 1309.00
  }, {
    "date" : "2025-11-06",
    "price" : 5223.95,
    "dma50" : 4959.66,
    "dma100" : 4662.97,
    "dma200" : 4625.96,
    "volume" : 1261.00
  }, {
    "date" : "2025-11-07",
    "price" : 5213.15,
    "dma50" : 4969.60,
    "dma100" : 4670.93,
    "dma200" : 4631.80,
    "volume" : 754.00
  }, {
    "date" : "2025-11-10",
    "price" : 5244.75,
    "dma50" : 4980.39,
    "dma100" : 4679.26,
    "dma200" : 4637.90,
    "volume" : 799.00
  }, {
    "date" : "2025-11-11",
    "price" : 5190.70,
    "dma50" : 4988.64,
    "dma100" : 4686.92,
    "dma200" : 4643.40,
    "volume" : 559.00
  }, {
    "date" : "2025-11-12",
    "price" : 5211.65,
    "dma50" : 4997.38,
    "dma100" : 4695.39,
    "dma200" : 4649.05,
    "volume" : 550.00
  }, {
    "date" : "2025-11-13",
    "price" : 5245.35,
    "dma50" : 5007.11,
    "dma100" : 4705.18,
    "dma200" : 4654.99,
    "volume" : 539.00
  }, {
    "date" : "2025-11-14",
    "price" : 5248.25,
    "dma50" : 5016.57,
    "dma100" : 4714.54,
    "dma200" : 4660.89,
    "volume" : 451.00
  }, {
    "date" : "2025-11-17",
    "price" : 5242.35,
    "dma50" : 5025.42,
    "dma100" : 4723.99,
    "dma200" : 4666.68,
    "volume" : 528.00
  }, {
    "date" : "2025-11-18",
    "price" : 5231.55,
    "dma50" : 5033.50,
    "dma100" : 4733.31,
    "dma200" : 4672.30,
    "volume" : 631.00
  }, {
    "date" : "2025-11-19",
    "price" : 5288.85,
    "dma50" : 5043.52,
    "dma100" : 4743.06,
    "dma200" : 4678.43,
    "volume" : 1277.00
  }, {
    "date" : "2025-11-20",
    "price" : 5240.50,
    "dma50" : 5051.24,
    "dma100" : 4752.30,
    "dma200" : 4684.03,
    "volume" : 652.00
  }, {
    "date" : "2025-11-21",
    "price" : 5197.50,
    "dma50" : 5056.98,
    "dma100" : 4761.09,
    "dma200" : 4689.13,
    "volume" : 375.00
  }, {
    "date" : "2025-11-24",
    "price" : 5167.10,
    "dma50" : 5061.30,
    "dma100" : 4767.54,
    "dma200" : 4693.89,
    "volume" : 209.00
  }, {
    "date" : "2025-11-25",
    "price" : 5161.05,
    "dma50" : 5065.21,
    "dma100" : 4775.31,
    "dma200" : 4698.54,
    "volume" : 497.00
  }, {
    "date" : "2025-11-26",
    "price" : 5156.40,
    "dma50" : 5068.78,
    "dma100" : 4783.70,
    "dma200" : 4703.09,
    "volume" : 751.00
  }, {
    "date" : "2025-11-27",
    "price" : 5400.25,
    "dma50" : 5081.78,
    "dma100" : 4794.45,
    "dma200" : 4710.03,
    "volume" : 9903.00
  }, {
    "date" : "2025-11-28",
    "price" : 5735.30,
    "dma50" : 5107.41,
    "dma100" : 4808.71,
    "dma200" : 4720.23,
    "volume" : 4581.00
  }, {
    "date" : "2025-12-01",
    "price" : 5758.80,
    "dma50" : 5132.96,
    "dma100" : 4821.82,
    "dma200" : 4730.57,
    "volume" : 1359.00
  }, {
    "date" : "2025-12-02",
    "price" : 5691.45,
    "dma50" : 5154.86,
    "dma100" : 4833.94,
    "dma200" : 4740.13,
    "volume" : 1240.00
  }, {
    "date" : "2025-12-03",
    "price" : 5566.75,
    "dma50" : 5171.01,
    "dma100" : 4844.78,
    "dma200" : 4748.35,
    "volume" : 1170.00
  }, {
    "date" : "2025-12-04",
    "price" : 5496.95,
    "dma50" : 5183.79,
    "dma100" : 4854.80,
    "dma200" : 4755.80,
    "volume" : 1202.00
  }, {
    "date" : "2025-12-05",
    "price" : 5455.60,
    "dma50" : 5194.45,
    "dma100" : 4864.39,
    "dma200" : 4762.76,
    "volume" : 598.00
  }, {
    "date" : "2025-12-08",
    "price" : 5358.65,
    "dma50" : 5200.89,
    "dma100" : 4873.58,
    "dma200" : 4768.69,
    "volume" : 1118.00
  }, {
    "date" : "2025-12-09",
    "price" : 5314.80,
    "dma50" : 5205.36,
    "dma100" : 4882.02,
    "dma200" : 4774.13,
    "volume" : 2796.00
  }, {
    "date" : "2025-12-10",
    "price" : 5425.70,
    "dma50" : 5214.00,
    "dma100" : 4891.75,
    "dma200" : 4780.61,
    "volume" : 2471.00
  }, {
    "date" : "2025-12-11",
    "price" : 5497.70,
    "dma50" : 5225.12,
    "dma100" : 4902.21,
    "dma200" : 4787.75,
    "volume" : 607.00
  }, {
    "date" : "2025-12-12",
    "price" : 5540.95,
    "dma50" : 5237.51,
    "dma100" : 4913.20,
    "dma200" : 4795.24,
    "volume" : 773.00
  }, {
    "date" : "2025-12-15",
    "price" : 5455.95,
    "dma50" : 5246.08,
    "dma100" : 4923.67,
    "dma200" : 4801.82,
    "volume" : 836.00
  }, {
    "date" : "2025-12-16",
    "price" : 5463.70,
    "dma50" : 5254.61,
    "dma100" : 4934.12,
    "dma200" : 4808.40,
    "volume" : 300.00
  }, {
    "date" : "2025-12-17",
    "price" : 5489.20,
    "dma50" : 5263.81,
    "dma100" : 4945.37,
    "dma200" : 4815.18,
    "volume" : 569.00
  }, {
    "date" : "2025-12-18",
    "price" : 5455.15,
    "dma50" : 5271.31,
    "dma100" : 4956.50,
    "dma200" : 4821.54,
    "volume" : 507.00
  }, {
    "date" : "2025-12-19",
    "price" : 5471.35,
    "dma50" : 5279.16,
    "dma100" : 4967.18,
    "dma200" : 4828.01,
    "volume" : 544.00
  }, {
    "date" : "2025-12-22",
    "price" : 5444.30,
    "dma50" : 5285.63,
    "dma100" : 4978.23,
    "dma200" : 4834.14,
    "volume" : 1101.00
  }, {
    "date" : "2025-12-23",
    "price" : 5316.85,
    "dma50" : 5286.86,
    "dma100" : 4987.46,
    "dma200" : 4838.94,
    "volume" : 1238.00
  }, {
    "date" : "2025-12-24",
    "price" : 5389.20,
    "dma50" : 5290.87,
    "dma100" : 4996.60,
    "dma200" : 4844.42,
    "volume" : 475.00
  }, {
    "date" : "2025-12-26",
    "price" : 5394.90,
    "dma50" : 5294.95,
    "dma100" : 5006.73,
    "dma200" : 4849.90,
    "volume" : 370.00
  }, {
    "date" : "2025-12-29",
    "price" : 5333.70,
    "dma50" : 5296.47,
    "dma100" : 5015.78,
    "dma200" : 4854.71,
    "volume" : 622.00
  }, {
    "date" : "2025-12-30",
    "price" : 5370.45,
    "dma50" : 5299.37,
    "dma100" : 5025.02,
    "dma200" : 4859.84,
    "volume" : 948.00
  }, {
    "date" : "2025-12-31",
    "price" : 5334.35,
    "dma50" : 5300.74,
    "dma100" : 5034.63,
    "dma200" : 4864.56,
    "volume" : 489.00
  }, {
    "date" : "2026-01-01",
    "price" : 5327.35,
    "dma50" : 5301.79,
    "dma100" : 5044.39,
    "dma200" : 4869.17,
    "volume" : 231.00
  }, {
    "date" : "2026-01-02",
    "price" : 5455.95,
    "dma50" : 5307.83,
    "dma100" : 5055.29,
    "dma200" : 4875.01,
    "volume" : 1977.00
  }, {
    "date" : "2026-01-05",
    "price" : 5254.10,
    "dma50" : 5305.73,
    "dma100" : 5063.78,
    "dma200" : 4878.78,
    "volume" : 1969.00
  }, {
    "date" : "2026-01-06",
    "price" : 5279.80,
    "dma50" : 5304.71,
    "dma100" : 5072.33,
    "dma200" : 4882.77,
    "volume" : 974.00
  }, {
    "date" : "2026-01-07",
    "price" : 5286.10,
    "dma50" : 5303.98,
    "dma100" : 5080.03,
    "dma200" : 4886.78,
    "volume" : 848.00
  }, {
    "date" : "2026-01-08",
    "price" : 5173.10,
    "dma50" : 5298.85,
    "dma100" : 5087.27,
    "dma200" : 4889.63,
    "volume" : 1190.00
  }, {
    "date" : "2026-01-09",
    "price" : 5098.25,
    "dma50" : 5290.98,
    "dma100" : 5093.24,
    "dma200" : 4891.71,
    "volume" : 2559.00
  }, {
    "date" : "2026-01-12",
    "price" : 5014.10,
    "dma50" : 5280.12,
    "dma100" : 5098.60,
    "dma200" : 4892.93,
    "volume" : 1278.00
  }, {
    "date" : "2026-01-13",
    "price" : 4977.35,
    "dma50" : 5268.25,
    "dma100" : 5103.92,
    "dma200" : 4893.77,
    "volume" : 1739.00
  }, {
    "date" : "2026-01-14",
    "price" : 5055.55,
    "dma50" : 5259.91,
    "dma100" : 5109.45,
    "dma200" : 4895.38,
    "volume" : 445.00
  }, {
    "date" : "2026-01-16",
    "price" : 4982.20,
    "dma50" : 5249.02,
    "dma100" : 5114.04,
    "dma200" : 4896.24,
    "volume" : 681.00
  }, {
    "date" : "2026-01-19",
    "price" : 4960.55,
    "dma50" : 5237.70,
    "dma100" : 5114.42,
    "dma200" : 4896.88,
    "volume" : 1114.00
  }, {
    "date" : "2026-01-20",
    "price" : 4827.60,
    "dma50" : 5221.62,
    "dma100" : 5109.46,
    "dma200" : 4896.19,
    "volume" : 1957.00
  }, {
    "date" : "2026-01-21",
    "price" : 4917.90,
    "dma50" : 5209.71,
    "dma100" : 5107.19,
    "dma200" : 4896.41,
    "volume" : 735.00
  }, {
    "date" : "2026-01-22",
    "price" : 4810.35,
    "dma50" : 5194.05,
    "dma100" : 5110.80,
    "dma200" : 4895.55,
    "volume" : 546.00
  }, {
    "date" : "2026-01-23",
    "price" : 4752.55,
    "dma50" : 5176.74,
    "dma100" : 5113.60,
    "dma200" : 4894.13,
    "volume" : 1225.00
  }, {
    "date" : "2026-01-27",
    "price" : 4674.15,
    "dma50" : 5157.03,
    "dma100" : 5115.81,
    "dma200" : 4891.94,
    "volume" : 818.00
  }, {
    "date" : "2026-01-28",
    "price" : 4655.75,
    "dma50" : 5137.37,
    "dma100" : 5117.34,
    "dma200" : 4889.59,
    "volume" : 2362.00
  }, {
    "date" : "2026-01-29",
    "price" : 4620.10,
    "dma50" : 5117.08,
    "dma100" : 5118.47,
    "dma200" : 4886.91,
    "volume" : 1525.00
  }, {
    "date" : "2026-01-30",
    "price" : 4650.20,
    "dma50" : 5098.77,
    "dma100" : 5119.92,
    "dma200" : 4884.55,
    "volume" : 1372.00
  }, {
    "date" : "2026-02-01",
    "price" : 4699.55,
    "dma50" : 5083.12,
    "dma100" : 5121.86,
    "dma200" : 4882.71,
    "volume" : 1185.00
  }, {
    "date" : "2026-02-02",
    "price" : 4670.45,
    "dma50" : 5066.94,
    "dma100" : 5123.29,
    "dma200" : 4880.60,
    "volume" : 843.00
  }, {
    "date" : "2026-02-03",
    "price" : 4676.95,
    "dma50" : 5051.64,
    "dma100" : 5124.61,
    "dma200" : 4878.57,
    "volume" : 2038.00
  }, {
    "date" : "2026-02-04",
    "price" : 4792.75,
    "dma50" : 5041.49,
    "dma100" : 5126.84,
    "dma200" : 4877.72,
    "volume" : 1759.00
  }, {
    "date" : "2026-02-05",
    "price" : 4681.75,
    "dma50" : 5027.38,
    "dma100" : 5127.26,
    "dma200" : 4875.77,
    "volume" : 1184.00
  }, {
    "date" : "2026-02-06",
    "price" : 4688.90,
    "dma50" : 5014.11,
    "dma100" : 5127.68,
    "dma200" : 4873.91,
    "volume" : 929.00
  }, {
    "date" : "2026-02-09",
    "price" : 4711.15,
    "dma50" : 5002.23,
    "dma100" : 5128.34,
    "dma200" : 4872.29,
    "volume" : 2000.00
  }, {
    "date" : "2026-02-10",
    "price" : 4835.80,
    "dma50" : 4995.70,
    "dma100" : 5130.20,
    "dma200" : 4871.93,
    "volume" : 647.00
  }, {
    "date" : "2026-02-11",
    "price" : 4840.10,
    "dma50" : 4989.60,
    "dma100" : 5132.06,
    "dma200" : 4871.61,
    "volume" : 410.00
  }, {
    "date" : "2026-02-12",
    "price" : 4832.05,
    "dma50" : 4983.42,
    "dma100" : 5133.58,
    "dma200" : 4871.22,
    "volume" : 686.00
  }, {
    "date" : "2026-02-13",
    "price" : 4742.70,
    "dma50" : 4973.98,
    "dma100" : 5133.74,
    "dma200" : 4869.94,
    "volume" : 1134.00
  }, {
    "date" : "2026-02-16",
    "price" : 4746.15,
    "dma50" : 4965.05,
    "dma100" : 5134.13,
    "dma200" : 4868.71,
    "volume" : 940.00
  }, {
    "date" : "2026-02-17",
    "price" : 4778.00,
    "dma50" : 4957.71,
    "dma100" : 5134.44,
    "dma200" : 4867.80,
    "volume" : 290.00
  }, {
    "date" : "2026-02-18",
    "price" : 4787.70,
    "dma50" : 4951.04,
    "dma100" : 5134.91,
    "dma200" : 4867.01,
    "volume" : 692.00
  }, {
    "date" : "2026-02-19",
    "price" : 4771.45,
    "dma50" : 4944.00,
    "dma100" : 5134.31,
    "dma200" : 4866.05,
    "volume" : 2519.00
  }, {
    "date" : "2026-02-20",
    "price" : 4686.45,
    "dma50" : 4933.90,
    "dma100" : 5133.10,
    "dma200" : 4864.27,
    "volume" : 1415.00
  } ],
  "latestTechnicalAttributes" : {
    "date" : "2026-02-20",
    "price" : 4686.45,
    "dma50" : 4933.90,
    "dma100" : 5133.10,
    "dma200" : 4864.27,
    "volume" : 1415.00
  },
  "quarterlyResults" : [ {
    "date" : "2005-03-31",
    "sales" : 2.63,
    "salesGrowthYoY" : null,
    "grossProfitMargin" : 85.55,
    "grossProfit" : 2.25,
    "operatingProfitMargin" : -3.80,
    "operatingProfit" : -0.10,
    "netProfitMargin" : 5.32,
    "netProfit" : 0.14
  }, {
    "date" : "2005-06-30",
    "sales" : 3.63,
    "salesGrowthYoY" : null,
    "grossProfitMargin" : 76.03,
    "grossProfit" : 2.76,
    "operatingProfitMargin" : 20.66,
    "operatingProfit" : 0.75,
    "netProfitMargin" : 11.29,
    "netProfit" : 0.41
  }, {
    "date" : "2005-09-30",
    "sales" : 3.47,
    "salesGrowthYoY" : null,
    "grossProfitMargin" : 79.25,
    "grossProfit" : 2.75,
    "operatingProfitMargin" : 21.90,
    "operatingProfit" : 0.76,
    "netProfitMargin" : 10.09,
    "netProfit" : 0.35
  }, {
    "date" : "2005-12-31",
    "sales" : 3.24,
    "salesGrowthYoY" : null,
    "grossProfitMargin" : 87.96,
    "grossProfit" : 2.85,
    "operatingProfitMargin" : 20.06,
    "operatingProfit" : 0.65,
    "netProfitMargin" : 8.64,
    "netProfit" : 0.28
  }, {
    "date" : "2006-03-31",
    "sales" : 2.88,
    "salesGrowthYoY" : 9.51,
    "grossProfitMargin" : 73.26,
    "grossProfit" : 2.11,
    "operatingProfitMargin" : -33.68,
    "operatingProfit" : -0.97,
    "netProfitMargin" : -12.85,
    "netProfit" : -0.37
  }, {
    "date" : "2006-06-30",
    "sales" : 4.86,
    "salesGrowthYoY" : 33.88,
    "grossProfitMargin" : 88.48,
    "grossProfit" : 4.30,
    "operatingProfitMargin" : 24.07,
    "operatingProfit" : 1.17,
    "netProfitMargin" : 12.96,
    "netProfit" : 0.63
  }, {
    "date" : "2006-09-30",
    "sales" : 5.29,
    "salesGrowthYoY" : 52.45,
    "grossProfitMargin" : 88.85,
    "grossProfit" : 4.70,
    "operatingProfitMargin" : 19.85,
    "operatingProfit" : 1.05,
    "netProfitMargin" : 8.51,
    "netProfit" : 0.45
  }, {
    "date" : "2006-12-31",
    "sales" : 5.35,
    "salesGrowthYoY" : 65.12,
    "grossProfitMargin" : 90.84,
    "grossProfit" : 4.86,
    "operatingProfitMargin" : 14.39,
    "operatingProfit" : 0.77,
    "netProfitMargin" : 6.73,
    "netProfit" : 0.36
  }, {
    "date" : "2007-03-31",
    "sales" : 6.01,
    "salesGrowthYoY" : 108.68,
    "grossProfitMargin" : 93.01,
    "grossProfit" : 5.59,
    "operatingProfitMargin" : 10.65,
    "operatingProfit" : 0.64,
    "netProfitMargin" : -4.49,
    "netProfit" : -0.27
  }, {
    "date" : "2007-06-30",
    "sales" : 7.69,
    "salesGrowthYoY" : 58.23,
    "grossProfitMargin" : 84.27,
    "grossProfit" : 6.48,
    "operatingProfitMargin" : 19.51,
    "operatingProfit" : 1.50,
    "netProfitMargin" : 11.70,
    "netProfit" : 0.90
  }, {
    "date" : "2007-09-30",
    "sales" : 8.71,
    "salesGrowthYoY" : 64.65,
    "grossProfitMargin" : 89.55,
    "grossProfit" : 7.80,
    "operatingProfitMargin" : 16.53,
    "operatingProfit" : 1.44,
    "netProfitMargin" : 3.21,
    "netProfit" : 0.28
  }, {
    "date" : "2007-12-31",
    "sales" : 10.83,
    "salesGrowthYoY" : 102.43,
    "grossProfitMargin" : 92.24,
    "grossProfit" : 9.99,
    "operatingProfitMargin" : -12.93,
    "operatingProfit" : -1.40,
    "netProfitMargin" : -21.98,
    "netProfit" : -2.38
  }, {
    "date" : "2008-03-31",
    "sales" : 12.95,
    "salesGrowthYoY" : 115.47,
    "grossProfitMargin" : 82.63,
    "grossProfit" : 10.70,
    "operatingProfitMargin" : 19.31,
    "operatingProfit" : 2.50,
    "netProfitMargin" : 4.94,
    "netProfit" : 0.64
  }, {
    "date" : "2008-06-30",
    "sales" : 15.55,
    "salesGrowthYoY" : 102.21,
    "grossProfitMargin" : 81.22,
    "grossProfit" : 12.63,
    "operatingProfitMargin" : 8.87,
    "operatingProfit" : 1.38,
    "netProfitMargin" : -2.38,
    "netProfit" : -0.37
  }, {
    "date" : "2008-09-30",
    "sales" : 18.03,
    "salesGrowthYoY" : 107.00,
    "grossProfitMargin" : 74.54,
    "grossProfit" : 13.44,
    "operatingProfitMargin" : 2.16,
    "operatingProfit" : 0.39,
    "netProfitMargin" : -9.76,
    "netProfit" : -1.76
  }, {
    "date" : "2008-12-31",
    "sales" : 18.71,
    "salesGrowthYoY" : 72.76,
    "grossProfitMargin" : 80.97,
    "grossProfit" : 15.15,
    "operatingProfitMargin" : 15.87,
    "operatingProfit" : 2.97,
    "netProfitMargin" : 3.37,
    "netProfit" : 0.63
  }, {
    "date" : "2009-03-31",
    "sales" : 20.48,
    "salesGrowthYoY" : 58.15,
    "grossProfitMargin" : 80.27,
    "grossProfit" : 16.44,
    "operatingProfitMargin" : 21.58,
    "operatingProfit" : 4.42,
    "netProfitMargin" : 8.35,
    "netProfit" : 1.71
  }, {
    "date" : "2009-06-30",
    "sales" : 21.49,
    "salesGrowthYoY" : 38.20,
    "grossProfitMargin" : 76.50,
    "grossProfit" : 16.44,
    "operatingProfitMargin" : 10.19,
    "operatingProfit" : 2.19,
    "netProfitMargin" : 0.14,
    "netProfit" : 0.03
  }, {
    "date" : "2009-09-30",
    "sales" : 21.74,
    "salesGrowthYoY" : 20.58,
    "grossProfitMargin" : 75.94,
    "grossProfit" : 16.51,
    "operatingProfitMargin" : 9.52,
    "operatingProfit" : 2.07,
    "netProfitMargin" : -1.15,
    "netProfit" : -0.25
  }, {
    "date" : "2009-12-31",
    "sales" : 20.81,
    "salesGrowthYoY" : 11.22,
    "grossProfitMargin" : 75.73,
    "grossProfit" : 15.76,
    "operatingProfitMargin" : 3.12,
    "operatingProfit" : 0.65,
    "netProfitMargin" : -8.27,
    "netProfit" : -1.72
  }, {
    "date" : "2010-03-31",
    "sales" : 23.93,
    "salesGrowthYoY" : 16.85,
    "grossProfitMargin" : 81.95,
    "grossProfit" : 19.61,
    "operatingProfitMargin" : 22.90,
    "operatingProfit" : 5.48,
    "netProfitMargin" : 10.32,
    "netProfit" : 2.47
  }, {
    "date" : "2010-06-30",
    "sales" : 26.45,
    "salesGrowthYoY" : 23.08,
    "grossProfitMargin" : 78.68,
    "grossProfit" : 20.81,
    "operatingProfitMargin" : 16.56,
    "operatingProfit" : 4.38,
    "netProfitMargin" : 4.57,
    "netProfit" : 1.21
  }, {
    "date" : "2010-09-30",
    "sales" : 25.35,
    "salesGrowthYoY" : 16.61,
    "grossProfitMargin" : 77.08,
    "grossProfit" : 19.54,
    "operatingProfitMargin" : 11.48,
    "operatingProfit" : 2.91,
    "netProfitMargin" : 1.54,
    "netProfit" : 0.39
  }, {
    "date" : "2010-12-31",
    "sales" : 23.52,
    "salesGrowthYoY" : 13.02,
    "grossProfitMargin" : 78.83,
    "grossProfit" : 18.54,
    "operatingProfitMargin" : 6.85,
    "operatingProfit" : 1.61,
    "netProfitMargin" : -2.00,
    "netProfit" : -0.47
  }, {
    "date" : "2011-03-31",
    "sales" : 27.43,
    "salesGrowthYoY" : 14.63,
    "grossProfitMargin" : 78.05,
    "grossProfit" : 21.41,
    "operatingProfitMargin" : 13.23,
    "operatingProfit" : 3.63,
    "netProfitMargin" : 3.35,
    "netProfit" : 0.92
  }, {
    "date" : "2011-06-30",
    "sales" : 27.34,
    "salesGrowthYoY" : 3.36,
    "grossProfitMargin" : 78.05,
    "grossProfit" : 21.34,
    "operatingProfitMargin" : 15.65,
    "operatingProfit" : 4.28,
    "netProfitMargin" : 4.72,
    "netProfit" : 1.29
  }, {
    "date" : "2011-09-30",
    "sales" : 25.93,
    "salesGrowthYoY" : 2.29,
    "grossProfitMargin" : 75.24,
    "grossProfit" : 19.51,
    "operatingProfitMargin" : 8.10,
    "operatingProfit" : 2.10,
    "netProfitMargin" : 1.31,
    "netProfit" : 0.34
  }, {
    "date" : "2011-12-31",
    "sales" : 24.11,
    "salesGrowthYoY" : 2.51,
    "grossProfitMargin" : 76.48,
    "grossProfit" : 18.44,
    "operatingProfitMargin" : 7.13,
    "operatingProfit" : 1.72,
    "netProfitMargin" : -2.61,
    "netProfit" : -0.63
  }, {
    "date" : "2012-03-31",
    "sales" : 26.13,
    "salesGrowthYoY" : -4.74,
    "grossProfitMargin" : 77.84,
    "grossProfit" : 20.34,
    "operatingProfitMargin" : 10.52,
    "operatingProfit" : 2.75,
    "netProfitMargin" : 2.26,
    "netProfit" : 0.59
  }, {
    "date" : "2012-06-30",
    "sales" : 27.18,
    "salesGrowthYoY" : -0.59,
    "grossProfitMargin" : 77.56,
    "grossProfit" : 21.08,
    "operatingProfitMargin" : 12.69,
    "operatingProfit" : 3.45,
    "netProfitMargin" : 5.92,
    "netProfit" : 1.61
  }, {
    "date" : "2012-09-30",
    "sales" : 28.04,
    "salesGrowthYoY" : 8.14,
    "grossProfitMargin" : 75.46,
    "grossProfit" : 21.16,
    "operatingProfitMargin" : 7.06,
    "operatingProfit" : 1.98,
    "netProfitMargin" : -1.50,
    "netProfit" : -0.42
  }, {
    "date" : "2012-12-31",
    "sales" : 25.30,
    "salesGrowthYoY" : 4.94,
    "grossProfitMargin" : 78.18,
    "grossProfit" : 19.78,
    "operatingProfitMargin" : 10.95,
    "operatingProfit" : 2.77,
    "netProfitMargin" : 4.27,
    "netProfit" : 1.08
  }, {
    "date" : "2013-03-31",
    "sales" : 27.74,
    "salesGrowthYoY" : 6.16,
    "grossProfitMargin" : 80.25,
    "grossProfit" : 22.26,
    "operatingProfitMargin" : 13.27,
    "operatingProfit" : 3.68,
    "netProfitMargin" : 3.17,
    "netProfit" : 0.88
  }, {
    "date" : "2013-06-30",
    "sales" : 28.33,
    "salesGrowthYoY" : 4.23,
    "grossProfitMargin" : 78.72,
    "grossProfit" : 22.30,
    "operatingProfitMargin" : 9.50,
    "operatingProfit" : 2.69,
    "netProfitMargin" : 4.27,
    "netProfit" : 1.21
  }, {
    "date" : "2013-09-30",
    "sales" : 28.33,
    "salesGrowthYoY" : 1.03,
    "grossProfitMargin" : 78.75,
    "grossProfit" : 22.31,
    "operatingProfitMargin" : 9.64,
    "operatingProfit" : 2.73,
    "netProfitMargin" : 3.64,
    "netProfit" : 1.03
  }, {
    "date" : "2013-12-31",
    "sales" : 28.10,
    "salesGrowthYoY" : 11.07,
    "grossProfitMargin" : 78.93,
    "grossProfit" : 22.18,
    "operatingProfitMargin" : 7.79,
    "operatingProfit" : 2.19,
    "netProfitMargin" : 0.46,
    "netProfit" : 0.13
  }, {
    "date" : "2014-03-31",
    "sales" : 27.89,
    "salesGrowthYoY" : 0.54,
    "grossProfitMargin" : 75.62,
    "grossProfit" : 21.09,
    "operatingProfitMargin" : 10.25,
    "operatingProfit" : 2.86,
    "netProfitMargin" : 0.22,
    "netProfit" : 0.06
  }, {
    "date" : "2014-06-30",
    "sales" : 29.44,
    "salesGrowthYoY" : 3.92,
    "grossProfitMargin" : 75.31,
    "grossProfit" : 22.17,
    "operatingProfitMargin" : 13.15,
    "operatingProfit" : 3.87,
    "netProfitMargin" : 6.25,
    "netProfit" : 1.84
  }, {
    "date" : "2014-09-30",
    "sales" : 30.08,
    "salesGrowthYoY" : 6.18,
    "grossProfitMargin" : 87.60,
    "grossProfit" : 26.35,
    "operatingProfitMargin" : 12.23,
    "operatingProfit" : 3.68,
    "netProfitMargin" : 5.05,
    "netProfit" : 1.52
  }, {
    "date" : "2014-12-31",
    "sales" : 28.63,
    "salesGrowthYoY" : 1.89,
    "grossProfitMargin" : 85.61,
    "grossProfit" : 24.51,
    "operatingProfitMargin" : 8.14,
    "operatingProfit" : 2.33,
    "netProfitMargin" : 1.47,
    "netProfit" : 0.42
  }, {
    "date" : "2015-03-31",
    "sales" : 30.01,
    "salesGrowthYoY" : 7.60,
    "grossProfitMargin" : 80.71,
    "grossProfit" : 24.22,
    "operatingProfitMargin" : 14.23,
    "operatingProfit" : 4.27,
    "netProfitMargin" : 6.40,
    "netProfit" : 1.92
  }, {
    "date" : "2015-06-30",
    "sales" : 36.02,
    "salesGrowthYoY" : 22.35,
    "grossProfitMargin" : 74.63,
    "grossProfit" : 26.88,
    "operatingProfitMargin" : 6.02,
    "operatingProfit" : 2.17,
    "netProfitMargin" : 0.39,
    "netProfit" : 0.14
  }, {
    "date" : "2015-09-30",
    "sales" : 36.73,
    "salesGrowthYoY" : 22.11,
    "grossProfitMargin" : 74.82,
    "grossProfit" : 27.48,
    "operatingProfitMargin" : 11.84,
    "operatingProfit" : 4.35,
    "netProfitMargin" : 2.48,
    "netProfit" : 0.91
  }, {
    "date" : "2015-12-31",
    "sales" : 28.49,
    "salesGrowthYoY" : -0.49,
    "grossProfitMargin" : 77.40,
    "grossProfit" : 22.05,
    "operatingProfitMargin" : 1.79,
    "operatingProfit" : 0.51,
    "netProfitMargin" : -6.25,
    "netProfit" : -1.78
  }, {
    "date" : "2016-03-31",
    "sales" : 35.32,
    "salesGrowthYoY" : 17.69,
    "grossProfitMargin" : 75.08,
    "grossProfit" : 26.52,
    "operatingProfitMargin" : 12.63,
    "operatingProfit" : 4.46,
    "netProfitMargin" : 2.18,
    "netProfit" : 0.77
  }, {
    "date" : "2016-06-30",
    "sales" : 38.37,
    "salesGrowthYoY" : 6.52,
    "grossProfitMargin" : 70.97,
    "grossProfit" : 27.23,
    "operatingProfitMargin" : 15.45,
    "operatingProfit" : 5.93,
    "netProfitMargin" : 5.63,
    "netProfit" : 2.16
  }, {
    "date" : "2016-09-30",
    "sales" : 39.32,
    "salesGrowthYoY" : 7.05,
    "grossProfitMargin" : 74.47,
    "grossProfit" : 29.28,
    "operatingProfitMargin" : 13.35,
    "operatingProfit" : 5.25,
    "netProfitMargin" : 4.81,
    "netProfit" : 1.89
  }, {
    "date" : "2016-12-31",
    "sales" : 34.15,
    "salesGrowthYoY" : 19.87,
    "grossProfitMargin" : 86.03,
    "grossProfit" : 29.38,
    "operatingProfitMargin" : 7.76,
    "operatingProfit" : 2.65,
    "netProfitMargin" : -0.35,
    "netProfit" : -0.12
  }, {
    "date" : "2017-03-31",
    "sales" : 36.70,
    "salesGrowthYoY" : 3.91,
    "grossProfitMargin" : 84.82,
    "grossProfit" : 31.13,
    "operatingProfitMargin" : 23.02,
    "operatingProfit" : 8.45,
    "netProfitMargin" : 9.35,
    "netProfit" : 3.43
  }, {
    "date" : "2017-06-30",
    "sales" : 41.83,
    "salesGrowthYoY" : 9.02,
    "grossProfitMargin" : 79.11,
    "grossProfit" : 33.09,
    "operatingProfitMargin" : 23.57,
    "operatingProfit" : 9.86,
    "netProfitMargin" : 11.57,
    "netProfit" : 4.84
  }, {
    "date" : "2017-09-30",
    "sales" : 39.30,
    "salesGrowthYoY" : -0.05,
    "grossProfitMargin" : 88.78,
    "grossProfit" : 34.89,
    "operatingProfitMargin" : 22.60,
    "operatingProfit" : 8.88,
    "netProfitMargin" : 10.43,
    "netProfit" : 4.10
  }, {
    "date" : "2017-12-31",
    "sales" : 34.61,
    "salesGrowthYoY" : 1.35,
    "grossProfitMargin" : 87.89,
    "grossProfit" : 30.42,
    "operatingProfitMargin" : 0.81,
    "operatingProfit" : 0.28,
    "netProfitMargin" : -3.84,
    "netProfit" : -1.33
  }, {
    "date" : "2018-03-31",
    "sales" : 37.58,
    "salesGrowthYoY" : 2.40,
    "grossProfitMargin" : 86.62,
    "grossProfit" : 32.55,
    "operatingProfitMargin" : 11.79,
    "operatingProfit" : 4.43,
    "netProfitMargin" : -2.21,
    "netProfit" : -0.83
  }, {
    "date" : "2018-06-30",
    "sales" : 44.39,
    "salesGrowthYoY" : 6.12,
    "grossProfitMargin" : 88.60,
    "grossProfit" : 39.33,
    "operatingProfitMargin" : 21.92,
    "operatingProfit" : 9.73,
    "netProfitMargin" : 11.78,
    "netProfit" : 5.23
  }, {
    "date" : "2018-09-30",
    "sales" : 43.95,
    "salesGrowthYoY" : 11.83,
    "grossProfitMargin" : 88.76,
    "grossProfit" : 39.01,
    "operatingProfitMargin" : 19.77,
    "operatingProfit" : 8.69,
    "netProfitMargin" : 9.06,
    "netProfit" : 3.98
  }, {
    "date" : "2018-12-31",
    "sales" : 40.66,
    "salesGrowthYoY" : 17.48,
    "grossProfitMargin" : 84.48,
    "grossProfit" : 34.35,
    "operatingProfitMargin" : 10.03,
    "operatingProfit" : 4.08,
    "netProfitMargin" : 2.83,
    "netProfit" : 1.15
  }, {
    "date" : "2019-03-31",
    "sales" : 41.05,
    "salesGrowthYoY" : 9.23,
    "grossProfitMargin" : 93.08,
    "grossProfit" : 38.21,
    "operatingProfitMargin" : 15.69,
    "operatingProfit" : 6.44,
    "netProfitMargin" : 3.80,
    "netProfit" : 1.56
  }, {
    "date" : "2019-06-30",
    "sales" : 46.52,
    "salesGrowthYoY" : 4.80,
    "grossProfitMargin" : 86.76,
    "grossProfit" : 40.36,
    "operatingProfitMargin" : 29.36,
    "operatingProfit" : 13.66,
    "netProfitMargin" : 10.36,
    "netProfit" : 4.82
  }, {
    "date" : "2019-09-30",
    "sales" : 45.54,
    "salesGrowthYoY" : 3.62,
    "grossProfitMargin" : 88.25,
    "grossProfit" : 40.19,
    "operatingProfitMargin" : 27.03,
    "operatingProfit" : 12.31,
    "netProfitMargin" : 7.00,
    "netProfit" : 3.19
  }, {
    "date" : "2019-12-31",
    "sales" : 43.58,
    "salesGrowthYoY" : 7.18,
    "grossProfitMargin" : 86.03,
    "grossProfit" : 37.49,
    "operatingProfitMargin" : 22.83,
    "operatingProfit" : 9.95,
    "netProfitMargin" : 5.60,
    "netProfit" : 2.44
  }, {
    "date" : "2020-03-31",
    "sales" : 40.31,
    "salesGrowthYoY" : -1.80,
    "grossProfitMargin" : 88.99,
    "grossProfit" : 35.87,
    "operatingProfitMargin" : 25.58,
    "operatingProfit" : 10.31,
    "netProfitMargin" : 8.01,
    "netProfit" : 3.23
  }, {
    "date" : "2020-06-30",
    "sales" : 15.02,
    "salesGrowthYoY" : -67.71,
    "grossProfitMargin" : 85.15,
    "grossProfit" : 12.79,
    "operatingProfitMargin" : -28.16,
    "operatingProfit" : -4.23,
    "netProfitMargin" : -50.67,
    "netProfit" : -7.61
  }, {
    "date" : "2020-09-30",
    "sales" : 30.34,
    "salesGrowthYoY" : -33.38,
    "grossProfitMargin" : 88.23,
    "grossProfit" : 26.77,
    "operatingProfitMargin" : 20.04,
    "operatingProfit" : 6.08,
    "netProfitMargin" : -0.03,
    "netProfit" : -0.01
  }, {
    "date" : "2020-12-31",
    "sales" : 42.74,
    "salesGrowthYoY" : -1.93,
    "grossProfitMargin" : 89.26,
    "grossProfit" : 38.15,
    "operatingProfitMargin" : 29.64,
    "operatingProfit" : 12.67,
    "netProfitMargin" : 10.36,
    "netProfit" : 4.43
  }, {
    "date" : "2021-03-31",
    "sales" : 51.71,
    "salesGrowthYoY" : 28.28,
    "grossProfitMargin" : 88.67,
    "grossProfit" : 45.85,
    "operatingProfitMargin" : 30.65,
    "operatingProfit" : 15.85,
    "netProfitMargin" : 3.38,
    "netProfit" : 1.75
  }, {
    "date" : "2021-06-30",
    "sales" : 30.87,
    "salesGrowthYoY" : 105.53,
    "grossProfitMargin" : 87.69,
    "grossProfit" : 27.07,
    "operatingProfitMargin" : 16.78,
    "operatingProfit" : 5.18,
    "netProfitMargin" : -2.36,
    "netProfit" : -0.73
  }, {
    "date" : "2021-09-30",
    "sales" : 58.20,
    "salesGrowthYoY" : 91.83,
    "grossProfitMargin" : 89.33,
    "grossProfit" : 51.99,
    "operatingProfitMargin" : 33.18,
    "operatingProfit" : 19.31,
    "netProfitMargin" : 16.86,
    "netProfit" : 9.81
  }, {
    "date" : "2021-12-31",
    "sales" : 56.48,
    "salesGrowthYoY" : 32.15,
    "grossProfitMargin" : 88.51,
    "grossProfit" : 49.99,
    "operatingProfitMargin" : 29.83,
    "operatingProfit" : 16.85,
    "netProfitMargin" : 14.43,
    "netProfit" : 8.15
  }, {
    "date" : "2022-03-31",
    "sales" : 55.66,
    "salesGrowthYoY" : 7.64,
    "grossProfitMargin" : 88.59,
    "grossProfit" : 49.31,
    "operatingProfitMargin" : 29.37,
    "operatingProfit" : 16.35,
    "netProfitMargin" : 12.34,
    "netProfit" : 6.87
  }, {
    "date" : "2022-06-30",
    "sales" : 66.39,
    "salesGrowthYoY" : 115.06,
    "grossProfitMargin" : 89.19,
    "grossProfit" : 59.21,
    "operatingProfitMargin" : 29.81,
    "operatingProfit" : 19.79,
    "netProfitMargin" : 13.72,
    "netProfit" : 9.11
  }, {
    "date" : "2022-09-30",
    "sales" : 68.75,
    "salesGrowthYoY" : 18.13,
    "grossProfitMargin" : 89.18,
    "grossProfit" : 61.31,
    "operatingProfitMargin" : 27.10,
    "operatingProfit" : 18.63,
    "netProfitMargin" : 13.19,
    "netProfit" : 9.07
  }, {
    "date" : "2022-12-31",
    "sales" : 63.54,
    "salesGrowthYoY" : 12.50,
    "grossProfitMargin" : 88.62,
    "grossProfit" : 56.31,
    "operatingProfitMargin" : 24.16,
    "operatingProfit" : 15.35,
    "netProfitMargin" : 7.96,
    "netProfit" : 5.06
  }, {
    "date" : "2023-03-31",
    "sales" : 69.42,
    "salesGrowthYoY" : 24.72,
    "grossProfitMargin" : 88.53,
    "grossProfit" : 61.46,
    "operatingProfitMargin" : 30.44,
    "operatingProfit" : 21.13,
    "netProfitMargin" : 19.71,
    "netProfit" : 13.68
  }, {
    "date" : "2023-06-30",
    "sales" : 78.55,
    "salesGrowthYoY" : 18.32,
    "grossProfitMargin" : 89.99,
    "grossProfit" : 70.69,
    "operatingProfitMargin" : 28.84,
    "operatingProfit" : 22.65,
    "netProfitMargin" : 14.69,
    "netProfit" : 11.54
  }, {
    "date" : "2023-09-30",
    "sales" : 84.09,
    "salesGrowthYoY" : 22.31,
    "grossProfitMargin" : 88.71,
    "grossProfit" : 74.60,
    "operatingProfitMargin" : 27.60,
    "operatingProfit" : 23.21,
    "netProfitMargin" : 14.97,
    "netProfit" : 12.59
  }, {
    "date" : "2023-12-31",
    "sales" : 75.95,
    "salesGrowthYoY" : 19.53,
    "grossProfitMargin" : 89.39,
    "grossProfit" : 67.89,
    "operatingProfitMargin" : 27.35,
    "operatingProfit" : 20.77,
    "netProfitMargin" : 12.43,
    "netProfit" : 9.44
  }, {
    "date" : "2024-03-31",
    "sales" : 80.72,
    "salesGrowthYoY" : 16.28,
    "grossProfitMargin" : 89.73,
    "grossProfit" : 72.43,
    "operatingProfitMargin" : 30.28,
    "operatingProfit" : 24.44,
    "netProfitMargin" : 15.84,
    "netProfit" : 12.79
  }, {
    "date" : "2024-06-30",
    "sales" : 100.02,
    "salesGrowthYoY" : 27.33,
    "grossProfitMargin" : 89.85,
    "grossProfit" : 89.87,
    "operatingProfitMargin" : 31.40,
    "operatingProfit" : 31.41,
    "netProfitMargin" : 14.11,
    "netProfit" : 14.11
  }, {
    "date" : "2024-09-30",
    "sales" : 102.19,
    "salesGrowthYoY" : 21.52,
    "grossProfitMargin" : 89.28,
    "grossProfit" : 91.24,
    "operatingProfitMargin" : 29.24,
    "operatingProfit" : 29.88,
    "netProfitMargin" : 13.85,
    "netProfit" : 14.15
  }, {
    "date" : "2024-12-31",
    "sales" : 95.11,
    "salesGrowthYoY" : 25.23,
    "grossProfitMargin" : 89.27,
    "grossProfit" : 84.90,
    "operatingProfitMargin" : 26.94,
    "operatingProfit" : 25.62,
    "netProfitMargin" : 10.93,
    "netProfit" : 10.40
  }, {
    "date" : "2025-03-31",
    "sales" : 99.83,
    "salesGrowthYoY" : 23.67,
    "grossProfitMargin" : 89.34,
    "grossProfit" : 89.19,
    "operatingProfitMargin" : 31.64,
    "operatingProfit" : 31.59,
    "netProfitMargin" : 16.02,
    "netProfit" : 15.99
  }, {
    "date" : "2025-06-30",
    "sales" : 116.92,
    "salesGrowthYoY" : 16.90,
    "grossProfitMargin" : 89.52,
    "grossProfit" : 104.67,
    "operatingProfitMargin" : 31.76,
    "operatingProfit" : 37.13,
    "netProfitMargin" : 14.76,
    "netProfit" : 17.26
  }, {
    "date" : "2025-09-30",
    "sales" : 117.72,
    "salesGrowthYoY" : 15.20,
    "grossProfitMargin" : 89.87,
    "grossProfit" : 105.79,
    "operatingProfitMargin" : 34.05,
    "operatingProfit" : 40.08,
    "netProfitMargin" : 16.41,
    "netProfit" : 19.32
  }, {
    "date" : "2025-12-31",
    "sales" : 116.22,
    "salesGrowthYoY" : 22.20,
    "grossProfitMargin" : 89.92,
    "grossProfit" : 104.51,
    "operatingProfitMargin" : 29.57,
    "operatingProfit" : 34.37,
    "netProfitMargin" : 14.87,
    "netProfit" : 17.28
  } ],
  "latestQuarterlyResult" : {
    "date" : "2025-12-31",
    "sales" : 116.22,
    "salesGrowthYoY" : 22.20,
    "grossProfitMargin" : 89.92,
    "grossProfit" : 104.51,
    "operatingProfitMargin" : 29.57,
    "operatingProfit" : 34.37,
    "netProfitMargin" : 14.87,
    "netProfit" : 17.28
  },
  "companyScore" : {
    "priceHigherThanDma50" : 0.00,
    "priceHigherThanDma100" : 0.00,
    "priceHigherThanDma200" : 0.00,
    "dma50HigherThanDma100" : 0.00,
    "dma50HigherThanDma200" : 5.00,
    "dma100HigherThanDma200" : 5.00,
    "pricePercentageAboveDma50" : 5.25,
    "pricePercentageAboveDma100" : 5.44,
    "pricePercentageAboveDma200" : 5.18,
    "weeklyVolumeHigherThanYearlyVolume" : 0.00,
    "salesGrowthPercentile" : 13.75,
    "operatingProfitMarginPercentile" : 18.68,
    "netProfitMarginPercentile" : 9.31,
    "totalTechnicalScore" : 25.87,
    "totalFundamentalScore" : 41.74,
    "totalScore" : 67.61
  }
}