{
  "metadata" : {
    "screenerCompanyId" : "110",
    "companyCode" : "530499",
    "companyName" : "A.K.Capital Serv",
    "screenerCompanyLink" : "https://www.screener.in/company/530499/consolidated/",
    "screenerTechnicalHistoryLink" : "https://www.screener.in/api/company/110/chart/?q=Price-DMA50-DMA200-Volume&days=365",
    "screenerQuarterlyResultsLink" : "https://www.screener.in/api/company/110/chart/?q=GPM-OPM-NPM-Quarter+Sales&days=10000",
    "attributes" : {
      "companyCode" : "530499",
      "companyName" : "A.K.Capital Serv",
      "marketCap" : 1066.00,
      "peRatio" : 10.20,
      "description" : "Incorporated in 1993, A. K. Capital Services Ltd is a SEBI Registered Category I Merchant Banker[1]"
    },
    "companyScore" : {
      "priceHigherThanDma50" : 5.00,
      "priceHigherThanDma100" : 5.00,
      "priceHigherThanDma200" : 5.00,
      "dma50HigherThanDma100" : 5.00,
      "dma50HigherThanDma200" : 5.00,
      "dma100HigherThanDma200" : 5.00,
      "pricePercentageAboveDma50" : 4.54,
      "pricePercentageAboveDma100" : 4.16,
      "pricePercentageAboveDma200" : 3.78,
      "weeklyVolumeHigherThanYearlyVolume" : 0.00,
      "salesGrowthPercentile" : 13.50,
      "operatingProfitMarginPercentile" : 19.29,
      "netProfitMarginPercentile" : 9.17,
      "totalTechnicalScore" : 42.47,
      "totalFundamentalScore" : 41.95,
      "totalScore" : 84.42
    }
  },
  "attributes" : {
    "companyCode" : "530499",
    "companyName" : "A.K.Capital Serv",
    "marketCap" : 1066.00,
    "peRatio" : 10.20,
    "description" : "Incorporated in 1993, A. K. Capital Services Ltd is a SEBI Registered Category I Merchant Banker[1]"
  },
  "technicalHistory" : [ {
    "date" : "2025-02-24",
    "price" : 1002.05,
    "dma50" : 1169.58,
    "dma100" : null,
    "dma200" : 1112.60,
    "volume" : 35.00
  }, {
    "date" : "2025-02-25",
    "price" : 990.15,
    "dma50" : 1162.54,
    "dma100" : null,
    "dma200" : 1111.38,
    "volume" : 278.00
  }, {
    "date" : "2025-02-27",
    "price" : 996.05,
    "dma50" : 1156.02,
    "dma100" : null,
    "dma200" : 1110.24,
    "volume" : 283.00
  }, {
    "date" : "2025-02-28",
    "price" : 990.00,
    "dma50" : 1149.50,
    "dma100" : null,
    "dma200" : 1109.04,
    "volume" : 127.00
  }, {
    "date" : "2025-03-03",
    "price" : 926.25,
    "dma50" : 1140.75,
    "dma100" : null,
    "dma200" : 1107.22,
    "volume" : 691.00
  }, {
    "date" : "2025-03-04",
    "price" : 995.00,
    "dma50" : 1135.03,
    "dma100" : null,
    "dma200" : 1106.10,
    "volume" : 814.00
  }, {
    "date" : "2025-03-05",
    "price" : 1022.55,
    "dma50" : 1130.62,
    "dma100" : null,
    "dma200" : 1105.27,
    "volume" : 644.00
  }, {
    "date" : "2025-03-06",
    "price" : 1050.00,
    "dma50" : 1127.46,
    "dma100" : null,
    "dma200" : 1104.72,
    "volume" : 851.00
  }, {
    "date" : "2025-03-07",
    "price" : 1040.05,
    "dma50" : 1124.03,
    "dma100" : null,
    "dma200" : 1104.08,
    "volume" : 577.00
  }, {
    "date" : "2025-03-10",
    "price" : 1045.05,
    "dma50" : 1120.94,
    "dma100" : null,
    "dma200" : 1103.49,
    "volume" : 80.00
  }, {
    "date" : "2025-03-11",
    "price" : 1069.70,
    "dma50" : 1118.93,
    "dma100" : null,
    "dma200" : 1103.16,
    "volume" : 17.00
  }, {
    "date" : "2025-03-12",
    "price" : 1047.10,
    "dma50" : 1116.11,
    "dma100" : null,
    "dma200" : 1102.60,
    "volume" : 12.00
  }, {
    "date" : "2025-03-13",
    "price" : 1071.80,
    "dma50" : 1114.37,
    "dma100" : null,
    "dma200" : 1102.29,
    "volume" : 1.00
  }, {
    "date" : "2025-03-17",
    "price" : 1045.15,
    "dma50" : 1111.66,
    "dma100" : null,
    "dma200" : 1101.72,
    "volume" : 597.00
  }, {
    "date" : "2025-03-18",
    "price" : 1065.05,
    "dma50" : 1109.83,
    "dma100" : null,
    "dma200" : 1101.36,
    "volume" : 280.00
  }, {
    "date" : "2025-03-19",
    "price" : 1074.60,
    "dma50" : 1108.45,
    "dma100" : null,
    "dma200" : 1101.09,
    "volume" : 2388.00
  }, {
    "date" : "2025-03-20",
    "price" : 1094.90,
    "dma50" : 1107.92,
    "dma100" : null,
    "dma200" : 1101.03,
    "volume" : 874.00
  }, {
    "date" : "2025-03-21",
    "price" : 1061.90,
    "dma50" : 1106.11,
    "dma100" : null,
    "dma200" : 1100.64,
    "volume" : 263.00
  }, {
    "date" : "2025-03-24",
    "price" : 1060.00,
    "dma50" : 1104.30,
    "dma100" : null,
    "dma200" : 1100.24,
    "volume" : 410.00
  }, {
    "date" : "2025-03-25",
    "price" : 1073.00,
    "dma50" : 1103.08,
    "dma100" : null,
    "dma200" : 1099.97,
    "volume" : 413.00
  }, {
    "date" : "2025-03-26",
    "price" : 1026.05,
    "dma50" : 1100.06,
    "dma100" : null,
    "dma200" : 1099.23,
    "volume" : 1459.00
  }, {
    "date" : "2025-03-27",
    "price" : 1022.20,
    "dma50" : 1097.00,
    "dma100" : null,
    "dma200" : 1098.46,
    "volume" : 170.00
  }, {
    "date" : "2025-03-28",
    "price" : 1027.20,
    "dma50" : 1094.27,
    "dma100" : null,
    "dma200" : 1097.75,
    "volume" : 35.00
  }, {
    "date" : "2025-04-01",
    "price" : 1031.25,
    "dma50" : 1091.79,
    "dma100" : null,
    "dma200" : 1097.09,
    "volume" : 45.00
  }, {
    "date" : "2025-04-02",
    "price" : 1069.65,
    "dma50" : 1090.93,
    "dma100" : null,
    "dma200" : 1096.82,
    "volume" : 346.00
  }, {
    "date" : "2025-04-03",
    "price" : 1049.70,
    "dma50" : 1089.31,
    "dma100" : null,
    "dma200" : 1096.35,
    "volume" : 625.00
  }, {
    "date" : "2025-04-04",
    "price" : 1059.00,
    "dma50" : 1088.12,
    "dma100" : null,
    "dma200" : 1095.98,
    "volume" : 244.00
  }, {
    "date" : "2025-04-07",
    "price" : 1005.65,
    "dma50" : 1084.89,
    "dma100" : null,
    "dma200" : 1095.08,
    "volume" : 217.00
  }, {
    "date" : "2025-04-08",
    "price" : 985.15,
    "dma50" : 1080.98,
    "dma100" : null,
    "dma200" : 1093.99,
    "volume" : 142.00
  }, {
    "date" : "2025-04-09",
    "price" : 949.90,
    "dma50" : 1075.83,
    "dma100" : null,
    "dma200" : 1092.55,
    "volume" : 391.00
  }, {
    "date" : "2025-04-11",
    "price" : 964.25,
    "dma50" : 1071.46,
    "dma100" : null,
    "dma200" : 1091.28,
    "volume" : 200.00
  }, {
    "date" : "2025-04-15",
    "price" : 1025.00,
    "dma50" : 1069.64,
    "dma100" : null,
    "dma200" : 1090.62,
    "volume" : 86.00
  }, {
    "date" : "2025-04-16",
    "price" : 1016.35,
    "dma50" : 1067.55,
    "dma100" : null,
    "dma200" : 1089.88,
    "volume" : 358.00
  }, {
    "date" : "2025-04-17",
    "price" : 1000.05,
    "dma50" : 1064.90,
    "dma100" : null,
    "dma200" : 1088.98,
    "volume" : 1190.00
  }, {
    "date" : "2025-04-21",
    "price" : 1045.45,
    "dma50" : 1064.14,
    "dma100" : null,
    "dma200" : 1088.55,
    "volume" : 1439.00
  }, {
    "date" : "2025-04-22",
    "price" : 1045.45,
    "dma50" : 1063.40,
    "dma100" : null,
    "dma200" : 1088.12,
    "volume" : 292.00
  }, {
    "date" : "2025-04-23",
    "price" : 1040.00,
    "dma50" : 1062.49,
    "dma100" : null,
    "dma200" : 1087.64,
    "volume" : 50.00
  }, {
    "date" : "2025-04-24",
    "price" : 1035.70,
    "dma50" : 1061.44,
    "dma100" : null,
    "dma200" : 1087.13,
    "volume" : 30.00
  }, {
    "date" : "2025-04-25",
    "price" : 1038.25,
    "dma50" : 1060.53,
    "dma100" : null,
    "dma200" : 1086.64,
    "volume" : 83.00
  }, {
    "date" : "2025-04-28",
    "price" : 1025.05,
    "dma50" : 1059.14,
    "dma100" : null,
    "dma200" : 1086.03,
    "volume" : 112.00
  }, {
    "date" : "2025-04-29",
    "price" : 1026.00,
    "dma50" : 1057.84,
    "dma100" : null,
    "dma200" : 1085.43,
    "volume" : 107.00
  }, {
    "date" : "2025-04-30",
    "price" : 999.10,
    "dma50" : 1055.53,
    "dma100" : null,
    "dma200" : 1084.57,
    "volume" : 160.00
  }, {
    "date" : "2025-05-02",
    "price" : 1008.60,
    "dma50" : 1053.69,
    "dma100" : null,
    "dma200" : 1083.82,
    "volume" : 161.00
  }, {
    "date" : "2025-05-05",
    "price" : 1052.30,
    "dma50" : 1053.64,
    "dma100" : null,
    "dma200" : 1083.50,
    "volume" : 550.00
  }, {
    "date" : "2025-05-06",
    "price" : 1031.50,
    "dma50" : 1052.77,
    "dma100" : null,
    "dma200" : 1082.98,
    "volume" : 22.00
  }, {
    "date" : "2025-05-07",
    "price" : 1040.00,
    "dma50" : 1052.27,
    "dma100" : null,
    "dma200" : 1082.56,
    "volume" : 182.00
  }, {
    "date" : "2025-05-08",
    "price" : 1015.00,
    "dma50" : 1050.81,
    "dma100" : null,
    "dma200" : 1081.88,
    "volume" : 450.00
  }, {
    "date" : "2025-05-09",
    "price" : 1008.00,
    "dma50" : 1049.13,
    "dma100" : null,
    "dma200" : 1081.15,
    "volume" : 5.00
  }, {
    "date" : "2025-05-12",
    "price" : 1046.10,
    "dma50" : 1049.01,
    "dma100" : null,
    "dma200" : 1080.80,
    "volume" : 22.00
  }, {
    "date" : "2025-05-13",
    "price" : 1035.10,
    "dma50" : 1048.46,
    "dma100" : null,
    "dma200" : 1080.35,
    "volume" : 39.00
  }, {
    "date" : "2025-05-14",
    "price" : 1054.70,
    "dma50" : 1048.71,
    "dma100" : null,
    "dma200" : 1080.09,
    "volume" : 33.00
  }, {
    "date" : "2025-05-15",
    "price" : 1046.20,
    "dma50" : 1048.61,
    "dma100" : null,
    "dma200" : 1079.75,
    "volume" : 120.00
  }, {
    "date" : "2025-05-16",
    "price" : 1052.00,
    "dma50" : 1048.74,
    "dma100" : null,
    "dma200" : 1079.48,
    "volume" : 310.00
  }, {
    "date" : "2025-05-19",
    "price" : 1069.00,
    "dma50" : 1049.54,
    "dma100" : null,
    "dma200" : 1079.37,
    "volume" : 307.00
  }, {
    "date" : "2025-05-20",
    "price" : 1043.90,
    "dma50" : 1049.32,
    "dma100" : null,
    "dma200" : 1079.02,
    "volume" : 214.00
  }, {
    "date" : "2025-05-21",
    "price" : 1055.55,
    "dma50" : 1049.56,
    "dma100" : null,
    "dma200" : 1078.79,
    "volume" : 158.00
  }, {
    "date" : "2025-05-22",
    "price" : 1054.35,
    "dma50" : 1049.75,
    "dma100" : null,
    "dma200" : 1078.54,
    "volume" : 8.00
  }, {
    "date" : "2025-05-23",
    "price" : 1074.95,
    "dma50" : 1050.74,
    "dma100" : null,
    "dma200" : 1078.51,
    "volume" : 137.00
  }, {
    "date" : "2025-05-26",
    "price" : 1113.05,
    "dma50" : 1053.18,
    "dma100" : null,
    "dma200" : 1078.85,
    "volume" : 741.00
  }, {
    "date" : "2025-05-27",
    "price" : 1135.30,
    "dma50" : 1056.40,
    "dma100" : null,
    "dma200" : 1079.41,
    "volume" : 82.00
  }, {
    "date" : "2025-05-28",
    "price" : 1145.00,
    "dma50" : 1059.88,
    "dma100" : null,
    "dma200" : 1080.07,
    "volume" : 817.00
  }, {
    "date" : "2025-05-29",
    "price" : 1125.70,
    "dma50" : 1062.46,
    "dma100" : null,
    "dma200" : 1080.52,
    "volume" : 1330.00
  }, {
    "date" : "2025-05-30",
    "price" : 1110.90,
    "dma50" : 1064.36,
    "dma100" : null,
    "dma200" : 1080.82,
    "volume" : 1315.00
  }, {
    "date" : "2025-06-02",
    "price" : 1090.85,
    "dma50" : 1065.40,
    "dma100" : null,
    "dma200" : 1080.92,
    "volume" : 1078.00
  }, {
    "date" : "2025-06-03",
    "price" : 1070.30,
    "dma50" : 1065.59,
    "dma100" : null,
    "dma200" : 1080.82,
    "volume" : 597.00
  }, {
    "date" : "2025-06-04",
    "price" : 1095.00,
    "dma50" : 1066.74,
    "dma100" : null,
    "dma200" : 1080.96,
    "volume" : 40.00
  }, {
    "date" : "2025-06-05",
    "price" : 1080.00,
    "dma50" : 1067.26,
    "dma100" : null,
    "dma200" : 1080.95,
    "volume" : 663.00
  }, {
    "date" : "2025-06-06",
    "price" : 1049.95,
    "dma50" : 1066.58,
    "dma100" : null,
    "dma200" : 1080.64,
    "volume" : 1529.00
  }, {
    "date" : "2025-06-09",
    "price" : 1054.35,
    "dma50" : 1066.10,
    "dma100" : null,
    "dma200" : 1080.38,
    "volume" : 663.00
  }, {
    "date" : "2025-06-10",
    "price" : 1108.60,
    "dma50" : 1067.77,
    "dma100" : null,
    "dma200" : 1080.66,
    "volume" : 2300.00
  }, {
    "date" : "2025-06-11",
    "price" : 1079.05,
    "dma50" : 1068.21,
    "dma100" : null,
    "dma200" : 1080.64,
    "volume" : 933.00
  }, {
    "date" : "2025-06-12",
    "price" : 1107.50,
    "dma50" : 1069.75,
    "dma100" : null,
    "dma200" : 1080.91,
    "volume" : 467.00
  }, {
    "date" : "2025-06-13",
    "price" : 1079.05,
    "dma50" : 1070.12,
    "dma100" : null,
    "dma200" : 1080.89,
    "volume" : 169.00
  }, {
    "date" : "2025-06-17",
    "price" : 1061.05,
    "dma50" : 1069.76,
    "dma100" : null,
    "dma200" : 1080.69,
    "volume" : 185.00
  }, {
    "date" : "2025-06-18",
    "price" : 1057.30,
    "dma50" : 1069.27,
    "dma100" : null,
    "dma200" : 1080.46,
    "volume" : 484.00
  }, {
    "date" : "2025-06-19",
    "price" : 1050.55,
    "dma50" : 1068.54,
    "dma100" : null,
    "dma200" : 1080.16,
    "volume" : 292.00
  }, {
    "date" : "2025-06-20",
    "price" : 1050.00,
    "dma50" : 1067.81,
    "dma100" : null,
    "dma200" : 1079.86,
    "volume" : 129.00
  }, {
    "date" : "2025-06-23",
    "price" : 1057.00,
    "dma50" : 1067.39,
    "dma100" : null,
    "dma200" : 1079.64,
    "volume" : 2377.00
  }, {
    "date" : "2025-06-24",
    "price" : 1059.65,
    "dma50" : 1067.08,
    "dma100" : null,
    "dma200" : 1079.44,
    "volume" : 6699.00
  }, {
    "date" : "2025-06-25",
    "price" : 1073.75,
    "dma50" : 1067.35,
    "dma100" : null,
    "dma200" : 1079.38,
    "volume" : 1097.00
  }, {
    "date" : "2025-06-26",
    "price" : 1067.90,
    "dma50" : 1067.37,
    "dma100" : null,
    "dma200" : 1079.27,
    "volume" : 11553.00
  }, {
    "date" : "2025-06-27",
    "price" : 1047.85,
    "dma50" : 1066.60,
    "dma100" : null,
    "dma200" : 1078.95,
    "volume" : 12403.00
  }, {
    "date" : "2025-06-30",
    "price" : 1033.85,
    "dma50" : 1065.32,
    "dma100" : null,
    "dma200" : 1078.50,
    "volume" : 904.00
  }, {
    "date" : "2025-07-01",
    "price" : 1107.70,
    "dma50" : 1066.98,
    "dma100" : null,
    "dma200" : 1078.79,
    "volume" : 1154.00
  }, {
    "date" : "2025-07-02",
    "price" : 1153.00,
    "dma50" : 1070.35,
    "dma100" : null,
    "dma200" : 1079.53,
    "volume" : 802.00
  }, {
    "date" : "2025-07-03",
    "price" : 1152.50,
    "dma50" : 1073.57,
    "dma100" : null,
    "dma200" : 1080.26,
    "volume" : 82.00
  }, {
    "date" : "2025-07-04",
    "price" : 1169.00,
    "dma50" : 1077.32,
    "dma100" : null,
    "dma200" : 1081.14,
    "volume" : 1216.00
  }, {
    "date" : "2025-07-07",
    "price" : 1137.95,
    "dma50" : 1079.69,
    "dma100" : null,
    "dma200" : 1081.71,
    "volume" : 79.00
  }, {
    "date" : "2025-07-08",
    "price" : 1132.45,
    "dma50" : 1081.76,
    "dma100" : null,
    "dma200" : 1082.21,
    "volume" : 51.00
  }, {
    "date" : "2025-07-09",
    "price" : 1136.55,
    "dma50" : 1083.91,
    "dma100" : null,
    "dma200" : 1082.75,
    "volume" : 360.00
  }, {
    "date" : "2025-07-10",
    "price" : 1135.85,
    "dma50" : 1085.95,
    "dma100" : null,
    "dma200" : 1083.28,
    "volume" : 298.00
  }, {
    "date" : "2025-07-11",
    "price" : 1126.85,
    "dma50" : 1087.55,
    "dma100" : null,
    "dma200" : 1083.71,
    "volume" : 501.00
  }, {
    "date" : "2025-07-14",
    "price" : 1130.00,
    "dma50" : 1089.22,
    "dma100" : null,
    "dma200" : 1084.18,
    "volume" : 259.00
  }, {
    "date" : "2025-07-15",
    "price" : 1149.55,
    "dma50" : 1091.58,
    "dma100" : null,
    "dma200" : 1084.83,
    "volume" : 690.00
  }, {
    "date" : "2025-07-16",
    "price" : 1149.00,
    "dma50" : 1093.83,
    "dma100" : null,
    "dma200" : 1085.46,
    "volume" : 388.00
  }, {
    "date" : "2025-07-17",
    "price" : 1155.55,
    "dma50" : 1096.25,
    "dma100" : null,
    "dma200" : 1086.16,
    "volume" : 530.00
  }, {
    "date" : "2025-07-18",
    "price" : 1130.50,
    "dma50" : 1097.60,
    "dma100" : null,
    "dma200" : 1086.60,
    "volume" : 401.00
  }, {
    "date" : "2025-07-21",
    "price" : 1140.00,
    "dma50" : 1099.26,
    "dma100" : null,
    "dma200" : 1087.13,
    "volume" : 26.00
  }, {
    "date" : "2025-07-22",
    "price" : 1146.25,
    "dma50" : 1101.10,
    "dma100" : null,
    "dma200" : 1087.72,
    "volume" : 151.00
  }, {
    "date" : "2025-07-23",
    "price" : 1137.00,
    "dma50" : 1102.51,
    "dma100" : null,
    "dma200" : 1088.21,
    "volume" : 55.00
  }, {
    "date" : "2025-07-24",
    "price" : 1147.30,
    "dma50" : 1104.27,
    "dma100" : 1064.32,
    "dma200" : 1088.80,
    "volume" : 26.00
  }, {
    "date" : "2025-07-25",
    "price" : 1141.65,
    "dma50" : 1105.73,
    "dma100" : 1065.84,
    "dma200" : 1089.33,
    "volume" : 205.00
  }, {
    "date" : "2025-07-28",
    "price" : 1152.75,
    "dma50" : 1107.58,
    "dma100" : 1067.41,
    "dma200" : 1089.96,
    "volume" : 264.00
  }, {
    "date" : "2025-07-29",
    "price" : 1134.00,
    "dma50" : 1108.61,
    "dma100" : 1068.85,
    "dma200" : 1090.40,
    "volume" : 155.00
  }, {
    "date" : "2025-07-30",
    "price" : 1142.00,
    "dma50" : 1109.92,
    "dma100" : 1071.00,
    "dma200" : 1090.91,
    "volume" : 32.00
  }, {
    "date" : "2025-07-31",
    "price" : 1131.35,
    "dma50" : 1110.76,
    "dma100" : 1072.37,
    "dma200" : 1091.31,
    "volume" : 17.00
  }, {
    "date" : "2025-08-01",
    "price" : 1130.70,
    "dma50" : 1111.54,
    "dma100" : 1073.45,
    "dma200" : 1091.70,
    "volume" : 80.00
  }, {
    "date" : "2025-08-04",
    "price" : 1142.85,
    "dma50" : 1112.77,
    "dma100" : 1074.38,
    "dma200" : 1092.21,
    "volume" : 595.00
  }, {
    "date" : "2025-08-05",
    "price" : 1117.80,
    "dma50" : 1112.97,
    "dma100" : 1075.16,
    "dma200" : 1092.47,
    "volume" : 491.00
  }, {
    "date" : "2025-08-06",
    "price" : 1116.70,
    "dma50" : 1113.12,
    "dma100" : 1075.87,
    "dma200" : 1092.71,
    "volume" : 19.00
  }, {
    "date" : "2025-08-07",
    "price" : 1138.00,
    "dma50" : 1114.09,
    "dma100" : 1076.55,
    "dma200" : 1093.16,
    "volume" : 804.00
  }, {
    "date" : "2025-08-08",
    "price" : 1135.85,
    "dma50" : 1114.95,
    "dma100" : 1077.44,
    "dma200" : 1093.58,
    "volume" : 163.00
  }, {
    "date" : "2025-08-11",
    "price" : 1115.00,
    "dma50" : 1114.95,
    "dma100" : 1077.87,
    "dma200" : 1093.80,
    "volume" : 458.00
  }, {
    "date" : "2025-08-12",
    "price" : 1120.00,
    "dma50" : 1115.15,
    "dma100" : 1078.62,
    "dma200" : 1094.06,
    "volume" : 65.00
  }, {
    "date" : "2025-08-13",
    "price" : 1130.00,
    "dma50" : 1115.73,
    "dma100" : 1079.27,
    "dma200" : 1094.42,
    "volume" : 5440.00
  }, {
    "date" : "2025-08-14",
    "price" : 1107.60,
    "dma50" : 1115.41,
    "dma100" : 1079.60,
    "dma200" : 1094.55,
    "volume" : 154.00
  }, {
    "date" : "2025-08-18",
    "price" : 1124.25,
    "dma50" : 1115.76,
    "dma100" : 1079.90,
    "dma200" : 1094.84,
    "volume" : 186.00
  }, {
    "date" : "2025-08-19",
    "price" : 1126.80,
    "dma50" : 1116.19,
    "dma100" : 1080.54,
    "dma200" : 1095.16,
    "volume" : 311.00
  }, {
    "date" : "2025-08-20",
    "price" : 1128.85,
    "dma50" : 1116.69,
    "dma100" : 1081.23,
    "dma200" : 1095.50,
    "volume" : 145.00
  }, {
    "date" : "2025-08-21",
    "price" : 1120.65,
    "dma50" : 1116.84,
    "dma100" : 1081.71,
    "dma200" : 1095.75,
    "volume" : 1402.00
  }, {
    "date" : "2025-08-22",
    "price" : 1105.35,
    "dma50" : 1116.39,
    "dma100" : 1082.50,
    "dma200" : 1095.84,
    "volume" : 211.00
  }, {
    "date" : "2025-08-25",
    "price" : 1100.00,
    "dma50" : 1115.75,
    "dma100" : 1083.28,
    "dma200" : 1095.88,
    "volume" : 641.00
  }, {
    "date" : "2025-08-26",
    "price" : 1085.00,
    "dma50" : 1114.54,
    "dma100" : 1083.86,
    "dma200" : 1095.77,
    "volume" : 46.00
  }, {
    "date" : "2025-08-28",
    "price" : 1100.10,
    "dma50" : 1113.98,
    "dma100" : 1084.55,
    "dma200" : 1095.82,
    "volume" : 787.00
  }, {
    "date" : "2025-08-29",
    "price" : 1081.00,
    "dma50" : 1112.68,
    "dma100" : 1084.66,
    "dma200" : 1095.67,
    "volume" : 71.00
  }, {
    "date" : "2025-09-01",
    "price" : 1083.25,
    "dma50" : 1111.53,
    "dma100" : 1085.00,
    "dma200" : 1095.55,
    "volume" : 179.00
  }, {
    "date" : "2025-09-02",
    "price" : 1080.05,
    "dma50" : 1110.29,
    "dma100" : 1085.21,
    "dma200" : 1095.39,
    "volume" : 203.00
  }, {
    "date" : "2025-09-03",
    "price" : 1088.05,
    "dma50" : 1109.42,
    "dma100" : 1086.03,
    "dma200" : 1095.32,
    "volume" : 150.00
  }, {
    "date" : "2025-09-04",
    "price" : 1078.05,
    "dma50" : 1108.19,
    "dma100" : 1086.96,
    "dma200" : 1095.15,
    "volume" : 233.00
  }, {
    "date" : "2025-09-05",
    "price" : 1079.90,
    "dma50" : 1107.08,
    "dma100" : 1088.26,
    "dma200" : 1095.00,
    "volume" : 196.00
  }, {
    "date" : "2025-09-08",
    "price" : 1175.10,
    "dma50" : 1109.75,
    "dma100" : 1090.37,
    "dma200" : 1095.79,
    "volume" : 5536.00
  }, {
    "date" : "2025-09-09",
    "price" : 1080.15,
    "dma50" : 1108.59,
    "dma100" : 1090.92,
    "dma200" : 1095.64,
    "volume" : 4586.00
  }, {
    "date" : "2025-09-10",
    "price" : 1072.00,
    "dma50" : 1107.15,
    "dma100" : 1091.48,
    "dma200" : 1095.40,
    "volume" : 4243.00
  }, {
    "date" : "2025-09-11",
    "price" : 1066.50,
    "dma50" : 1105.56,
    "dma100" : 1092.14,
    "dma200" : 1095.11,
    "volume" : 3571.00
  }, {
    "date" : "2025-09-12",
    "price" : 1044.25,
    "dma50" : 1103.15,
    "dma100" : 1092.13,
    "dma200" : 1094.61,
    "volume" : 806.00
  }, {
    "date" : "2025-09-15",
    "price" : 1118.75,
    "dma50" : 1103.77,
    "dma100" : 1092.86,
    "dma200" : 1094.85,
    "volume" : 2473.00
  }, {
    "date" : "2025-09-16",
    "price" : 1111.60,
    "dma50" : 1104.07,
    "dma100" : 1093.58,
    "dma200" : 1095.01,
    "volume" : 227.00
  }, {
    "date" : "2025-09-17",
    "price" : 1104.35,
    "dma50" : 1104.08,
    "dma100" : 1094.26,
    "dma200" : 1095.11,
    "volume" : 199.00
  }, {
    "date" : "2025-09-18",
    "price" : 1080.90,
    "dma50" : 1103.18,
    "dma100" : 1094.69,
    "dma200" : 1094.97,
    "volume" : 178.00
  }, {
    "date" : "2025-09-19",
    "price" : 1093.70,
    "dma50" : 1102.80,
    "dma100" : 1095.38,
    "dma200" : 1094.95,
    "volume" : 242.00
  }, {
    "date" : "2025-09-22",
    "price" : 1089.00,
    "dma50" : 1102.26,
    "dma100" : 1096.01,
    "dma200" : 1094.89,
    "volume" : 172.00
  }, {
    "date" : "2025-09-23",
    "price" : 1101.90,
    "dma50" : 1102.25,
    "dma100" : 1097.04,
    "dma200" : 1094.96,
    "volume" : 12.00
  }, {
    "date" : "2025-09-24",
    "price" : 1098.45,
    "dma50" : 1102.10,
    "dma100" : 1097.93,
    "dma200" : 1095.00,
    "volume" : 339.00
  }, {
    "date" : "2025-09-25",
    "price" : 1122.25,
    "dma50" : 1102.89,
    "dma100" : 1098.63,
    "dma200" : 1095.27,
    "volume" : 751.00
  }, {
    "date" : "2025-09-26",
    "price" : 1121.60,
    "dma50" : 1103.62,
    "dma100" : 1099.53,
    "dma200" : 1095.53,
    "volume" : 528.00
  }, {
    "date" : "2025-09-29",
    "price" : 1111.05,
    "dma50" : 1103.91,
    "dma100" : 1100.24,
    "dma200" : 1095.69,
    "volume" : 11.00
  }, {
    "date" : "2025-09-30",
    "price" : 1096.00,
    "dma50" : 1103.60,
    "dma100" : 1101.05,
    "dma200" : 1095.69,
    "volume" : 137.00
  }, {
    "date" : "2025-10-01",
    "price" : 1115.00,
    "dma50" : 1104.05,
    "dma100" : 1102.12,
    "dma200" : 1095.88,
    "volume" : 157.00
  }, {
    "date" : "2025-10-03",
    "price" : 1121.00,
    "dma50" : 1104.72,
    "dma100" : 1102.87,
    "dma200" : 1096.13,
    "volume" : 1015.00
  }, {
    "date" : "2025-10-06",
    "price" : 1114.50,
    "dma50" : 1105.10,
    "dma100" : 1103.67,
    "dma200" : 1096.31,
    "volume" : 224.00
  }, {
    "date" : "2025-10-07",
    "price" : 1115.20,
    "dma50" : 1105.50,
    "dma100" : 1104.27,
    "dma200" : 1096.50,
    "volume" : 14.00
  }, {
    "date" : "2025-10-08",
    "price" : 1104.00,
    "dma50" : 1105.44,
    "dma100" : 1104.85,
    "dma200" : 1096.58,
    "volume" : 116.00
  }, {
    "date" : "2025-10-09",
    "price" : 1142.95,
    "dma50" : 1106.91,
    "dma100" : 1105.76,
    "dma200" : 1097.04,
    "volume" : 374.00
  }, {
    "date" : "2025-10-10",
    "price" : 1107.80,
    "dma50" : 1106.94,
    "dma100" : 1106.15,
    "dma200" : 1097.15,
    "volume" : 112.00
  }, {
    "date" : "2025-10-13",
    "price" : 1129.70,
    "dma50" : 1107.84,
    "dma100" : 1107.01,
    "dma200" : 1097.47,
    "volume" : 1323.00
  }, {
    "date" : "2025-10-14",
    "price" : 1125.95,
    "dma50" : 1108.55,
    "dma100" : 1107.71,
    "dma200" : 1097.75,
    "volume" : 1126.00
  }, {
    "date" : "2025-10-15",
    "price" : 1134.05,
    "dma50" : 1109.55,
    "dma100" : 1108.51,
    "dma200" : 1098.11,
    "volume" : 1289.00
  }, {
    "date" : "2025-10-16",
    "price" : 1140.00,
    "dma50" : 1110.74,
    "dma100" : 1109.16,
    "dma200" : 1098.53,
    "volume" : 274.00
  }, {
    "date" : "2025-10-17",
    "price" : 1120.15,
    "dma50" : 1111.11,
    "dma100" : 1109.23,
    "dma200" : 1098.75,
    "volume" : 756.00
  }, {
    "date" : "2025-10-20",
    "price" : 1120.50,
    "dma50" : 1111.48,
    "dma100" : 1109.08,
    "dma200" : 1098.96,
    "volume" : 34.00
  }, {
    "date" : "2025-10-21",
    "price" : 1146.55,
    "dma50" : 1112.85,
    "dma100" : 1109.10,
    "dma200" : 1099.44,
    "volume" : 574.00
  }, {
    "date" : "2025-10-23",
    "price" : 1151.30,
    "dma50" : 1114.36,
    "dma100" : 1109.35,
    "dma200" : 1099.95,
    "volume" : 1899.00
  }, {
    "date" : "2025-10-24",
    "price" : 1188.00,
    "dma50" : 1117.25,
    "dma100" : 1110.12,
    "dma200" : 1100.83,
    "volume" : 2228.00
  }, {
    "date" : "2025-10-27",
    "price" : 1227.80,
    "dma50" : 1121.58,
    "dma100" : 1111.49,
    "dma200" : 1102.09,
    "volume" : 1317.00
  }, {
    "date" : "2025-10-28",
    "price" : 1203.75,
    "dma50" : 1124.81,
    "dma100" : 1112.83,
    "dma200" : 1103.10,
    "volume" : 707.00
  }, {
    "date" : "2025-10-29",
    "price" : 1200.70,
    "dma50" : 1127.78,
    "dma100" : 1113.88,
    "dma200" : 1104.07,
    "volume" : 498.00
  }, {
    "date" : "2025-10-30",
    "price" : 1216.40,
    "dma50" : 1131.26,
    "dma100" : 1115.25,
    "dma200" : 1105.19,
    "volume" : 315.00
  }, {
    "date" : "2025-10-31",
    "price" : 1206.25,
    "dma50" : 1134.20,
    "dma100" : 1116.81,
    "dma200" : 1106.20,
    "volume" : 367.00
  }, {
    "date" : "2025-11-03",
    "price" : 1221.65,
    "dma50" : 1137.63,
    "dma100" : 1118.48,
    "dma200" : 1107.35,
    "volume" : 165.00
  }, {
    "date" : "2025-11-04",
    "price" : 1221.65,
    "dma50" : 1140.92,
    "dma100" : 1119.61,
    "dma200" : 1108.48,
    "volume" : 57.00
  }, {
    "date" : "2025-11-06",
    "price" : 1215.00,
    "dma50" : 1143.83,
    "dma100" : 1120.97,
    "dma200" : 1109.54,
    "volume" : 393.00
  }, {
    "date" : "2025-11-07",
    "price" : 1225.00,
    "dma50" : 1147.01,
    "dma100" : 1122.15,
    "dma200" : 1110.69,
    "volume" : 440.00
  }, {
    "date" : "2025-11-10",
    "price" : 1358.10,
    "dma50" : 1155.29,
    "dma100" : 1124.94,
    "dma200" : 1113.15,
    "volume" : 13462.00
  }, {
    "date" : "2025-11-11",
    "price" : 1324.30,
    "dma50" : 1161.92,
    "dma100" : 1127.57,
    "dma200" : 1115.25,
    "volume" : 5330.00
  }, {
    "date" : "2025-11-12",
    "price" : 1360.55,
    "dma50" : 1169.71,
    "dma100" : 1130.60,
    "dma200" : 1117.70,
    "volume" : 11661.00
  }, {
    "date" : "2025-11-13",
    "price" : 1391.10,
    "dma50" : 1178.39,
    "dma100" : 1134.01,
    "dma200" : 1120.42,
    "volume" : 18896.00
  }, {
    "date" : "2025-11-14",
    "price" : 1426.25,
    "dma50" : 1188.11,
    "dma100" : 1137.77,
    "dma200" : 1123.46,
    "volume" : 8686.00
  }, {
    "date" : "2025-11-17",
    "price" : 1506.40,
    "dma50" : 1200.59,
    "dma100" : 1142.27,
    "dma200" : 1127.27,
    "volume" : 15650.00
  }, {
    "date" : "2025-11-18",
    "price" : 1552.80,
    "dma50" : 1214.40,
    "dma100" : 1147.20,
    "dma200" : 1131.50,
    "volume" : 15074.00
  }, {
    "date" : "2025-11-19",
    "price" : 1644.95,
    "dma50" : 1231.29,
    "dma100" : 1152.91,
    "dma200" : 1136.61,
    "volume" : 19117.00
  }, {
    "date" : "2025-11-20",
    "price" : 1694.90,
    "dma50" : 1249.47,
    "dma100" : 1159.18,
    "dma200" : 1142.17,
    "volume" : 18922.00
  }, {
    "date" : "2025-11-21",
    "price" : 1564.20,
    "dma50" : 1261.81,
    "dma100" : 1164.34,
    "dma200" : 1146.37,
    "volume" : 19786.00
  }, {
    "date" : "2025-11-24",
    "price" : 1572.40,
    "dma50" : 1273.99,
    "dma100" : 1169.73,
    "dma200" : 1150.61,
    "volume" : 5556.00
  }, {
    "date" : "2025-11-25",
    "price" : 1556.15,
    "dma50" : 1285.06,
    "dma100" : 1174.21,
    "dma200" : 1154.64,
    "volume" : 6966.00
  }, {
    "date" : "2025-11-26",
    "price" : 1518.85,
    "dma50" : 1294.22,
    "dma100" : 1177.87,
    "dma200" : 1158.27,
    "volume" : 6861.00
  }, {
    "date" : "2025-11-27",
    "price" : 1573.30,
    "dma50" : 1305.17,
    "dma100" : 1182.08,
    "dma200" : 1162.40,
    "volume" : 5346.00
  }, {
    "date" : "2025-11-28",
    "price" : 1563.10,
    "dma50" : 1315.28,
    "dma100" : 1186.02,
    "dma200" : 1166.38,
    "volume" : 4184.00
  }, {
    "date" : "2025-12-01",
    "price" : 1508.80,
    "dma50" : 1322.87,
    "dma100" : 1189.73,
    "dma200" : 1169.79,
    "volume" : 2124.00
  }, {
    "date" : "2025-12-02",
    "price" : 1486.50,
    "dma50" : 1329.29,
    "dma100" : 1193.27,
    "dma200" : 1172.94,
    "volume" : 4416.00
  }, {
    "date" : "2025-12-03",
    "price" : 1456.65,
    "dma50" : 1334.28,
    "dma100" : 1196.47,
    "dma200" : 1175.76,
    "volume" : 3206.00
  }, {
    "date" : "2025-12-04",
    "price" : 1460.10,
    "dma50" : 1339.22,
    "dma100" : 1199.71,
    "dma200" : 1178.59,
    "volume" : 4660.00
  }, {
    "date" : "2025-12-05",
    "price" : 1465.45,
    "dma50" : 1344.17,
    "dma100" : 1203.10,
    "dma200" : 1181.45,
    "volume" : 4261.00
  }, {
    "date" : "2025-12-08",
    "price" : 1392.25,
    "dma50" : 1346.05,
    "dma100" : 1205.72,
    "dma200" : 1183.54,
    "volume" : 3562.00
  }, {
    "date" : "2025-12-09",
    "price" : 1359.35,
    "dma50" : 1346.57,
    "dma100" : 1207.82,
    "dma200" : 1185.29,
    "volume" : 3689.00
  }, {
    "date" : "2025-12-10",
    "price" : 1327.75,
    "dma50" : 1345.84,
    "dma100" : 1209.61,
    "dma200" : 1186.71,
    "volume" : 1676.00
  }, {
    "date" : "2025-12-11",
    "price" : 1349.90,
    "dma50" : 1346.00,
    "dma100" : 1211.55,
    "dma200" : 1188.34,
    "volume" : 2658.00
  }, {
    "date" : "2025-12-12",
    "price" : 1342.35,
    "dma50" : 1345.85,
    "dma100" : 1213.67,
    "dma200" : 1189.87,
    "volume" : 2727.00
  }, {
    "date" : "2025-12-15",
    "price" : 1327.15,
    "dma50" : 1345.12,
    "dma100" : 1215.54,
    "dma200" : 1191.23,
    "volume" : 1932.00
  }, {
    "date" : "2025-12-16",
    "price" : 1333.80,
    "dma50" : 1344.68,
    "dma100" : 1217.42,
    "dma200" : 1192.65,
    "volume" : 1531.00
  }, {
    "date" : "2025-12-17",
    "price" : 1331.60,
    "dma50" : 1344.16,
    "dma100" : 1219.36,
    "dma200" : 1194.03,
    "volume" : 1235.00
  }, {
    "date" : "2025-12-18",
    "price" : 1340.05,
    "dma50" : 1344.00,
    "dma100" : 1221.29,
    "dma200" : 1195.49,
    "volume" : 2645.00
  }, {
    "date" : "2025-12-19",
    "price" : 1413.20,
    "dma50" : 1346.71,
    "dma100" : 1224.01,
    "dma200" : 1197.65,
    "volume" : 1775.00
  }, {
    "date" : "2025-12-22",
    "price" : 1443.60,
    "dma50" : 1350.51,
    "dma100" : 1226.91,
    "dma200" : 1200.10,
    "volume" : 823.00
  }, {
    "date" : "2025-12-23",
    "price" : 1417.25,
    "dma50" : 1353.13,
    "dma100" : 1229.75,
    "dma200" : 1202.26,
    "volume" : 1294.00
  }, {
    "date" : "2025-12-24",
    "price" : 1445.70,
    "dma50" : 1356.76,
    "dma100" : 1232.78,
    "dma200" : 1204.68,
    "volume" : 838.00
  }, {
    "date" : "2025-12-26",
    "price" : 1472.95,
    "dma50" : 1361.32,
    "dma100" : 1236.20,
    "dma200" : 1207.35,
    "volume" : 755.00
  }, {
    "date" : "2025-12-29",
    "price" : 1474.90,
    "dma50" : 1365.77,
    "dma100" : 1239.64,
    "dma200" : 1210.02,
    "volume" : 986.00
  }, {
    "date" : "2025-12-30",
    "price" : 1413.05,
    "dma50" : 1367.63,
    "dma100" : 1242.34,
    "dma200" : 1212.04,
    "volume" : 983.00
  }, {
    "date" : "2025-12-31",
    "price" : 1422.70,
    "dma50" : 1369.79,
    "dma100" : 1245.39,
    "dma200" : 1214.13,
    "volume" : 1657.00
  }, {
    "date" : "2026-01-01",
    "price" : 1414.95,
    "dma50" : 1371.56,
    "dma100" : 1248.38,
    "dma200" : 1216.13,
    "volume" : 285.00
  }, {
    "date" : "2026-01-02",
    "price" : 1489.00,
    "dma50" : 1376.16,
    "dma100" : 1251.89,
    "dma200" : 1218.85,
    "volume" : 2919.00
  }, {
    "date" : "2026-01-05",
    "price" : 1513.70,
    "dma50" : 1381.56,
    "dma100" : 1255.66,
    "dma200" : 1221.78,
    "volume" : 438.00
  }, {
    "date" : "2026-01-06",
    "price" : 1426.80,
    "dma50" : 1383.33,
    "dma100" : 1258.78,
    "dma200" : 1223.82,
    "volume" : 2797.00
  }, {
    "date" : "2026-01-07",
    "price" : 1426.75,
    "dma50" : 1385.03,
    "dma100" : 1261.85,
    "dma200" : 1225.84,
    "volume" : 178.00
  }, {
    "date" : "2026-01-08",
    "price" : 1449.85,
    "dma50" : 1387.58,
    "dma100" : 1265.05,
    "dma200" : 1228.07,
    "volume" : 1185.00
  }, {
    "date" : "2026-01-09",
    "price" : 1427.05,
    "dma50" : 1389.12,
    "dma100" : 1268.24,
    "dma200" : 1230.05,
    "volume" : 538.00
  }, {
    "date" : "2026-01-12",
    "price" : 1383.00,
    "dma50" : 1388.88,
    "dma100" : 1270.83,
    "dma200" : 1231.57,
    "volume" : 18470.00
  }, {
    "date" : "2026-01-13",
    "price" : 1409.40,
    "dma50" : 1389.69,
    "dma100" : 1273.66,
    "dma200" : 1233.34,
    "volume" : 458.00
  }, {
    "date" : "2026-01-14",
    "price" : 1425.00,
    "dma50" : 1391.07,
    "dma100" : 1276.62,
    "dma200" : 1235.25,
    "volume" : 222.00
  }, {
    "date" : "2026-01-16",
    "price" : 1398.85,
    "dma50" : 1391.38,
    "dma100" : 1279.40,
    "dma200" : 1236.87,
    "volume" : 747.00
  }, {
    "date" : "2026-01-19",
    "price" : 1406.10,
    "dma50" : 1391.95,
    "dma100" : 1282.41,
    "dma200" : 1238.56,
    "volume" : 572.00
  }, {
    "date" : "2026-01-20",
    "price" : 1379.70,
    "dma50" : 1391.47,
    "dma100" : 1285.20,
    "dma200" : 1239.96,
    "volume" : 1616.00
  }, {
    "date" : "2026-01-21",
    "price" : 1368.90,
    "dma50" : 1390.59,
    "dma100" : 1288.04,
    "dma200" : 1241.24,
    "volume" : 456.00
  }, {
    "date" : "2026-01-22",
    "price" : 1419.30,
    "dma50" : 1391.71,
    "dma100" : 1291.23,
    "dma200" : 1243.02,
    "volume" : 848.00
  }, {
    "date" : "2026-01-23",
    "price" : 1395.55,
    "dma50" : 1391.87,
    "dma100" : 1294.38,
    "dma200" : 1244.53,
    "volume" : 311.00
  }, {
    "date" : "2026-01-27",
    "price" : 1402.05,
    "dma50" : 1392.26,
    "dma100" : 1297.57,
    "dma200" : 1246.10,
    "volume" : 341.00
  }, {
    "date" : "2026-01-28",
    "price" : 1458.25,
    "dma50" : 1394.85,
    "dma100" : 1301.35,
    "dma200" : 1248.21,
    "volume" : 1121.00
  }, {
    "date" : "2026-01-29",
    "price" : 1446.40,
    "dma50" : 1396.87,
    "dma100" : 1304.93,
    "dma200" : 1250.18,
    "volume" : 430.00
  }, {
    "date" : "2026-01-30",
    "price" : 1439.05,
    "dma50" : 1398.53,
    "dma100" : 1308.54,
    "dma200" : 1252.06,
    "volume" : 96.00
  }, {
    "date" : "2026-02-01",
    "price" : 1448.45,
    "dma50" : 1400.49,
    "dma100" : 1312.23,
    "dma200" : 1254.02,
    "volume" : 583.00
  }, {
    "date" : "2026-02-02",
    "price" : 1429.75,
    "dma50" : 1401.63,
    "dma100" : 1314.78,
    "dma200" : 1255.77,
    "volume" : 744.00
  }, {
    "date" : "2026-02-03",
    "price" : 1444.55,
    "dma50" : 1403.32,
    "dma100" : 1318.42,
    "dma200" : 1257.65,
    "volume" : 556.00
  }, {
    "date" : "2026-02-04",
    "price" : 1470.25,
    "dma50" : 1405.94,
    "dma100" : 1322.40,
    "dma200" : 1259.76,
    "volume" : 333.00
  }, {
    "date" : "2026-02-05",
    "price" : 1510.80,
    "dma50" : 1410.05,
    "dma100" : 1326.84,
    "dma200" : 1262.26,
    "volume" : 993.00
  }, {
    "date" : "2026-02-06",
    "price" : 1519.75,
    "dma50" : 1414.35,
    "dma100" : 1331.60,
    "dma200" : 1264.82,
    "volume" : 182.00
  }, {
    "date" : "2026-02-09",
    "price" : 1556.80,
    "dma50" : 1419.94,
    "dma100" : 1335.98,
    "dma200" : 1267.73,
    "volume" : 2716.00
  }, {
    "date" : "2026-02-10",
    "price" : 1634.05,
    "dma50" : 1428.34,
    "dma100" : 1341.20,
    "dma200" : 1271.37,
    "volume" : 4196.00
  }, {
    "date" : "2026-02-11",
    "price" : 1619.95,
    "dma50" : 1435.85,
    "dma100" : 1346.36,
    "dma200" : 1274.84,
    "volume" : 9382.00
  }, {
    "date" : "2026-02-12",
    "price" : 1632.90,
    "dma50" : 1443.58,
    "dma100" : 1351.88,
    "dma200" : 1278.40,
    "volume" : 962.00
  }, {
    "date" : "2026-02-13",
    "price" : 1580.35,
    "dma50" : 1448.94,
    "dma100" : 1356.75,
    "dma200" : 1281.41,
    "volume" : 830.00
  }, {
    "date" : "2026-02-16",
    "price" : 1601.35,
    "dma50" : 1454.92,
    "dma100" : 1361.87,
    "dma200" : 1284.59,
    "volume" : 597.00
  }, {
    "date" : "2026-02-17",
    "price" : 1610.55,
    "dma50" : 1461.02,
    "dma100" : 1366.96,
    "dma200" : 1287.83,
    "volume" : 370.00
  }, {
    "date" : "2026-02-18",
    "price" : 1619.10,
    "dma50" : 1467.22,
    "dma100" : 1372.16,
    "dma200" : 1291.13,
    "volume" : 1430.00
  }, {
    "date" : "2026-02-19",
    "price" : 1610.55,
    "dma50" : 1472.84,
    "dma100" : 1377.05,
    "dma200" : 1294.31,
    "volume" : 1445.00
  }, {
    "date" : "2026-02-20",
    "price" : 1614.90,
    "dma50" : 1478.41,
    "dma100" : 1381.98,
    "dma200" : 1297.50,
    "volume" : 2319.00
  } ],
  "latestTechnicalAttributes" : {
    "date" : "2026-02-20",
    "price" : 1614.90,
    "dma50" : 1478.41,
    "dma100" : 1381.98,
    "dma200" : 1297.50,
    "volume" : 2319.00
  },
  "quarterlyResults" : [ {
    "date" : "2005-03-31",
    "sales" : 3.57,
    "salesGrowthYoY" : null,
    "grossProfitMargin" : 100.00,
    "grossProfit" : 3.57,
    "operatingProfitMargin" : 74.23,
    "operatingProfit" : 2.65,
    "netProfitMargin" : 66.39,
    "netProfit" : 2.37
  }, {
    "date" : "2005-06-30",
    "sales" : 4.77,
    "salesGrowthYoY" : null,
    "grossProfitMargin" : 100.00,
    "grossProfit" : 4.77,
    "operatingProfitMargin" : 40.88,
    "operatingProfit" : 1.95,
    "netProfitMargin" : 27.46,
    "netProfit" : 1.31
  }, {
    "date" : "2005-09-30",
    "sales" : 7.37,
    "salesGrowthYoY" : null,
    "grossProfitMargin" : 100.00,
    "grossProfit" : 7.37,
    "operatingProfitMargin" : 52.51,
    "operatingProfit" : 3.87,
    "netProfitMargin" : 40.71,
    "netProfit" : 3.00
  }, {
    "date" : "2005-12-31",
    "sales" : 7.48,
    "salesGrowthYoY" : null,
    "grossProfitMargin" : 100.00,
    "grossProfit" : 7.48,
    "operatingProfitMargin" : 54.14,
    "operatingProfit" : 4.05,
    "netProfitMargin" : 41.31,
    "netProfit" : 3.09
  }, {
    "date" : "2006-03-31",
    "sales" : 7.44,
    "salesGrowthYoY" : 108.40,
    "grossProfitMargin" : 100.00,
    "grossProfit" : 7.44,
    "operatingProfitMargin" : 54.03,
    "operatingProfit" : 4.02,
    "netProfitMargin" : 37.77,
    "netProfit" : 2.81
  }, {
    "date" : "2006-06-30",
    "sales" : 9.38,
    "salesGrowthYoY" : 96.65,
    "grossProfitMargin" : 100.00,
    "grossProfit" : 9.38,
    "operatingProfitMargin" : 41.79,
    "operatingProfit" : 3.92,
    "netProfitMargin" : 30.49,
    "netProfit" : 2.86
  }, {
    "date" : "2006-09-30",
    "sales" : 10.24,
    "salesGrowthYoY" : 38.94,
    "grossProfitMargin" : 100.00,
    "grossProfit" : 10.24,
    "operatingProfitMargin" : 39.36,
    "operatingProfit" : 4.03,
    "netProfitMargin" : 33.40,
    "netProfit" : 3.42
  }, {
    "date" : "2006-12-31",
    "sales" : 13.15,
    "salesGrowthYoY" : 75.80,
    "grossProfitMargin" : 100.00,
    "grossProfit" : 13.15,
    "operatingProfitMargin" : 41.83,
    "operatingProfit" : 5.50,
    "netProfitMargin" : 29.13,
    "netProfit" : 3.83
  }, {
    "date" : "2007-03-31",
    "sales" : 14.02,
    "salesGrowthYoY" : 88.44,
    "grossProfitMargin" : 100.00,
    "grossProfit" : 14.02,
    "operatingProfitMargin" : 37.52,
    "operatingProfit" : 5.26,
    "netProfitMargin" : 27.18,
    "netProfit" : 3.81
  }, {
    "date" : "2007-06-30",
    "sales" : 15.04,
    "salesGrowthYoY" : 60.34,
    "grossProfitMargin" : 100.00,
    "grossProfit" : 15.04,
    "operatingProfitMargin" : 53.06,
    "operatingProfit" : 7.98,
    "netProfitMargin" : 33.44,
    "netProfit" : 5.03
  }, {
    "date" : "2007-09-30",
    "sales" : 17.07,
    "salesGrowthYoY" : 66.70,
    "grossProfitMargin" : 100.00,
    "grossProfit" : 17.07,
    "operatingProfitMargin" : 52.02,
    "operatingProfit" : 8.88,
    "netProfitMargin" : 33.10,
    "netProfit" : 5.65
  }, {
    "date" : "2007-12-31",
    "sales" : 26.38,
    "salesGrowthYoY" : 100.61,
    "grossProfitMargin" : 100.00,
    "grossProfit" : 26.38,
    "operatingProfitMargin" : 53.07,
    "operatingProfit" : 14.00,
    "netProfitMargin" : 34.50,
    "netProfit" : 9.10
  }, {
    "date" : "2008-03-31",
    "sales" : 27.13,
    "salesGrowthYoY" : 93.51,
    "grossProfitMargin" : 100.00,
    "grossProfit" : 27.13,
    "operatingProfitMargin" : 41.14,
    "operatingProfit" : 11.16,
    "netProfitMargin" : 26.02,
    "netProfit" : 7.06
  }, {
    "date" : "2008-06-30",
    "sales" : 28.37,
    "salesGrowthYoY" : 88.63,
    "grossProfitMargin" : 100.00,
    "grossProfit" : 28.37,
    "operatingProfitMargin" : 45.68,
    "operatingProfit" : 12.96,
    "netProfitMargin" : 28.23,
    "netProfit" : 8.01
  }, {
    "date" : "2008-09-30",
    "sales" : 20.33,
    "salesGrowthYoY" : 19.10,
    "grossProfitMargin" : 100.00,
    "grossProfit" : 20.33,
    "operatingProfitMargin" : 51.11,
    "operatingProfit" : 10.39,
    "netProfitMargin" : 29.61,
    "netProfit" : 6.02
  }, {
    "date" : "2008-12-31",
    "sales" : 38.13,
    "salesGrowthYoY" : 44.54,
    "grossProfitMargin" : 100.00,
    "grossProfit" : 38.13,
    "operatingProfitMargin" : 62.18,
    "operatingProfit" : 23.71,
    "netProfitMargin" : 27.30,
    "netProfit" : 10.41
  }, {
    "date" : "2009-03-31",
    "sales" : 43.38,
    "salesGrowthYoY" : 59.90,
    "grossProfitMargin" : 100.00,
    "grossProfit" : 43.38,
    "operatingProfitMargin" : 58.62,
    "operatingProfit" : 25.43,
    "netProfitMargin" : 31.97,
    "netProfit" : 13.87
  }, {
    "date" : "2009-06-30",
    "sales" : 33.19,
    "salesGrowthYoY" : 16.99,
    "grossProfitMargin" : 100.00,
    "grossProfit" : 33.19,
    "operatingProfitMargin" : 60.11,
    "operatingProfit" : 19.95,
    "netProfitMargin" : 32.66,
    "netProfit" : 10.84
  }, {
    "date" : "2009-09-30",
    "sales" : 37.45,
    "salesGrowthYoY" : 84.21,
    "grossProfitMargin" : 100.00,
    "grossProfit" : 37.45,
    "operatingProfitMargin" : 57.54,
    "operatingProfit" : 21.55,
    "netProfitMargin" : 32.07,
    "netProfit" : 12.01
  }, {
    "date" : "2009-12-31",
    "sales" : 41.32,
    "salesGrowthYoY" : 8.37,
    "grossProfitMargin" : 100.00,
    "grossProfit" : 41.32,
    "operatingProfitMargin" : 57.41,
    "operatingProfit" : 23.72,
    "netProfitMargin" : 32.70,
    "netProfit" : 13.51
  }, {
    "date" : "2010-03-31",
    "sales" : 43.88,
    "salesGrowthYoY" : 1.15,
    "grossProfitMargin" : 100.00,
    "grossProfit" : 43.88,
    "operatingProfitMargin" : 58.80,
    "operatingProfit" : 25.80,
    "netProfitMargin" : 36.49,
    "netProfit" : 16.01
  }, {
    "date" : "2010-06-30",
    "sales" : 40.07,
    "salesGrowthYoY" : 20.73,
    "grossProfitMargin" : 100.00,
    "grossProfit" : 40.07,
    "operatingProfitMargin" : 55.60,
    "operatingProfit" : 22.28,
    "netProfitMargin" : 35.14,
    "netProfit" : 14.08
  }, {
    "date" : "2010-09-30",
    "sales" : 47.37,
    "salesGrowthYoY" : 26.49,
    "grossProfitMargin" : 100.00,
    "grossProfit" : 47.37,
    "operatingProfitMargin" : 57.34,
    "operatingProfit" : 27.16,
    "netProfitMargin" : 35.28,
    "netProfit" : 16.71
  }, {
    "date" : "2010-12-31",
    "sales" : 41.43,
    "salesGrowthYoY" : 0.27,
    "grossProfitMargin" : 100.00,
    "grossProfit" : 41.43,
    "operatingProfitMargin" : 62.49,
    "operatingProfit" : 25.89,
    "netProfitMargin" : 36.93,
    "netProfit" : 15.30
  }, {
    "date" : "2011-03-31",
    "sales" : 23.51,
    "salesGrowthYoY" : -46.42,
    "grossProfitMargin" : 100.00,
    "grossProfit" : 23.51,
    "operatingProfitMargin" : 55.17,
    "operatingProfit" : 12.97,
    "netProfitMargin" : 33.90,
    "netProfit" : 7.97
  }, {
    "date" : "2011-06-30",
    "sales" : 20.25,
    "salesGrowthYoY" : -49.46,
    "grossProfitMargin" : 100.00,
    "grossProfit" : 20.25,
    "operatingProfitMargin" : 43.65,
    "operatingProfit" : 8.84,
    "netProfitMargin" : 32.15,
    "netProfit" : 6.51
  }, {
    "date" : "2011-09-30",
    "sales" : 20.54,
    "salesGrowthYoY" : -56.64,
    "grossProfitMargin" : 100.00,
    "grossProfit" : 20.54,
    "operatingProfitMargin" : 44.99,
    "operatingProfit" : 9.24,
    "netProfitMargin" : 31.84,
    "netProfit" : 6.54
  }, {
    "date" : "2011-12-31",
    "sales" : 22.93,
    "salesGrowthYoY" : -44.65,
    "grossProfitMargin" : 100.00,
    "grossProfit" : 22.93,
    "operatingProfitMargin" : 43.26,
    "operatingProfit" : 9.92,
    "netProfitMargin" : 30.61,
    "netProfit" : 7.02
  }, {
    "date" : "2012-03-31",
    "sales" : 73.99,
    "salesGrowthYoY" : 214.72,
    "grossProfitMargin" : 100.00,
    "grossProfit" : 73.99,
    "operatingProfitMargin" : 27.37,
    "operatingProfit" : 20.25,
    "netProfitMargin" : 14.88,
    "netProfit" : 11.01
  }, {
    "date" : "2012-06-30",
    "sales" : 17.93,
    "salesGrowthYoY" : -11.46,
    "grossProfitMargin" : 100.00,
    "grossProfit" : 17.93,
    "operatingProfitMargin" : 47.24,
    "operatingProfit" : 8.47,
    "netProfitMargin" : 28.05,
    "netProfit" : 5.03
  }, {
    "date" : "2012-09-30",
    "sales" : 25.25,
    "salesGrowthYoY" : 22.93,
    "grossProfitMargin" : 100.00,
    "grossProfit" : 25.25,
    "operatingProfitMargin" : 49.62,
    "operatingProfit" : 12.53,
    "netProfitMargin" : 28.08,
    "netProfit" : 7.09
  }, {
    "date" : "2012-12-31",
    "sales" : 28.76,
    "salesGrowthYoY" : 25.43,
    "grossProfitMargin" : 100.00,
    "grossProfit" : 28.76,
    "operatingProfitMargin" : 51.81,
    "operatingProfit" : 14.90,
    "netProfitMargin" : 28.03,
    "netProfit" : 8.06
  }, {
    "date" : "2013-03-31",
    "sales" : 34.87,
    "salesGrowthYoY" : -52.87,
    "grossProfitMargin" : 100.00,
    "grossProfit" : 34.87,
    "operatingProfitMargin" : 56.98,
    "operatingProfit" : 19.87,
    "netProfitMargin" : 32.95,
    "netProfit" : 11.49
  }, {
    "date" : "2013-06-30",
    "sales" : 23.33,
    "salesGrowthYoY" : 30.12,
    "grossProfitMargin" : 100.00,
    "grossProfit" : 23.33,
    "operatingProfitMargin" : 42.05,
    "operatingProfit" : 9.81,
    "netProfitMargin" : 22.07,
    "netProfit" : 5.15
  }, {
    "date" : "2013-09-30",
    "sales" : 23.98,
    "salesGrowthYoY" : -5.03,
    "grossProfitMargin" : 100.00,
    "grossProfit" : 23.98,
    "operatingProfitMargin" : 45.37,
    "operatingProfit" : 10.88,
    "netProfitMargin" : 21.52,
    "netProfit" : 5.16
  }, {
    "date" : "2013-12-31",
    "sales" : 20.92,
    "salesGrowthYoY" : -27.26,
    "grossProfitMargin" : 100.00,
    "grossProfit" : 20.92,
    "operatingProfitMargin" : 46.80,
    "operatingProfit" : 9.79,
    "netProfitMargin" : 21.70,
    "netProfit" : 4.54
  }, {
    "date" : "2014-03-31",
    "sales" : 26.48,
    "salesGrowthYoY" : -24.06,
    "grossProfitMargin" : 100.00,
    "grossProfit" : 26.48,
    "operatingProfitMargin" : 42.37,
    "operatingProfit" : 11.22,
    "netProfitMargin" : 20.54,
    "netProfit" : 5.44
  }, {
    "date" : "2014-06-30",
    "sales" : 20.03,
    "salesGrowthYoY" : -14.14,
    "grossProfitMargin" : 100.00,
    "grossProfit" : 20.03,
    "operatingProfitMargin" : 45.43,
    "operatingProfit" : 9.10,
    "netProfitMargin" : 26.71,
    "netProfit" : 5.35
  }, {
    "date" : "2014-09-30",
    "sales" : 17.74,
    "salesGrowthYoY" : -26.02,
    "grossProfitMargin" : 100.00,
    "grossProfit" : 17.74,
    "operatingProfitMargin" : 51.63,
    "operatingProfit" : 9.16,
    "netProfitMargin" : 23.62,
    "netProfit" : 4.19
  }, {
    "date" : "2014-12-31",
    "sales" : 22.99,
    "salesGrowthYoY" : 9.89,
    "grossProfitMargin" : 100.00,
    "grossProfit" : 22.99,
    "operatingProfitMargin" : 54.28,
    "operatingProfit" : 12.48,
    "netProfitMargin" : 17.53,
    "netProfit" : 4.03
  }, {
    "date" : "2015-03-31",
    "sales" : 33.86,
    "salesGrowthYoY" : 27.87,
    "grossProfitMargin" : 100.00,
    "grossProfit" : 33.86,
    "operatingProfitMargin" : 42.82,
    "operatingProfit" : 14.50,
    "netProfitMargin" : 13.97,
    "netProfit" : 4.73
  }, {
    "date" : "2015-06-30",
    "sales" : 18.96,
    "salesGrowthYoY" : -5.34,
    "grossProfitMargin" : 100.00,
    "grossProfit" : 18.96,
    "operatingProfitMargin" : 64.29,
    "operatingProfit" : 12.19,
    "netProfitMargin" : 28.27,
    "netProfit" : 5.36
  }, {
    "date" : "2015-09-30",
    "sales" : 15.85,
    "salesGrowthYoY" : -10.65,
    "grossProfitMargin" : 100.00,
    "grossProfit" : 15.85,
    "operatingProfitMargin" : 50.66,
    "operatingProfit" : 8.03,
    "netProfitMargin" : 25.62,
    "netProfit" : 4.06
  }, {
    "date" : "2015-12-31",
    "sales" : 14.32,
    "salesGrowthYoY" : -37.71,
    "grossProfitMargin" : 100.00,
    "grossProfit" : 14.32,
    "operatingProfitMargin" : 43.72,
    "operatingProfit" : 6.26,
    "netProfitMargin" : 21.86,
    "netProfit" : 3.13
  }, {
    "date" : "2016-03-31",
    "sales" : 19.22,
    "salesGrowthYoY" : -43.24,
    "grossProfitMargin" : 100.00,
    "grossProfit" : 19.22,
    "operatingProfitMargin" : 54.32,
    "operatingProfit" : 10.44,
    "netProfitMargin" : 31.32,
    "netProfit" : 6.02
  }, {
    "date" : "2016-06-30",
    "sales" : 17.56,
    "salesGrowthYoY" : -7.38,
    "grossProfitMargin" : 100.00,
    "grossProfit" : 17.56,
    "operatingProfitMargin" : 61.10,
    "operatingProfit" : 10.73,
    "netProfitMargin" : 26.08,
    "netProfit" : 4.58
  }, {
    "date" : "2016-09-30",
    "sales" : 29.60,
    "salesGrowthYoY" : 86.75,
    "grossProfitMargin" : 100.00,
    "grossProfit" : 29.60,
    "operatingProfitMargin" : 52.74,
    "operatingProfit" : 15.61,
    "netProfitMargin" : 22.74,
    "netProfit" : 6.73
  }, {
    "date" : "2016-12-31",
    "sales" : 24.54,
    "salesGrowthYoY" : 71.37,
    "grossProfitMargin" : 100.00,
    "grossProfit" : 24.54,
    "operatingProfitMargin" : 70.62,
    "operatingProfit" : 17.33,
    "netProfitMargin" : 26.94,
    "netProfit" : 6.61
  }, {
    "date" : "2017-03-31",
    "sales" : 21.13,
    "salesGrowthYoY" : 9.94,
    "grossProfitMargin" : 100.00,
    "grossProfit" : 21.13,
    "operatingProfitMargin" : 67.30,
    "operatingProfit" : 14.22,
    "netProfitMargin" : 30.57,
    "netProfit" : 6.46
  }, {
    "date" : "2017-06-30",
    "sales" : 31.99,
    "salesGrowthYoY" : 82.18,
    "grossProfitMargin" : 100.00,
    "grossProfit" : 31.99,
    "operatingProfitMargin" : 68.52,
    "operatingProfit" : 21.92,
    "netProfitMargin" : 28.51,
    "netProfit" : 9.12
  }, {
    "date" : "2017-09-30",
    "sales" : 21.12,
    "salesGrowthYoY" : -28.65,
    "grossProfitMargin" : 100.00,
    "grossProfit" : 21.12,
    "operatingProfitMargin" : 60.84,
    "operatingProfit" : 12.85,
    "netProfitMargin" : 16.43,
    "netProfit" : 3.47
  }, {
    "date" : "2017-12-31",
    "sales" : 26.16,
    "salesGrowthYoY" : 6.60,
    "grossProfitMargin" : 100.00,
    "grossProfit" : 26.16,
    "operatingProfitMargin" : 52.87,
    "operatingProfit" : 13.83,
    "netProfitMargin" : 11.16,
    "netProfit" : 2.92
  }, {
    "date" : "2018-03-31",
    "sales" : 23.38,
    "salesGrowthYoY" : 10.65,
    "grossProfitMargin" : 100.00,
    "grossProfit" : 23.38,
    "operatingProfitMargin" : 50.60,
    "operatingProfit" : 11.83,
    "netProfitMargin" : 15.18,
    "netProfit" : 3.55
  }, {
    "date" : "2018-06-30",
    "sales" : 18.31,
    "salesGrowthYoY" : -42.76,
    "grossProfitMargin" : 100.00,
    "grossProfit" : 18.31,
    "operatingProfitMargin" : 69.80,
    "operatingProfit" : 12.78,
    "netProfitMargin" : 32.82,
    "netProfit" : 6.01
  }, {
    "date" : "2018-09-30",
    "sales" : 26.05,
    "salesGrowthYoY" : 23.34,
    "grossProfitMargin" : 100.00,
    "grossProfit" : 26.05,
    "operatingProfitMargin" : 37.43,
    "operatingProfit" : 9.75,
    "netProfitMargin" : 14.51,
    "netProfit" : 3.78
  }, {
    "date" : "2018-12-31",
    "sales" : 21.68,
    "salesGrowthYoY" : -17.13,
    "grossProfitMargin" : 100.00,
    "grossProfit" : 21.68,
    "operatingProfitMargin" : 64.62,
    "operatingProfit" : 14.01,
    "netProfitMargin" : 33.12,
    "netProfit" : 7.18
  }, {
    "date" : "2019-03-31",
    "sales" : 18.67,
    "salesGrowthYoY" : -20.15,
    "grossProfitMargin" : 100.00,
    "grossProfit" : 18.67,
    "operatingProfitMargin" : 64.38,
    "operatingProfit" : 12.02,
    "netProfitMargin" : 34.98,
    "netProfit" : 6.53
  }, {
    "date" : "2019-06-30",
    "sales" : 17.17,
    "salesGrowthYoY" : -6.23,
    "grossProfitMargin" : 100.00,
    "grossProfit" : 17.17,
    "operatingProfitMargin" : 73.33,
    "operatingProfit" : 12.59,
    "netProfitMargin" : 36.81,
    "netProfit" : 6.32
  }, {
    "date" : "2019-09-30",
    "sales" : 11.54,
    "salesGrowthYoY" : -55.70,
    "grossProfitMargin" : 100.00,
    "grossProfit" : 11.54,
    "operatingProfitMargin" : 53.81,
    "operatingProfit" : 6.21,
    "netProfitMargin" : 39.34,
    "netProfit" : 4.54
  }, {
    "date" : "2019-12-31",
    "sales" : 16.18,
    "salesGrowthYoY" : -25.37,
    "grossProfitMargin" : 100.00,
    "grossProfit" : 16.18,
    "operatingProfitMargin" : 54.70,
    "operatingProfit" : 8.85,
    "netProfitMargin" : 33.07,
    "netProfit" : 5.35
  }, {
    "date" : "2020-03-31",
    "sales" : 18.36,
    "salesGrowthYoY" : -1.66,
    "grossProfitMargin" : 100.00,
    "grossProfit" : 18.36,
    "operatingProfitMargin" : 43.41,
    "operatingProfit" : 7.97,
    "netProfitMargin" : 13.40,
    "netProfit" : 2.46
  }, {
    "date" : "2020-06-30",
    "sales" : 14.16,
    "salesGrowthYoY" : -17.53,
    "grossProfitMargin" : 100.00,
    "grossProfit" : 14.16,
    "operatingProfitMargin" : 69.07,
    "operatingProfit" : 9.78,
    "netProfitMargin" : 36.16,
    "netProfit" : 5.12
  }, {
    "date" : "2020-09-30",
    "sales" : 18.93,
    "salesGrowthYoY" : 64.04,
    "grossProfitMargin" : 100.00,
    "grossProfit" : 18.93,
    "operatingProfitMargin" : 61.70,
    "operatingProfit" : 11.68,
    "netProfitMargin" : 33.12,
    "netProfit" : 6.27
  }, {
    "date" : "2020-12-31",
    "sales" : 18.28,
    "salesGrowthYoY" : 12.98,
    "grossProfitMargin" : 100.00,
    "grossProfit" : 18.28,
    "operatingProfitMargin" : 69.15,
    "operatingProfit" : 12.64,
    "netProfitMargin" : 41.90,
    "netProfit" : 7.66
  }, {
    "date" : "2021-03-31",
    "sales" : 20.81,
    "salesGrowthYoY" : 13.34,
    "grossProfitMargin" : 100.00,
    "grossProfit" : 20.81,
    "operatingProfitMargin" : 49.50,
    "operatingProfit" : 10.30,
    "netProfitMargin" : 30.61,
    "netProfit" : 6.37
  }, {
    "date" : "2021-06-30",
    "sales" : 18.24,
    "salesGrowthYoY" : 28.81,
    "grossProfitMargin" : 100.00,
    "grossProfit" : 18.24,
    "operatingProfitMargin" : 55.32,
    "operatingProfit" : 10.09,
    "netProfitMargin" : 25.00,
    "netProfit" : 4.56
  }, {
    "date" : "2021-09-30",
    "sales" : 25.32,
    "salesGrowthYoY" : 33.76,
    "grossProfitMargin" : 100.00,
    "grossProfit" : 25.32,
    "operatingProfitMargin" : 49.41,
    "operatingProfit" : 12.51,
    "netProfitMargin" : 24.25,
    "netProfit" : 6.14
  }, {
    "date" : "2021-12-31",
    "sales" : 22.89,
    "salesGrowthYoY" : 25.22,
    "grossProfitMargin" : 100.00,
    "grossProfit" : 22.89,
    "operatingProfitMargin" : 59.76,
    "operatingProfit" : 13.68,
    "netProfitMargin" : 32.02,
    "netProfit" : 7.33
  }, {
    "date" : "2022-03-31",
    "sales" : 19.86,
    "salesGrowthYoY" : -4.57,
    "grossProfitMargin" : 100.00,
    "grossProfit" : 19.86,
    "operatingProfitMargin" : 60.83,
    "operatingProfit" : 12.08,
    "netProfitMargin" : 41.74,
    "netProfit" : 8.29
  }, {
    "date" : "2022-06-30",
    "sales" : 26.30,
    "salesGrowthYoY" : 44.19,
    "grossProfitMargin" : 100.00,
    "grossProfit" : 26.30,
    "operatingProfitMargin" : 55.89,
    "operatingProfit" : 14.70,
    "netProfitMargin" : 26.35,
    "netProfit" : 6.93
  }, {
    "date" : "2022-09-30",
    "sales" : 30.72,
    "salesGrowthYoY" : 21.33,
    "grossProfitMargin" : 100.00,
    "grossProfit" : 30.72,
    "operatingProfitMargin" : 56.61,
    "operatingProfit" : 17.39,
    "netProfitMargin" : 24.93,
    "netProfit" : 7.66
  }, {
    "date" : "2022-12-31",
    "sales" : 29.32,
    "salesGrowthYoY" : 28.09,
    "grossProfitMargin" : 100.00,
    "grossProfit" : 29.32,
    "operatingProfitMargin" : 67.97,
    "operatingProfit" : 19.93,
    "netProfitMargin" : 25.95,
    "netProfit" : 7.61
  }, {
    "date" : "2023-03-31",
    "sales" : 28.73,
    "salesGrowthYoY" : 44.66,
    "grossProfitMargin" : 100.00,
    "grossProfit" : 28.73,
    "operatingProfitMargin" : 60.46,
    "operatingProfit" : 17.37,
    "netProfitMargin" : 29.62,
    "netProfit" : 8.51
  }, {
    "date" : "2023-06-30",
    "sales" : 30.48,
    "salesGrowthYoY" : 15.89,
    "grossProfitMargin" : 100.00,
    "grossProfit" : 30.48,
    "operatingProfitMargin" : 64.53,
    "operatingProfit" : 19.67,
    "netProfitMargin" : 23.52,
    "netProfit" : 7.17
  }, {
    "date" : "2023-09-30",
    "sales" : 29.20,
    "salesGrowthYoY" : -4.95,
    "grossProfitMargin" : 100.00,
    "grossProfit" : 29.20,
    "operatingProfitMargin" : 61.47,
    "operatingProfit" : 17.95,
    "netProfitMargin" : 26.37,
    "netProfit" : 7.70
  }, {
    "date" : "2023-12-31",
    "sales" : 31.44,
    "salesGrowthYoY" : 7.23,
    "grossProfitMargin" : 100.00,
    "grossProfit" : 31.44,
    "operatingProfitMargin" : 66.54,
    "operatingProfit" : 20.92,
    "netProfitMargin" : 25.32,
    "netProfit" : 7.96
  }, {
    "date" : "2024-03-31",
    "sales" : 35.07,
    "salesGrowthYoY" : 22.07,
    "grossProfitMargin" : 100.00,
    "grossProfit" : 35.07,
    "operatingProfitMargin" : 68.43,
    "operatingProfit" : 24.00,
    "netProfitMargin" : 25.58,
    "netProfit" : 8.97
  }, {
    "date" : "2024-06-30",
    "sales" : 28.27,
    "salesGrowthYoY" : -7.25,
    "grossProfitMargin" : 100.00,
    "grossProfit" : 28.27,
    "operatingProfitMargin" : 72.16,
    "operatingProfit" : 20.40,
    "netProfitMargin" : 26.07,
    "netProfit" : 7.37
  }, {
    "date" : "2024-09-30",
    "sales" : 30.28,
    "salesGrowthYoY" : 3.70,
    "grossProfitMargin" : 100.00,
    "grossProfit" : 30.28,
    "operatingProfitMargin" : 64.23,
    "operatingProfit" : 19.45,
    "netProfitMargin" : 27.21,
    "netProfit" : 8.24
  }, {
    "date" : "2024-12-31",
    "sales" : 31.25,
    "salesGrowthYoY" : -0.60,
    "grossProfitMargin" : 100.00,
    "grossProfit" : 31.25,
    "operatingProfitMargin" : 67.14,
    "operatingProfit" : 20.98,
    "netProfitMargin" : 26.08,
    "netProfit" : 8.15
  }, {
    "date" : "2025-03-31",
    "sales" : 33.71,
    "salesGrowthYoY" : -3.88,
    "grossProfitMargin" : 100.00,
    "grossProfit" : 33.71,
    "operatingProfitMargin" : 68.61,
    "operatingProfit" : 23.13,
    "netProfitMargin" : 26.99,
    "netProfit" : 9.10
  }, {
    "date" : "2025-06-30",
    "sales" : 34.72,
    "salesGrowthYoY" : 22.82,
    "grossProfitMargin" : 100.00,
    "grossProfit" : 34.72,
    "operatingProfitMargin" : 70.33,
    "operatingProfit" : 24.42,
    "netProfitMargin" : 22.55,
    "netProfit" : 7.83
  }, {
    "date" : "2025-09-30",
    "sales" : 65.51,
    "salesGrowthYoY" : 116.35,
    "grossProfitMargin" : 100.00,
    "grossProfit" : 65.51,
    "operatingProfitMargin" : 57.38,
    "operatingProfit" : 37.59,
    "netProfitMargin" : 30.44,
    "netProfit" : 19.94
  }, {
    "date" : "2025-12-31",
    "sales" : 39.85,
    "salesGrowthYoY" : 27.52,
    "grossProfitMargin" : 100.00,
    "grossProfit" : 39.85,
    "operatingProfitMargin" : 71.34,
    "operatingProfit" : 28.43,
    "netProfitMargin" : 37.69,
    "netProfit" : 15.02
  } ],
  "latestQuarterlyResult" : {
    "date" : "2025-12-31",
    "sales" : 39.85,
    "salesGrowthYoY" : 27.52,
    "grossProfitMargin" : 100.00,
    "grossProfit" : 39.85,
    "operatingProfitMargin" : 71.34,
    "operatingProfit" : 28.43,
    "netProfitMargin" : 37.69,
    "netProfit" : 15.02
  },
  "companyScore" : {
    "priceHigherThanDma50" : 5.00,
    "priceHigherThanDma100" : 5.00,
    "priceHigherThanDma200" : 5.00,
    "dma50HigherThanDma100" : 5.00,
    "dma50HigherThanDma200" : 5.00,
    "dma100HigherThanDma200" : 5.00,
    "pricePercentageAboveDma50" : 4.54,
    "pricePercentageAboveDma100" : 4.16,
    "pricePercentageAboveDma200" : 3.78,
    "weeklyVolumeHigherThanYearlyVolume" : 0.00,
    "salesGrowthPercentile" : 13.50,
    "operatingProfitMarginPercentile" : 19.29,
    "netProfitMarginPercentile" : 9.17,
    "totalTechnicalScore" : 42.47,
    "totalFundamentalScore" : 41.95,
    "totalScore" : 84.42
  }
}