{
  "metadata" : {
    "screenerCompanyId" : "1778",
    "companyCode" : "532067",
    "companyName" : "3B Blackbio",
    "screenerCompanyLink" : "https://www.screener.in/company/532067/consolidated/",
    "screenerTechnicalHistoryLink" : "https://www.screener.in/api/company/1778/chart/?q=Price-DMA50-DMA200-Volume&days=365",
    "screenerQuarterlyResultsLink" : "https://www.screener.in/api/company/1778/chart/?q=GPM-OPM-NPM-Quarter+Sales&days=10000",
    "attributes" : {
      "companyCode" : "532067",
      "companyName" : "3B Blackbio",
      "marketCap" : 1391.00,
      "peRatio" : 24.20,
      "description" : "Incorporated in 2011, 3B BlackBio Dx Ltd manufactures and exports PCR based Molecular Diagnostic kits, PCR Enzymes & PCR Reagents, and agrochemical-based products[1]"
    },
    "companyScore" : {
      "priceHigherThanDma50" : 5.00,
      "priceHigherThanDma100" : 5.00,
      "priceHigherThanDma200" : 5.00,
      "dma50HigherThanDma100" : 5.00,
      "dma50HigherThanDma200" : 5.00,
      "dma100HigherThanDma200" : 0.00,
      "pricePercentageAboveDma50" : 4.62,
      "pricePercentageAboveDma100" : 4.27,
      "pricePercentageAboveDma200" : 4.53,
      "weeklyVolumeHigherThanYearlyVolume" : 0.00,
      "salesGrowthPercentile" : 9.00,
      "operatingProfitMarginPercentile" : 19.76,
      "netProfitMarginPercentile" : 9.64,
      "totalTechnicalScore" : 38.42,
      "totalFundamentalScore" : 38.40,
      "totalScore" : 76.83
    }
  },
  "attributes" : {
    "companyCode" : "532067",
    "companyName" : "3B Blackbio",
    "marketCap" : 1391.00,
    "peRatio" : 24.20,
    "description" : "Incorporated in 2011, 3B BlackBio Dx Ltd manufactures and exports PCR based Molecular Diagnostic kits, PCR Enzymes & PCR Reagents, and agrochemical-based products[1]"
  },
  "technicalHistory" : [ {
    "date" : "2025-02-10",
    "price" : 1824.75,
    "dma50" : 1884.32,
    "dma100" : null,
    "dma200" : 1491.15,
    "volume" : 18284.00
  }, {
    "date" : "2025-02-11",
    "price" : 1666.05,
    "dma50" : 1875.76,
    "dma100" : null,
    "dma200" : 1492.89,
    "volume" : 21497.00
  }, {
    "date" : "2025-02-12",
    "price" : 1732.95,
    "dma50" : 1870.16,
    "dma100" : null,
    "dma200" : 1495.28,
    "volume" : 6349.00
  }, {
    "date" : "2025-02-13",
    "price" : 1671.40,
    "dma50" : 1862.37,
    "dma100" : null,
    "dma200" : 1497.03,
    "volume" : 3946.00
  }, {
    "date" : "2025-02-14",
    "price" : 1897.70,
    "dma50" : 1863.75,
    "dma100" : null,
    "dma200" : 1501.02,
    "volume" : 18590.00
  }, {
    "date" : "2025-02-17",
    "price" : 1983.85,
    "dma50" : 1868.46,
    "dma100" : null,
    "dma200" : 1505.82,
    "volume" : 11642.00
  }, {
    "date" : "2025-02-18",
    "price" : 1814.55,
    "dma50" : 1866.35,
    "dma100" : null,
    "dma200" : 1508.89,
    "volume" : 9000.00
  }, {
    "date" : "2025-02-19",
    "price" : 1984.25,
    "dma50" : 1870.97,
    "dma100" : null,
    "dma200" : 1513.62,
    "volume" : 6332.00
  }, {
    "date" : "2025-02-20",
    "price" : 1887.35,
    "dma50" : 1871.62,
    "dma100" : null,
    "dma200" : 1517.34,
    "volume" : 13641.00
  }, {
    "date" : "2025-02-21",
    "price" : 1883.65,
    "dma50" : 1872.09,
    "dma100" : null,
    "dma200" : 1520.99,
    "volume" : 1664.00
  }, {
    "date" : "2025-02-24",
    "price" : 1830.40,
    "dma50" : 1870.45,
    "dma100" : null,
    "dma200" : 1524.07,
    "volume" : 2373.00
  }, {
    "date" : "2025-02-25",
    "price" : 1777.95,
    "dma50" : 1866.83,
    "dma100" : null,
    "dma200" : 1526.59,
    "volume" : 4446.00
  }, {
    "date" : "2025-02-27",
    "price" : 1749.50,
    "dma50" : 1862.22,
    "dma100" : null,
    "dma200" : 1528.81,
    "volume" : 5373.00
  }, {
    "date" : "2025-02-28",
    "price" : 1695.40,
    "dma50" : 1855.68,
    "dma100" : null,
    "dma200" : 1530.47,
    "volume" : 9583.00
  }, {
    "date" : "2025-03-03",
    "price" : 1760.05,
    "dma50" : 1851.93,
    "dma100" : null,
    "dma200" : 1532.75,
    "volume" : 5954.00
  }, {
    "date" : "2025-03-04",
    "price" : 1773.25,
    "dma50" : 1848.85,
    "dma100" : null,
    "dma200" : 1535.15,
    "volume" : 4726.00
  }, {
    "date" : "2025-03-05",
    "price" : 1802.35,
    "dma50" : 1847.02,
    "dma100" : null,
    "dma200" : 1537.80,
    "volume" : 5192.00
  }, {
    "date" : "2025-03-06",
    "price" : 1878.60,
    "dma50" : 1848.26,
    "dma100" : null,
    "dma200" : 1541.19,
    "volume" : 6584.00
  }, {
    "date" : "2025-03-07",
    "price" : 1858.15,
    "dma50" : 1848.65,
    "dma100" : null,
    "dma200" : 1544.35,
    "volume" : 2531.00
  }, {
    "date" : "2025-03-10",
    "price" : 1850.40,
    "dma50" : 1848.72,
    "dma100" : null,
    "dma200" : 1547.39,
    "volume" : 2563.00
  }, {
    "date" : "2025-03-11",
    "price" : 1761.90,
    "dma50" : 1845.31,
    "dma100" : null,
    "dma200" : 1549.53,
    "volume" : 10553.00
  }, {
    "date" : "2025-03-12",
    "price" : 1710.30,
    "dma50" : 1840.02,
    "dma100" : null,
    "dma200" : 1551.13,
    "volume" : 5478.00
  }, {
    "date" : "2025-03-13",
    "price" : 1682.50,
    "dma50" : 1833.84,
    "dma100" : null,
    "dma200" : 1552.44,
    "volume" : 6675.00
  }, {
    "date" : "2025-03-17",
    "price" : 1795.85,
    "dma50" : 1832.35,
    "dma100" : null,
    "dma200" : 1554.86,
    "volume" : 4814.00
  }, {
    "date" : "2025-03-18",
    "price" : 1767.95,
    "dma50" : 1829.83,
    "dma100" : null,
    "dma200" : 1556.98,
    "volume" : 4887.00
  }, {
    "date" : "2025-03-19",
    "price" : 1772.45,
    "dma50" : 1827.58,
    "dma100" : null,
    "dma200" : 1559.12,
    "volume" : 10862.00
  }, {
    "date" : "2025-03-20",
    "price" : 1767.85,
    "dma50" : 1825.23,
    "dma100" : null,
    "dma200" : 1561.20,
    "volume" : 4176.00
  }, {
    "date" : "2025-03-21",
    "price" : 1761.05,
    "dma50" : 1822.72,
    "dma100" : null,
    "dma200" : 1563.19,
    "volume" : 3574.00
  }, {
    "date" : "2025-03-24",
    "price" : 1704.45,
    "dma50" : 1818.08,
    "dma100" : null,
    "dma200" : 1564.59,
    "volume" : 14032.00
  }, {
    "date" : "2025-03-25",
    "price" : 1708.80,
    "dma50" : 1813.79,
    "dma100" : null,
    "dma200" : 1566.03,
    "volume" : 3349.00
  }, {
    "date" : "2025-03-26",
    "price" : 1664.60,
    "dma50" : 1807.94,
    "dma100" : null,
    "dma200" : 1567.01,
    "volume" : 4295.00
  }, {
    "date" : "2025-03-27",
    "price" : 1671.85,
    "dma50" : 1802.61,
    "dma100" : null,
    "dma200" : 1568.05,
    "volume" : 4040.00
  }, {
    "date" : "2025-03-28",
    "price" : 1616.75,
    "dma50" : 1795.32,
    "dma100" : null,
    "dma200" : 1568.54,
    "volume" : 7189.00
  }, {
    "date" : "2025-04-01",
    "price" : 1674.40,
    "dma50" : 1790.58,
    "dma100" : null,
    "dma200" : 1569.59,
    "volume" : 2748.00
  }, {
    "date" : "2025-04-02",
    "price" : 1748.40,
    "dma50" : 1788.92,
    "dma100" : null,
    "dma200" : 1571.37,
    "volume" : 4707.00
  }, {
    "date" : "2025-04-03",
    "price" : 1742.75,
    "dma50" : 1787.11,
    "dma100" : null,
    "dma200" : 1573.07,
    "volume" : 3843.00
  }, {
    "date" : "2025-04-04",
    "price" : 1727.25,
    "dma50" : 1784.76,
    "dma100" : null,
    "dma200" : 1574.61,
    "volume" : 1556.00
  }, {
    "date" : "2025-04-07",
    "price" : 1685.55,
    "dma50" : 1780.87,
    "dma100" : null,
    "dma200" : 1575.71,
    "volume" : 8584.00
  }, {
    "date" : "2025-04-08",
    "price" : 1732.00,
    "dma50" : 1778.96,
    "dma100" : null,
    "dma200" : 1577.27,
    "volume" : 3133.00
  }, {
    "date" : "2025-04-09",
    "price" : 1712.25,
    "dma50" : 1776.34,
    "dma100" : null,
    "dma200" : 1578.61,
    "volume" : 2228.00
  }, {
    "date" : "2025-04-11",
    "price" : 1736.90,
    "dma50" : 1774.79,
    "dma100" : null,
    "dma200" : 1580.19,
    "volume" : 4576.00
  }, {
    "date" : "2025-04-15",
    "price" : 1767.40,
    "dma50" : 1774.50,
    "dma100" : null,
    "dma200" : 1582.05,
    "volume" : 10835.00
  }, {
    "date" : "2025-04-16",
    "price" : 1773.45,
    "dma50" : 1774.46,
    "dma100" : null,
    "dma200" : 1583.95,
    "volume" : 7340.00
  }, {
    "date" : "2025-04-17",
    "price" : 1781.45,
    "dma50" : 1774.74,
    "dma100" : null,
    "dma200" : 1585.92,
    "volume" : 4562.00
  }, {
    "date" : "2025-04-21",
    "price" : 1819.50,
    "dma50" : 1776.49,
    "dma100" : null,
    "dma200" : 1588.24,
    "volume" : 2611.00
  }, {
    "date" : "2025-04-22",
    "price" : 1795.15,
    "dma50" : 1777.22,
    "dma100" : null,
    "dma200" : 1590.30,
    "volume" : 2471.00
  }, {
    "date" : "2025-04-23",
    "price" : 1808.85,
    "dma50" : 1778.46,
    "dma100" : null,
    "dma200" : 1592.48,
    "volume" : 2643.00
  }, {
    "date" : "2025-04-24",
    "price" : 1775.55,
    "dma50" : 1778.35,
    "dma100" : null,
    "dma200" : 1594.30,
    "volume" : 2600.00
  }, {
    "date" : "2025-04-25",
    "price" : 1737.75,
    "dma50" : 1776.76,
    "dma100" : null,
    "dma200" : 1595.72,
    "volume" : 9461.00
  }, {
    "date" : "2025-04-28",
    "price" : 1750.60,
    "dma50" : 1775.73,
    "dma100" : null,
    "dma200" : 1597.27,
    "volume" : 1284.00
  }, {
    "date" : "2025-04-29",
    "price" : 1676.75,
    "dma50" : 1771.85,
    "dma100" : null,
    "dma200" : 1598.06,
    "volume" : 5980.00
  }, {
    "date" : "2025-04-30",
    "price" : 1688.80,
    "dma50" : 1768.59,
    "dma100" : null,
    "dma200" : 1598.96,
    "volume" : 1455.00
  }, {
    "date" : "2025-05-02",
    "price" : 1674.00,
    "dma50" : 1764.88,
    "dma100" : null,
    "dma200" : 1599.71,
    "volume" : 2828.00
  }, {
    "date" : "2025-05-05",
    "price" : 1712.70,
    "dma50" : 1762.84,
    "dma100" : null,
    "dma200" : 1600.83,
    "volume" : 3920.00
  }, {
    "date" : "2025-05-06",
    "price" : 1688.45,
    "dma50" : 1759.92,
    "dma100" : null,
    "dma200" : 1601.70,
    "volume" : 3938.00
  }, {
    "date" : "2025-05-07",
    "price" : 1748.95,
    "dma50" : 1759.49,
    "dma100" : null,
    "dma200" : 1603.17,
    "volume" : 5813.00
  }, {
    "date" : "2025-05-08",
    "price" : 1695.40,
    "dma50" : 1756.98,
    "dma100" : null,
    "dma200" : 1604.09,
    "volume" : 3242.00
  }, {
    "date" : "2025-05-09",
    "price" : 1667.00,
    "dma50" : 1753.45,
    "dma100" : null,
    "dma200" : 1604.71,
    "volume" : 9037.00
  }, {
    "date" : "2025-05-12",
    "price" : 1744.20,
    "dma50" : 1753.09,
    "dma100" : null,
    "dma200" : 1606.10,
    "volume" : 3684.00
  }, {
    "date" : "2025-05-13",
    "price" : 1738.45,
    "dma50" : 1752.51,
    "dma100" : null,
    "dma200" : 1607.42,
    "volume" : 1169.00
  }, {
    "date" : "2025-05-14",
    "price" : 1676.80,
    "dma50" : 1749.54,
    "dma100" : null,
    "dma200" : 1608.11,
    "volume" : 7251.00
  }, {
    "date" : "2025-05-15",
    "price" : 1691.65,
    "dma50" : 1747.27,
    "dma100" : null,
    "dma200" : 1608.94,
    "volume" : 3760.00
  }, {
    "date" : "2025-05-16",
    "price" : 1704.95,
    "dma50" : 1745.61,
    "dma100" : null,
    "dma200" : 1609.89,
    "volume" : 1552.00
  }, {
    "date" : "2025-05-19",
    "price" : 1699.75,
    "dma50" : 1743.81,
    "dma100" : null,
    "dma200" : 1610.79,
    "volume" : 8091.00
  }, {
    "date" : "2025-05-20",
    "price" : 1693.65,
    "dma50" : 1741.85,
    "dma100" : null,
    "dma200" : 1611.61,
    "volume" : 4771.00
  }, {
    "date" : "2025-05-21",
    "price" : 1697.20,
    "dma50" : 1740.10,
    "dma100" : null,
    "dma200" : 1612.46,
    "volume" : 3206.00
  }, {
    "date" : "2025-05-22",
    "price" : 1672.50,
    "dma50" : 1737.44,
    "dma100" : null,
    "dma200" : 1613.06,
    "volume" : 2712.00
  }, {
    "date" : "2025-05-23",
    "price" : 1678.50,
    "dma50" : 1735.13,
    "dma100" : null,
    "dma200" : 1613.71,
    "volume" : 1596.00
  }, {
    "date" : "2025-05-26",
    "price" : 1889.40,
    "dma50" : 1741.18,
    "dma100" : null,
    "dma200" : 1616.45,
    "volume" : 20788.00
  }, {
    "date" : "2025-05-27",
    "price" : 1970.20,
    "dma50" : 1750.16,
    "dma100" : null,
    "dma200" : 1619.97,
    "volume" : 18772.00
  }, {
    "date" : "2025-05-28",
    "price" : 1892.15,
    "dma50" : 1755.73,
    "dma100" : null,
    "dma200" : 1622.68,
    "volume" : 12129.00
  }, {
    "date" : "2025-05-29",
    "price" : 1534.75,
    "dma50" : 1747.07,
    "dma100" : null,
    "dma200" : 1621.81,
    "volume" : 94305.00
  }, {
    "date" : "2025-05-30",
    "price" : 1656.30,
    "dma50" : 1743.51,
    "dma100" : null,
    "dma200" : 1622.15,
    "volume" : 34993.00
  }, {
    "date" : "2025-06-02",
    "price" : 1658.50,
    "dma50" : 1740.17,
    "dma100" : null,
    "dma200" : 1622.51,
    "volume" : 8503.00
  }, {
    "date" : "2025-06-03",
    "price" : 1690.70,
    "dma50" : 1738.23,
    "dma100" : null,
    "dma200" : 1623.19,
    "volume" : 7608.00
  }, {
    "date" : "2025-06-04",
    "price" : 1658.45,
    "dma50" : 1735.10,
    "dma100" : null,
    "dma200" : 1623.54,
    "volume" : 6467.00
  }, {
    "date" : "2025-06-05",
    "price" : 1654.30,
    "dma50" : 1731.94,
    "dma100" : null,
    "dma200" : 1623.85,
    "volume" : 4266.00
  }, {
    "date" : "2025-06-06",
    "price" : 1614.85,
    "dma50" : 1727.34,
    "dma100" : null,
    "dma200" : 1623.76,
    "volume" : 9660.00
  }, {
    "date" : "2025-06-09",
    "price" : 1619.45,
    "dma50" : 1723.11,
    "dma100" : null,
    "dma200" : 1623.72,
    "volume" : 16878.00
  }, {
    "date" : "2025-06-10",
    "price" : 1655.45,
    "dma50" : 1720.46,
    "dma100" : null,
    "dma200" : 1624.03,
    "volume" : 6744.00
  }, {
    "date" : "2025-06-11",
    "price" : 1620.65,
    "dma50" : 1716.55,
    "dma100" : null,
    "dma200" : 1624.00,
    "volume" : 9322.00
  }, {
    "date" : "2025-06-12",
    "price" : 1591.20,
    "dma50" : 1711.63,
    "dma100" : null,
    "dma200" : 1623.67,
    "volume" : 9505.00
  }, {
    "date" : "2025-06-13",
    "price" : 1579.45,
    "dma50" : 1706.45,
    "dma100" : null,
    "dma200" : 1623.23,
    "volume" : 3570.00
  }, {
    "date" : "2025-06-16",
    "price" : 1545.65,
    "dma50" : 1700.14,
    "dma100" : null,
    "dma200" : 1622.46,
    "volume" : 5448.00
  }, {
    "date" : "2025-06-17",
    "price" : 1515.80,
    "dma50" : 1692.91,
    "dma100" : null,
    "dma200" : 1621.40,
    "volume" : 8131.00
  }, {
    "date" : "2025-06-18",
    "price" : 1500.90,
    "dma50" : 1685.38,
    "dma100" : null,
    "dma200" : 1620.20,
    "volume" : 4389.00
  }, {
    "date" : "2025-06-19",
    "price" : 1447.50,
    "dma50" : 1676.05,
    "dma100" : null,
    "dma200" : 1618.48,
    "volume" : 5015.00
  }, {
    "date" : "2025-06-20",
    "price" : 1472.70,
    "dma50" : 1668.08,
    "dma100" : null,
    "dma200" : 1617.03,
    "volume" : 16532.00
  }, {
    "date" : "2025-06-23",
    "price" : 1436.50,
    "dma50" : 1659.00,
    "dma100" : null,
    "dma200" : 1615.23,
    "volume" : 22213.00
  }, {
    "date" : "2025-06-24",
    "price" : 1394.90,
    "dma50" : 1648.64,
    "dma100" : null,
    "dma200" : 1613.04,
    "volume" : 27304.00
  }, {
    "date" : "2025-06-25",
    "price" : 1423.90,
    "dma50" : 1639.83,
    "dma100" : null,
    "dma200" : 1611.16,
    "volume" : 10694.00
  }, {
    "date" : "2025-06-26",
    "price" : 1401.70,
    "dma50" : 1630.49,
    "dma100" : null,
    "dma200" : 1609.08,
    "volume" : 8786.00
  }, {
    "date" : "2025-06-27",
    "price" : 1427.50,
    "dma50" : 1622.53,
    "dma100" : null,
    "dma200" : 1607.27,
    "volume" : 9334.00
  }, {
    "date" : "2025-06-30",
    "price" : 1454.05,
    "dma50" : 1615.92,
    "dma100" : null,
    "dma200" : 1605.74,
    "volume" : 13261.00
  }, {
    "date" : "2025-07-01",
    "price" : 1466.60,
    "dma50" : 1610.07,
    "dma100" : null,
    "dma200" : 1604.36,
    "volume" : 9436.00
  }, {
    "date" : "2025-07-02",
    "price" : 1462.00,
    "dma50" : 1604.26,
    "dma100" : null,
    "dma200" : 1602.94,
    "volume" : 5515.00
  }, {
    "date" : "2025-07-03",
    "price" : 1503.60,
    "dma50" : 1600.31,
    "dma100" : null,
    "dma200" : 1601.95,
    "volume" : 5557.00
  }, {
    "date" : "2025-07-04",
    "price" : 1570.65,
    "dma50" : 1599.15,
    "dma100" : null,
    "dma200" : 1601.64,
    "volume" : 11106.00
  }, {
    "date" : "2025-07-07",
    "price" : 1613.50,
    "dma50" : 1599.71,
    "dma100" : null,
    "dma200" : 1601.76,
    "volume" : 10480.00
  }, {
    "date" : "2025-07-08",
    "price" : 1594.25,
    "dma50" : 1599.50,
    "dma100" : null,
    "dma200" : 1601.69,
    "volume" : 2766.00
  }, {
    "date" : "2025-07-09",
    "price" : 1619.75,
    "dma50" : 1600.29,
    "dma100" : 1693.40,
    "dma200" : 1601.87,
    "volume" : 3642.00
  }, {
    "date" : "2025-07-10",
    "price" : 1523.15,
    "dma50" : 1597.27,
    "dma100" : 1691.97,
    "dma200" : 1601.08,
    "volume" : 13428.00
  }, {
    "date" : "2025-07-11",
    "price" : 1496.15,
    "dma50" : 1593.30,
    "dma100" : 1689.61,
    "dma200" : 1600.04,
    "volume" : 5828.00
  }, {
    "date" : "2025-07-14",
    "price" : 1578.25,
    "dma50" : 1592.71,
    "dma100" : 1688.67,
    "dma200" : 1599.82,
    "volume" : 10131.00
  }, {
    "date" : "2025-07-15",
    "price" : 1609.50,
    "dma50" : 1593.37,
    "dma100" : 1685.79,
    "dma200" : 1599.92,
    "volume" : 5428.00
  }, {
    "date" : "2025-07-16",
    "price" : 1583.55,
    "dma50" : 1592.98,
    "dma100" : 1681.79,
    "dma200" : 1599.76,
    "volume" : 8025.00
  }, {
    "date" : "2025-07-17",
    "price" : 1530.75,
    "dma50" : 1590.54,
    "dma100" : 1678.95,
    "dma200" : 1599.07,
    "volume" : 18799.00
  }, {
    "date" : "2025-07-18",
    "price" : 1537.85,
    "dma50" : 1588.48,
    "dma100" : 1674.49,
    "dma200" : 1598.46,
    "volume" : 2798.00
  }, {
    "date" : "2025-07-21",
    "price" : 1553.80,
    "dma50" : 1587.12,
    "dma100" : 1671.15,
    "dma200" : 1598.02,
    "volume" : 5386.00
  }, {
    "date" : "2025-07-22",
    "price" : 1522.10,
    "dma50" : 1584.57,
    "dma100" : 1667.54,
    "dma200" : 1597.26,
    "volume" : 2400.00
  }, {
    "date" : "2025-07-23",
    "price" : 1497.20,
    "dma50" : 1581.14,
    "dma100" : 1664.20,
    "dma200" : 1596.26,
    "volume" : 4219.00
  }, {
    "date" : "2025-07-24",
    "price" : 1494.50,
    "dma50" : 1577.74,
    "dma100" : 1661.37,
    "dma200" : 1595.25,
    "volume" : 2533.00
  }, {
    "date" : "2025-07-25",
    "price" : 1437.95,
    "dma50" : 1572.26,
    "dma100" : 1658.25,
    "dma200" : 1593.69,
    "volume" : 7441.00
  }, {
    "date" : "2025-07-28",
    "price" : 1506.50,
    "dma50" : 1569.68,
    "dma100" : 1656.36,
    "dma200" : 1592.82,
    "volume" : 15635.00
  }, {
    "date" : "2025-07-29",
    "price" : 1548.85,
    "dma50" : 1568.87,
    "dma100" : 1654.25,
    "dma200" : 1592.38,
    "volume" : 11635.00
  }, {
    "date" : "2025-07-30",
    "price" : 1558.20,
    "dma50" : 1568.45,
    "dma100" : 1652.10,
    "dma200" : 1592.04,
    "volume" : 2726.00
  }, {
    "date" : "2025-07-31",
    "price" : 1537.65,
    "dma50" : 1567.24,
    "dma100" : 1649.46,
    "dma200" : 1591.50,
    "volume" : 3543.00
  }, {
    "date" : "2025-08-01",
    "price" : 1541.20,
    "dma50" : 1566.22,
    "dma100" : 1646.08,
    "dma200" : 1591.00,
    "volume" : 2527.00
  }, {
    "date" : "2025-08-04",
    "price" : 1549.70,
    "dma50" : 1565.57,
    "dma100" : 1643.00,
    "dma200" : 1590.59,
    "volume" : 1865.00
  }, {
    "date" : "2025-08-05",
    "price" : 1581.05,
    "dma50" : 1566.18,
    "dma100" : 1640.30,
    "dma200" : 1590.49,
    "volume" : 5081.00
  }, {
    "date" : "2025-08-06",
    "price" : 1521.70,
    "dma50" : 1564.43,
    "dma100" : 1637.90,
    "dma200" : 1589.81,
    "volume" : 4729.00
  }, {
    "date" : "2025-08-07",
    "price" : 1500.00,
    "dma50" : 1561.91,
    "dma100" : 1635.80,
    "dma200" : 1588.92,
    "volume" : 3590.00
  }, {
    "date" : "2025-08-08",
    "price" : 1510.00,
    "dma50" : 1559.87,
    "dma100" : 1634.07,
    "dma200" : 1588.13,
    "volume" : 1860.00
  }, {
    "date" : "2025-08-11",
    "price" : 1528.30,
    "dma50" : 1558.63,
    "dma100" : 1631.40,
    "dma200" : 1587.54,
    "volume" : 2701.00
  }, {
    "date" : "2025-08-12",
    "price" : 1557.70,
    "dma50" : 1558.60,
    "dma100" : 1629.30,
    "dma200" : 1587.24,
    "volume" : 6229.00
  }, {
    "date" : "2025-08-13",
    "price" : 1631.95,
    "dma50" : 1561.47,
    "dma100" : 1627.89,
    "dma200" : 1587.68,
    "volume" : 10388.00
  }, {
    "date" : "2025-08-14",
    "price" : 1655.40,
    "dma50" : 1565.16,
    "dma100" : 1626.77,
    "dma200" : 1588.36,
    "volume" : 9860.00
  }, {
    "date" : "2025-08-18",
    "price" : 1597.45,
    "dma50" : 1566.42,
    "dma100" : 1625.13,
    "dma200" : 1588.45,
    "volume" : 13150.00
  }, {
    "date" : "2025-08-19",
    "price" : 1498.00,
    "dma50" : 1563.74,
    "dma100" : 1623.07,
    "dma200" : 1587.55,
    "volume" : 43855.00
  }, {
    "date" : "2025-08-20",
    "price" : 1471.45,
    "dma50" : 1560.12,
    "dma100" : 1620.69,
    "dma200" : 1586.39,
    "volume" : 12821.00
  }, {
    "date" : "2025-08-21",
    "price" : 1436.00,
    "dma50" : 1555.25,
    "dma100" : 1618.41,
    "dma200" : 1584.90,
    "volume" : 10594.00
  }, {
    "date" : "2025-08-22",
    "price" : 1436.35,
    "dma50" : 1550.59,
    "dma100" : 1616.05,
    "dma200" : 1583.42,
    "volume" : 8193.00
  }, {
    "date" : "2025-08-25",
    "price" : 1413.55,
    "dma50" : 1545.22,
    "dma100" : 1614.02,
    "dma200" : 1581.73,
    "volume" : 6866.00
  }, {
    "date" : "2025-08-26",
    "price" : 1436.75,
    "dma50" : 1540.96,
    "dma100" : 1611.64,
    "dma200" : 1580.28,
    "volume" : 3922.00
  }, {
    "date" : "2025-08-28",
    "price" : 1451.85,
    "dma50" : 1537.47,
    "dma100" : 1608.68,
    "dma200" : 1579.01,
    "volume" : 6135.00
  }, {
    "date" : "2025-08-29",
    "price" : 1434.40,
    "dma50" : 1533.43,
    "dma100" : 1605.59,
    "dma200" : 1577.57,
    "volume" : 2914.00
  }, {
    "date" : "2025-09-01",
    "price" : 1414.70,
    "dma50" : 1528.77,
    "dma100" : 1602.47,
    "dma200" : 1575.95,
    "volume" : 8172.00
  }, {
    "date" : "2025-09-02",
    "price" : 1424.55,
    "dma50" : 1524.68,
    "dma100" : 1599.86,
    "dma200" : 1574.44,
    "volume" : 12481.00
  }, {
    "date" : "2025-09-03",
    "price" : 1449.25,
    "dma50" : 1521.72,
    "dma100" : 1597.03,
    "dma200" : 1573.20,
    "volume" : 8697.00
  }, {
    "date" : "2025-09-04",
    "price" : 1432.75,
    "dma50" : 1518.24,
    "dma100" : 1594.24,
    "dma200" : 1571.80,
    "volume" : 13156.00
  }, {
    "date" : "2025-09-05",
    "price" : 1472.10,
    "dma50" : 1516.43,
    "dma100" : 1591.59,
    "dma200" : 1570.81,
    "volume" : 19751.00
  }, {
    "date" : "2025-09-08",
    "price" : 1457.45,
    "dma50" : 1514.11,
    "dma100" : 1588.49,
    "dma200" : 1569.68,
    "volume" : 4940.00
  }, {
    "date" : "2025-09-09",
    "price" : 1419.10,
    "dma50" : 1510.39,
    "dma100" : 1584.94,
    "dma200" : 1568.18,
    "volume" : 9974.00
  }, {
    "date" : "2025-09-10",
    "price" : 1410.35,
    "dma50" : 1506.46,
    "dma100" : 1581.23,
    "dma200" : 1566.61,
    "volume" : 10645.00
  }, {
    "date" : "2025-09-11",
    "price" : 1423.15,
    "dma50" : 1503.20,
    "dma100" : 1577.27,
    "dma200" : 1565.18,
    "volume" : 5763.00
  }, {
    "date" : "2025-09-12",
    "price" : 1425.85,
    "dma50" : 1500.16,
    "dma100" : 1573.58,
    "dma200" : 1563.80,
    "volume" : 1147.00
  }, {
    "date" : "2025-09-15",
    "price" : 1401.35,
    "dma50" : 1496.29,
    "dma100" : 1569.50,
    "dma200" : 1562.18,
    "volume" : 8222.00
  }, {
    "date" : "2025-09-16",
    "price" : 1382.90,
    "dma50" : 1491.84,
    "dma100" : 1565.58,
    "dma200" : 1560.40,
    "volume" : 6252.00
  }, {
    "date" : "2025-09-17",
    "price" : 1408.30,
    "dma50" : 1488.57,
    "dma100" : 1562.28,
    "dma200" : 1558.88,
    "volume" : 3768.00
  }, {
    "date" : "2025-09-18",
    "price" : 1398.70,
    "dma50" : 1485.04,
    "dma100" : 1558.76,
    "dma200" : 1557.29,
    "volume" : 2330.00
  }, {
    "date" : "2025-09-19",
    "price" : 1380.10,
    "dma50" : 1480.93,
    "dma100" : 1555.80,
    "dma200" : 1555.52,
    "volume" : 9259.00
  }, {
    "date" : "2025-09-22",
    "price" : 1385.50,
    "dma50" : 1477.18,
    "dma100" : 1552.76,
    "dma200" : 1553.83,
    "volume" : 3435.00
  }, {
    "date" : "2025-09-23",
    "price" : 1404.25,
    "dma50" : 1474.32,
    "dma100" : 1550.07,
    "dma200" : 1552.34,
    "volume" : 5399.00
  }, {
    "date" : "2025-09-24",
    "price" : 1396.20,
    "dma50" : 1471.26,
    "dma100" : 1546.90,
    "dma200" : 1550.79,
    "volume" : 4138.00
  }, {
    "date" : "2025-09-25",
    "price" : 1382.35,
    "dma50" : 1467.77,
    "dma100" : 1543.84,
    "dma200" : 1549.12,
    "volume" : 2731.00
  }, {
    "date" : "2025-09-26",
    "price" : 1364.00,
    "dma50" : 1463.70,
    "dma100" : 1539.99,
    "dma200" : 1547.27,
    "volume" : 4570.00
  }, {
    "date" : "2025-09-29",
    "price" : 1401.45,
    "dma50" : 1461.26,
    "dma100" : 1537.05,
    "dma200" : 1545.82,
    "volume" : 12000.00
  }, {
    "date" : "2025-09-30",
    "price" : 1374.80,
    "dma50" : 1457.87,
    "dma100" : 1534.13,
    "dma200" : 1544.12,
    "volume" : 9950.00
  }, {
    "date" : "2025-10-01",
    "price" : 1394.55,
    "dma50" : 1455.39,
    "dma100" : 1530.63,
    "dma200" : 1542.63,
    "volume" : 4425.00
  }, {
    "date" : "2025-10-03",
    "price" : 1423.75,
    "dma50" : 1454.15,
    "dma100" : 1527.48,
    "dma200" : 1541.45,
    "volume" : 8139.00
  }, {
    "date" : "2025-10-06",
    "price" : 1417.00,
    "dma50" : 1452.69,
    "dma100" : 1524.89,
    "dma200" : 1540.21,
    "volume" : 3652.00
  }, {
    "date" : "2025-10-07",
    "price" : 1390.50,
    "dma50" : 1450.25,
    "dma100" : 1521.88,
    "dma200" : 1538.72,
    "volume" : 2774.00
  }, {
    "date" : "2025-10-08",
    "price" : 1410.50,
    "dma50" : 1448.69,
    "dma100" : 1518.93,
    "dma200" : 1537.45,
    "volume" : 4288.00
  }, {
    "date" : "2025-10-09",
    "price" : 1413.10,
    "dma50" : 1447.30,
    "dma100" : 1516.06,
    "dma200" : 1536.21,
    "volume" : 3735.00
  }, {
    "date" : "2025-10-10",
    "price" : 1387.40,
    "dma50" : 1444.95,
    "dma100" : 1513.00,
    "dma200" : 1534.73,
    "volume" : 3203.00
  }, {
    "date" : "2025-10-13",
    "price" : 1386.75,
    "dma50" : 1442.67,
    "dma100" : 1509.90,
    "dma200" : 1533.26,
    "volume" : 3077.00
  }, {
    "date" : "2025-10-14",
    "price" : 1389.95,
    "dma50" : 1440.60,
    "dma100" : 1507.07,
    "dma200" : 1531.83,
    "volume" : 1997.00
  }, {
    "date" : "2025-10-15",
    "price" : 1372.10,
    "dma50" : 1437.91,
    "dma100" : 1504.01,
    "dma200" : 1530.24,
    "volume" : 2491.00
  }, {
    "date" : "2025-10-16",
    "price" : 1370.90,
    "dma50" : 1435.29,
    "dma100" : 1498.82,
    "dma200" : 1528.65,
    "volume" : 1437.00
  }, {
    "date" : "2025-10-17",
    "price" : 1386.70,
    "dma50" : 1433.38,
    "dma100" : 1492.99,
    "dma200" : 1527.24,
    "volume" : 1995.00
  }, {
    "date" : "2025-10-20",
    "price" : 1401.35,
    "dma50" : 1432.12,
    "dma100" : 1488.08,
    "dma200" : 1525.99,
    "volume" : 3918.00
  }, {
    "date" : "2025-10-21",
    "price" : 1409.95,
    "dma50" : 1431.25,
    "dma100" : 1486.83,
    "dma200" : 1524.83,
    "volume" : 2873.00
  }, {
    "date" : "2025-10-23",
    "price" : 1390.20,
    "dma50" : 1429.64,
    "dma100" : 1484.17,
    "dma200" : 1523.49,
    "volume" : 2209.00
  }, {
    "date" : "2025-10-24",
    "price" : 1386.45,
    "dma50" : 1427.95,
    "dma100" : 1481.45,
    "dma200" : 1522.13,
    "volume" : 1708.00
  }, {
    "date" : "2025-10-27",
    "price" : 1321.60,
    "dma50" : 1423.78,
    "dma100" : 1477.76,
    "dma200" : 1520.14,
    "volume" : 10432.00
  }, {
    "date" : "2025-10-28",
    "price" : 1325.20,
    "dma50" : 1419.91,
    "dma100" : 1474.43,
    "dma200" : 1518.20,
    "volume" : 4990.00
  }, {
    "date" : "2025-10-29",
    "price" : 1356.70,
    "dma50" : 1417.43,
    "dma100" : 1471.45,
    "dma200" : 1516.59,
    "volume" : 4556.00
  }, {
    "date" : "2025-10-30",
    "price" : 1345.00,
    "dma50" : 1414.59,
    "dma100" : 1468.75,
    "dma200" : 1514.88,
    "volume" : 5521.00
  }, {
    "date" : "2025-10-31",
    "price" : 1377.85,
    "dma50" : 1413.15,
    "dma100" : 1466.34,
    "dma200" : 1513.52,
    "volume" : 4508.00
  }, {
    "date" : "2025-11-03",
    "price" : 1365.00,
    "dma50" : 1411.26,
    "dma100" : 1463.43,
    "dma200" : 1512.04,
    "volume" : 2669.00
  }, {
    "date" : "2025-11-04",
    "price" : 1350.75,
    "dma50" : 1408.89,
    "dma100" : 1460.73,
    "dma200" : 1510.44,
    "volume" : 943.00
  }, {
    "date" : "2025-11-06",
    "price" : 1324.35,
    "dma50" : 1405.58,
    "dma100" : 1458.06,
    "dma200" : 1508.58,
    "volume" : 2781.00
  }, {
    "date" : "2025-11-07",
    "price" : 1329.20,
    "dma50" : 1402.58,
    "dma100" : 1455.56,
    "dma200" : 1506.80,
    "volume" : 2219.00
  }, {
    "date" : "2025-11-10",
    "price" : 1363.40,
    "dma50" : 1401.04,
    "dma100" : 1453.74,
    "dma200" : 1505.37,
    "volume" : 3005.00
  }, {
    "date" : "2025-11-11",
    "price" : 1410.95,
    "dma50" : 1401.43,
    "dma100" : 1452.69,
    "dma200" : 1504.43,
    "volume" : 5006.00
  }, {
    "date" : "2025-11-12",
    "price" : 1361.20,
    "dma50" : 1399.86,
    "dma100" : 1451.29,
    "dma200" : 1503.01,
    "volume" : 2645.00
  }, {
    "date" : "2025-11-13",
    "price" : 1335.10,
    "dma50" : 1397.32,
    "dma100" : 1450.17,
    "dma200" : 1501.34,
    "volume" : 3973.00
  }, {
    "date" : "2025-11-14",
    "price" : 1391.85,
    "dma50" : 1397.10,
    "dma100" : 1449.36,
    "dma200" : 1500.25,
    "volume" : 5948.00
  }, {
    "date" : "2025-11-17",
    "price" : 1328.15,
    "dma50" : 1394.40,
    "dma100" : 1448.28,
    "dma200" : 1498.54,
    "volume" : 22072.00
  }, {
    "date" : "2025-11-18",
    "price" : 1339.80,
    "dma50" : 1392.26,
    "dma100" : 1447.73,
    "dma200" : 1496.96,
    "volume" : 4628.00
  }, {
    "date" : "2025-11-19",
    "price" : 1321.15,
    "dma50" : 1389.47,
    "dma100" : 1446.70,
    "dma200" : 1495.21,
    "volume" : 6764.00
  }, {
    "date" : "2025-11-20",
    "price" : 1310.60,
    "dma50" : 1386.38,
    "dma100" : 1445.79,
    "dma200" : 1493.37,
    "volume" : 4774.00
  }, {
    "date" : "2025-11-21",
    "price" : 1281.40,
    "dma50" : 1382.26,
    "dma100" : 1444.33,
    "dma200" : 1491.26,
    "volume" : 3479.00
  }, {
    "date" : "2025-11-24",
    "price" : 1182.30,
    "dma50" : 1374.42,
    "dma100" : 1441.61,
    "dma200" : 1488.19,
    "volume" : 18636.00
  }, {
    "date" : "2025-11-25",
    "price" : 1250.55,
    "dma50" : 1369.56,
    "dma100" : 1439.45,
    "dma200" : 1485.82,
    "volume" : 9212.00
  }, {
    "date" : "2025-11-26",
    "price" : 1291.30,
    "dma50" : 1366.49,
    "dma100" : 1437.74,
    "dma200" : 1483.89,
    "volume" : 4268.00
  }, {
    "date" : "2025-11-27",
    "price" : 1298.20,
    "dma50" : 1363.81,
    "dma100" : 1435.69,
    "dma200" : 1482.04,
    "volume" : 3377.00
  }, {
    "date" : "2025-11-28",
    "price" : 1286.30,
    "dma50" : 1360.77,
    "dma100" : 1432.84,
    "dma200" : 1480.09,
    "volume" : 1410.00
  }, {
    "date" : "2025-12-01",
    "price" : 1259.00,
    "dma50" : 1356.78,
    "dma100" : 1429.30,
    "dma200" : 1477.89,
    "volume" : 3288.00
  }, {
    "date" : "2025-12-02",
    "price" : 1246.50,
    "dma50" : 1352.46,
    "dma100" : 1425.82,
    "dma200" : 1475.59,
    "volume" : 2969.00
  }, {
    "date" : "2025-12-03",
    "price" : 1290.75,
    "dma50" : 1350.04,
    "dma100" : 1422.53,
    "dma200" : 1473.75,
    "volume" : 6425.00
  }, {
    "date" : "2025-12-04",
    "price" : 1278.25,
    "dma50" : 1347.22,
    "dma100" : 1420.08,
    "dma200" : 1471.80,
    "volume" : 1920.00
  }, {
    "date" : "2025-12-05",
    "price" : 1259.45,
    "dma50" : 1343.78,
    "dma100" : 1417.72,
    "dma200" : 1469.69,
    "volume" : 3019.00
  }, {
    "date" : "2025-12-08",
    "price" : 1257.65,
    "dma50" : 1340.40,
    "dma100" : 1414.51,
    "dma200" : 1467.58,
    "volume" : 3411.00
  }, {
    "date" : "2025-12-09",
    "price" : 1249.45,
    "dma50" : 1336.84,
    "dma100" : 1410.91,
    "dma200" : 1465.41,
    "volume" : 9619.00
  }, {
    "date" : "2025-12-10",
    "price" : 1268.65,
    "dma50" : 1334.16,
    "dma100" : 1407.76,
    "dma200" : 1463.45,
    "volume" : 2588.00
  }, {
    "date" : "2025-12-11",
    "price" : 1271.00,
    "dma50" : 1331.68,
    "dma100" : 1405.16,
    "dma200" : 1461.54,
    "volume" : 2973.00
  }, {
    "date" : "2025-12-12",
    "price" : 1379.50,
    "dma50" : 1333.56,
    "dma100" : 1403.58,
    "dma200" : 1460.72,
    "volume" : 18495.00
  }, {
    "date" : "2025-12-15",
    "price" : 1418.00,
    "dma50" : 1336.87,
    "dma100" : 1402.22,
    "dma200" : 1460.30,
    "volume" : 8392.00
  }, {
    "date" : "2025-12-16",
    "price" : 1423.95,
    "dma50" : 1340.29,
    "dma100" : 1401.24,
    "dma200" : 1459.93,
    "volume" : 5006.00
  }, {
    "date" : "2025-12-17",
    "price" : 1388.45,
    "dma50" : 1342.17,
    "dma100" : 1400.15,
    "dma200" : 1459.22,
    "volume" : 2380.00
  }, {
    "date" : "2025-12-18",
    "price" : 1356.55,
    "dma50" : 1342.74,
    "dma100" : 1398.77,
    "dma200" : 1458.20,
    "volume" : 2366.00
  }, {
    "date" : "2025-12-19",
    "price" : 1347.85,
    "dma50" : 1342.94,
    "dma100" : 1397.87,
    "dma200" : 1457.10,
    "volume" : 7105.00
  }, {
    "date" : "2025-12-22",
    "price" : 1420.65,
    "dma50" : 1345.99,
    "dma100" : 1397.01,
    "dma200" : 1456.74,
    "volume" : 14173.00
  }, {
    "date" : "2025-12-23",
    "price" : 1446.10,
    "dma50" : 1349.91,
    "dma100" : 1395.99,
    "dma200" : 1456.64,
    "volume" : 7768.00
  }, {
    "date" : "2025-12-24",
    "price" : 1454.65,
    "dma50" : 1354.02,
    "dma100" : 1394.95,
    "dma200" : 1456.62,
    "volume" : 8945.00
  }, {
    "date" : "2025-12-26",
    "price" : 1393.80,
    "dma50" : 1355.58,
    "dma100" : 1393.51,
    "dma200" : 1455.99,
    "volume" : 7705.00
  }, {
    "date" : "2025-12-29",
    "price" : 1423.20,
    "dma50" : 1358.23,
    "dma100" : 1392.33,
    "dma200" : 1455.66,
    "volume" : 3153.00
  }, {
    "date" : "2025-12-30",
    "price" : 1423.10,
    "dma50" : 1360.78,
    "dma100" : 1391.07,
    "dma200" : 1455.34,
    "volume" : 6786.00
  }, {
    "date" : "2025-12-31",
    "price" : 1404.95,
    "dma50" : 1362.51,
    "dma100" : 1389.31,
    "dma200" : 1454.84,
    "volume" : 8446.00
  }, {
    "date" : "2026-01-01",
    "price" : 1414.65,
    "dma50" : 1364.55,
    "dma100" : 1388.23,
    "dma200" : 1454.44,
    "volume" : 952.00
  }, {
    "date" : "2026-01-02",
    "price" : 1409.90,
    "dma50" : 1366.33,
    "dma100" : 1387.33,
    "dma200" : 1454.00,
    "volume" : 2603.00
  }, {
    "date" : "2026-01-05",
    "price" : 1432.60,
    "dma50" : 1368.93,
    "dma100" : 1386.56,
    "dma200" : 1453.78,
    "volume" : 1417.00
  }, {
    "date" : "2026-01-06",
    "price" : 1482.75,
    "dma50" : 1373.39,
    "dma100" : 1386.10,
    "dma200" : 1454.07,
    "volume" : 13312.00
  }, {
    "date" : "2026-01-07",
    "price" : 1510.20,
    "dma50" : 1378.76,
    "dma100" : 1385.63,
    "dma200" : 1454.63,
    "volume" : 3491.00
  }, {
    "date" : "2026-01-08",
    "price" : 1485.20,
    "dma50" : 1382.93,
    "dma100" : 1384.16,
    "dma200" : 1454.93,
    "volume" : 3590.00
  }, {
    "date" : "2026-01-09",
    "price" : 1454.80,
    "dma50" : 1385.75,
    "dma100" : 1382.16,
    "dma200" : 1454.93,
    "volume" : 2696.00
  }, {
    "date" : "2026-01-12",
    "price" : 1477.50,
    "dma50" : 1389.35,
    "dma100" : 1380.96,
    "dma200" : 1455.16,
    "volume" : 7222.00
  }, {
    "date" : "2026-01-13",
    "price" : 1455.50,
    "dma50" : 1391.94,
    "dma100" : 1380.53,
    "dma200" : 1455.16,
    "volume" : 12312.00
  }, {
    "date" : "2026-01-14",
    "price" : 1595.60,
    "dma50" : 1399.93,
    "dma100" : 1381.77,
    "dma200" : 1456.56,
    "volume" : 17751.00
  }, {
    "date" : "2026-01-16",
    "price" : 1695.75,
    "dma50" : 1411.53,
    "dma100" : 1384.37,
    "dma200" : 1458.94,
    "volume" : 15554.00
  }, {
    "date" : "2026-01-19",
    "price" : 1630.35,
    "dma50" : 1420.11,
    "dma100" : 1386.31,
    "dma200" : 1460.64,
    "volume" : 9241.00
  }, {
    "date" : "2026-01-20",
    "price" : 1560.10,
    "dma50" : 1425.60,
    "dma100" : 1387.78,
    "dma200" : 1461.63,
    "volume" : 5617.00
  }, {
    "date" : "2026-01-21",
    "price" : 1624.90,
    "dma50" : 1433.42,
    "dma100" : 1389.66,
    "dma200" : 1463.26,
    "volume" : 9344.00
  }, {
    "date" : "2026-01-22",
    "price" : 1652.45,
    "dma50" : 1442.01,
    "dma100" : 1391.66,
    "dma200" : 1465.14,
    "volume" : 6535.00
  }, {
    "date" : "2026-01-23",
    "price" : 1636.55,
    "dma50" : 1449.64,
    "dma100" : 1393.68,
    "dma200" : 1466.85,
    "volume" : 12816.00
  }, {
    "date" : "2026-01-27",
    "price" : 1590.20,
    "dma50" : 1455.15,
    "dma100" : 1395.44,
    "dma200" : 1468.07,
    "volume" : 5369.00
  }, {
    "date" : "2026-01-28",
    "price" : 1665.90,
    "dma50" : 1463.41,
    "dma100" : 1397.85,
    "dma200" : 1470.04,
    "volume" : 16217.00
  }, {
    "date" : "2026-01-29",
    "price" : 1645.50,
    "dma50" : 1470.55,
    "dma100" : 1399.82,
    "dma200" : 1471.79,
    "volume" : 3690.00
  }, {
    "date" : "2026-01-30",
    "price" : 1667.45,
    "dma50" : 1478.27,
    "dma100" : 1402.16,
    "dma200" : 1473.73,
    "volume" : 1541.00
  }, {
    "date" : "2026-02-01",
    "price" : 1615.30,
    "dma50" : 1483.65,
    "dma100" : 1403.59,
    "dma200" : 1475.14,
    "volume" : 3252.00
  }, {
    "date" : "2026-02-02",
    "price" : 1525.20,
    "dma50" : 1485.28,
    "dma100" : 1404.27,
    "dma200" : 1475.64,
    "volume" : 7260.00
  }, {
    "date" : "2026-02-03",
    "price" : 1564.60,
    "dma50" : 1488.39,
    "dma100" : 1405.73,
    "dma200" : 1476.53,
    "volume" : 5102.00
  }, {
    "date" : "2026-02-04",
    "price" : 1638.50,
    "dma50" : 1494.28,
    "dma100" : 1408.01,
    "dma200" : 1478.14,
    "volume" : 2761.00
  }, {
    "date" : "2026-02-05",
    "price" : 1598.80,
    "dma50" : 1498.37,
    "dma100" : 1409.77,
    "dma200" : 1479.34,
    "volume" : 1116.00
  }, {
    "date" : "2026-02-06",
    "price" : 1627.55,
    "dma50" : 1503.44,
    "dma100" : 1411.78,
    "dma200" : 1480.81,
    "volume" : 3203.00
  }, {
    "date" : "2026-02-09",
    "price" : 1621.25,
    "dma50" : 1508.06,
    "dma100" : 1413.98,
    "dma200" : 1482.21,
    "volume" : 22207.00
  } ],
  "latestTechnicalAttributes" : {
    "date" : "2026-02-09",
    "price" : 1621.25,
    "dma50" : 1508.06,
    "dma100" : 1413.98,
    "dma200" : 1482.21,
    "volume" : 22207.00
  },
  "quarterlyResults" : [ {
    "date" : "2005-03-31",
    "sales" : 2.14,
    "salesGrowthYoY" : null,
    "grossProfitMargin" : 33.18,
    "grossProfit" : 0.71,
    "operatingProfitMargin" : 7.48,
    "operatingProfit" : 0.16,
    "netProfitMargin" : 0.00,
    "netProfit" : 0.00
  }, {
    "date" : "2005-06-30",
    "sales" : 2.01,
    "salesGrowthYoY" : null,
    "grossProfitMargin" : 24.88,
    "grossProfit" : 0.50,
    "operatingProfitMargin" : 9.45,
    "operatingProfit" : 0.19,
    "netProfitMargin" : 3.48,
    "netProfit" : 0.07
  }, {
    "date" : "2005-09-30",
    "sales" : 3.80,
    "salesGrowthYoY" : null,
    "grossProfitMargin" : 35.26,
    "grossProfit" : 1.34,
    "operatingProfitMargin" : 4.47,
    "operatingProfit" : 0.17,
    "netProfitMargin" : 1.05,
    "netProfit" : 0.04
  }, {
    "date" : "2005-12-31",
    "sales" : 2.88,
    "salesGrowthYoY" : null,
    "grossProfitMargin" : 23.61,
    "grossProfit" : 0.68,
    "operatingProfitMargin" : 6.94,
    "operatingProfit" : 0.20,
    "netProfitMargin" : 2.78,
    "netProfit" : 0.08
  }, {
    "date" : "2006-03-31",
    "sales" : 0.97,
    "salesGrowthYoY" : -54.67,
    "grossProfitMargin" : 56.70,
    "grossProfit" : 0.55,
    "operatingProfitMargin" : 21.65,
    "operatingProfit" : 0.21,
    "netProfitMargin" : 6.19,
    "netProfit" : 0.06
  }, {
    "date" : "2006-06-30",
    "sales" : 0.84,
    "salesGrowthYoY" : -58.21,
    "grossProfitMargin" : 34.52,
    "grossProfit" : 0.29,
    "operatingProfitMargin" : 16.67,
    "operatingProfit" : 0.14,
    "netProfitMargin" : 4.76,
    "netProfit" : 0.04
  }, {
    "date" : "2006-09-30",
    "sales" : 6.35,
    "salesGrowthYoY" : 67.11,
    "grossProfitMargin" : 29.45,
    "grossProfit" : 1.87,
    "operatingProfitMargin" : 3.62,
    "operatingProfit" : 0.23,
    "netProfitMargin" : 1.57,
    "netProfit" : 0.10
  }, {
    "date" : "2006-12-31",
    "sales" : 5.31,
    "salesGrowthYoY" : 84.37,
    "grossProfitMargin" : 29.94,
    "grossProfit" : 1.59,
    "operatingProfitMargin" : 6.97,
    "operatingProfit" : 0.37,
    "netProfitMargin" : 2.45,
    "netProfit" : 0.13
  }, {
    "date" : "2007-03-31",
    "sales" : 1.14,
    "salesGrowthYoY" : 17.53,
    "grossProfitMargin" : 34.21,
    "grossProfit" : 0.39,
    "operatingProfitMargin" : 16.67,
    "operatingProfit" : 0.19,
    "netProfitMargin" : 2.63,
    "netProfit" : 0.03
  }, {
    "date" : "2007-06-30",
    "sales" : 1.09,
    "salesGrowthYoY" : 29.76,
    "grossProfitMargin" : 34.86,
    "grossProfit" : 0.38,
    "operatingProfitMargin" : 14.68,
    "operatingProfit" : 0.16,
    "netProfitMargin" : 4.59,
    "netProfit" : 0.05
  }, {
    "date" : "2007-09-30",
    "sales" : 7.19,
    "salesGrowthYoY" : 13.23,
    "grossProfitMargin" : 25.59,
    "grossProfit" : 1.84,
    "operatingProfitMargin" : 3.89,
    "operatingProfit" : 0.28,
    "netProfitMargin" : 1.53,
    "netProfit" : 0.11
  }, {
    "date" : "2007-12-31",
    "sales" : 3.39,
    "salesGrowthYoY" : -36.16,
    "grossProfitMargin" : 24.78,
    "grossProfit" : 0.84,
    "operatingProfitMargin" : 7.37,
    "operatingProfit" : 0.25,
    "netProfitMargin" : 1.47,
    "netProfit" : 0.05
  }, {
    "date" : "2008-03-31",
    "sales" : 4.16,
    "salesGrowthYoY" : 264.91,
    "grossProfitMargin" : 25.48,
    "grossProfit" : 1.06,
    "operatingProfitMargin" : 7.93,
    "operatingProfit" : 0.33,
    "netProfitMargin" : 3.85,
    "netProfit" : 0.16
  }, {
    "date" : "2008-06-30",
    "sales" : 2.87,
    "salesGrowthYoY" : 163.30,
    "grossProfitMargin" : 25.78,
    "grossProfit" : 0.74,
    "operatingProfitMargin" : 4.88,
    "operatingProfit" : 0.14,
    "netProfitMargin" : 0.00,
    "netProfit" : 0.00
  }, {
    "date" : "2008-09-30",
    "sales" : 6.08,
    "salesGrowthYoY" : -15.44,
    "grossProfitMargin" : 26.64,
    "grossProfit" : 1.62,
    "operatingProfitMargin" : 4.61,
    "operatingProfit" : 0.28,
    "netProfitMargin" : 1.64,
    "netProfit" : 0.10
  }, {
    "date" : "2008-12-31",
    "sales" : 4.16,
    "salesGrowthYoY" : 22.71,
    "grossProfitMargin" : 25.72,
    "grossProfit" : 1.07,
    "operatingProfitMargin" : 8.17,
    "operatingProfit" : 0.34,
    "netProfitMargin" : 3.85,
    "netProfit" : 0.16
  }, {
    "date" : "2009-03-31",
    "sales" : 2.03,
    "salesGrowthYoY" : -51.20,
    "grossProfitMargin" : 33.50,
    "grossProfit" : 0.68,
    "operatingProfitMargin" : 8.87,
    "operatingProfit" : 0.18,
    "netProfitMargin" : 1.48,
    "netProfit" : 0.03
  }, {
    "date" : "2009-06-30",
    "sales" : 5.63,
    "salesGrowthYoY" : 96.17,
    "grossProfitMargin" : 26.29,
    "grossProfit" : 1.48,
    "operatingProfitMargin" : 5.68,
    "operatingProfit" : 0.32,
    "netProfitMargin" : 3.02,
    "netProfit" : 0.17
  }, {
    "date" : "2009-09-30",
    "sales" : 4.88,
    "salesGrowthYoY" : -19.74,
    "grossProfitMargin" : 23.57,
    "grossProfit" : 1.15,
    "operatingProfitMargin" : 4.10,
    "operatingProfit" : 0.20,
    "netProfitMargin" : 1.84,
    "netProfit" : 0.09
  }, {
    "date" : "2009-12-31",
    "sales" : 5.86,
    "salesGrowthYoY" : 40.87,
    "grossProfitMargin" : 29.52,
    "grossProfit" : 1.73,
    "operatingProfitMargin" : 6.66,
    "operatingProfit" : 0.39,
    "netProfitMargin" : 3.92,
    "netProfit" : 0.23
  }, {
    "date" : "2010-03-31",
    "sales" : 2.71,
    "salesGrowthYoY" : 33.50,
    "grossProfitMargin" : 64.21,
    "grossProfit" : 1.74,
    "operatingProfitMargin" : 11.07,
    "operatingProfit" : 0.30,
    "netProfitMargin" : 4.43,
    "netProfit" : 0.12
  }, {
    "date" : "2010-06-30",
    "sales" : 2.70,
    "salesGrowthYoY" : -52.04,
    "grossProfitMargin" : 48.52,
    "grossProfit" : 1.31,
    "operatingProfitMargin" : 12.22,
    "operatingProfit" : 0.33,
    "netProfitMargin" : 5.19,
    "netProfit" : 0.14
  }, {
    "date" : "2010-09-30",
    "sales" : 9.06,
    "salesGrowthYoY" : 85.66,
    "grossProfitMargin" : 22.85,
    "grossProfit" : 2.07,
    "operatingProfitMargin" : 5.19,
    "operatingProfit" : 0.47,
    "netProfitMargin" : 3.53,
    "netProfit" : 0.32
  }, {
    "date" : "2010-12-31",
    "sales" : 7.70,
    "salesGrowthYoY" : 31.40,
    "grossProfitMargin" : 38.57,
    "grossProfit" : 2.97,
    "operatingProfitMargin" : 8.44,
    "operatingProfit" : 0.65,
    "netProfitMargin" : 4.81,
    "netProfit" : 0.37
  }, {
    "date" : "2011-03-31",
    "sales" : 1.95,
    "salesGrowthYoY" : -28.04,
    "grossProfitMargin" : 37.44,
    "grossProfit" : 0.73,
    "operatingProfitMargin" : 15.90,
    "operatingProfit" : 0.31,
    "netProfitMargin" : 5.13,
    "netProfit" : 0.10
  }, {
    "date" : "2011-06-30",
    "sales" : 3.34,
    "salesGrowthYoY" : 23.70,
    "grossProfitMargin" : 41.02,
    "grossProfit" : 1.37,
    "operatingProfitMargin" : 16.47,
    "operatingProfit" : 0.55,
    "netProfitMargin" : 10.78,
    "netProfit" : 0.36
  }, {
    "date" : "2011-09-30",
    "sales" : 8.98,
    "salesGrowthYoY" : -0.88,
    "grossProfitMargin" : 26.84,
    "grossProfit" : 2.41,
    "operatingProfitMargin" : 5.79,
    "operatingProfit" : 0.52,
    "netProfitMargin" : 2.90,
    "netProfit" : 0.26
  }, {
    "date" : "2011-12-31",
    "sales" : 4.55,
    "salesGrowthYoY" : -40.91,
    "grossProfitMargin" : 33.41,
    "grossProfit" : 1.52,
    "operatingProfitMargin" : 7.47,
    "operatingProfit" : 0.34,
    "netProfitMargin" : 3.30,
    "netProfit" : 0.15
  }, {
    "date" : "2012-03-31",
    "sales" : 3.96,
    "salesGrowthYoY" : 103.08,
    "grossProfitMargin" : 29.04,
    "grossProfit" : 1.15,
    "operatingProfitMargin" : 3.79,
    "operatingProfit" : 0.15,
    "netProfitMargin" : -1.52,
    "netProfit" : -0.06
  }, {
    "date" : "2012-06-30",
    "sales" : 3.10,
    "salesGrowthYoY" : -7.19,
    "grossProfitMargin" : 38.71,
    "grossProfit" : 1.20,
    "operatingProfitMargin" : 11.94,
    "operatingProfit" : 0.37,
    "netProfitMargin" : 6.13,
    "netProfit" : 0.19
  }, {
    "date" : "2012-09-30",
    "sales" : 8.70,
    "salesGrowthYoY" : -3.12,
    "grossProfitMargin" : 28.51,
    "grossProfit" : 2.48,
    "operatingProfitMargin" : 8.16,
    "operatingProfit" : 0.71,
    "netProfitMargin" : 4.71,
    "netProfit" : 0.41
  }, {
    "date" : "2012-12-31",
    "sales" : 5.53,
    "salesGrowthYoY" : 21.54,
    "grossProfitMargin" : 39.78,
    "grossProfit" : 2.20,
    "operatingProfitMargin" : 9.76,
    "operatingProfit" : 0.54,
    "netProfitMargin" : 4.88,
    "netProfit" : 0.27
  }, {
    "date" : "2013-03-31",
    "sales" : 2.53,
    "salesGrowthYoY" : -36.11,
    "grossProfitMargin" : 59.68,
    "grossProfit" : 1.51,
    "operatingProfitMargin" : -7.11,
    "operatingProfit" : -0.18,
    "netProfitMargin" : -12.25,
    "netProfit" : -0.31
  }, {
    "date" : "2013-06-30",
    "sales" : 3.85,
    "salesGrowthYoY" : 24.19,
    "grossProfitMargin" : 31.95,
    "grossProfit" : 1.23,
    "operatingProfitMargin" : 11.43,
    "operatingProfit" : 0.44,
    "netProfitMargin" : 6.23,
    "netProfit" : 0.24
  }, {
    "date" : "2013-09-30",
    "sales" : 9.17,
    "salesGrowthYoY" : 5.40,
    "grossProfitMargin" : 28.24,
    "grossProfit" : 2.59,
    "operatingProfitMargin" : 8.72,
    "operatingProfit" : 0.80,
    "netProfitMargin" : 5.89,
    "netProfit" : 0.54
  }, {
    "date" : "2013-12-31",
    "sales" : 4.99,
    "salesGrowthYoY" : -9.76,
    "grossProfitMargin" : 22.85,
    "grossProfit" : 1.14,
    "operatingProfitMargin" : 6.01,
    "operatingProfit" : 0.30,
    "netProfitMargin" : 0.60,
    "netProfit" : 0.03
  }, {
    "date" : "2014-03-31",
    "sales" : 2.98,
    "salesGrowthYoY" : 17.79,
    "grossProfitMargin" : 42.95,
    "grossProfit" : 1.28,
    "operatingProfitMargin" : -9.40,
    "operatingProfit" : -0.28,
    "netProfitMargin" : -14.43,
    "netProfit" : -0.43
  }, {
    "date" : "2014-06-30",
    "sales" : 2.60,
    "salesGrowthYoY" : -32.47,
    "grossProfitMargin" : 31.54,
    "grossProfit" : 0.82,
    "operatingProfitMargin" : 2.69,
    "operatingProfit" : 0.07,
    "netProfitMargin" : -5.77,
    "netProfit" : -0.15
  }, {
    "date" : "2014-09-30",
    "sales" : 6.35,
    "salesGrowthYoY" : -30.75,
    "grossProfitMargin" : 29.92,
    "grossProfit" : 1.90,
    "operatingProfitMargin" : 8.98,
    "operatingProfit" : 0.57,
    "netProfitMargin" : 4.72,
    "netProfit" : 0.30
  }, {
    "date" : "2014-12-31",
    "sales" : 2.90,
    "salesGrowthYoY" : -41.88,
    "grossProfitMargin" : 82.41,
    "grossProfit" : 2.39,
    "operatingProfitMargin" : 19.66,
    "operatingProfit" : 0.57,
    "netProfitMargin" : 10.69,
    "netProfit" : 0.31
  }, {
    "date" : "2015-03-31",
    "sales" : 6.06,
    "salesGrowthYoY" : 103.36,
    "grossProfitMargin" : 22.11,
    "grossProfit" : 1.34,
    "operatingProfitMargin" : 0.83,
    "operatingProfit" : 0.05,
    "netProfitMargin" : -3.80,
    "netProfit" : -0.23
  }, {
    "date" : "2015-06-30",
    "sales" : 2.56,
    "salesGrowthYoY" : -1.54,
    "grossProfitMargin" : 42.19,
    "grossProfit" : 1.08,
    "operatingProfitMargin" : 4.30,
    "operatingProfit" : 0.11,
    "netProfitMargin" : -5.47,
    "netProfit" : -0.14
  }, {
    "date" : "2015-09-30",
    "sales" : 6.35,
    "salesGrowthYoY" : 0.00,
    "grossProfitMargin" : 29.92,
    "grossProfit" : 1.90,
    "operatingProfitMargin" : 8.98,
    "operatingProfit" : 0.57,
    "netProfitMargin" : 4.72,
    "netProfit" : 0.30
  }, {
    "date" : "2015-12-31",
    "sales" : 3.92,
    "salesGrowthYoY" : 35.17,
    "grossProfitMargin" : 56.89,
    "grossProfit" : 2.23,
    "operatingProfitMargin" : 10.46,
    "operatingProfit" : 0.41,
    "netProfitMargin" : 4.34,
    "netProfit" : 0.17
  }, {
    "date" : "2016-03-31",
    "sales" : 4.07,
    "salesGrowthYoY" : -32.84,
    "grossProfitMargin" : 26.29,
    "grossProfit" : 1.07,
    "operatingProfitMargin" : 0.49,
    "operatingProfit" : 0.02,
    "netProfitMargin" : -2.46,
    "netProfit" : -0.10
  }, {
    "date" : "2016-06-30",
    "sales" : 1.87,
    "salesGrowthYoY" : -26.95,
    "grossProfitMargin" : 48.13,
    "grossProfit" : 0.90,
    "operatingProfitMargin" : -3.21,
    "operatingProfit" : -0.06,
    "netProfitMargin" : -12.83,
    "netProfit" : -0.24
  }, {
    "date" : "2016-09-30",
    "sales" : 5.42,
    "salesGrowthYoY" : -14.65,
    "grossProfitMargin" : 40.04,
    "grossProfit" : 2.17,
    "operatingProfitMargin" : 13.84,
    "operatingProfit" : 0.75,
    "netProfitMargin" : 9.04,
    "netProfit" : 0.49
  }, {
    "date" : "2016-12-31",
    "sales" : 3.65,
    "salesGrowthYoY" : -6.89,
    "grossProfitMargin" : 30.96,
    "grossProfit" : 1.13,
    "operatingProfitMargin" : 5.48,
    "operatingProfit" : 0.20,
    "netProfitMargin" : 1.10,
    "netProfit" : 0.04
  }, {
    "date" : "2017-03-31",
    "sales" : 2.06,
    "salesGrowthYoY" : -49.39,
    "grossProfitMargin" : 62.14,
    "grossProfit" : 1.28,
    "operatingProfitMargin" : 8.25,
    "operatingProfit" : 0.17,
    "netProfitMargin" : -2.91,
    "netProfit" : -0.06
  }, {
    "date" : "2017-06-30",
    "sales" : 2.62,
    "salesGrowthYoY" : 40.11,
    "grossProfitMargin" : 40.46,
    "grossProfit" : 1.06,
    "operatingProfitMargin" : 9.54,
    "operatingProfit" : 0.25,
    "netProfitMargin" : 0.76,
    "netProfit" : 0.02
  }, {
    "date" : "2017-09-30",
    "sales" : 5.80,
    "salesGrowthYoY" : 7.01,
    "grossProfitMargin" : 28.28,
    "grossProfit" : 1.64,
    "operatingProfitMargin" : 8.45,
    "operatingProfit" : 0.49,
    "netProfitMargin" : 7.59,
    "netProfit" : 0.44
  }, {
    "date" : "2017-12-31",
    "sales" : 3.66,
    "salesGrowthYoY" : 0.27,
    "grossProfitMargin" : 35.25,
    "grossProfit" : 1.29,
    "operatingProfitMargin" : 4.64,
    "operatingProfit" : 0.17,
    "netProfitMargin" : 0.27,
    "netProfit" : 0.01
  }, {
    "date" : "2018-03-31",
    "sales" : 3.49,
    "salesGrowthYoY" : 69.42,
    "grossProfitMargin" : 31.23,
    "grossProfit" : 1.09,
    "operatingProfitMargin" : 5.44,
    "operatingProfit" : 0.19,
    "netProfitMargin" : 1.15,
    "netProfit" : 0.04
  }, {
    "date" : "2018-06-30",
    "sales" : 2.04,
    "salesGrowthYoY" : -22.14,
    "grossProfitMargin" : 43.63,
    "grossProfit" : 0.89,
    "operatingProfitMargin" : 5.88,
    "operatingProfit" : 0.12,
    "netProfitMargin" : 0.49,
    "netProfit" : 0.01
  }, {
    "date" : "2018-09-30",
    "sales" : 5.12,
    "salesGrowthYoY" : -11.72,
    "grossProfitMargin" : 25.78,
    "grossProfit" : 1.32,
    "operatingProfitMargin" : 3.12,
    "operatingProfit" : 0.16,
    "netProfitMargin" : 3.91,
    "netProfit" : 0.20
  }, {
    "date" : "2018-12-31",
    "sales" : 2.36,
    "salesGrowthYoY" : -35.52,
    "grossProfitMargin" : 32.63,
    "grossProfit" : 0.77,
    "operatingProfitMargin" : 0.42,
    "operatingProfit" : 0.01,
    "netProfitMargin" : 7.63,
    "netProfit" : 0.18
  }, {
    "date" : "2019-03-31",
    "sales" : 2.57,
    "salesGrowthYoY" : -26.36,
    "grossProfitMargin" : 19.07,
    "grossProfit" : 0.49,
    "operatingProfitMargin" : 5.06,
    "operatingProfit" : 0.13,
    "netProfitMargin" : -0.39,
    "netProfit" : -0.01
  }, {
    "date" : "2019-06-30",
    "sales" : 2.39,
    "salesGrowthYoY" : 17.16,
    "grossProfitMargin" : 38.91,
    "grossProfit" : 0.93,
    "operatingProfitMargin" : 7.53,
    "operatingProfit" : 0.18,
    "netProfitMargin" : 0.84,
    "netProfit" : 0.02
  }, {
    "date" : "2019-09-30",
    "sales" : 5.87,
    "salesGrowthYoY" : 14.65,
    "grossProfitMargin" : 26.75,
    "grossProfit" : 1.57,
    "operatingProfitMargin" : 1.02,
    "operatingProfit" : 0.06,
    "netProfitMargin" : 7.50,
    "netProfit" : 0.44
  }, {
    "date" : "2019-12-31",
    "sales" : 2.86,
    "salesGrowthYoY" : 21.19,
    "grossProfitMargin" : 33.22,
    "grossProfit" : 0.95,
    "operatingProfitMargin" : 1.75,
    "operatingProfit" : 0.05,
    "netProfitMargin" : 0.35,
    "netProfit" : 0.01
  }, {
    "date" : "2020-03-31",
    "sales" : 2.39,
    "salesGrowthYoY" : -7.00,
    "grossProfitMargin" : -3.35,
    "grossProfit" : -0.08,
    "operatingProfitMargin" : -22.59,
    "operatingProfit" : -0.54,
    "netProfitMargin" : 4.60,
    "netProfit" : 0.11
  }, {
    "date" : "2020-06-30",
    "sales" : 2.72,
    "salesGrowthYoY" : 13.81,
    "grossProfitMargin" : 11.40,
    "grossProfit" : 0.31,
    "operatingProfitMargin" : -16.54,
    "operatingProfit" : -0.45,
    "netProfitMargin" : 6.25,
    "netProfit" : 0.17
  }, {
    "date" : "2020-09-30",
    "sales" : 4.94,
    "salesGrowthYoY" : -15.84,
    "grossProfitMargin" : 31.38,
    "grossProfit" : 1.55,
    "operatingProfitMargin" : -1.01,
    "operatingProfit" : -0.05,
    "netProfitMargin" : 22.87,
    "netProfit" : 1.13
  }, {
    "date" : "2020-12-31",
    "sales" : 2.83,
    "salesGrowthYoY" : -1.05,
    "grossProfitMargin" : 27.56,
    "grossProfit" : 0.78,
    "operatingProfitMargin" : 5.30,
    "operatingProfit" : 0.15,
    "netProfitMargin" : 20.85,
    "netProfit" : 0.59
  }, {
    "date" : "2021-03-31",
    "sales" : 3.87,
    "salesGrowthYoY" : 61.92,
    "grossProfitMargin" : 6.98,
    "grossProfit" : 0.27,
    "operatingProfitMargin" : -22.22,
    "operatingProfit" : -0.86,
    "netProfitMargin" : -5.94,
    "netProfit" : -0.23
  }, {
    "date" : "2021-06-30",
    "sales" : 3.52,
    "salesGrowthYoY" : 29.41,
    "grossProfitMargin" : 24.15,
    "grossProfit" : 0.85,
    "operatingProfitMargin" : -0.28,
    "operatingProfit" : -0.01,
    "netProfitMargin" : 22.16,
    "netProfit" : 0.78
  }, {
    "date" : "2021-09-30",
    "sales" : 4.41,
    "salesGrowthYoY" : -10.73,
    "grossProfitMargin" : 23.36,
    "grossProfit" : 1.03,
    "operatingProfitMargin" : -1.13,
    "operatingProfit" : -0.05,
    "netProfitMargin" : 173.02,
    "netProfit" : 7.63
  }, {
    "date" : "2021-12-31",
    "sales" : 2.39,
    "salesGrowthYoY" : -15.55,
    "grossProfitMargin" : 25.52,
    "grossProfit" : 0.61,
    "operatingProfitMargin" : -10.88,
    "operatingProfit" : -0.26,
    "netProfitMargin" : 5.02,
    "netProfit" : 0.12
  }, {
    "date" : "2022-03-31",
    "sales" : 5.21,
    "salesGrowthYoY" : 34.63,
    "grossProfitMargin" : 23.03,
    "grossProfit" : 1.20,
    "operatingProfitMargin" : -14.97,
    "operatingProfit" : -0.78,
    "netProfitMargin" : -7.49,
    "netProfit" : -0.39
  }, {
    "date" : "2022-06-30",
    "sales" : 2.31,
    "salesGrowthYoY" : -34.38,
    "grossProfitMargin" : 38.96,
    "grossProfit" : 0.90,
    "operatingProfitMargin" : 0.87,
    "operatingProfit" : 0.02,
    "netProfitMargin" : 10.39,
    "netProfit" : 0.24
  }, {
    "date" : "2022-09-30",
    "sales" : 17.37,
    "salesGrowthYoY" : 293.88,
    "grossProfitMargin" : 68.11,
    "grossProfit" : 11.83,
    "operatingProfitMargin" : 54.29,
    "operatingProfit" : 9.43,
    "netProfitMargin" : 49.80,
    "netProfit" : 8.65
  }, {
    "date" : "2022-12-31",
    "sales" : 13.64,
    "salesGrowthYoY" : 470.71,
    "grossProfitMargin" : 72.73,
    "grossProfit" : 9.92,
    "operatingProfitMargin" : 52.93,
    "operatingProfit" : 7.22,
    "netProfitMargin" : 56.30,
    "netProfit" : 7.68
  }, {
    "date" : "2023-03-31",
    "sales" : 17.77,
    "salesGrowthYoY" : 241.07,
    "grossProfitMargin" : 70.34,
    "grossProfit" : 12.50,
    "operatingProfitMargin" : 45.92,
    "operatingProfit" : 8.16,
    "netProfitMargin" : 32.53,
    "netProfit" : 5.78
  }, {
    "date" : "2023-06-30",
    "sales" : 13.21,
    "salesGrowthYoY" : 471.86,
    "grossProfitMargin" : 71.01,
    "grossProfit" : 9.38,
    "operatingProfitMargin" : 50.64,
    "operatingProfit" : 6.69,
    "netProfitMargin" : 56.55,
    "netProfit" : 7.47
  }, {
    "date" : "2023-09-30",
    "sales" : 18.57,
    "salesGrowthYoY" : 6.91,
    "grossProfitMargin" : 64.08,
    "grossProfit" : 11.90,
    "operatingProfitMargin" : 46.63,
    "operatingProfit" : 8.66,
    "netProfitMargin" : 45.67,
    "netProfit" : 8.48
  }, {
    "date" : "2023-12-31",
    "sales" : 16.96,
    "salesGrowthYoY" : 24.34,
    "grossProfitMargin" : 75.65,
    "grossProfit" : 12.83,
    "operatingProfitMargin" : 56.54,
    "operatingProfit" : 9.59,
    "netProfitMargin" : 54.30,
    "netProfit" : 9.21
  }, {
    "date" : "2024-03-31",
    "sales" : 21.99,
    "salesGrowthYoY" : 23.75,
    "grossProfitMargin" : 74.85,
    "grossProfit" : 16.46,
    "operatingProfitMargin" : 46.16,
    "operatingProfit" : 10.15,
    "netProfitMargin" : 41.20,
    "netProfit" : 9.06
  }, {
    "date" : "2024-06-30",
    "sales" : 17.51,
    "salesGrowthYoY" : 32.55,
    "grossProfitMargin" : 74.24,
    "grossProfit" : 13.00,
    "operatingProfitMargin" : 59.05,
    "operatingProfit" : 10.34,
    "netProfitMargin" : 61.28,
    "netProfit" : 10.73
  }, {
    "date" : "2024-09-30",
    "sales" : 26.57,
    "salesGrowthYoY" : 43.08,
    "grossProfitMargin" : 72.19,
    "grossProfit" : 19.18,
    "operatingProfitMargin" : 56.79,
    "operatingProfit" : 15.09,
    "netProfitMargin" : 53.22,
    "netProfit" : 14.14
  }, {
    "date" : "2024-12-31",
    "sales" : 23.43,
    "salesGrowthYoY" : 38.15,
    "grossProfitMargin" : 77.72,
    "grossProfit" : 18.21,
    "operatingProfitMargin" : 63.85,
    "operatingProfit" : 14.96,
    "netProfitMargin" : 57.41,
    "netProfit" : 13.45
  }, {
    "date" : "2025-03-31",
    "sales" : 23.02,
    "salesGrowthYoY" : 4.68,
    "grossProfitMargin" : 68.46,
    "grossProfit" : 15.76,
    "operatingProfitMargin" : 41.09,
    "operatingProfit" : 9.46,
    "netProfitMargin" : 40.14,
    "netProfit" : 9.24
  }, {
    "date" : "2025-06-30",
    "sales" : 20.36,
    "salesGrowthYoY" : 16.28,
    "grossProfitMargin" : 74.75,
    "grossProfit" : 15.22,
    "operatingProfitMargin" : 56.93,
    "operatingProfit" : 11.59,
    "netProfitMargin" : 61.20,
    "netProfit" : 12.46
  }, {
    "date" : "2025-09-30",
    "sales" : 27.91,
    "salesGrowthYoY" : 5.04,
    "grossProfitMargin" : 75.31,
    "grossProfit" : 21.02,
    "operatingProfitMargin" : 56.75,
    "operatingProfit" : 15.84,
    "netProfitMargin" : 53.53,
    "netProfit" : 14.94
  }, {
    "date" : "2025-12-31",
    "sales" : 24.38,
    "salesGrowthYoY" : 4.05,
    "grossProfitMargin" : 77.65,
    "grossProfit" : 18.93,
    "operatingProfitMargin" : 59.35,
    "operatingProfit" : 14.47,
    "netProfitMargin" : 59.31,
    "netProfit" : 14.46
  } ],
  "latestQuarterlyResult" : {
    "date" : "2025-12-31",
    "sales" : 24.38,
    "salesGrowthYoY" : 4.05,
    "grossProfitMargin" : 77.65,
    "grossProfit" : 18.93,
    "operatingProfitMargin" : 59.35,
    "operatingProfit" : 14.47,
    "netProfitMargin" : 59.31,
    "netProfit" : 14.46
  },
  "companyScore" : {
    "priceHigherThanDma50" : 5.00,
    "priceHigherThanDma100" : 5.00,
    "priceHigherThanDma200" : 5.00,
    "dma50HigherThanDma100" : 5.00,
    "dma50HigherThanDma200" : 5.00,
    "dma100HigherThanDma200" : 0.00,
    "pricePercentageAboveDma50" : 4.62,
    "pricePercentageAboveDma100" : 4.27,
    "pricePercentageAboveDma200" : 4.53,
    "weeklyVolumeHigherThanYearlyVolume" : 0.00,
    "salesGrowthPercentile" : 9.00,
    "operatingProfitMarginPercentile" : 19.76,
    "netProfitMarginPercentile" : 9.64,
    "totalTechnicalScore" : 38.42,
    "totalFundamentalScore" : 38.40,
    "totalScore" : 76.83
  }
}