{
  "metadata" : {
    "screenerCompanyId" : "1700",
    "companyCode" : "532468",
    "companyName" : "Kama Holdings",
    "screenerCompanyLink" : "https://www.screener.in/company/532468/consolidated/",
    "screenerTechnicalHistoryLink" : "https://www.screener.in/api/company/1700/chart/?q=Price-DMA50-DMA200-Volume&days=365",
    "screenerQuarterlyResultsLink" : "https://www.screener.in/api/company/1700/chart/?q=GPM-OPM-NPM-Quarter+Sales&days=10000",
    "attributes" : {
      "companyCode" : "532468",
      "companyName" : "Kama Holdings",
      "marketCap" : 9272.00,
      "peRatio" : 11.30,
      "description" : "KAMA Holdings Ltd is a core investment company while the principal activities of its subsidiaries are manufacturing, purchasing, and sale of technical textiles, chemicals, packaging films, and other polymers. [1]"
    },
    "companyScore" : {
      "priceHigherThanDma50" : 5.00,
      "priceHigherThanDma100" : 0.00,
      "priceHigherThanDma200" : 5.00,
      "dma50HigherThanDma100" : 0.00,
      "dma50HigherThanDma200" : 5.00,
      "dma100HigherThanDma200" : 5.00,
      "pricePercentageAboveDma50" : 4.98,
      "pricePercentageAboveDma100" : 5.12,
      "pricePercentageAboveDma200" : 4.92,
      "weeklyVolumeHigherThanYearlyVolume" : 5.00,
      "salesGrowthPercentile" : 13.42,
      "operatingProfitMarginPercentile" : 19.99,
      "netProfitMarginPercentile" : 9.68,
      "totalTechnicalScore" : 40.02,
      "totalFundamentalScore" : 43.09,
      "totalScore" : 83.12
    }
  },
  "attributes" : {
    "companyCode" : "532468",
    "companyName" : "Kama Holdings",
    "marketCap" : 9272.00,
    "peRatio" : 11.30,
    "description" : "KAMA Holdings Ltd is a core investment company while the principal activities of its subsidiaries are manufacturing, purchasing, and sale of technical textiles, chemicals, packaging films, and other polymers. [1]"
  },
  "technicalHistory" : [ {
    "date" : "2024-12-12",
    "price" : 2529.30,
    "dma50" : 2582.66,
    "dma100" : null,
    "dma200" : 2651.82,
    "volume" : 2825.00
  }, {
    "date" : "2024-12-13",
    "price" : 2520.25,
    "dma50" : 2580.21,
    "dma100" : null,
    "dma200" : 2650.51,
    "volume" : 1202.00
  }, {
    "date" : "2024-12-16",
    "price" : 2612.55,
    "dma50" : 2581.48,
    "dma100" : null,
    "dma200" : 2650.13,
    "volume" : 7240.00
  }, {
    "date" : "2024-12-17",
    "price" : 2583.45,
    "dma50" : 2581.55,
    "dma100" : null,
    "dma200" : 2649.47,
    "volume" : 7109.00
  }, {
    "date" : "2024-12-18",
    "price" : 2560.10,
    "dma50" : 2580.71,
    "dma100" : null,
    "dma200" : 2648.58,
    "volume" : 1219.00
  }, {
    "date" : "2024-12-19",
    "price" : 2527.35,
    "dma50" : 2578.62,
    "dma100" : null,
    "dma200" : 2647.37,
    "volume" : 4820.00
  }, {
    "date" : "2024-12-20",
    "price" : 2479.50,
    "dma50" : 2574.73,
    "dma100" : null,
    "dma200" : 2645.70,
    "volume" : 3572.00
  }, {
    "date" : "2024-12-23",
    "price" : 2450.60,
    "dma50" : 2569.86,
    "dma100" : null,
    "dma200" : 2643.76,
    "volume" : 3560.00
  }, {
    "date" : "2024-12-24",
    "price" : 2535.55,
    "dma50" : 2568.52,
    "dma100" : null,
    "dma200" : 2642.69,
    "volume" : 6087.00
  }, {
    "date" : "2024-12-26",
    "price" : 2476.60,
    "dma50" : 2564.91,
    "dma100" : null,
    "dma200" : 2641.03,
    "volume" : 2383.00
  }, {
    "date" : "2024-12-27",
    "price" : 2486.60,
    "dma50" : 2561.84,
    "dma100" : null,
    "dma200" : 2639.50,
    "volume" : 2038.00
  }, {
    "date" : "2024-12-30",
    "price" : 2471.10,
    "dma50" : 2558.28,
    "dma100" : null,
    "dma200" : 2637.82,
    "volume" : 2717.00
  }, {
    "date" : "2024-12-31",
    "price" : 2442.05,
    "dma50" : 2553.73,
    "dma100" : null,
    "dma200" : 2635.87,
    "volume" : 9041.00
  }, {
    "date" : "2025-01-01",
    "price" : 2471.15,
    "dma50" : 2550.49,
    "dma100" : null,
    "dma200" : 2634.23,
    "volume" : 1417.00
  }, {
    "date" : "2025-01-02",
    "price" : 2484.40,
    "dma50" : 2547.90,
    "dma100" : null,
    "dma200" : 2632.74,
    "volume" : 3292.00
  }, {
    "date" : "2025-01-03",
    "price" : 2491.70,
    "dma50" : 2545.69,
    "dma100" : null,
    "dma200" : 2631.34,
    "volume" : 1960.00
  }, {
    "date" : "2025-01-06",
    "price" : 2466.40,
    "dma50" : 2542.58,
    "dma100" : null,
    "dma200" : 2629.70,
    "volume" : 3084.00
  }, {
    "date" : "2025-01-07",
    "price" : 2459.15,
    "dma50" : 2539.31,
    "dma100" : null,
    "dma200" : 2628.00,
    "volume" : 3206.00
  }, {
    "date" : "2025-01-08",
    "price" : 2466.40,
    "dma50" : 2536.45,
    "dma100" : null,
    "dma200" : 2626.39,
    "volume" : 2499.00
  }, {
    "date" : "2025-01-09",
    "price" : 2663.65,
    "dma50" : 2541.44,
    "dma100" : null,
    "dma200" : 2626.76,
    "volume" : 39764.00
  }, {
    "date" : "2025-01-10",
    "price" : 2650.60,
    "dma50" : 2545.72,
    "dma100" : null,
    "dma200" : 2627.00,
    "volume" : 30323.00
  }, {
    "date" : "2025-01-13",
    "price" : 2483.60,
    "dma50" : 2543.28,
    "dma100" : null,
    "dma200" : 2625.57,
    "volume" : 14249.00
  }, {
    "date" : "2025-01-14",
    "price" : 2508.30,
    "dma50" : 2541.91,
    "dma100" : null,
    "dma200" : 2624.41,
    "volume" : 6305.00
  }, {
    "date" : "2025-01-15",
    "price" : 2492.50,
    "dma50" : 2539.98,
    "dma100" : null,
    "dma200" : 2623.10,
    "volume" : 2317.00
  }, {
    "date" : "2025-01-16",
    "price" : 2570.90,
    "dma50" : 2541.19,
    "dma100" : null,
    "dma200" : 2622.58,
    "volume" : 7630.00
  }, {
    "date" : "2025-01-17",
    "price" : 2557.00,
    "dma50" : 2541.81,
    "dma100" : null,
    "dma200" : 2621.92,
    "volume" : 3324.00
  }, {
    "date" : "2025-01-20",
    "price" : 2565.35,
    "dma50" : 2542.73,
    "dma100" : null,
    "dma200" : 2621.36,
    "volume" : 11568.00
  }, {
    "date" : "2025-01-21",
    "price" : 2512.45,
    "dma50" : 2541.54,
    "dma100" : null,
    "dma200" : 2620.28,
    "volume" : 4252.00
  }, {
    "date" : "2025-01-22",
    "price" : 2436.20,
    "dma50" : 2537.41,
    "dma100" : null,
    "dma200" : 2618.45,
    "volume" : 6566.00
  }, {
    "date" : "2025-01-23",
    "price" : 2514.50,
    "dma50" : 2536.51,
    "dma100" : null,
    "dma200" : 2617.41,
    "volume" : 2539.00
  }, {
    "date" : "2025-01-24",
    "price" : 2477.50,
    "dma50" : 2534.20,
    "dma100" : null,
    "dma200" : 2616.02,
    "volume" : 976.00
  }, {
    "date" : "2025-01-27",
    "price" : 2401.45,
    "dma50" : 2528.99,
    "dma100" : null,
    "dma200" : 2613.88,
    "volume" : 5889.00
  }, {
    "date" : "2025-01-28",
    "price" : 2465.20,
    "dma50" : 2526.49,
    "dma100" : null,
    "dma200" : 2612.40,
    "volume" : 3934.00
  }, {
    "date" : "2025-01-29",
    "price" : 2509.45,
    "dma50" : 2525.82,
    "dma100" : null,
    "dma200" : 2611.38,
    "volume" : 5202.00
  }, {
    "date" : "2025-01-30",
    "price" : 2631.80,
    "dma50" : 2529.98,
    "dma100" : null,
    "dma200" : 2611.58,
    "volume" : 10704.00
  }, {
    "date" : "2025-01-31",
    "price" : 2599.05,
    "dma50" : 2532.69,
    "dma100" : null,
    "dma200" : 2611.46,
    "volume" : 8247.00
  }, {
    "date" : "2025-02-01",
    "price" : 2612.05,
    "dma50" : 2535.80,
    "dma100" : null,
    "dma200" : 2611.46,
    "volume" : 3611.00
  }, {
    "date" : "2025-02-03",
    "price" : 2668.45,
    "dma50" : 2541.00,
    "dma100" : null,
    "dma200" : 2612.03,
    "volume" : 9151.00
  }, {
    "date" : "2025-02-04",
    "price" : 2725.95,
    "dma50" : 2548.26,
    "dma100" : null,
    "dma200" : 2613.17,
    "volume" : 9100.00
  }, {
    "date" : "2025-02-05",
    "price" : 2747.80,
    "dma50" : 2556.08,
    "dma100" : null,
    "dma200" : 2614.50,
    "volume" : 7422.00
  }, {
    "date" : "2025-02-06",
    "price" : 2713.50,
    "dma50" : 2562.25,
    "dma100" : null,
    "dma200" : 2615.49,
    "volume" : 2302.00
  }, {
    "date" : "2025-02-07",
    "price" : 2715.20,
    "dma50" : 2568.25,
    "dma100" : null,
    "dma200" : 2616.48,
    "volume" : 5779.00
  }, {
    "date" : "2025-02-10",
    "price" : 2668.95,
    "dma50" : 2572.20,
    "dma100" : null,
    "dma200" : 2617.00,
    "volume" : 2802.00
  }, {
    "date" : "2025-02-11",
    "price" : 2611.10,
    "dma50" : 2573.73,
    "dma100" : null,
    "dma200" : 2616.95,
    "volume" : 4433.00
  }, {
    "date" : "2025-02-12",
    "price" : 2599.40,
    "dma50" : 2574.73,
    "dma100" : null,
    "dma200" : 2616.77,
    "volume" : 3357.00
  }, {
    "date" : "2025-02-13",
    "price" : 2626.80,
    "dma50" : 2576.77,
    "dma100" : null,
    "dma200" : 2616.87,
    "volume" : 934.00
  }, {
    "date" : "2025-02-14",
    "price" : 2533.85,
    "dma50" : 2575.09,
    "dma100" : null,
    "dma200" : 2616.04,
    "volume" : 2965.00
  }, {
    "date" : "2025-02-17",
    "price" : 2518.95,
    "dma50" : 2572.89,
    "dma100" : null,
    "dma200" : 2615.08,
    "volume" : 5066.00
  }, {
    "date" : "2025-02-18",
    "price" : 2475.55,
    "dma50" : 2569.07,
    "dma100" : null,
    "dma200" : 2613.69,
    "volume" : 4010.00
  }, {
    "date" : "2025-02-19",
    "price" : 2500.65,
    "dma50" : 2566.39,
    "dma100" : null,
    "dma200" : 2612.57,
    "volume" : 1618.00
  }, {
    "date" : "2025-02-20",
    "price" : 2496.25,
    "dma50" : 2563.64,
    "dma100" : null,
    "dma200" : 2611.41,
    "volume" : 5612.00
  }, {
    "date" : "2025-02-21",
    "price" : 2502.65,
    "dma50" : 2561.25,
    "dma100" : null,
    "dma200" : 2610.33,
    "volume" : 2978.00
  }, {
    "date" : "2025-02-24",
    "price" : 2483.85,
    "dma50" : 2558.21,
    "dma100" : null,
    "dma200" : 2609.07,
    "volume" : 1882.00
  }, {
    "date" : "2025-02-25",
    "price" : 2457.20,
    "dma50" : 2554.25,
    "dma100" : null,
    "dma200" : 2607.56,
    "volume" : 4444.00
  }, {
    "date" : "2025-02-27",
    "price" : 2472.90,
    "dma50" : 2551.06,
    "dma100" : null,
    "dma200" : 2606.22,
    "volume" : 3090.00
  }, {
    "date" : "2025-02-28",
    "price" : 2421.45,
    "dma50" : 2545.98,
    "dma100" : null,
    "dma200" : 2604.38,
    "volume" : 3175.00
  }, {
    "date" : "2025-03-03",
    "price" : 2432.10,
    "dma50" : 2541.51,
    "dma100" : null,
    "dma200" : 2602.66,
    "volume" : 6073.00
  }, {
    "date" : "2025-03-04",
    "price" : 2425.60,
    "dma50" : 2536.97,
    "dma100" : null,
    "dma200" : 2600.90,
    "volume" : 3698.00
  }, {
    "date" : "2025-03-05",
    "price" : 2429.25,
    "dma50" : 2532.74,
    "dma100" : null,
    "dma200" : 2599.19,
    "volume" : 4220.00
  }, {
    "date" : "2025-03-06",
    "price" : 2434.45,
    "dma50" : 2528.89,
    "dma100" : null,
    "dma200" : 2597.55,
    "volume" : 3276.00
  }, {
    "date" : "2025-03-07",
    "price" : 2434.85,
    "dma50" : 2525.20,
    "dma100" : null,
    "dma200" : 2595.94,
    "volume" : 7448.00
  }, {
    "date" : "2025-03-10",
    "price" : 2437.85,
    "dma50" : 2521.77,
    "dma100" : null,
    "dma200" : 2594.36,
    "volume" : 4862.00
  }, {
    "date" : "2025-03-11",
    "price" : 2410.50,
    "dma50" : 2517.41,
    "dma100" : null,
    "dma200" : 2592.53,
    "volume" : 4430.00
  }, {
    "date" : "2025-03-12",
    "price" : 2439.60,
    "dma50" : 2514.36,
    "dma100" : null,
    "dma200" : 2591.01,
    "volume" : 6946.00
  }, {
    "date" : "2025-03-13",
    "price" : 2415.05,
    "dma50" : 2510.46,
    "dma100" : null,
    "dma200" : 2589.26,
    "volume" : 2565.00
  }, {
    "date" : "2025-03-17",
    "price" : 2444.30,
    "dma50" : 2507.87,
    "dma100" : null,
    "dma200" : 2587.82,
    "volume" : 7755.00
  }, {
    "date" : "2025-03-18",
    "price" : 2517.65,
    "dma50" : 2508.25,
    "dma100" : null,
    "dma200" : 2587.12,
    "volume" : 11659.00
  }, {
    "date" : "2025-03-19",
    "price" : 2646.80,
    "dma50" : 2513.69,
    "dma100" : null,
    "dma200" : 2587.71,
    "volume" : 14422.00
  }, {
    "date" : "2025-03-20",
    "price" : 2651.75,
    "dma50" : 2519.10,
    "dma100" : null,
    "dma200" : 2588.35,
    "volume" : 7955.00
  }, {
    "date" : "2025-03-21",
    "price" : 2676.70,
    "dma50" : 2525.28,
    "dma100" : null,
    "dma200" : 2589.23,
    "volume" : 2841.00
  }, {
    "date" : "2025-03-24",
    "price" : 2665.75,
    "dma50" : 2530.79,
    "dma100" : null,
    "dma200" : 2589.99,
    "volume" : 8981.00
  }, {
    "date" : "2025-03-25",
    "price" : 2641.15,
    "dma50" : 2535.12,
    "dma100" : null,
    "dma200" : 2590.50,
    "volume" : 2274.00
  }, {
    "date" : "2025-03-26",
    "price" : 2593.15,
    "dma50" : 2537.39,
    "dma100" : null,
    "dma200" : 2590.53,
    "volume" : 5986.00
  }, {
    "date" : "2025-03-27",
    "price" : 2608.45,
    "dma50" : 2540.18,
    "dma100" : null,
    "dma200" : 2590.71,
    "volume" : 4177.00
  }, {
    "date" : "2025-03-28",
    "price" : 2545.65,
    "dma50" : 2540.39,
    "dma100" : null,
    "dma200" : 2590.26,
    "volume" : 5617.00
  }, {
    "date" : "2025-04-01",
    "price" : 2583.80,
    "dma50" : 2542.10,
    "dma100" : null,
    "dma200" : 2590.19,
    "volume" : 5441.00
  }, {
    "date" : "2025-04-02",
    "price" : 2615.00,
    "dma50" : 2544.96,
    "dma100" : null,
    "dma200" : 2590.44,
    "volume" : 3046.00
  }, {
    "date" : "2025-04-03",
    "price" : 2635.35,
    "dma50" : 2548.50,
    "dma100" : null,
    "dma200" : 2590.89,
    "volume" : 4223.00
  }, {
    "date" : "2025-04-04",
    "price" : 2562.75,
    "dma50" : 2549.06,
    "dma100" : null,
    "dma200" : 2590.61,
    "volume" : 1639.00
  }, {
    "date" : "2025-04-07",
    "price" : 2418.40,
    "dma50" : 2543.94,
    "dma100" : null,
    "dma200" : 2588.89,
    "volume" : 9492.00
  }, {
    "date" : "2025-04-08",
    "price" : 2438.85,
    "dma50" : 2539.81,
    "dma100" : null,
    "dma200" : 2587.40,
    "volume" : 1808.00
  }, {
    "date" : "2025-04-09",
    "price" : 2441.25,
    "dma50" : 2535.95,
    "dma100" : null,
    "dma200" : 2585.95,
    "volume" : 1688.00
  }, {
    "date" : "2025-04-11",
    "price" : 2559.00,
    "dma50" : 2536.85,
    "dma100" : null,
    "dma200" : 2585.68,
    "volume" : 5507.00
  }, {
    "date" : "2025-04-15",
    "price" : 2605.20,
    "dma50" : 2539.53,
    "dma100" : null,
    "dma200" : 2585.87,
    "volume" : 4035.00
  }, {
    "date" : "2025-04-16",
    "price" : 2608.60,
    "dma50" : 2542.24,
    "dma100" : null,
    "dma200" : 2586.10,
    "volume" : 1816.00
  }, {
    "date" : "2025-04-17",
    "price" : 2594.85,
    "dma50" : 2544.31,
    "dma100" : null,
    "dma200" : 2586.18,
    "volume" : 2354.00
  }, {
    "date" : "2025-04-21",
    "price" : 2619.55,
    "dma50" : 2547.26,
    "dma100" : null,
    "dma200" : 2586.52,
    "volume" : 4605.00
  }, {
    "date" : "2025-04-22",
    "price" : 2669.65,
    "dma50" : 2552.06,
    "dma100" : null,
    "dma200" : 2587.34,
    "volume" : 4287.00
  }, {
    "date" : "2025-04-23",
    "price" : 2656.30,
    "dma50" : 2556.14,
    "dma100" : null,
    "dma200" : 2588.03,
    "volume" : 4216.00
  }, {
    "date" : "2025-04-24",
    "price" : 2632.75,
    "dma50" : 2559.15,
    "dma100" : null,
    "dma200" : 2588.48,
    "volume" : 10097.00
  }, {
    "date" : "2025-04-25",
    "price" : 2583.15,
    "dma50" : 2560.09,
    "dma100" : null,
    "dma200" : 2588.42,
    "volume" : 6219.00
  }, {
    "date" : "2025-04-28",
    "price" : 2620.10,
    "dma50" : 2562.44,
    "dma100" : null,
    "dma200" : 2588.74,
    "volume" : 7652.00
  }, {
    "date" : "2025-04-29",
    "price" : 2629.90,
    "dma50" : 2565.09,
    "dma100" : null,
    "dma200" : 2589.15,
    "volume" : 4785.00
  }, {
    "date" : "2025-04-30",
    "price" : 2603.95,
    "dma50" : 2566.61,
    "dma100" : null,
    "dma200" : 2589.29,
    "volume" : 1347.00
  }, {
    "date" : "2025-05-02",
    "price" : 2574.70,
    "dma50" : 2566.93,
    "dma100" : null,
    "dma200" : 2589.15,
    "volume" : 1857.00
  }, {
    "date" : "2025-05-05",
    "price" : 2551.05,
    "dma50" : 2566.31,
    "dma100" : null,
    "dma200" : 2588.77,
    "volume" : 2634.00
  }, {
    "date" : "2025-05-06",
    "price" : 2632.10,
    "dma50" : 2568.89,
    "dma100" : null,
    "dma200" : 2589.20,
    "volume" : 22233.00
  }, {
    "date" : "2025-05-07",
    "price" : 2691.20,
    "dma50" : 2573.68,
    "dma100" : null,
    "dma200" : 2590.22,
    "volume" : 4622.00
  }, {
    "date" : "2025-05-08",
    "price" : 2638.75,
    "dma50" : 2576.23,
    "dma100" : null,
    "dma200" : 2590.70,
    "volume" : 2698.00
  }, {
    "date" : "2025-05-09",
    "price" : 2646.50,
    "dma50" : 2578.99,
    "dma100" : null,
    "dma200" : 2591.25,
    "volume" : 2032.00
  }, {
    "date" : "2025-05-12",
    "price" : 2668.40,
    "dma50" : 2582.50,
    "dma100" : 2549.09,
    "dma200" : 2592.02,
    "volume" : 3515.00
  }, {
    "date" : "2025-05-13",
    "price" : 2659.70,
    "dma50" : 2585.52,
    "dma100" : 2550.48,
    "dma200" : 2592.70,
    "volume" : 2880.00
  }, {
    "date" : "2025-05-14",
    "price" : 2724.80,
    "dma50" : 2590.99,
    "dma100" : 2551.60,
    "dma200" : 2594.01,
    "volume" : 9968.00
  }, {
    "date" : "2025-05-15",
    "price" : 2749.30,
    "dma50" : 2597.19,
    "dma100" : 2553.26,
    "dma200" : 2595.55,
    "volume" : 5248.00
  }, {
    "date" : "2025-05-16",
    "price" : 2740.75,
    "dma50" : 2602.82,
    "dma100" : 2555.07,
    "dma200" : 2597.00,
    "volume" : 5116.00
  }, {
    "date" : "2025-05-19",
    "price" : 2753.00,
    "dma50" : 2608.71,
    "dma100" : 2557.32,
    "dma200" : 2598.55,
    "volume" : 9860.00
  }, {
    "date" : "2025-05-20",
    "price" : 2762.00,
    "dma50" : 2614.72,
    "dma100" : 2560.15,
    "dma200" : 2600.18,
    "volume" : 4140.00
  }, {
    "date" : "2025-05-21",
    "price" : 2750.15,
    "dma50" : 2620.04,
    "dma100" : 2563.14,
    "dma200" : 2601.67,
    "volume" : 3388.00
  }, {
    "date" : "2025-05-22",
    "price" : 2744.55,
    "dma50" : 2624.92,
    "dma100" : 2565.24,
    "dma200" : 2603.09,
    "volume" : 2593.00
  }, {
    "date" : "2025-05-23",
    "price" : 2729.85,
    "dma50" : 2629.03,
    "dma100" : 2567.77,
    "dma200" : 2604.35,
    "volume" : 1615.00
  }, {
    "date" : "2025-05-26",
    "price" : 2715.60,
    "dma50" : 2632.43,
    "dma100" : 2570.06,
    "dma200" : 2605.46,
    "volume" : 1712.00
  }, {
    "date" : "2025-05-27",
    "price" : 2707.50,
    "dma50" : 2635.37,
    "dma100" : 2572.42,
    "dma200" : 2606.48,
    "volume" : 1581.00
  }, {
    "date" : "2025-05-28",
    "price" : 2728.80,
    "dma50" : 2639.04,
    "dma100" : 2575.29,
    "dma200" : 2607.69,
    "volume" : 1864.00
  }, {
    "date" : "2025-05-29",
    "price" : 2708.45,
    "dma50" : 2641.76,
    "dma100" : 2577.66,
    "dma200" : 2608.70,
    "volume" : 1846.00
  }, {
    "date" : "2025-05-30",
    "price" : 2675.65,
    "dma50" : 2643.09,
    "dma100" : 2579.57,
    "dma200" : 2609.36,
    "volume" : 1811.00
  }, {
    "date" : "2025-06-02",
    "price" : 2631.40,
    "dma50" : 2642.63,
    "dma100" : 2580.97,
    "dma200" : 2609.58,
    "volume" : 12419.00
  }, {
    "date" : "2025-06-03",
    "price" : 2645.65,
    "dma50" : 2642.75,
    "dma100" : 2582.76,
    "dma200" : 2609.94,
    "volume" : 11449.00
  }, {
    "date" : "2025-06-04",
    "price" : 2650.45,
    "dma50" : 2643.05,
    "dma100" : 2584.68,
    "dma200" : 2610.34,
    "volume" : 17450.00
  }, {
    "date" : "2025-06-05",
    "price" : 2700.70,
    "dma50" : 2645.31,
    "dma100" : 2587.02,
    "dma200" : 2611.24,
    "volume" : 29099.00
  }, {
    "date" : "2025-06-06",
    "price" : 2728.65,
    "dma50" : 2648.58,
    "dma100" : 2587.67,
    "dma200" : 2612.41,
    "volume" : 5459.00
  }, {
    "date" : "2025-06-09",
    "price" : 2780.75,
    "dma50" : 2653.76,
    "dma100" : 2588.97,
    "dma200" : 2614.09,
    "volume" : 4747.00
  }, {
    "date" : "2025-06-10",
    "price" : 2803.30,
    "dma50" : 2659.63,
    "dma100" : 2592.17,
    "dma200" : 2615.97,
    "volume" : 11305.00
  }, {
    "date" : "2025-06-11",
    "price" : 2788.80,
    "dma50" : 2664.69,
    "dma100" : 2594.97,
    "dma200" : 2617.69,
    "volume" : 3613.00
  }, {
    "date" : "2025-06-12",
    "price" : 2772.20,
    "dma50" : 2668.91,
    "dma100" : 2597.77,
    "dma200" : 2619.23,
    "volume" : 4658.00
  }, {
    "date" : "2025-06-13",
    "price" : 2745.65,
    "dma50" : 2671.92,
    "dma100" : 2599.52,
    "dma200" : 2620.48,
    "volume" : 4152.00
  }, {
    "date" : "2025-06-16",
    "price" : 2854.60,
    "dma50" : 2679.08,
    "dma100" : 2602.49,
    "dma200" : 2622.81,
    "volume" : 12298.00
  }, {
    "date" : "2025-06-17",
    "price" : 2856.30,
    "dma50" : 2686.03,
    "dma100" : 2605.40,
    "dma200" : 2625.14,
    "volume" : 7841.00
  }, {
    "date" : "2025-06-18",
    "price" : 2851.50,
    "dma50" : 2692.52,
    "dma100" : 2608.79,
    "dma200" : 2627.39,
    "volume" : 5414.00
  }, {
    "date" : "2025-06-19",
    "price" : 2854.80,
    "dma50" : 2698.88,
    "dma100" : 2612.98,
    "dma200" : 2629.65,
    "volume" : 13447.00
  }, {
    "date" : "2025-06-20",
    "price" : 2849.85,
    "dma50" : 2704.80,
    "dma100" : 2616.33,
    "dma200" : 2631.84,
    "volume" : 3075.00
  }, {
    "date" : "2025-06-23",
    "price" : 2848.50,
    "dma50" : 2710.44,
    "dma100" : 2620.04,
    "dma200" : 2634.00,
    "volume" : 5395.00
  }, {
    "date" : "2025-06-24",
    "price" : 2854.15,
    "dma50" : 2716.07,
    "dma100" : 2624.57,
    "dma200" : 2636.19,
    "volume" : 3909.00
  }, {
    "date" : "2025-06-25",
    "price" : 2919.30,
    "dma50" : 2724.04,
    "dma100" : 2629.11,
    "dma200" : 2639.01,
    "volume" : 7773.00
  }, {
    "date" : "2025-06-26",
    "price" : 2946.70,
    "dma50" : 2732.78,
    "dma100" : 2633.48,
    "dma200" : 2642.07,
    "volume" : 9939.00
  }, {
    "date" : "2025-06-27",
    "price" : 2903.10,
    "dma50" : 2739.46,
    "dma100" : 2636.20,
    "dma200" : 2644.66,
    "volume" : 4835.00
  }, {
    "date" : "2025-06-30",
    "price" : 2947.90,
    "dma50" : 2747.63,
    "dma100" : 2639.69,
    "dma200" : 2647.68,
    "volume" : 6061.00
  }, {
    "date" : "2025-07-01",
    "price" : 2960.90,
    "dma50" : 2755.99,
    "dma100" : 2643.17,
    "dma200" : 2650.80,
    "volume" : 21512.00
  }, {
    "date" : "2025-07-02",
    "price" : 3064.05,
    "dma50" : 2768.07,
    "dma100" : 2647.13,
    "dma200" : 2654.91,
    "volume" : 11607.00
  }, {
    "date" : "2025-07-03",
    "price" : 3101.85,
    "dma50" : 2781.16,
    "dma100" : 2650.89,
    "dma200" : 2659.36,
    "volume" : 10130.00
  }, {
    "date" : "2025-07-04",
    "price" : 3180.10,
    "dma50" : 2796.81,
    "dma100" : 2655.21,
    "dma200" : 2664.54,
    "volume" : 19841.00
  }, {
    "date" : "2025-07-07",
    "price" : 3133.80,
    "dma50" : 2810.02,
    "dma100" : 2659.41,
    "dma200" : 2669.21,
    "volume" : 8731.00
  }, {
    "date" : "2025-07-08",
    "price" : 3151.35,
    "dma50" : 2823.41,
    "dma100" : 2663.78,
    "dma200" : 2674.01,
    "volume" : 5030.00
  }, {
    "date" : "2025-07-09",
    "price" : 3134.05,
    "dma50" : 2835.59,
    "dma100" : 2668.43,
    "dma200" : 2678.58,
    "volume" : 4553.00
  }, {
    "date" : "2025-07-10",
    "price" : 3103.10,
    "dma50" : 2846.08,
    "dma100" : 2673.35,
    "dma200" : 2682.81,
    "volume" : 5970.00
  }, {
    "date" : "2025-07-11",
    "price" : 3098.75,
    "dma50" : 2855.99,
    "dma100" : 2678.34,
    "dma200" : 2686.95,
    "volume" : 6736.00
  }, {
    "date" : "2025-07-14",
    "price" : 3079.40,
    "dma50" : 2864.75,
    "dma100" : 2682.87,
    "dma200" : 2690.85,
    "volume" : 3242.00
  }, {
    "date" : "2025-07-15",
    "price" : 3085.95,
    "dma50" : 2873.43,
    "dma100" : 2688.39,
    "dma200" : 2694.78,
    "volume" : 1854.00
  }, {
    "date" : "2025-07-16",
    "price" : 3071.60,
    "dma50" : 2881.20,
    "dma100" : 2693.91,
    "dma200" : 2698.53,
    "volume" : 3050.00
  }, {
    "date" : "2025-07-17",
    "price" : 3078.25,
    "dma50" : 2888.92,
    "dma100" : 2699.94,
    "dma200" : 2702.31,
    "volume" : 1555.00
  }, {
    "date" : "2025-07-18",
    "price" : 3065.00,
    "dma50" : 2895.83,
    "dma100" : 2705.58,
    "dma200" : 2705.92,
    "volume" : 2469.00
  }, {
    "date" : "2025-07-21",
    "price" : 3090.60,
    "dma50" : 2903.47,
    "dma100" : 2711.53,
    "dma200" : 2709.75,
    "volume" : 2442.00
  }, {
    "date" : "2025-07-22",
    "price" : 3109.15,
    "dma50" : 2911.53,
    "dma100" : 2717.59,
    "dma200" : 2713.72,
    "volume" : 4111.00
  }, {
    "date" : "2025-07-23",
    "price" : 3136.95,
    "dma50" : 2920.37,
    "dma100" : 2724.12,
    "dma200" : 2717.93,
    "volume" : 3501.00
  }, {
    "date" : "2025-07-24",
    "price" : 3083.60,
    "dma50" : 2926.77,
    "dma100" : 2730.39,
    "dma200" : 2721.57,
    "volume" : 8103.00
  }, {
    "date" : "2025-07-25",
    "price" : 3055.55,
    "dma50" : 2931.82,
    "dma100" : 2736.21,
    "dma200" : 2724.89,
    "volume" : 7504.00
  }, {
    "date" : "2025-07-28",
    "price" : 3092.95,
    "dma50" : 2938.14,
    "dma100" : 2742.93,
    "dma200" : 2728.56,
    "volume" : 5385.00
  }, {
    "date" : "2025-07-29",
    "price" : 3102.70,
    "dma50" : 2944.60,
    "dma100" : 2749.64,
    "dma200" : 2732.28,
    "volume" : 2580.00
  }, {
    "date" : "2025-07-30",
    "price" : 3084.60,
    "dma50" : 2950.09,
    "dma100" : 2756.23,
    "dma200" : 2735.78,
    "volume" : 2258.00
  }, {
    "date" : "2025-07-31",
    "price" : 3057.95,
    "dma50" : 2954.32,
    "dma100" : 2762.51,
    "dma200" : 2738.99,
    "volume" : 3966.00
  }, {
    "date" : "2025-08-01",
    "price" : 3028.75,
    "dma50" : 2957.24,
    "dma100" : 2768.46,
    "dma200" : 2741.87,
    "volume" : 1777.00
  }, {
    "date" : "2025-08-04",
    "price" : 3077.90,
    "dma50" : 2961.97,
    "dma100" : 2774.89,
    "dma200" : 2745.22,
    "volume" : 3973.00
  }, {
    "date" : "2025-08-05",
    "price" : 3104.80,
    "dma50" : 2967.57,
    "dma100" : 2781.56,
    "dma200" : 2748.79,
    "volume" : 4647.00
  }, {
    "date" : "2025-08-06",
    "price" : 3041.25,
    "dma50" : 2970.46,
    "dma100" : 2787.86,
    "dma200" : 2751.70,
    "volume" : 2366.00
  }, {
    "date" : "2025-08-07",
    "price" : 2993.35,
    "dma50" : 2971.36,
    "dma100" : 2793.40,
    "dma200" : 2754.11,
    "volume" : 11684.00
  }, {
    "date" : "2025-08-08",
    "price" : 2986.15,
    "dma50" : 2971.94,
    "dma100" : 2799.11,
    "dma200" : 2756.42,
    "volume" : 5622.00
  }, {
    "date" : "2025-08-11",
    "price" : 2968.70,
    "dma50" : 2971.81,
    "dma100" : 2804.36,
    "dma200" : 2758.53,
    "volume" : 1379.00
  }, {
    "date" : "2025-08-12",
    "price" : 2969.80,
    "dma50" : 2971.73,
    "dma100" : 2808.88,
    "dma200" : 2760.63,
    "volume" : 1757.00
  }, {
    "date" : "2025-08-13",
    "price" : 2964.75,
    "dma50" : 2971.46,
    "dma100" : 2812.06,
    "dma200" : 2762.66,
    "volume" : 1559.00
  }, {
    "date" : "2025-08-14",
    "price" : 2963.70,
    "dma50" : 2971.15,
    "dma100" : 2815.18,
    "dma200" : 2764.66,
    "volume" : 2033.00
  }, {
    "date" : "2025-08-18",
    "price" : 2983.60,
    "dma50" : 2971.64,
    "dma100" : 2818.25,
    "dma200" : 2766.84,
    "volume" : 6441.00
  }, {
    "date" : "2025-08-19",
    "price" : 2984.65,
    "dma50" : 2972.15,
    "dma100" : 2821.43,
    "dma200" : 2769.01,
    "volume" : 4302.00
  }, {
    "date" : "2025-08-20",
    "price" : 2943.05,
    "dma50" : 2971.01,
    "dma100" : 2824.45,
    "dma200" : 2770.74,
    "volume" : 6176.00
  }, {
    "date" : "2025-08-21",
    "price" : 2942.00,
    "dma50" : 2969.87,
    "dma100" : 2827.94,
    "dma200" : 2772.45,
    "volume" : 1421.00
  }, {
    "date" : "2025-08-22",
    "price" : 2937.00,
    "dma50" : 2968.58,
    "dma100" : 2831.23,
    "dma200" : 2774.08,
    "volume" : 1363.00
  }, {
    "date" : "2025-08-25",
    "price" : 2930.25,
    "dma50" : 2967.08,
    "dma100" : 2835.07,
    "dma200" : 2775.64,
    "volume" : 2502.00
  }, {
    "date" : "2025-08-26",
    "price" : 2915.25,
    "dma50" : 2965.05,
    "dma100" : 2838.39,
    "dma200" : 2777.03,
    "volume" : 1160.00
  }, {
    "date" : "2025-08-28",
    "price" : 2922.55,
    "dma50" : 2963.38,
    "dma100" : 2841.46,
    "dma200" : 2778.47,
    "volume" : 922.00
  }, {
    "date" : "2025-08-29",
    "price" : 2890.55,
    "dma50" : 2960.52,
    "dma100" : 2844.02,
    "dma200" : 2779.59,
    "volume" : 2338.00
  }, {
    "date" : "2025-09-01",
    "price" : 2950.70,
    "dma50" : 2960.14,
    "dma100" : 2847.89,
    "dma200" : 2781.29,
    "volume" : 2576.00
  }, {
    "date" : "2025-09-02",
    "price" : 2983.20,
    "dma50" : 2961.04,
    "dma100" : 2853.54,
    "dma200" : 2783.30,
    "volume" : 998.00
  }, {
    "date" : "2025-09-03",
    "price" : 2986.60,
    "dma50" : 2962.05,
    "dma100" : 2859.02,
    "dma200" : 2785.32,
    "volume" : 2707.00
  }, {
    "date" : "2025-09-04",
    "price" : 2966.15,
    "dma50" : 2962.21,
    "dma100" : 2864.27,
    "dma200" : 2787.12,
    "volume" : 1258.00
  }, {
    "date" : "2025-09-05",
    "price" : 2951.90,
    "dma50" : 2961.80,
    "dma100" : 2868.20,
    "dma200" : 2788.76,
    "volume" : 3817.00
  }, {
    "date" : "2025-09-08",
    "price" : 2973.55,
    "dma50" : 2962.26,
    "dma100" : 2871.88,
    "dma200" : 2790.60,
    "volume" : 879.00
  }, {
    "date" : "2025-09-09",
    "price" : 2968.85,
    "dma50" : 2962.52,
    "dma100" : 2875.48,
    "dma200" : 2792.37,
    "volume" : 2081.00
  }, {
    "date" : "2025-09-10",
    "price" : 3017.70,
    "dma50" : 2964.69,
    "dma100" : 2879.71,
    "dma200" : 2794.62,
    "volume" : 2751.00
  }, {
    "date" : "2025-09-11",
    "price" : 2974.95,
    "dma50" : 2965.09,
    "dma100" : 2883.27,
    "dma200" : 2796.41,
    "volume" : 22358.00
  }, {
    "date" : "2025-09-12",
    "price" : 2985.15,
    "dma50" : 2965.87,
    "dma100" : 2886.42,
    "dma200" : 2798.29,
    "volume" : 5249.00
  }, {
    "date" : "2025-09-15",
    "price" : 2975.75,
    "dma50" : 2966.26,
    "dma100" : 2889.62,
    "dma200" : 2800.05,
    "volume" : 4086.00
  }, {
    "date" : "2025-09-16",
    "price" : 3015.10,
    "dma50" : 2968.18,
    "dma100" : 2893.44,
    "dma200" : 2802.19,
    "volume" : 7072.00
  }, {
    "date" : "2025-09-17",
    "price" : 3033.40,
    "dma50" : 2970.73,
    "dma100" : 2897.94,
    "dma200" : 2804.50,
    "volume" : 3471.00
  }, {
    "date" : "2025-09-18",
    "price" : 3013.05,
    "dma50" : 2972.39,
    "dma100" : 2901.87,
    "dma200" : 2806.57,
    "volume" : 1767.00
  }, {
    "date" : "2025-09-19",
    "price" : 2970.05,
    "dma50" : 2972.30,
    "dma100" : 2905.27,
    "dma200" : 2808.20,
    "volume" : 3398.00
  }, {
    "date" : "2025-09-22",
    "price" : 2967.55,
    "dma50" : 2972.12,
    "dma100" : 2908.91,
    "dma200" : 2809.78,
    "volume" : 3303.00
  }, {
    "date" : "2025-09-23",
    "price" : 2952.90,
    "dma50" : 2971.36,
    "dma100" : 2912.69,
    "dma200" : 2811.21,
    "volume" : 1682.00
  }, {
    "date" : "2025-09-24",
    "price" : 3029.35,
    "dma50" : 2973.64,
    "dma100" : 2917.47,
    "dma200" : 2813.38,
    "volume" : 9077.00
  }, {
    "date" : "2025-09-25",
    "price" : 2988.10,
    "dma50" : 2974.20,
    "dma100" : 2921.03,
    "dma200" : 2815.12,
    "volume" : 3314.00
  }, {
    "date" : "2025-09-26",
    "price" : 2900.95,
    "dma50" : 2971.33,
    "dma100" : 2923.13,
    "dma200" : 2815.97,
    "volume" : 3057.00
  }, {
    "date" : "2025-09-29",
    "price" : 2914.85,
    "dma50" : 2969.12,
    "dma100" : 2925.89,
    "dma200" : 2816.95,
    "volume" : 4847.00
  }, {
    "date" : "2025-09-30",
    "price" : 2911.30,
    "dma50" : 2966.85,
    "dma100" : 2928.54,
    "dma200" : 2817.89,
    "volume" : 2121.00
  }, {
    "date" : "2025-10-01",
    "price" : 2946.20,
    "dma50" : 2966.04,
    "dma100" : 2931.32,
    "dma200" : 2819.17,
    "volume" : 3554.00
  }, {
    "date" : "2025-10-03",
    "price" : 2904.45,
    "dma50" : 2963.62,
    "dma100" : 2933.77,
    "dma200" : 2820.02,
    "volume" : 7871.00
  }, {
    "date" : "2025-10-06",
    "price" : 2877.90,
    "dma50" : 2960.26,
    "dma100" : 2935.30,
    "dma200" : 2820.59,
    "volume" : 11033.00
  }, {
    "date" : "2025-10-07",
    "price" : 2900.25,
    "dma50" : 2957.91,
    "dma100" : 2936.81,
    "dma200" : 2821.39,
    "volume" : 4888.00
  }, {
    "date" : "2025-10-08",
    "price" : 2871.70,
    "dma50" : 2954.53,
    "dma100" : 2938.12,
    "dma200" : 2821.89,
    "volume" : 10081.00
  }, {
    "date" : "2025-10-09",
    "price" : 2875.15,
    "dma50" : 2951.41,
    "dma100" : 2939.34,
    "dma200" : 2822.42,
    "volume" : 2141.00
  }, {
    "date" : "2025-10-10",
    "price" : 2885.50,
    "dma50" : 2948.83,
    "dma100" : 2940.57,
    "dma200" : 2823.04,
    "volume" : 2465.00
  }, {
    "date" : "2025-10-13",
    "price" : 2964.40,
    "dma50" : 2949.44,
    "dma100" : 2942.72,
    "dma200" : 2824.45,
    "volume" : 6033.00
  }, {
    "date" : "2025-10-14",
    "price" : 2908.25,
    "dma50" : 2947.83,
    "dma100" : 2944.35,
    "dma200" : 2825.28,
    "volume" : 3083.00
  }, {
    "date" : "2025-10-15",
    "price" : 2966.10,
    "dma50" : 2948.54,
    "dma100" : 2946.71,
    "dma200" : 2826.69,
    "volume" : 3191.00
  }, {
    "date" : "2025-10-16",
    "price" : 3071.60,
    "dma50" : 2953.37,
    "dma100" : 2950.27,
    "dma200" : 2829.12,
    "volume" : 6207.00
  }, {
    "date" : "2025-10-17",
    "price" : 3087.90,
    "dma50" : 2958.64,
    "dma100" : 2954.08,
    "dma200" : 2831.70,
    "volume" : 5284.00
  }, {
    "date" : "2025-10-20",
    "price" : 3129.15,
    "dma50" : 2965.33,
    "dma100" : 2958.08,
    "dma200" : 2834.66,
    "volume" : 12798.00
  }, {
    "date" : "2025-10-21",
    "price" : 3129.40,
    "dma50" : 2971.76,
    "dma100" : 2962.29,
    "dma200" : 2837.59,
    "volume" : 1372.00
  }, {
    "date" : "2025-10-23",
    "price" : 3078.80,
    "dma50" : 2975.96,
    "dma100" : 2966.32,
    "dma200" : 2839.99,
    "volume" : 10109.00
  }, {
    "date" : "2025-10-24",
    "price" : 3072.25,
    "dma50" : 2979.74,
    "dma100" : 2970.73,
    "dma200" : 2842.30,
    "volume" : 2991.00
  }, {
    "date" : "2025-10-27",
    "price" : 3021.40,
    "dma50" : 2981.37,
    "dma100" : 2974.49,
    "dma200" : 2844.08,
    "volume" : 7564.00
  }, {
    "date" : "2025-10-28",
    "price" : 3045.70,
    "dma50" : 2983.89,
    "dma100" : 2978.44,
    "dma200" : 2846.09,
    "volume" : 6844.00
  }, {
    "date" : "2025-11-03",
    "price" : 3046.00,
    "dma50" : 2986.33,
    "dma100" : 2981.89,
    "dma200" : 2848.08,
    "volume" : 0.00
  }, {
    "date" : "2025-11-04",
    "price" : 2953.70,
    "dma50" : 2985.05,
    "dma100" : 2984.15,
    "dma200" : 2849.13,
    "volume" : 3829.00
  }, {
    "date" : "2025-11-06",
    "price" : 2930.55,
    "dma50" : 2982.91,
    "dma100" : 2985.64,
    "dma200" : 2849.94,
    "volume" : 1718.00
  }, {
    "date" : "2025-11-07",
    "price" : 2932.75,
    "dma50" : 2980.95,
    "dma100" : 2986.94,
    "dma200" : 2850.76,
    "volume" : 1880.00
  }, {
    "date" : "2025-11-10",
    "price" : 2950.35,
    "dma50" : 2979.75,
    "dma100" : 2988.55,
    "dma200" : 2851.75,
    "volume" : 653.00
  }, {
    "date" : "2025-11-11",
    "price" : 2958.10,
    "dma50" : 2978.90,
    "dma100" : 2990.41,
    "dma200" : 2852.81,
    "volume" : 2499.00
  }, {
    "date" : "2025-11-12",
    "price" : 3014.95,
    "dma50" : 2980.31,
    "dma100" : 2993.11,
    "dma200" : 2854.43,
    "volume" : 17112.00
  }, {
    "date" : "2025-11-13",
    "price" : 2949.70,
    "dma50" : 2979.11,
    "dma100" : 2994.06,
    "dma200" : 2855.37,
    "volume" : 610.00
  }, {
    "date" : "2025-11-14",
    "price" : 2905.30,
    "dma50" : 2976.22,
    "dma100" : 2994.55,
    "dma200" : 2855.87,
    "volume" : 4324.00
  }, {
    "date" : "2025-11-17",
    "price" : 2913.55,
    "dma50" : 2973.76,
    "dma100" : 2995.17,
    "dma200" : 2856.45,
    "volume" : 2119.00
  }, {
    "date" : "2025-11-18",
    "price" : 2877.15,
    "dma50" : 2969.97,
    "dma100" : 2995.39,
    "dma200" : 2856.65,
    "volume" : 1387.00
  }, {
    "date" : "2025-11-19",
    "price" : 2822.60,
    "dma50" : 2964.19,
    "dma100" : 2995.12,
    "dma200" : 2856.31,
    "volume" : 2360.00
  }, {
    "date" : "2025-11-20",
    "price" : 2856.75,
    "dma50" : 2959.98,
    "dma100" : 2995.20,
    "dma200" : 2856.32,
    "volume" : 1396.00
  }, {
    "date" : "2025-11-21",
    "price" : 2832.95,
    "dma50" : 2955.00,
    "dma100" : 2994.99,
    "dma200" : 2856.08,
    "volume" : 900.00
  }, {
    "date" : "2025-11-24",
    "price" : 2771.95,
    "dma50" : 2947.82,
    "dma100" : 2993.51,
    "dma200" : 2855.25,
    "volume" : 1891.00
  }, {
    "date" : "2025-11-25",
    "price" : 2807.15,
    "dma50" : 2942.30,
    "dma100" : 2992.12,
    "dma200" : 2854.77,
    "volume" : 819.00
  }, {
    "date" : "2025-11-26",
    "price" : 2825.20,
    "dma50" : 2937.71,
    "dma100" : 2991.34,
    "dma200" : 2854.47,
    "volume" : 603.00
  }, {
    "date" : "2025-11-27",
    "price" : 2824.75,
    "dma50" : 2933.28,
    "dma100" : 2990.11,
    "dma200" : 2854.18,
    "volume" : 1448.00
  }, {
    "date" : "2025-11-28",
    "price" : 2902.40,
    "dma50" : 2932.07,
    "dma100" : 2989.52,
    "dma200" : 2854.66,
    "volume" : 2069.00
  }, {
    "date" : "2025-12-01",
    "price" : 2831.15,
    "dma50" : 2928.11,
    "dma100" : 2987.19,
    "dma200" : 2854.42,
    "volume" : 961.00
  }, {
    "date" : "2025-12-02",
    "price" : 2800.15,
    "dma50" : 2923.09,
    "dma100" : 2984.18,
    "dma200" : 2853.88,
    "volume" : 1782.00
  }, {
    "date" : "2025-12-03",
    "price" : 2741.10,
    "dma50" : 2915.96,
    "dma100" : 2979.79,
    "dma200" : 2852.76,
    "volume" : 1118.00
  }, {
    "date" : "2025-12-04",
    "price" : 2743.15,
    "dma50" : 2909.18,
    "dma100" : 2975.88,
    "dma200" : 2851.67,
    "volume" : 1456.00
  }, {
    "date" : "2025-12-05",
    "price" : 2717.10,
    "dma50" : 2901.65,
    "dma100" : 2971.54,
    "dma200" : 2850.33,
    "volume" : 2860.00
  }, {
    "date" : "2025-12-08",
    "price" : 2667.65,
    "dma50" : 2892.47,
    "dma100" : 2966.88,
    "dma200" : 2848.51,
    "volume" : 1632.00
  }, {
    "date" : "2025-12-09",
    "price" : 2718.25,
    "dma50" : 2885.64,
    "dma100" : 2963.03,
    "dma200" : 2847.22,
    "volume" : 3083.00
  }, {
    "date" : "2025-12-10",
    "price" : 2725.15,
    "dma50" : 2879.34,
    "dma100" : 2959.29,
    "dma200" : 2846.00,
    "volume" : 1529.00
  }, {
    "date" : "2025-12-11",
    "price" : 2889.20,
    "dma50" : 2879.73,
    "dma100" : 2957.39,
    "dma200" : 2846.43,
    "volume" : 37250.00
  } ],
  "latestTechnicalAttributes" : {
    "date" : "2025-12-11",
    "price" : 2889.20,
    "dma50" : 2879.73,
    "dma100" : 2957.39,
    "dma200" : 2846.43,
    "volume" : 37250.00
  },
  "quarterlyResults" : [ {
    "date" : "2005-03-31",
    "sales" : 37.06,
    "salesGrowthYoY" : null,
    "grossProfitMargin" : 21.64,
    "grossProfit" : 8.02,
    "operatingProfitMargin" : 4.88,
    "operatingProfit" : 1.81,
    "netProfitMargin" : -0.89,
    "netProfit" : -0.33
  }, {
    "date" : "2005-06-30",
    "sales" : 45.40,
    "salesGrowthYoY" : null,
    "grossProfitMargin" : 21.23,
    "grossProfit" : 9.64,
    "operatingProfitMargin" : 6.45,
    "operatingProfit" : 2.93,
    "netProfitMargin" : 2.11,
    "netProfit" : 0.96
  }, {
    "date" : "2005-09-30",
    "sales" : 46.93,
    "salesGrowthYoY" : null,
    "grossProfitMargin" : 25.59,
    "grossProfit" : 12.01,
    "operatingProfitMargin" : 3.90,
    "operatingProfit" : 1.83,
    "netProfitMargin" : 5.71,
    "netProfit" : 2.68
  }, {
    "date" : "2005-12-31",
    "sales" : 39.96,
    "salesGrowthYoY" : null,
    "grossProfitMargin" : 23.67,
    "grossProfit" : 9.46,
    "operatingProfitMargin" : 6.98,
    "operatingProfit" : 2.79,
    "netProfitMargin" : 2.23,
    "netProfit" : 0.89
  }, {
    "date" : "2006-03-31",
    "sales" : 38.42,
    "salesGrowthYoY" : 3.67,
    "grossProfitMargin" : 21.66,
    "grossProfit" : 8.32,
    "operatingProfitMargin" : 5.00,
    "operatingProfit" : 1.92,
    "netProfitMargin" : 0.68,
    "netProfit" : 0.26
  }, {
    "date" : "2006-06-30",
    "sales" : 39.02,
    "salesGrowthYoY" : -14.05,
    "grossProfitMargin" : 22.66,
    "grossProfit" : 8.84,
    "operatingProfitMargin" : 5.48,
    "operatingProfit" : 2.14,
    "netProfitMargin" : 0.44,
    "netProfit" : 0.17
  }, {
    "date" : "2006-09-30",
    "sales" : 38.52,
    "salesGrowthYoY" : -17.92,
    "grossProfitMargin" : 30.35,
    "grossProfit" : 11.69,
    "operatingProfitMargin" : 6.28,
    "operatingProfit" : 2.42,
    "netProfitMargin" : 8.93,
    "netProfit" : 3.44
  }, {
    "date" : "2006-12-31",
    "sales" : 41.78,
    "salesGrowthYoY" : 4.55,
    "grossProfitMargin" : 22.98,
    "grossProfit" : 9.60,
    "operatingProfitMargin" : 5.10,
    "operatingProfit" : 2.13,
    "netProfitMargin" : 0.57,
    "netProfit" : 0.24
  }, {
    "date" : "2007-03-31",
    "sales" : 37.30,
    "salesGrowthYoY" : -2.92,
    "grossProfitMargin" : 23.49,
    "grossProfit" : 8.76,
    "operatingProfitMargin" : -0.11,
    "operatingProfit" : -0.04,
    "netProfitMargin" : 5.25,
    "netProfit" : 1.96
  }, {
    "date" : "2007-06-30",
    "sales" : 42.67,
    "salesGrowthYoY" : 9.35,
    "grossProfitMargin" : 22.92,
    "grossProfit" : 9.78,
    "operatingProfitMargin" : 0.40,
    "operatingProfit" : 0.17,
    "netProfitMargin" : -5.25,
    "netProfit" : -2.24
  }, {
    "date" : "2007-09-30",
    "sales" : 44.85,
    "salesGrowthYoY" : 16.43,
    "grossProfitMargin" : 21.14,
    "grossProfit" : 9.48,
    "operatingProfitMargin" : -2.03,
    "operatingProfit" : -0.91,
    "netProfitMargin" : -0.74,
    "netProfit" : -0.33
  }, {
    "date" : "2007-12-31",
    "sales" : 38.32,
    "salesGrowthYoY" : -8.28,
    "grossProfitMargin" : 24.32,
    "grossProfit" : 9.32,
    "operatingProfitMargin" : 0.57,
    "operatingProfit" : 0.22,
    "netProfitMargin" : -9.66,
    "netProfit" : -3.70
  }, {
    "date" : "2008-03-31",
    "sales" : 37.45,
    "salesGrowthYoY" : 0.40,
    "grossProfitMargin" : 12.79,
    "grossProfit" : 4.79,
    "operatingProfitMargin" : -18.99,
    "operatingProfit" : -7.11,
    "netProfitMargin" : -21.23,
    "netProfit" : -7.95
  }, {
    "date" : "2008-06-30",
    "sales" : 39.72,
    "salesGrowthYoY" : -6.91,
    "grossProfitMargin" : 19.28,
    "grossProfit" : 7.66,
    "operatingProfitMargin" : -6.82,
    "operatingProfit" : -2.71,
    "netProfitMargin" : -13.57,
    "netProfit" : -5.39
  }, {
    "date" : "2008-09-30",
    "sales" : 45.01,
    "salesGrowthYoY" : 0.36,
    "grossProfitMargin" : 24.11,
    "grossProfit" : 10.85,
    "operatingProfitMargin" : -3.55,
    "operatingProfit" : -1.60,
    "netProfitMargin" : -7.24,
    "netProfit" : -3.26
  }, {
    "date" : "2008-12-31",
    "sales" : 29.62,
    "salesGrowthYoY" : -22.70,
    "grossProfitMargin" : 30.42,
    "grossProfit" : 9.01,
    "operatingProfitMargin" : -2.63,
    "operatingProfit" : -0.78,
    "netProfitMargin" : -4.19,
    "netProfit" : -1.24
  }, {
    "date" : "2009-03-31",
    "sales" : 0.00,
    "salesGrowthYoY" : -100.00,
    "grossProfitMargin" : 0.00,
    "grossProfit" : 0.00,
    "operatingProfitMargin" : 0.00,
    "operatingProfit" : 0.00,
    "netProfitMargin" : 0.00,
    "netProfit" : 0.00
  }, {
    "date" : "2009-06-30",
    "sales" : 5.47,
    "salesGrowthYoY" : -86.23,
    "grossProfitMargin" : 100.00,
    "grossProfit" : 5.47,
    "operatingProfitMargin" : 98.72,
    "operatingProfit" : 5.40,
    "netProfitMargin" : 84.46,
    "netProfit" : 4.62
  }, {
    "date" : "2009-09-30",
    "sales" : 0.05,
    "salesGrowthYoY" : -99.89,
    "grossProfitMargin" : 100.00,
    "grossProfit" : 0.05,
    "operatingProfitMargin" : -100.00,
    "operatingProfit" : -0.05,
    "netProfitMargin" : -1860.00,
    "netProfit" : -0.93
  }, {
    "date" : "2009-12-31",
    "sales" : 7.60,
    "salesGrowthYoY" : -74.34,
    "grossProfitMargin" : 100.00,
    "grossProfit" : 7.60,
    "operatingProfitMargin" : 99.08,
    "operatingProfit" : 7.53,
    "netProfitMargin" : 90.53,
    "netProfit" : 6.88
  }, {
    "date" : "2010-03-31",
    "sales" : 0.08,
    "salesGrowthYoY" : 100.00,
    "grossProfitMargin" : 100.00,
    "grossProfit" : 0.08,
    "operatingProfitMargin" : 25.00,
    "operatingProfit" : 0.02,
    "netProfitMargin" : -1037.50,
    "netProfit" : -0.83
  }, {
    "date" : "2010-06-30",
    "sales" : 7.56,
    "salesGrowthYoY" : 38.21,
    "grossProfitMargin" : 100.00,
    "grossProfit" : 7.56,
    "operatingProfitMargin" : 98.81,
    "operatingProfit" : 7.47,
    "netProfitMargin" : 93.25,
    "netProfit" : 7.05
  }, {
    "date" : "2010-09-30",
    "sales" : 0.00,
    "salesGrowthYoY" : -100.00,
    "grossProfitMargin" : 0.00,
    "grossProfit" : 0.00,
    "operatingProfitMargin" : 0.00,
    "operatingProfit" : 0.00,
    "netProfitMargin" : 0.00,
    "netProfit" : 0.00
  }, {
    "date" : "2010-12-31",
    "sales" : 7.56,
    "salesGrowthYoY" : -0.53,
    "grossProfitMargin" : 100.00,
    "grossProfit" : 7.56,
    "operatingProfitMargin" : 98.28,
    "operatingProfit" : 7.43,
    "netProfitMargin" : 94.84,
    "netProfit" : 7.17
  }, {
    "date" : "2011-03-31",
    "sales" : 44.76,
    "salesGrowthYoY" : 55850.00,
    "grossProfitMargin" : 100.00,
    "grossProfit" : 44.76,
    "operatingProfitMargin" : 99.51,
    "operatingProfit" : 44.54,
    "netProfitMargin" : 92.25,
    "netProfit" : 41.29
  }, {
    "date" : "2011-06-30",
    "sales" : 0.02,
    "salesGrowthYoY" : -99.74,
    "grossProfitMargin" : 100.00,
    "grossProfit" : 0.02,
    "operatingProfitMargin" : -1100.00,
    "operatingProfit" : -0.22,
    "netProfitMargin" : -3950.00,
    "netProfit" : -0.79
  }, {
    "date" : "2011-09-30",
    "sales" : 0.02,
    "salesGrowthYoY" : 100.00,
    "grossProfitMargin" : 100.00,
    "grossProfit" : 0.02,
    "operatingProfitMargin" : -200.00,
    "operatingProfit" : -0.04,
    "netProfitMargin" : -900.00,
    "netProfit" : -0.18
  }, {
    "date" : "2011-12-31",
    "sales" : 19.97,
    "salesGrowthYoY" : 164.15,
    "grossProfitMargin" : 100.00,
    "grossProfit" : 19.97,
    "operatingProfitMargin" : 99.65,
    "operatingProfit" : 19.90,
    "netProfitMargin" : 97.60,
    "netProfit" : 19.49
  }, {
    "date" : "2012-03-31",
    "sales" : 20.10,
    "salesGrowthYoY" : -55.09,
    "grossProfitMargin" : 100.00,
    "grossProfit" : 20.10,
    "operatingProfitMargin" : 99.55,
    "operatingProfit" : 20.01,
    "netProfitMargin" : 99.20,
    "netProfit" : 19.94
  }, {
    "date" : "2012-06-30",
    "sales" : 0.15,
    "salesGrowthYoY" : 650.00,
    "grossProfitMargin" : 100.00,
    "grossProfit" : 0.15,
    "operatingProfitMargin" : 60.00,
    "operatingProfit" : 0.09,
    "netProfitMargin" : 60.00,
    "netProfit" : 0.09
  }, {
    "date" : "2012-09-30",
    "sales" : 0.06,
    "salesGrowthYoY" : 200.00,
    "grossProfitMargin" : 100.00,
    "grossProfit" : 0.06,
    "operatingProfitMargin" : -50.00,
    "operatingProfit" : -0.03,
    "netProfitMargin" : -116.67,
    "netProfit" : -0.07
  }, {
    "date" : "2012-12-31",
    "sales" : 14.56,
    "salesGrowthYoY" : -27.09,
    "grossProfitMargin" : 100.00,
    "grossProfit" : 14.56,
    "operatingProfitMargin" : 99.45,
    "operatingProfit" : 14.48,
    "netProfitMargin" : 99.45,
    "netProfit" : 14.48
  }, {
    "date" : "2013-03-31",
    "sales" : 14.59,
    "salesGrowthYoY" : -27.41,
    "grossProfitMargin" : 100.00,
    "grossProfit" : 14.59,
    "operatingProfitMargin" : 98.70,
    "operatingProfit" : 14.40,
    "netProfitMargin" : 119.67,
    "netProfit" : 17.46
  }, {
    "date" : "2013-06-30",
    "sales" : 0.06,
    "salesGrowthYoY" : -60.00,
    "grossProfitMargin" : 100.00,
    "grossProfit" : 0.06,
    "operatingProfitMargin" : -33.33,
    "operatingProfit" : -0.02,
    "netProfitMargin" : -66.67,
    "netProfit" : -0.04
  }, {
    "date" : "2013-09-30",
    "sales" : 0.03,
    "salesGrowthYoY" : -50.00,
    "grossProfitMargin" : 100.00,
    "grossProfit" : 0.03,
    "operatingProfitMargin" : -266.67,
    "operatingProfit" : -0.08,
    "netProfitMargin" : -300.00,
    "netProfit" : -0.09
  }, {
    "date" : "2013-12-31",
    "sales" : 8.99,
    "salesGrowthYoY" : -38.26,
    "grossProfitMargin" : 100.00,
    "grossProfit" : 8.99,
    "operatingProfitMargin" : 99.22,
    "operatingProfit" : 8.92,
    "netProfitMargin" : 99.11,
    "netProfit" : 8.91
  }, {
    "date" : "2014-03-31",
    "sales" : 21.10,
    "salesGrowthYoY" : 44.62,
    "grossProfitMargin" : 100.00,
    "grossProfit" : 21.10,
    "operatingProfitMargin" : 99.05,
    "operatingProfit" : 20.90,
    "netProfitMargin" : 98.10,
    "netProfit" : 20.70
  }, {
    "date" : "2014-06-30",
    "sales" : 0.00,
    "salesGrowthYoY" : -100.00,
    "grossProfitMargin" : 0.00,
    "grossProfit" : 0.00,
    "operatingProfitMargin" : 0.00,
    "operatingProfit" : 0.00,
    "netProfitMargin" : 0.00,
    "netProfit" : 0.00
  }, {
    "date" : "2014-09-30",
    "sales" : 15.00,
    "salesGrowthYoY" : 49900.00,
    "grossProfitMargin" : 100.00,
    "grossProfit" : 15.00,
    "operatingProfitMargin" : 99.33,
    "operatingProfit" : 14.90,
    "netProfitMargin" : 99.67,
    "netProfit" : 14.95
  }, {
    "date" : "2014-12-31",
    "sales" : 0.00,
    "salesGrowthYoY" : -100.00,
    "grossProfitMargin" : 0.00,
    "grossProfit" : 0.00,
    "operatingProfitMargin" : 0.00,
    "operatingProfit" : 0.00,
    "netProfitMargin" : 0.00,
    "netProfit" : 0.00
  }, {
    "date" : "2015-03-31",
    "sales" : 15.00,
    "salesGrowthYoY" : -28.91,
    "grossProfitMargin" : 100.00,
    "grossProfit" : 15.00,
    "operatingProfitMargin" : 98.87,
    "operatingProfit" : 14.83,
    "netProfitMargin" : 98.80,
    "netProfit" : 14.82
  }, {
    "date" : "2015-06-30",
    "sales" : 0.00,
    "salesGrowthYoY" : 0.00,
    "grossProfitMargin" : 0.00,
    "grossProfit" : 0.00,
    "operatingProfitMargin" : 0.00,
    "operatingProfit" : 0.00,
    "netProfitMargin" : 0.00,
    "netProfit" : 0.00
  }, {
    "date" : "2015-09-30",
    "sales" : 15.02,
    "salesGrowthYoY" : 0.13,
    "grossProfitMargin" : 100.00,
    "grossProfit" : 15.02,
    "operatingProfitMargin" : 99.20,
    "operatingProfit" : 14.90,
    "netProfitMargin" : 99.27,
    "netProfit" : 14.91
  }, {
    "date" : "2015-12-31",
    "sales" : 0.00,
    "salesGrowthYoY" : 0.00,
    "grossProfitMargin" : 0.00,
    "grossProfit" : 0.00,
    "operatingProfitMargin" : 0.00,
    "operatingProfit" : 0.00,
    "netProfitMargin" : 0.00,
    "netProfit" : 0.00
  }, {
    "date" : "2016-03-31",
    "sales" : 15.02,
    "salesGrowthYoY" : 0.13,
    "grossProfitMargin" : 100.00,
    "grossProfit" : 15.02,
    "operatingProfitMargin" : 98.74,
    "operatingProfit" : 14.83,
    "netProfitMargin" : 99.07,
    "netProfit" : 14.88
  }, {
    "date" : "2016-06-30",
    "sales" : 0.00,
    "salesGrowthYoY" : 0.00,
    "grossProfitMargin" : 0.00,
    "grossProfit" : 0.00,
    "operatingProfitMargin" : 0.00,
    "operatingProfit" : 0.00,
    "netProfitMargin" : 0.00,
    "netProfit" : 0.00
  }, {
    "date" : "2016-09-30",
    "sales" : 18.03,
    "salesGrowthYoY" : 20.04,
    "grossProfitMargin" : 100.00,
    "grossProfit" : 18.03,
    "operatingProfitMargin" : 99.33,
    "operatingProfit" : 17.91,
    "netProfitMargin" : 99.39,
    "netProfit" : 17.92
  }, {
    "date" : "2016-12-31",
    "sales" : 0.00,
    "salesGrowthYoY" : 0.00,
    "grossProfitMargin" : 0.00,
    "grossProfit" : 0.00,
    "operatingProfitMargin" : 0.00,
    "operatingProfit" : 0.00,
    "netProfitMargin" : 0.00,
    "netProfit" : 0.00
  }, {
    "date" : "2017-03-31",
    "sales" : 18.03,
    "salesGrowthYoY" : 20.04,
    "grossProfitMargin" : 100.00,
    "grossProfit" : 18.03,
    "operatingProfitMargin" : 98.95,
    "operatingProfit" : 17.84,
    "netProfitMargin" : 98.95,
    "netProfit" : 17.84
  }, {
    "date" : "2017-06-30",
    "sales" : 0.00,
    "salesGrowthYoY" : 0.00,
    "grossProfitMargin" : 0.00,
    "grossProfit" : 0.00,
    "operatingProfitMargin" : 0.00,
    "operatingProfit" : 0.00,
    "netProfitMargin" : 0.00,
    "netProfit" : 0.00
  }, {
    "date" : "2017-09-30",
    "sales" : 18.03,
    "salesGrowthYoY" : 0.00,
    "grossProfitMargin" : 100.00,
    "grossProfit" : 18.03,
    "operatingProfitMargin" : 98.89,
    "operatingProfit" : 17.83,
    "netProfitMargin" : 98.89,
    "netProfit" : 17.83
  }, {
    "date" : "2017-12-31",
    "sales" : 0.25,
    "salesGrowthYoY" : 100.00,
    "grossProfitMargin" : 100.00,
    "grossProfit" : 0.25,
    "operatingProfitMargin" : 28.00,
    "operatingProfit" : 0.07,
    "netProfitMargin" : 8.00,
    "netProfit" : 0.02
  }, {
    "date" : "2018-03-31",
    "sales" : 18.39,
    "salesGrowthYoY" : 2.00,
    "grossProfitMargin" : 100.00,
    "grossProfit" : 18.39,
    "operatingProfitMargin" : 98.42,
    "operatingProfit" : 18.10,
    "netProfitMargin" : 98.04,
    "netProfit" : 18.03
  }, {
    "date" : "2018-06-30",
    "sales" : 0.36,
    "salesGrowthYoY" : 100.00,
    "grossProfitMargin" : 100.00,
    "grossProfit" : 0.36,
    "operatingProfitMargin" : 47.22,
    "operatingProfit" : 0.17,
    "netProfitMargin" : 230.56,
    "netProfit" : 0.83
  }, {
    "date" : "2018-09-30",
    "sales" : 18.39,
    "salesGrowthYoY" : 2.00,
    "grossProfitMargin" : 100.00,
    "grossProfit" : 18.39,
    "operatingProfitMargin" : 99.13,
    "operatingProfit" : 18.23,
    "netProfitMargin" : 98.69,
    "netProfit" : 18.15
  }, {
    "date" : "2018-12-31",
    "sales" : 0.36,
    "salesGrowthYoY" : 44.00,
    "grossProfitMargin" : 100.00,
    "grossProfit" : 0.36,
    "operatingProfitMargin" : 30.56,
    "operatingProfit" : 0.11,
    "netProfitMargin" : 16.67,
    "netProfit" : 0.06
  }, {
    "date" : "2019-03-31",
    "sales" : 18.39,
    "salesGrowthYoY" : 0.00,
    "grossProfitMargin" : 100.00,
    "grossProfit" : 18.39,
    "operatingProfitMargin" : 98.53,
    "operatingProfit" : 18.12,
    "netProfitMargin" : 96.03,
    "netProfit" : 17.66
  }, {
    "date" : "2019-06-30",
    "sales" : 0.00,
    "salesGrowthYoY" : -100.00,
    "grossProfitMargin" : 0.00,
    "grossProfit" : 0.00,
    "operatingProfitMargin" : 0.00,
    "operatingProfit" : 0.00,
    "netProfitMargin" : 0.00,
    "netProfit" : 0.00
  }, {
    "date" : "2019-09-30",
    "sales" : 21.03,
    "salesGrowthYoY" : 14.36,
    "grossProfitMargin" : 100.00,
    "grossProfit" : 21.03,
    "operatingProfitMargin" : 99.48,
    "operatingProfit" : 20.92,
    "netProfitMargin" : 98.19,
    "netProfit" : 20.65
  }, {
    "date" : "2019-12-31",
    "sales" : 0.00,
    "salesGrowthYoY" : -100.00,
    "grossProfitMargin" : 0.00,
    "grossProfit" : 0.00,
    "operatingProfitMargin" : 0.00,
    "operatingProfit" : 0.00,
    "netProfitMargin" : 0.00,
    "netProfit" : 0.00
  }, {
    "date" : "2020-03-31",
    "sales" : 21.03,
    "salesGrowthYoY" : 14.36,
    "grossProfitMargin" : 100.00,
    "grossProfit" : 21.03,
    "operatingProfitMargin" : 98.72,
    "operatingProfit" : 20.76,
    "netProfitMargin" : 97.72,
    "netProfit" : 20.55
  }, {
    "date" : "2020-06-30",
    "sales" : 0.00,
    "salesGrowthYoY" : 0.00,
    "grossProfitMargin" : 0.00,
    "grossProfit" : 0.00,
    "operatingProfitMargin" : 0.00,
    "operatingProfit" : 0.00,
    "netProfitMargin" : 0.00,
    "netProfit" : 0.00
  }, {
    "date" : "2020-09-30",
    "sales" : 15.03,
    "salesGrowthYoY" : -28.53,
    "grossProfitMargin" : 100.00,
    "grossProfit" : 15.03,
    "operatingProfitMargin" : 97.47,
    "operatingProfit" : 14.65,
    "netProfitMargin" : 84.23,
    "netProfit" : 12.66
  }, {
    "date" : "2020-12-31",
    "sales" : 0.00,
    "salesGrowthYoY" : 0.00,
    "grossProfitMargin" : 0.00,
    "grossProfit" : 0.00,
    "operatingProfitMargin" : 0.00,
    "operatingProfit" : 0.00,
    "netProfitMargin" : 0.00,
    "netProfit" : 0.00
  }, {
    "date" : "2021-03-31",
    "sales" : 57.09,
    "salesGrowthYoY" : 171.47,
    "grossProfitMargin" : 100.00,
    "grossProfit" : 57.09,
    "operatingProfitMargin" : 99.33,
    "operatingProfit" : 56.71,
    "netProfitMargin" : 101.72,
    "netProfit" : 58.07
  }, {
    "date" : "2021-06-30",
    "sales" : 0.00,
    "salesGrowthYoY" : 0.00,
    "grossProfitMargin" : 0.00,
    "grossProfit" : 0.00,
    "operatingProfitMargin" : 0.00,
    "operatingProfit" : 0.00,
    "netProfitMargin" : 0.00,
    "netProfit" : 0.00
  }, {
    "date" : "2021-09-30",
    "sales" : 36.06,
    "salesGrowthYoY" : 139.92,
    "grossProfitMargin" : 100.00,
    "grossProfit" : 36.06,
    "operatingProfitMargin" : 99.45,
    "operatingProfit" : 35.86,
    "netProfitMargin" : 98.70,
    "netProfit" : 35.59
  }, {
    "date" : "2021-12-31",
    "sales" : 0.00,
    "salesGrowthYoY" : 0.00,
    "grossProfitMargin" : 0.00,
    "grossProfit" : 0.00,
    "operatingProfitMargin" : 0.00,
    "operatingProfit" : 0.00,
    "netProfitMargin" : 0.00,
    "netProfit" : 0.00
  }, {
    "date" : "2022-03-31",
    "sales" : 71.37,
    "salesGrowthYoY" : 25.01,
    "grossProfitMargin" : 100.00,
    "grossProfit" : 71.37,
    "operatingProfitMargin" : 99.52,
    "operatingProfit" : 71.03,
    "netProfitMargin" : 98.46,
    "netProfit" : 70.27
  }, {
    "date" : "2022-06-30",
    "sales" : 0.00,
    "salesGrowthYoY" : 0.00,
    "grossProfitMargin" : 0.00,
    "grossProfit" : 0.00,
    "operatingProfitMargin" : 0.00,
    "operatingProfit" : 0.00,
    "netProfitMargin" : 0.00,
    "netProfit" : 0.00
  }, {
    "date" : "2022-09-30",
    "sales" : 200.29,
    "salesGrowthYoY" : 455.44,
    "grossProfitMargin" : 100.00,
    "grossProfit" : 200.29,
    "operatingProfitMargin" : 99.88,
    "operatingProfit" : 200.05,
    "netProfitMargin" : 97.69,
    "netProfit" : 195.66
  }, {
    "date" : "2022-12-31",
    "sales" : 0.07,
    "salesGrowthYoY" : 100.00,
    "grossProfitMargin" : 100.00,
    "grossProfit" : 0.07,
    "operatingProfitMargin" : -642.86,
    "operatingProfit" : -0.45,
    "netProfitMargin" : -300.00,
    "netProfit" : -0.21
  }, {
    "date" : "2023-03-31",
    "sales" : 53.95,
    "salesGrowthYoY" : -24.41,
    "grossProfitMargin" : 100.00,
    "grossProfit" : 53.95,
    "operatingProfitMargin" : 98.46,
    "operatingProfit" : 53.12,
    "netProfitMargin" : 98.67,
    "netProfit" : 53.23
  }, {
    "date" : "2023-06-30",
    "sales" : 0.01,
    "salesGrowthYoY" : 100.00,
    "grossProfitMargin" : 100.00,
    "grossProfit" : 0.01,
    "operatingProfitMargin" : -2300.00,
    "operatingProfit" : -0.23,
    "netProfitMargin" : -600.00,
    "netProfit" : -0.06
  }, {
    "date" : "2023-09-30",
    "sales" : 53.87,
    "salesGrowthYoY" : -73.10,
    "grossProfitMargin" : 100.00,
    "grossProfit" : 53.87,
    "operatingProfitMargin" : 99.42,
    "operatingProfit" : 53.56,
    "netProfitMargin" : 98.90,
    "netProfit" : 53.28
  }, {
    "date" : "2023-12-31",
    "sales" : 8.49,
    "salesGrowthYoY" : 12028.57,
    "grossProfitMargin" : 100.00,
    "grossProfit" : 8.49,
    "operatingProfitMargin" : 83.75,
    "operatingProfit" : 7.11,
    "netProfitMargin" : 62.54,
    "netProfit" : 5.31
  }, {
    "date" : "2024-03-31",
    "sales" : 256.27,
    "salesGrowthYoY" : 375.01,
    "grossProfitMargin" : 100.00,
    "grossProfit" : 256.27,
    "operatingProfitMargin" : 99.78,
    "operatingProfit" : 255.71,
    "netProfitMargin" : 97.90,
    "netProfit" : 250.89
  }, {
    "date" : "2024-06-30",
    "sales" : 0.07,
    "salesGrowthYoY" : 600.00,
    "grossProfitMargin" : 100.00,
    "grossProfit" : 0.07,
    "operatingProfitMargin" : -785.71,
    "operatingProfit" : -0.55,
    "netProfitMargin" : -800.00,
    "netProfit" : -0.56
  }, {
    "date" : "2024-09-30",
    "sales" : 53.64,
    "salesGrowthYoY" : -0.43,
    "grossProfitMargin" : 100.00,
    "grossProfit" : 53.64,
    "operatingProfitMargin" : 98.45,
    "operatingProfit" : 52.81,
    "netProfitMargin" : 97.60,
    "netProfit" : 52.35
  }, {
    "date" : "2024-12-31",
    "sales" : 0.00,
    "salesGrowthYoY" : -100.00,
    "grossProfitMargin" : 0.00,
    "grossProfit" : 0.00,
    "operatingProfitMargin" : 0.00,
    "operatingProfit" : 0.00,
    "netProfitMargin" : 0.00,
    "netProfit" : 0.00
  }, {
    "date" : "2025-03-31",
    "sales" : 55.83,
    "salesGrowthYoY" : -78.21,
    "grossProfitMargin" : 100.00,
    "grossProfit" : 55.83,
    "operatingProfitMargin" : 95.88,
    "operatingProfit" : 53.53,
    "netProfitMargin" : 96.44,
    "netProfit" : 53.84
  }, {
    "date" : "2025-06-30",
    "sales" : 0.00,
    "salesGrowthYoY" : -100.00,
    "grossProfitMargin" : 0.00,
    "grossProfit" : 0.00,
    "operatingProfitMargin" : 0.00,
    "operatingProfit" : 0.00,
    "netProfitMargin" : 0.00,
    "netProfit" : 0.00
  }, {
    "date" : "2025-09-30",
    "sales" : 59.54,
    "salesGrowthYoY" : 11.00,
    "grossProfitMargin" : 100.00,
    "grossProfit" : 59.54,
    "operatingProfitMargin" : 98.87,
    "operatingProfit" : 58.87,
    "netProfitMargin" : 98.79,
    "netProfit" : 58.82
  } ],
  "latestQuarterlyResult" : {
    "date" : "2025-09-30",
    "sales" : 59.54,
    "salesGrowthYoY" : 11.00,
    "grossProfitMargin" : 100.00,
    "grossProfit" : 59.54,
    "operatingProfitMargin" : 98.87,
    "operatingProfit" : 58.87,
    "netProfitMargin" : 98.79,
    "netProfit" : 58.82
  },
  "companyScore" : {
    "priceHigherThanDma50" : 5.00,
    "priceHigherThanDma100" : 0.00,
    "priceHigherThanDma200" : 5.00,
    "dma50HigherThanDma100" : 0.00,
    "dma50HigherThanDma200" : 5.00,
    "dma100HigherThanDma200" : 5.00,
    "pricePercentageAboveDma50" : 4.98,
    "pricePercentageAboveDma100" : 5.12,
    "pricePercentageAboveDma200" : 4.92,
    "weeklyVolumeHigherThanYearlyVolume" : 5.00,
    "salesGrowthPercentile" : 13.42,
    "operatingProfitMarginPercentile" : 19.99,
    "netProfitMarginPercentile" : 9.68,
    "totalTechnicalScore" : 40.02,
    "totalFundamentalScore" : 43.09,
    "totalScore" : 83.12
  }
}