{
  "metadata" : {
    "screenerCompanyId" : "57",
    "companyCode" : "ADANIPORTS",
    "companyName" : "Adani Ports",
    "screenerCompanyLink" : "https://www.screener.in/company/ADANIPORTS",
    "screenerTechnicalHistoryLink" : "https://www.screener.in/api/company/57/chart/?q=Price-DMA50-DMA200-Volume&days=365",
    "screenerQuarterlyResultsLink" : "https://www.screener.in/api/company/57/chart/?q=GPM-OPM-NPM-Quarter+Sales&days=10000",
    "attributes" : {
      "companyCode" : "ADANIPORTS",
      "companyName" : "Adani Ports",
      "marketCap" : 330642.00,
      "peRatio" : 160.00,
      "description" : "Adani Ports & Special Economic Zone is in the business of development, operations and maintenance of port infrastructure (port services and related infrastructure development) and has linked multi product Special Economic Zone (SEZ) and related infrastructure contiguous to Port at Mundra."
    },
    "companyScore" : {
      "priceHigherThanDma50" : 5.00,
      "priceHigherThanDma100" : 5.00,
      "priceHigherThanDma200" : 5.00,
      "dma50HigherThanDma100" : 5.00,
      "dma50HigherThanDma200" : 5.00,
      "dma100HigherThanDma200" : 5.00,
      "pricePercentageAboveDma50" : 4.74,
      "pricePercentageAboveDma100" : 4.59,
      "pricePercentageAboveDma200" : 4.44,
      "weeklyVolumeHigherThanYearlyVolume" : 0.00,
      "salesGrowthPercentile" : 9.71,
      "operatingProfitMarginPercentile" : 17.03,
      "netProfitMarginPercentile" : 3.37,
      "totalTechnicalScore" : 43.77,
      "totalFundamentalScore" : 30.11,
      "totalScore" : 73.88
    }
  },
  "attributes" : {
    "companyCode" : "ADANIPORTS",
    "companyName" : "Adani Ports",
    "marketCap" : 330642.00,
    "peRatio" : 160.00,
    "description" : "Adani Ports & Special Economic Zone is in the business of development, operations and maintenance of port infrastructure (port services and related infrastructure development) and has linked multi product Special Economic Zone (SEZ) and related infrastructure contiguous to Port at Mundra."
  },
  "technicalHistory" : [ {
    "date" : "2024-12-02",
    "price" : 1215.80,
    "dma50" : 1323.45,
    "dma100" : null,
    "dma200" : 1323.06,
    "volume" : 7211370.00
  }, {
    "date" : "2024-12-03",
    "price" : 1288.65,
    "dma50" : 1322.09,
    "dma100" : null,
    "dma200" : 1322.72,
    "volume" : 17373518.00
  }, {
    "date" : "2024-12-04",
    "price" : 1269.55,
    "dma50" : 1320.03,
    "dma100" : null,
    "dma200" : 1322.19,
    "volume" : 5278654.00
  }, {
    "date" : "2024-12-05",
    "price" : 1277.05,
    "dma50" : 1318.34,
    "dma100" : null,
    "dma200" : 1321.74,
    "volume" : 4614102.00
  }, {
    "date" : "2024-12-06",
    "price" : 1259.05,
    "dma50" : 1316.02,
    "dma100" : null,
    "dma200" : 1321.11,
    "volume" : 2368794.00
  }, {
    "date" : "2024-12-09",
    "price" : 1266.85,
    "dma50" : 1314.09,
    "dma100" : null,
    "dma200" : 1320.57,
    "volume" : 3051211.00
  }, {
    "date" : "2024-12-10",
    "price" : 1248.75,
    "dma50" : 1311.53,
    "dma100" : null,
    "dma200" : 1319.86,
    "volume" : 2480102.00
  }, {
    "date" : "2024-12-11",
    "price" : 1233.80,
    "dma50" : 1308.48,
    "dma100" : null,
    "dma200" : 1319.00,
    "volume" : 2684502.00
  }, {
    "date" : "2024-12-12",
    "price" : 1244.00,
    "dma50" : 1305.95,
    "dma100" : null,
    "dma200" : 1318.26,
    "volume" : 5649340.00
  }, {
    "date" : "2024-12-13",
    "price" : 1259.95,
    "dma50" : 1304.14,
    "dma100" : null,
    "dma200" : 1317.68,
    "volume" : 3051864.00
  }, {
    "date" : "2024-12-16",
    "price" : 1243.15,
    "dma50" : 1301.75,
    "dma100" : null,
    "dma200" : 1316.93,
    "volume" : 1435653.00
  }, {
    "date" : "2024-12-17",
    "price" : 1231.90,
    "dma50" : 1299.01,
    "dma100" : null,
    "dma200" : 1316.09,
    "volume" : 2827083.00
  }, {
    "date" : "2024-12-18",
    "price" : 1210.05,
    "dma50" : 1295.52,
    "dma100" : null,
    "dma200" : 1315.03,
    "volume" : 2050092.00
  }, {
    "date" : "2024-12-19",
    "price" : 1205.00,
    "dma50" : 1291.97,
    "dma100" : null,
    "dma200" : 1313.94,
    "volume" : 1701825.00
  }, {
    "date" : "2024-12-20",
    "price" : 1182.45,
    "dma50" : 1287.68,
    "dma100" : null,
    "dma200" : 1312.63,
    "volume" : 3276650.00
  }, {
    "date" : "2024-12-23",
    "price" : 1191.80,
    "dma50" : 1283.92,
    "dma100" : null,
    "dma200" : 1311.43,
    "volume" : 1588847.00
  }, {
    "date" : "2024-12-24",
    "price" : 1182.20,
    "dma50" : 1279.93,
    "dma100" : null,
    "dma200" : 1310.14,
    "volume" : 1496419.00
  }, {
    "date" : "2024-12-26",
    "price" : 1243.95,
    "dma50" : 1278.52,
    "dma100" : null,
    "dma200" : 1309.48,
    "volume" : 4062636.00
  }, {
    "date" : "2024-12-27",
    "price" : 1230.70,
    "dma50" : 1276.64,
    "dma100" : null,
    "dma200" : 1308.70,
    "volume" : 2689284.00
  }, {
    "date" : "2024-12-30",
    "price" : 1218.50,
    "dma50" : 1274.36,
    "dma100" : null,
    "dma200" : 1307.80,
    "volume" : 8487056.00
  }, {
    "date" : "2024-12-31",
    "price" : 1231.10,
    "dma50" : 1272.67,
    "dma100" : null,
    "dma200" : 1307.04,
    "volume" : 1837404.00
  }, {
    "date" : "2025-01-01",
    "price" : 1218.70,
    "dma50" : 1270.55,
    "dma100" : null,
    "dma200" : 1306.16,
    "volume" : 2005457.00
  }, {
    "date" : "2025-01-02",
    "price" : 1226.00,
    "dma50" : 1268.80,
    "dma100" : null,
    "dma200" : 1305.36,
    "volume" : 3880603.00
  }, {
    "date" : "2025-01-03",
    "price" : 1199.55,
    "dma50" : 1266.09,
    "dma100" : null,
    "dma200" : 1304.31,
    "volume" : 3191905.00
  }, {
    "date" : "2025-01-06",
    "price" : 1163.05,
    "dma50" : 1262.05,
    "dma100" : null,
    "dma200" : 1302.90,
    "volume" : 2354821.00
  }, {
    "date" : "2025-01-07",
    "price" : 1174.00,
    "dma50" : 1258.59,
    "dma100" : null,
    "dma200" : 1301.62,
    "volume" : 2097342.00
  }, {
    "date" : "2025-01-08",
    "price" : 1152.30,
    "dma50" : 1254.43,
    "dma100" : null,
    "dma200" : 1300.14,
    "volume" : 3044964.00
  }, {
    "date" : "2025-01-09",
    "price" : 1132.35,
    "dma50" : 1249.64,
    "dma100" : null,
    "dma200" : 1298.47,
    "volume" : 2023093.00
  }, {
    "date" : "2025-01-10",
    "price" : 1112.20,
    "dma50" : 1244.25,
    "dma100" : null,
    "dma200" : 1296.61,
    "volume" : 1984295.00
  }, {
    "date" : "2025-01-13",
    "price" : 1066.65,
    "dma50" : 1237.28,
    "dma100" : null,
    "dma200" : 1294.32,
    "volume" : 2362922.00
  }, {
    "date" : "2025-01-14",
    "price" : 1117.10,
    "dma50" : 1232.57,
    "dma100" : null,
    "dma200" : 1292.56,
    "volume" : 6682574.00
  }, {
    "date" : "2025-01-15",
    "price" : 1128.90,
    "dma50" : 1228.51,
    "dma100" : null,
    "dma200" : 1290.93,
    "volume" : 3303959.00
  }, {
    "date" : "2025-01-16",
    "price" : 1150.75,
    "dma50" : 1225.46,
    "dma100" : null,
    "dma200" : 1289.54,
    "volume" : 4162556.00
  }, {
    "date" : "2025-01-17",
    "price" : 1163.50,
    "dma50" : 1223.03,
    "dma100" : null,
    "dma200" : 1288.28,
    "volume" : 2623691.00
  }, {
    "date" : "2025-01-20",
    "price" : 1148.70,
    "dma50" : 1220.11,
    "dma100" : null,
    "dma200" : 1286.89,
    "volume" : 1363478.00
  }, {
    "date" : "2025-01-21",
    "price" : 1106.20,
    "dma50" : 1215.65,
    "dma100" : null,
    "dma200" : 1285.10,
    "volume" : 3454997.00
  }, {
    "date" : "2025-01-22",
    "price" : 1102.25,
    "dma50" : 1211.20,
    "dma100" : null,
    "dma200" : 1283.28,
    "volume" : 1972760.00
  }, {
    "date" : "2025-01-23",
    "price" : 1104.00,
    "dma50" : 1206.99,
    "dma100" : null,
    "dma200" : 1281.49,
    "volume" : 2072217.00
  }, {
    "date" : "2025-01-24",
    "price" : 1094.15,
    "dma50" : 1202.57,
    "dma100" : null,
    "dma200" : 1279.63,
    "volume" : 2480955.00
  }, {
    "date" : "2025-01-27",
    "price" : 1082.00,
    "dma50" : 1197.84,
    "dma100" : null,
    "dma200" : 1277.66,
    "volume" : 2436309.00
  }, {
    "date" : "2025-01-28",
    "price" : 1080.70,
    "dma50" : 1193.25,
    "dma100" : null,
    "dma200" : 1275.70,
    "volume" : 2530614.00
  }, {
    "date" : "2025-01-29",
    "price" : 1096.95,
    "dma50" : 1189.47,
    "dma100" : null,
    "dma200" : 1273.92,
    "volume" : 4679031.00
  }, {
    "date" : "2025-01-30",
    "price" : 1077.05,
    "dma50" : 1185.06,
    "dma100" : null,
    "dma200" : 1271.97,
    "volume" : 14825803.00
  }, {
    "date" : "2025-01-31",
    "price" : 1099.35,
    "dma50" : 1181.70,
    "dma100" : null,
    "dma200" : 1270.25,
    "volume" : 4817295.00
  }, {
    "date" : "2025-02-01",
    "price" : 1084.10,
    "dma50" : 1177.87,
    "dma100" : null,
    "dma200" : 1268.40,
    "volume" : 5308570.00
  }, {
    "date" : "2025-02-03",
    "price" : 1084.85,
    "dma50" : 1174.23,
    "dma100" : null,
    "dma200" : 1266.57,
    "volume" : 4120500.00
  }, {
    "date" : "2025-02-04",
    "price" : 1125.10,
    "dma50" : 1172.30,
    "dma100" : null,
    "dma200" : 1265.16,
    "volume" : 4201472.00
  }, {
    "date" : "2025-02-05",
    "price" : 1144.35,
    "dma50" : 1171.20,
    "dma100" : null,
    "dma200" : 1263.96,
    "volume" : 3181599.00
  }, {
    "date" : "2025-02-06",
    "price" : 1164.05,
    "dma50" : 1170.92,
    "dma100" : null,
    "dma200" : 1262.97,
    "volume" : 6362081.00
  }, {
    "date" : "2025-02-07",
    "price" : 1146.10,
    "dma50" : 1169.95,
    "dma100" : null,
    "dma200" : 1261.80,
    "volume" : 4153703.00
  }, {
    "date" : "2025-02-10",
    "price" : 1144.20,
    "dma50" : 1168.94,
    "dma100" : null,
    "dma200" : 1260.63,
    "volume" : 2515723.00
  }, {
    "date" : "2025-02-11",
    "price" : 1140.10,
    "dma50" : 1167.81,
    "dma100" : null,
    "dma200" : 1259.43,
    "volume" : 5100433.00
  }, {
    "date" : "2025-02-12",
    "price" : 1128.95,
    "dma50" : 1166.28,
    "dma100" : null,
    "dma200" : 1258.13,
    "volume" : 3041558.00
  }, {
    "date" : "2025-02-13",
    "price" : 1111.55,
    "dma50" : 1164.14,
    "dma100" : null,
    "dma200" : 1256.68,
    "volume" : 3952900.00
  }, {
    "date" : "2025-02-14",
    "price" : 1062.70,
    "dma50" : 1160.16,
    "dma100" : null,
    "dma200" : 1254.75,
    "volume" : 4867111.00
  }, {
    "date" : "2025-02-17",
    "price" : 1082.90,
    "dma50" : 1157.13,
    "dma100" : null,
    "dma200" : 1253.04,
    "volume" : 2712610.00
  }, {
    "date" : "2025-02-18",
    "price" : 1085.15,
    "dma50" : 1154.31,
    "dma100" : null,
    "dma200" : 1251.37,
    "volume" : 1773157.00
  }, {
    "date" : "2025-02-19",
    "price" : 1082.85,
    "dma50" : 1151.51,
    "dma100" : null,
    "dma200" : 1249.69,
    "volume" : 1902645.00
  }, {
    "date" : "2025-02-20",
    "price" : 1111.70,
    "dma50" : 1149.94,
    "dma100" : null,
    "dma200" : 1248.32,
    "volume" : 3878983.00
  }, {
    "date" : "2025-02-21",
    "price" : 1083.25,
    "dma50" : 1147.33,
    "dma100" : null,
    "dma200" : 1246.67,
    "volume" : 2540937.00
  }, {
    "date" : "2025-02-24",
    "price" : 1070.40,
    "dma50" : 1144.31,
    "dma100" : null,
    "dma200" : 1244.92,
    "volume" : 1722689.00
  }, {
    "date" : "2025-02-25",
    "price" : 1080.35,
    "dma50" : 1141.80,
    "dma100" : null,
    "dma200" : 1243.28,
    "volume" : 1867770.00
  }, {
    "date" : "2025-02-27",
    "price" : 1078.95,
    "dma50" : 1139.34,
    "dma100" : null,
    "dma200" : 1241.65,
    "volume" : 1918416.00
  }, {
    "date" : "2025-02-28",
    "price" : 1069.40,
    "dma50" : 1136.60,
    "dma100" : null,
    "dma200" : 1239.93,
    "volume" : 2928956.00
  }, {
    "date" : "2025-03-03",
    "price" : 1053.05,
    "dma50" : 1133.32,
    "dma100" : null,
    "dma200" : 1238.07,
    "volume" : 2405812.00
  }, {
    "date" : "2025-03-04",
    "price" : 1057.95,
    "dma50" : 1130.36,
    "dma100" : null,
    "dma200" : 1236.28,
    "volume" : 1872752.00
  }, {
    "date" : "2025-03-05",
    "price" : 1112.70,
    "dma50" : 1129.67,
    "dma100" : null,
    "dma200" : 1235.05,
    "volume" : 3988534.00
  }, {
    "date" : "2025-03-06",
    "price" : 1136.20,
    "dma50" : 1129.93,
    "dma100" : null,
    "dma200" : 1234.07,
    "volume" : 4173498.00
  }, {
    "date" : "2025-03-07",
    "price" : 1144.50,
    "dma50" : 1130.50,
    "dma100" : null,
    "dma200" : 1233.18,
    "volume" : 2290394.00
  }, {
    "date" : "2025-03-10",
    "price" : 1142.90,
    "dma50" : 1130.99,
    "dma100" : null,
    "dma200" : 1232.28,
    "volume" : 2491331.00
  }, {
    "date" : "2025-03-11",
    "price" : 1135.00,
    "dma50" : 1131.14,
    "dma100" : null,
    "dma200" : 1231.31,
    "volume" : 2473468.00
  }, {
    "date" : "2025-03-12",
    "price" : 1128.30,
    "dma50" : 1131.03,
    "dma100" : null,
    "dma200" : 1230.29,
    "volume" : 2976686.00
  }, {
    "date" : "2025-03-13",
    "price" : 1119.20,
    "dma50" : 1130.57,
    "dma100" : null,
    "dma200" : 1229.18,
    "volume" : 1398182.00
  }, {
    "date" : "2025-03-17",
    "price" : 1137.15,
    "dma50" : 1130.83,
    "dma100" : null,
    "dma200" : 1228.26,
    "volume" : 1539268.00
  }, {
    "date" : "2025-03-18",
    "price" : 1158.80,
    "dma50" : 1131.92,
    "dma100" : null,
    "dma200" : 1227.57,
    "volume" : 2006490.00
  }, {
    "date" : "2025-03-19",
    "price" : 1173.50,
    "dma50" : 1133.55,
    "dma100" : null,
    "dma200" : 1227.04,
    "volume" : 2491297.00
  }, {
    "date" : "2025-03-20",
    "price" : 1177.45,
    "dma50" : 1135.27,
    "dma100" : null,
    "dma200" : 1226.54,
    "volume" : 2033171.00
  }, {
    "date" : "2025-03-21",
    "price" : 1188.80,
    "dma50" : 1137.37,
    "dma100" : null,
    "dma200" : 1226.17,
    "volume" : 3189948.00
  }, {
    "date" : "2025-03-24",
    "price" : 1200.80,
    "dma50" : 1139.86,
    "dma100" : null,
    "dma200" : 1225.91,
    "volume" : 2286058.00
  }, {
    "date" : "2025-03-25",
    "price" : 1182.45,
    "dma50" : 1141.53,
    "dma100" : null,
    "dma200" : 1225.48,
    "volume" : 2218941.00
  }, {
    "date" : "2025-03-26",
    "price" : 1181.60,
    "dma50" : 1143.10,
    "dma100" : null,
    "dma200" : 1225.04,
    "volume" : 1933445.00
  }, {
    "date" : "2025-03-27",
    "price" : 1196.75,
    "dma50" : 1145.21,
    "dma100" : null,
    "dma200" : 1224.76,
    "volume" : 2155673.00
  }, {
    "date" : "2025-03-28",
    "price" : 1182.95,
    "dma50" : 1146.69,
    "dma100" : null,
    "dma200" : 1224.35,
    "volume" : 1957075.00
  }, {
    "date" : "2025-04-01",
    "price" : 1174.75,
    "dma50" : 1147.79,
    "dma100" : null,
    "dma200" : 1223.85,
    "volume" : 1671112.00
  }, {
    "date" : "2025-04-02",
    "price" : 1195.45,
    "dma50" : 1149.66,
    "dma100" : null,
    "dma200" : 1223.57,
    "volume" : 1283165.00
  }, {
    "date" : "2025-04-03",
    "price" : 1199.90,
    "dma50" : 1151.63,
    "dma100" : null,
    "dma200" : 1223.34,
    "volume" : 1436162.00
  }, {
    "date" : "2025-04-04",
    "price" : 1148.35,
    "dma50" : 1151.50,
    "dma100" : null,
    "dma200" : 1222.59,
    "volume" : 1977887.00
  }, {
    "date" : "2025-04-07",
    "price" : 1110.65,
    "dma50" : 1149.90,
    "dma100" : null,
    "dma200" : 1221.48,
    "volume" : 2461593.00
  }, {
    "date" : "2025-04-08",
    "price" : 1131.35,
    "dma50" : 1149.17,
    "dma100" : null,
    "dma200" : 1220.58,
    "volume" : 2629132.00
  }, {
    "date" : "2025-04-09",
    "price" : 1131.80,
    "dma50" : 1148.49,
    "dma100" : null,
    "dma200" : 1219.70,
    "volume" : 1637611.00
  }, {
    "date" : "2025-04-11",
    "price" : 1164.55,
    "dma50" : 1149.12,
    "dma100" : null,
    "dma200" : 1219.15,
    "volume" : 3674094.00
  }, {
    "date" : "2025-04-15",
    "price" : 1210.80,
    "dma50" : 1151.54,
    "dma100" : null,
    "dma200" : 1219.06,
    "volume" : 3297676.00
  }, {
    "date" : "2025-04-16",
    "price" : 1232.90,
    "dma50" : 1154.73,
    "dma100" : null,
    "dma200" : 1219.20,
    "volume" : 2052263.00
  }, {
    "date" : "2025-04-17",
    "price" : 1259.40,
    "dma50" : 1158.83,
    "dma100" : null,
    "dma200" : 1219.60,
    "volume" : 4437744.00
  }, {
    "date" : "2025-04-21",
    "price" : 1243.10,
    "dma50" : 1162.14,
    "dma100" : null,
    "dma200" : 1219.84,
    "volume" : 6465649.00
  }, {
    "date" : "2025-04-22",
    "price" : 1233.20,
    "dma50" : 1164.92,
    "dma100" : null,
    "dma200" : 1219.97,
    "volume" : 3112246.00
  }, {
    "date" : "2025-04-23",
    "price" : 1239.10,
    "dma50" : 1167.83,
    "dma100" : null,
    "dma200" : 1220.16,
    "volume" : 2669170.00
  }, {
    "date" : "2025-04-24",
    "price" : 1236.40,
    "dma50" : 1170.52,
    "dma100" : null,
    "dma200" : 1220.32,
    "volume" : 2189647.00
  }, {
    "date" : "2025-04-25",
    "price" : 1193.00,
    "dma50" : 1171.40,
    "dma100" : null,
    "dma200" : 1220.05,
    "volume" : 3960591.00
  }, {
    "date" : "2025-04-28",
    "price" : 1209.90,
    "dma50" : 1172.91,
    "dma100" : null,
    "dma200" : 1219.95,
    "volume" : 2740987.00
  }, {
    "date" : "2025-04-29",
    "price" : 1216.40,
    "dma50" : 1174.62,
    "dma100" : 1161.37,
    "dma200" : 1219.91,
    "volume" : 2564297.00
  }, {
    "date" : "2025-04-30",
    "price" : 1216.50,
    "dma50" : 1176.26,
    "dma100" : 1160.65,
    "dma200" : 1219.88,
    "volume" : 1960287.00
  }, {
    "date" : "2025-05-02",
    "price" : 1267.10,
    "dma50" : 1179.82,
    "dma100" : 1160.62,
    "dma200" : 1220.35,
    "volume" : 13315702.00
  }, {
    "date" : "2025-05-05",
    "price" : 1347.10,
    "dma50" : 1186.38,
    "dma100" : 1161.32,
    "dma200" : 1221.61,
    "volume" : 15455896.00
  }, {
    "date" : "2025-05-06",
    "price" : 1320.80,
    "dma50" : 1191.65,
    "dma100" : 1161.94,
    "dma200" : 1222.60,
    "volume" : 3854199.00
  }, {
    "date" : "2025-05-07",
    "price" : 1338.20,
    "dma50" : 1197.40,
    "dma100" : 1162.65,
    "dma200" : 1223.75,
    "volume" : 3417117.00
  }, {
    "date" : "2025-05-08",
    "price" : 1333.10,
    "dma50" : 1202.72,
    "dma100" : 1163.50,
    "dma200" : 1224.83,
    "volume" : 5354663.00
  }, {
    "date" : "2025-05-09",
    "price" : 1306.30,
    "dma50" : 1206.78,
    "dma100" : 1164.22,
    "dma200" : 1225.64,
    "volume" : 3163680.00
  }, {
    "date" : "2025-05-12",
    "price" : 1362.10,
    "dma50" : 1212.87,
    "dma100" : 1165.40,
    "dma200" : 1227.00,
    "volume" : 3944224.00
  }, {
    "date" : "2025-05-13",
    "price" : 1369.20,
    "dma50" : 1219.01,
    "dma100" : 1166.50,
    "dma200" : 1228.42,
    "volume" : 3640068.00
  }, {
    "date" : "2025-05-14",
    "price" : 1371.80,
    "dma50" : 1225.00,
    "dma100" : 1167.78,
    "dma200" : 1229.84,
    "volume" : 1698112.00
  }, {
    "date" : "2025-05-15",
    "price" : 1406.20,
    "dma50" : 1232.10,
    "dma100" : 1169.53,
    "dma200" : 1231.60,
    "volume" : 3894773.00
  }, {
    "date" : "2025-05-16",
    "price" : 1407.40,
    "dma50" : 1238.98,
    "dma100" : 1171.50,
    "dma200" : 1233.35,
    "volume" : 2996857.00
  }, {
    "date" : "2025-05-19",
    "price" : 1398.30,
    "dma50" : 1245.23,
    "dma100" : 1173.43,
    "dma200" : 1234.99,
    "volume" : 1379814.00
  }, {
    "date" : "2025-05-20",
    "price" : 1384.60,
    "dma50" : 1250.69,
    "dma100" : 1175.45,
    "dma200" : 1236.48,
    "volume" : 3027598.00
  }, {
    "date" : "2025-05-21",
    "price" : 1384.60,
    "dma50" : 1255.94,
    "dma100" : 1177.38,
    "dma200" : 1237.95,
    "volume" : 2040950.00
  }, {
    "date" : "2025-05-22",
    "price" : 1371.40,
    "dma50" : 1260.47,
    "dma100" : 1179.27,
    "dma200" : 1239.28,
    "volume" : 3311968.00
  }, {
    "date" : "2025-05-23",
    "price" : 1395.40,
    "dma50" : 1265.76,
    "dma100" : 1180.79,
    "dma200" : 1240.83,
    "volume" : 1860506.00
  }, {
    "date" : "2025-05-26",
    "price" : 1400.20,
    "dma50" : 1271.03,
    "dma100" : 1182.48,
    "dma200" : 1242.42,
    "volume" : 1097628.00
  }, {
    "date" : "2025-05-27",
    "price" : 1404.20,
    "dma50" : 1276.26,
    "dma100" : 1184.34,
    "dma200" : 1244.03,
    "volume" : 2709310.00
  }, {
    "date" : "2025-05-28",
    "price" : 1411.00,
    "dma50" : 1281.54,
    "dma100" : 1186.14,
    "dma200" : 1245.69,
    "volume" : 2167226.00
  }, {
    "date" : "2025-05-29",
    "price" : 1438.60,
    "dma50" : 1287.70,
    "dma100" : 1188.34,
    "dma200" : 1247.61,
    "volume" : 1754180.00
  }, {
    "date" : "2025-05-30",
    "price" : 1432.80,
    "dma50" : 1293.39,
    "dma100" : 1190.41,
    "dma200" : 1249.45,
    "volume" : 2644301.00
  }, {
    "date" : "2025-06-02",
    "price" : 1468.00,
    "dma50" : 1300.24,
    "dma100" : 1193.09,
    "dma200" : 1251.63,
    "volume" : 3316329.00
  }, {
    "date" : "2025-06-03",
    "price" : 1432.30,
    "dma50" : 1305.42,
    "dma100" : 1195.78,
    "dma200" : 1253.42,
    "volume" : 3967081.00
  }, {
    "date" : "2025-06-04",
    "price" : 1436.20,
    "dma50" : 1310.54,
    "dma100" : 1198.41,
    "dma200" : 1255.24,
    "volume" : 1564740.00
  }, {
    "date" : "2025-06-05",
    "price" : 1456.70,
    "dma50" : 1316.28,
    "dma100" : 1201.45,
    "dma200" : 1257.25,
    "volume" : 2171845.00
  }, {
    "date" : "2025-06-06",
    "price" : 1471.70,
    "dma50" : 1322.37,
    "dma100" : 1204.84,
    "dma200" : 1259.38,
    "volume" : 1339431.00
  }, {
    "date" : "2025-06-09",
    "price" : 1467.10,
    "dma50" : 1328.05,
    "dma100" : 1208.39,
    "dma200" : 1261.45,
    "volume" : 1556135.00
  }, {
    "date" : "2025-06-10",
    "price" : 1473.80,
    "dma50" : 1333.76,
    "dma100" : 1212.46,
    "dma200" : 1263.56,
    "volume" : 2322933.00
  }, {
    "date" : "2025-06-11",
    "price" : 1456.40,
    "dma50" : 1338.57,
    "dma100" : 1215.86,
    "dma200" : 1265.48,
    "volume" : 2287602.00
  }, {
    "date" : "2025-06-12",
    "price" : 1445.80,
    "dma50" : 1342.78,
    "dma100" : 1219.03,
    "dma200" : 1267.27,
    "volume" : 2303272.00
  }, {
    "date" : "2025-06-13",
    "price" : 1405.00,
    "dma50" : 1345.22,
    "dma100" : 1221.57,
    "dma200" : 1268.65,
    "volume" : 3537152.00
  }, {
    "date" : "2025-06-16",
    "price" : 1400.60,
    "dma50" : 1347.39,
    "dma100" : 1223.94,
    "dma200" : 1269.96,
    "volume" : 3194264.00
  }, {
    "date" : "2025-06-17",
    "price" : 1392.30,
    "dma50" : 1349.15,
    "dma100" : 1226.37,
    "dma200" : 1271.18,
    "volume" : 1650271.00
  }, {
    "date" : "2025-06-18",
    "price" : 1372.60,
    "dma50" : 1350.07,
    "dma100" : 1229.04,
    "dma200" : 1272.18,
    "volume" : 1793453.00
  }, {
    "date" : "2025-06-19",
    "price" : 1338.00,
    "dma50" : 1349.60,
    "dma100" : 1231.40,
    "dma200" : 1272.84,
    "volume" : 3018001.00
  }, {
    "date" : "2025-06-20",
    "price" : 1349.30,
    "dma50" : 1349.58,
    "dma100" : 1233.85,
    "dma200" : 1273.60,
    "volume" : 4588807.00
  }, {
    "date" : "2025-06-23",
    "price" : 1354.80,
    "dma50" : 1349.79,
    "dma100" : 1236.46,
    "dma200" : 1274.41,
    "volume" : 4059029.00
  }, {
    "date" : "2025-06-24",
    "price" : 1389.50,
    "dma50" : 1351.35,
    "dma100" : 1239.53,
    "dma200" : 1275.55,
    "volume" : 7947658.00
  }, {
    "date" : "2025-06-25",
    "price" : 1393.10,
    "dma50" : 1352.98,
    "dma100" : 1242.65,
    "dma200" : 1276.72,
    "volume" : 1978851.00
  }, {
    "date" : "2025-06-26",
    "price" : 1429.30,
    "dma50" : 1355.98,
    "dma100" : 1245.98,
    "dma200" : 1278.24,
    "volume" : 2971283.00
  }, {
    "date" : "2025-06-27",
    "price" : 1440.20,
    "dma50" : 1359.28,
    "dma100" : 1249.61,
    "dma200" : 1279.85,
    "volume" : 3034501.00
  }, {
    "date" : "2025-06-30",
    "price" : 1450.20,
    "dma50" : 1362.85,
    "dma100" : 1253.12,
    "dma200" : 1281.55,
    "volume" : 1655154.00
  }, {
    "date" : "2025-07-01",
    "price" : 1447.00,
    "dma50" : 1366.15,
    "dma100" : 1256.75,
    "dma200" : 1283.19,
    "volume" : 2254282.00
  }, {
    "date" : "2025-07-02",
    "price" : 1443.90,
    "dma50" : 1369.19,
    "dma100" : 1260.34,
    "dma200" : 1284.79,
    "volume" : 1342739.00
  }, {
    "date" : "2025-07-03",
    "price" : 1431.10,
    "dma50" : 1371.62,
    "dma100" : 1263.40,
    "dma200" : 1286.25,
    "volume" : 1004265.00
  }, {
    "date" : "2025-07-04",
    "price" : 1424.40,
    "dma50" : 1373.69,
    "dma100" : 1266.20,
    "dma200" : 1287.62,
    "volume" : 646941.00
  }, {
    "date" : "2025-07-07",
    "price" : 1435.60,
    "dma50" : 1376.12,
    "dma100" : 1268.91,
    "dma200" : 1289.10,
    "volume" : 822419.00
  }, {
    "date" : "2025-07-08",
    "price" : 1448.50,
    "dma50" : 1378.96,
    "dma100" : 1271.94,
    "dma200" : 1290.68,
    "volume" : 874130.00
  }, {
    "date" : "2025-07-09",
    "price" : 1443.00,
    "dma50" : 1381.47,
    "dma100" : 1274.93,
    "dma200" : 1292.20,
    "volume" : 1038085.00
  }, {
    "date" : "2025-07-10",
    "price" : 1443.10,
    "dma50" : 1383.89,
    "dma100" : 1277.96,
    "dma200" : 1293.70,
    "volume" : 1124023.00
  }, {
    "date" : "2025-07-11",
    "price" : 1431.70,
    "dma50" : 1385.76,
    "dma100" : 1280.98,
    "dma200" : 1295.07,
    "volume" : 901040.00
  }, {
    "date" : "2025-07-14",
    "price" : 1433.00,
    "dma50" : 1387.61,
    "dma100" : 1284.20,
    "dma200" : 1296.44,
    "volume" : 744216.00
  }, {
    "date" : "2025-07-15",
    "price" : 1445.10,
    "dma50" : 1389.87,
    "dma100" : 1288.02,
    "dma200" : 1297.92,
    "volume" : 791115.00
  }, {
    "date" : "2025-07-16",
    "price" : 1456.70,
    "dma50" : 1392.49,
    "dma100" : 1291.76,
    "dma200" : 1299.50,
    "volume" : 2594940.00
  }, {
    "date" : "2025-07-17",
    "price" : 1452.50,
    "dma50" : 1394.84,
    "dma100" : 1295.43,
    "dma200" : 1301.03,
    "volume" : 1200970.00
  }, {
    "date" : "2025-07-18",
    "price" : 1443.10,
    "dma50" : 1396.74,
    "dma100" : 1299.04,
    "dma200" : 1302.44,
    "volume" : 1199148.00
  }, {
    "date" : "2025-07-21",
    "price" : 1450.50,
    "dma50" : 1398.84,
    "dma100" : 1302.42,
    "dma200" : 1303.91,
    "volume" : 848676.00
  }, {
    "date" : "2025-07-22",
    "price" : 1420.70,
    "dma50" : 1399.70,
    "dma100" : 1305.80,
    "dma200" : 1305.08,
    "volume" : 1010419.00
  }, {
    "date" : "2025-07-23",
    "price" : 1420.80,
    "dma50" : 1400.53,
    "dma100" : 1309.30,
    "dma200" : 1306.23,
    "volume" : 793283.00
  }, {
    "date" : "2025-07-24",
    "price" : 1411.60,
    "dma50" : 1400.96,
    "dma100" : 1312.61,
    "dma200" : 1307.28,
    "volume" : 645297.00
  }, {
    "date" : "2025-07-25",
    "price" : 1396.30,
    "dma50" : 1400.78,
    "dma100" : 1315.79,
    "dma200" : 1308.16,
    "volume" : 769846.00
  }, {
    "date" : "2025-07-28",
    "price" : 1376.00,
    "dma50" : 1399.81,
    "dma100" : 1318.85,
    "dma200" : 1308.84,
    "volume" : 812983.00
  }, {
    "date" : "2025-07-29",
    "price" : 1395.90,
    "dma50" : 1399.65,
    "dma100" : 1322.28,
    "dma200" : 1309.70,
    "volume" : 801810.00
  }, {
    "date" : "2025-07-30",
    "price" : 1394.00,
    "dma50" : 1399.43,
    "dma100" : 1325.64,
    "dma200" : 1310.54,
    "volume" : 656568.00
  }, {
    "date" : "2025-07-31",
    "price" : 1373.10,
    "dma50" : 1398.40,
    "dma100" : 1328.25,
    "dma200" : 1311.16,
    "volume" : 1493510.00
  }, {
    "date" : "2025-08-01",
    "price" : 1347.10,
    "dma50" : 1396.39,
    "dma100" : 1330.36,
    "dma200" : 1311.52,
    "volume" : 1308447.00
  }, {
    "date" : "2025-08-04",
    "price" : 1388.90,
    "dma50" : 1396.09,
    "dma100" : 1332.80,
    "dma200" : 1312.29,
    "volume" : 1426306.00
  }, {
    "date" : "2025-08-05",
    "price" : 1358.10,
    "dma50" : 1394.60,
    "dma100" : 1334.95,
    "dma200" : 1312.75,
    "volume" : 3162691.00
  }, {
    "date" : "2025-08-06",
    "price" : 1367.10,
    "dma50" : 1393.53,
    "dma100" : 1337.27,
    "dma200" : 1313.29,
    "volume" : 2439943.00
  }, {
    "date" : "2025-08-07",
    "price" : 1345.40,
    "dma50" : 1391.64,
    "dma100" : 1339.44,
    "dma200" : 1313.61,
    "volume" : 2959117.00
  }, {
    "date" : "2025-08-08",
    "price" : 1325.00,
    "dma50" : 1389.03,
    "dma100" : 1341.50,
    "dma200" : 1313.72,
    "volume" : 1641059.00
  }, {
    "date" : "2025-08-11",
    "price" : 1339.40,
    "dma50" : 1387.08,
    "dma100" : 1343.52,
    "dma200" : 1313.98,
    "volume" : 2123020.00
  }, {
    "date" : "2025-08-12",
    "price" : 1330.50,
    "dma50" : 1384.86,
    "dma100" : 1345.24,
    "dma200" : 1314.14,
    "volume" : 1405016.00
  }, {
    "date" : "2025-08-13",
    "price" : 1319.60,
    "dma50" : 1382.30,
    "dma100" : 1346.70,
    "dma200" : 1314.19,
    "volume" : 1245409.00
  }, {
    "date" : "2025-08-14",
    "price" : 1300.30,
    "dma50" : 1379.09,
    "dma100" : 1347.93,
    "dma200" : 1314.06,
    "volume" : 2406410.00
  }, {
    "date" : "2025-08-18",
    "price" : 1327.20,
    "dma50" : 1377.05,
    "dma100" : 1349.32,
    "dma200" : 1314.19,
    "volume" : 20451228.00
  }, {
    "date" : "2025-08-19",
    "price" : 1369.40,
    "dma50" : 1376.75,
    "dma100" : 1351.00,
    "dma200" : 1314.74,
    "volume" : 3316763.00
  }, {
    "date" : "2025-08-20",
    "price" : 1370.60,
    "dma50" : 1376.51,
    "dma100" : 1352.88,
    "dma200" : 1315.29,
    "volume" : 1731428.00
  }, {
    "date" : "2025-08-21",
    "price" : 1361.80,
    "dma50" : 1375.93,
    "dma100" : 1354.68,
    "dma200" : 1315.76,
    "volume" : 1260772.00
  }, {
    "date" : "2025-08-22",
    "price" : 1341.20,
    "dma50" : 1374.57,
    "dma100" : 1356.13,
    "dma200" : 1316.01,
    "volume" : 1248010.00
  }, {
    "date" : "2025-08-25",
    "price" : 1340.40,
    "dma50" : 1373.23,
    "dma100" : 1357.70,
    "dma200" : 1316.25,
    "volume" : 1379215.00
  }, {
    "date" : "2025-08-26",
    "price" : 1315.40,
    "dma50" : 1370.96,
    "dma100" : 1359.11,
    "dma200" : 1316.24,
    "volume" : 1697211.00
  }, {
    "date" : "2025-08-28",
    "price" : 1315.40,
    "dma50" : 1368.78,
    "dma100" : 1360.31,
    "dma200" : 1316.23,
    "volume" : 1952766.00
  }, {
    "date" : "2025-08-29",
    "price" : 1312.80,
    "dma50" : 1366.59,
    "dma100" : 1361.44,
    "dma200" : 1316.20,
    "volume" : 1650561.00
  }, {
    "date" : "2025-09-01",
    "price" : 1335.30,
    "dma50" : 1365.36,
    "dma100" : 1363.31,
    "dma200" : 1316.39,
    "volume" : 1048902.00
  }, {
    "date" : "2025-09-02",
    "price" : 1336.20,
    "dma50" : 1364.22,
    "dma100" : 1365.56,
    "dma200" : 1316.59,
    "volume" : 1553934.00
  }, {
    "date" : "2025-09-03",
    "price" : 1332.40,
    "dma50" : 1362.97,
    "dma100" : 1367.57,
    "dma200" : 1316.74,
    "volume" : 1873150.00
  }, {
    "date" : "2025-09-04",
    "price" : 1328.20,
    "dma50" : 1361.61,
    "dma100" : 1369.54,
    "dma200" : 1316.86,
    "volume" : 1382395.00
  }, {
    "date" : "2025-09-05",
    "price" : 1321.80,
    "dma50" : 1360.05,
    "dma100" : 1371.11,
    "dma200" : 1316.91,
    "volume" : 1176607.00
  }, {
    "date" : "2025-09-08",
    "price" : 1348.30,
    "dma50" : 1359.58,
    "dma100" : 1372.49,
    "dma200" : 1317.22,
    "volume" : 1538224.00
  }, {
    "date" : "2025-09-09",
    "price" : 1380.90,
    "dma50" : 1360.42,
    "dma100" : 1373.97,
    "dma200" : 1317.85,
    "volume" : 3806546.00
  }, {
    "date" : "2025-09-10",
    "price" : 1389.10,
    "dma50" : 1361.55,
    "dma100" : 1375.26,
    "dma200" : 1318.56,
    "volume" : 2649734.00
  }, {
    "date" : "2025-09-11",
    "price" : 1393.10,
    "dma50" : 1362.78,
    "dma100" : 1376.76,
    "dma200" : 1319.30,
    "volume" : 4229171.00
  }, {
    "date" : "2025-09-12",
    "price" : 1393.10,
    "dma50" : 1363.97,
    "dma100" : 1378.36,
    "dma200" : 1320.04,
    "volume" : 1607255.00
  }, {
    "date" : "2025-09-15",
    "price" : 1395.20,
    "dma50" : 1365.20,
    "dma100" : 1379.92,
    "dma200" : 1320.79,
    "volume" : 1339281.00
  }, {
    "date" : "2025-09-16",
    "price" : 1408.20,
    "dma50" : 1366.88,
    "dma100" : 1381.64,
    "dma200" : 1321.66,
    "volume" : 1755929.00
  }, {
    "date" : "2025-09-17",
    "price" : 1406.10,
    "dma50" : 1368.42,
    "dma100" : 1383.77,
    "dma200" : 1322.50,
    "volume" : 1114244.00
  }, {
    "date" : "2025-09-18",
    "price" : 1412.80,
    "dma50" : 1370.16,
    "dma100" : 1385.80,
    "dma200" : 1323.40,
    "volume" : 1462189.00
  }, {
    "date" : "2025-09-19",
    "price" : 1427.80,
    "dma50" : 1372.42,
    "dma100" : 1387.91,
    "dma200" : 1324.43,
    "volume" : 8469365.00
  }, {
    "date" : "2025-09-22",
    "price" : 1444.20,
    "dma50" : 1375.24,
    "dma100" : 1390.19,
    "dma200" : 1325.63,
    "volume" : 5705976.00
  }, {
    "date" : "2025-09-23",
    "price" : 1441.60,
    "dma50" : 1377.84,
    "dma100" : 1391.94,
    "dma200" : 1326.78,
    "volume" : 2796522.00
  }, {
    "date" : "2025-09-24",
    "price" : 1431.60,
    "dma50" : 1379.95,
    "dma100" : 1392.78,
    "dma200" : 1327.82,
    "volume" : 2682660.00
  }, {
    "date" : "2025-09-25",
    "price" : 1407.20,
    "dma50" : 1381.02,
    "dma100" : 1393.65,
    "dma200" : 1328.61,
    "volume" : 2047694.00
  }, {
    "date" : "2025-09-26",
    "price" : 1392.00,
    "dma50" : 1381.45,
    "dma100" : 1394.18,
    "dma200" : 1329.24,
    "volume" : 2007992.00
  }, {
    "date" : "2025-09-29",
    "price" : 1383.20,
    "dma50" : 1381.52,
    "dma100" : 1394.68,
    "dma200" : 1329.78,
    "volume" : 2130814.00
  }, {
    "date" : "2025-09-30",
    "price" : 1403.50,
    "dma50" : 1382.38,
    "dma100" : 1395.66,
    "dma200" : 1330.51,
    "volume" : 2160012.00
  }, {
    "date" : "2025-10-01",
    "price" : 1422.70,
    "dma50" : 1383.96,
    "dma100" : 1396.26,
    "dma200" : 1331.43,
    "volume" : 1745328.00
  }, {
    "date" : "2025-10-03",
    "price" : 1419.10,
    "dma50" : 1385.34,
    "dma100" : 1396.76,
    "dma200" : 1332.30,
    "volume" : 1628064.00
  }, {
    "date" : "2025-10-06",
    "price" : 1400.50,
    "dma50" : 1385.93,
    "dma100" : 1397.05,
    "dma200" : 1332.98,
    "volume" : 1386694.00
  }, {
    "date" : "2025-10-07",
    "price" : 1399.50,
    "dma50" : 1386.46,
    "dma100" : 1396.98,
    "dma200" : 1333.64,
    "volume" : 1688663.00
  }, {
    "date" : "2025-10-08",
    "price" : 1394.30,
    "dma50" : 1386.77,
    "dma100" : 1396.85,
    "dma200" : 1334.25,
    "volume" : 1743338.00
  }, {
    "date" : "2025-10-09",
    "price" : 1395.60,
    "dma50" : 1387.12,
    "dma100" : 1396.82,
    "dma200" : 1334.86,
    "volume" : 1289851.00
  }, {
    "date" : "2025-10-10",
    "price" : 1409.40,
    "dma50" : 1387.99,
    "dma100" : 1397.07,
    "dma200" : 1335.60,
    "volume" : 1469048.00
  }, {
    "date" : "2025-10-13",
    "price" : 1437.80,
    "dma50" : 1389.94,
    "dma100" : 1397.60,
    "dma200" : 1336.62,
    "volume" : 2348216.00
  }, {
    "date" : "2025-10-14",
    "price" : 1429.00,
    "dma50" : 1391.48,
    "dma100" : 1398.18,
    "dma200" : 1337.54,
    "volume" : 2683854.00
  }, {
    "date" : "2025-10-15",
    "price" : 1450.70,
    "dma50" : 1393.80,
    "dma100" : 1398.73,
    "dma200" : 1338.66,
    "volume" : 2792924.00
  }, {
    "date" : "2025-10-16",
    "price" : 1479.50,
    "dma50" : 1397.16,
    "dma100" : 1399.53,
    "dma200" : 1340.06,
    "volume" : 7823340.00
  }, {
    "date" : "2025-10-17",
    "price" : 1479.40,
    "dma50" : 1400.38,
    "dma100" : 1400.28,
    "dma200" : 1341.45,
    "volume" : 3370044.00
  }, {
    "date" : "2025-10-20",
    "price" : 1467.00,
    "dma50" : 1403.00,
    "dma100" : 1400.84,
    "dma200" : 1342.70,
    "volume" : 2781943.00
  }, {
    "date" : "2025-10-21",
    "price" : 1473.50,
    "dma50" : 1405.76,
    "dma100" : 1401.19,
    "dma200" : 1344.00,
    "volume" : 439838.00
  }, {
    "date" : "2025-10-23",
    "price" : 1453.10,
    "dma50" : 1407.62,
    "dma100" : 1401.39,
    "dma200" : 1345.09,
    "volume" : 3138471.00
  }, {
    "date" : "2025-10-24",
    "price" : 1429.00,
    "dma50" : 1408.46,
    "dma100" : 1401.00,
    "dma200" : 1345.92,
    "volume" : 1976160.00
  }, {
    "date" : "2025-10-27",
    "price" : 1420.60,
    "dma50" : 1408.93,
    "dma100" : 1400.88,
    "dma200" : 1346.66,
    "volume" : 2345924.00
  }, {
    "date" : "2025-10-28",
    "price" : 1417.90,
    "dma50" : 1409.28,
    "dma100" : 1400.70,
    "dma200" : 1347.37,
    "volume" : 2192378.00
  }, {
    "date" : "2025-10-29",
    "price" : 1454.80,
    "dma50" : 1411.07,
    "dma100" : 1400.68,
    "dma200" : 1348.44,
    "volume" : 3704682.00
  }, {
    "date" : "2025-10-30",
    "price" : 1457.90,
    "dma50" : 1412.91,
    "dma100" : 1400.54,
    "dma200" : 1349.53,
    "volume" : 1427147.00
  }, {
    "date" : "2025-10-31",
    "price" : 1451.50,
    "dma50" : 1414.42,
    "dma100" : 1400.39,
    "dma200" : 1350.55,
    "volume" : 1172697.00
  }, {
    "date" : "2025-11-03",
    "price" : 1444.70,
    "dma50" : 1415.61,
    "dma100" : 1400.10,
    "dma200" : 1351.48,
    "volume" : 1101288.00
  }, {
    "date" : "2025-11-04",
    "price" : 1444.40,
    "dma50" : 1416.74,
    "dma100" : 1399.98,
    "dma200" : 1352.41,
    "volume" : 3673300.00
  }, {
    "date" : "2025-11-06",
    "price" : 1436.80,
    "dma50" : 1417.52,
    "dma100" : 1399.89,
    "dma200" : 1353.25,
    "volume" : 2861348.00
  }, {
    "date" : "2025-11-07",
    "price" : 1448.30,
    "dma50" : 1418.73,
    "dma100" : 1400.32,
    "dma200" : 1354.19,
    "volume" : 2235070.00
  }, {
    "date" : "2025-11-10",
    "price" : 1444.90,
    "dma50" : 1419.76,
    "dma100" : 1400.76,
    "dma200" : 1355.09,
    "volume" : 1231469.00
  }, {
    "date" : "2025-11-11",
    "price" : 1474.40,
    "dma50" : 1421.90,
    "dma100" : 1401.58,
    "dma200" : 1356.28,
    "volume" : 2340828.00
  }, {
    "date" : "2025-11-12",
    "price" : 1506.90,
    "dma50" : 1425.23,
    "dma100" : 1402.93,
    "dma200" : 1357.78,
    "volume" : 4828518.00
  }, {
    "date" : "2025-11-13",
    "price" : 1499.00,
    "dma50" : 1428.13,
    "dma100" : 1404.54,
    "dma200" : 1359.19,
    "volume" : 2427000.00
  }, {
    "date" : "2025-11-14",
    "price" : 1512.70,
    "dma50" : 1431.44,
    "dma100" : 1406.17,
    "dma200" : 1360.71,
    "volume" : 2517522.00
  }, {
    "date" : "2025-11-17",
    "price" : 1507.60,
    "dma50" : 1434.43,
    "dma100" : 1407.70,
    "dma200" : 1362.17,
    "volume" : 1826661.00
  }, {
    "date" : "2025-11-18",
    "price" : 1495.00,
    "dma50" : 1436.80,
    "dma100" : 1408.75,
    "dma200" : 1363.50,
    "volume" : 1874870.00
  }, {
    "date" : "2025-11-19",
    "price" : 1484.20,
    "dma50" : 1438.66,
    "dma100" : 1409.66,
    "dma200" : 1364.70,
    "volume" : 1838026.00
  }, {
    "date" : "2025-11-20",
    "price" : 1491.10,
    "dma50" : 1440.72,
    "dma100" : 1410.28,
    "dma200" : 1365.96,
    "volume" : 1549215.00
  }, {
    "date" : "2025-11-21",
    "price" : 1479.80,
    "dma50" : 1442.25,
    "dma100" : 1410.68,
    "dma200" : 1367.09,
    "volume" : 1216920.00
  }, {
    "date" : "2025-11-24",
    "price" : 1485.90,
    "dma50" : 1443.96,
    "dma100" : 1411.03,
    "dma200" : 1368.27,
    "volume" : 2614303.00
  }, {
    "date" : "2025-11-25",
    "price" : 1483.90,
    "dma50" : 1445.53,
    "dma100" : 1411.40,
    "dma200" : 1369.42,
    "volume" : 1528962.00
  }, {
    "date" : "2025-11-26",
    "price" : 1506.20,
    "dma50" : 1447.91,
    "dma100" : 1412.03,
    "dma200" : 1370.78,
    "volume" : 4163340.00
  }, {
    "date" : "2025-11-27",
    "price" : 1509.10,
    "dma50" : 1450.31,
    "dma100" : 1412.81,
    "dma200" : 1372.16,
    "volume" : 896793.00
  }, {
    "date" : "2025-11-28",
    "price" : 1516.90,
    "dma50" : 1452.92,
    "dma100" : 1413.73,
    "dma200" : 1373.60,
    "volume" : 2732079.00
  }, {
    "date" : "2025-12-01",
    "price" : 1530.50,
    "dma50" : 1455.96,
    "dma100" : 1414.68,
    "dma200" : 1375.16,
    "volume" : 4197848.00
  } ],
  "latestTechnicalAttributes" : {
    "date" : "2025-12-01",
    "price" : 1530.50,
    "dma50" : 1455.96,
    "dma100" : 1414.68,
    "dma200" : 1375.16,
    "volume" : 4197848.00
  },
  "quarterlyResults" : [ {
    "date" : "2007-06-30",
    "sales" : 123.83,
    "salesGrowthYoY" : null,
    "grossProfitMargin" : 100.00,
    "grossProfit" : 123.83,
    "operatingProfitMargin" : 57.09,
    "operatingProfit" : 70.69,
    "netProfitMargin" : 15.72,
    "netProfit" : 19.47
  }, {
    "date" : "2007-09-30",
    "sales" : 160.38,
    "salesGrowthYoY" : null,
    "grossProfitMargin" : 100.00,
    "grossProfit" : 160.38,
    "operatingProfitMargin" : 64.85,
    "operatingProfit" : 104.01,
    "netProfitMargin" : 26.63,
    "netProfit" : 42.71
  }, {
    "date" : "2007-12-31",
    "sales" : 205.35,
    "salesGrowthYoY" : null,
    "grossProfitMargin" : 100.00,
    "grossProfit" : 205.35,
    "operatingProfitMargin" : 60.63,
    "operatingProfit" : 124.50,
    "netProfitMargin" : 25.54,
    "netProfit" : 52.45
  }, {
    "date" : "2008-03-31",
    "sales" : 328.65,
    "salesGrowthYoY" : null,
    "grossProfitMargin" : 100.00,
    "grossProfit" : 328.65,
    "operatingProfitMargin" : 71.47,
    "operatingProfit" : 234.89,
    "netProfitMargin" : 27.72,
    "netProfit" : 91.10
  }, {
    "date" : "2008-06-30",
    "sales" : 253.73,
    "salesGrowthYoY" : 104.90,
    "grossProfitMargin" : 100.00,
    "grossProfit" : 253.73,
    "operatingProfitMargin" : 70.89,
    "operatingProfit" : 179.87,
    "netProfitMargin" : 38.15,
    "netProfit" : 96.80
  }, {
    "date" : "2008-09-30",
    "sales" : 296.00,
    "salesGrowthYoY" : 84.56,
    "grossProfitMargin" : 100.00,
    "grossProfit" : 296.00,
    "operatingProfitMargin" : 69.46,
    "operatingProfit" : 205.60,
    "netProfitMargin" : 37.93,
    "netProfit" : 112.27
  }, {
    "date" : "2008-12-31",
    "sales" : 300.89,
    "salesGrowthYoY" : 46.53,
    "grossProfitMargin" : 100.00,
    "grossProfit" : 300.89,
    "operatingProfitMargin" : 62.76,
    "operatingProfit" : 188.84,
    "netProfitMargin" : 33.50,
    "netProfit" : 100.80
  }, {
    "date" : "2009-03-31",
    "sales" : 284.51,
    "salesGrowthYoY" : -13.43,
    "grossProfitMargin" : 100.00,
    "grossProfit" : 284.51,
    "operatingProfitMargin" : 58.21,
    "operatingProfit" : 165.61,
    "netProfitMargin" : 53.14,
    "netProfit" : 151.19
  }, {
    "date" : "2009-06-30",
    "sales" : 306.77,
    "salesGrowthYoY" : 20.90,
    "grossProfitMargin" : 100.00,
    "grossProfit" : 306.77,
    "operatingProfitMargin" : 72.19,
    "operatingProfit" : 221.46,
    "netProfitMargin" : 55.66,
    "netProfit" : 170.75
  }, {
    "date" : "2009-09-30",
    "sales" : 327.36,
    "salesGrowthYoY" : 10.59,
    "grossProfitMargin" : 100.00,
    "grossProfit" : 327.36,
    "operatingProfitMargin" : 71.65,
    "operatingProfit" : 234.55,
    "netProfitMargin" : 53.39,
    "netProfit" : 174.78
  }, {
    "date" : "2009-12-31",
    "sales" : 337.83,
    "salesGrowthYoY" : 12.28,
    "grossProfitMargin" : 100.00,
    "grossProfit" : 337.83,
    "operatingProfitMargin" : 68.27,
    "operatingProfit" : 230.64,
    "netProfitMargin" : 48.33,
    "netProfit" : 163.27
  }, {
    "date" : "2010-03-31",
    "sales" : 420.55,
    "salesGrowthYoY" : 47.82,
    "grossProfitMargin" : 100.00,
    "grossProfit" : 420.55,
    "operatingProfitMargin" : 59.95,
    "operatingProfit" : 252.12,
    "netProfitMargin" : 45.70,
    "netProfit" : 192.19
  }, {
    "date" : "2010-06-30",
    "sales" : 415.65,
    "salesGrowthYoY" : 35.49,
    "grossProfitMargin" : 100.00,
    "grossProfit" : 415.65,
    "operatingProfitMargin" : 69.66,
    "operatingProfit" : 289.54,
    "netProfitMargin" : 50.84,
    "netProfit" : 211.32
  }, {
    "date" : "2010-09-30",
    "sales" : 413.56,
    "salesGrowthYoY" : 26.33,
    "grossProfitMargin" : 100.00,
    "grossProfit" : 413.56,
    "operatingProfitMargin" : 65.52,
    "operatingProfit" : 270.96,
    "netProfitMargin" : 51.18,
    "netProfit" : 211.66
  }, {
    "date" : "2010-12-31",
    "sales" : 450.85,
    "salesGrowthYoY" : 33.45,
    "grossProfitMargin" : 100.00,
    "grossProfit" : 450.85,
    "operatingProfitMargin" : 68.42,
    "operatingProfit" : 308.47,
    "netProfitMargin" : 50.68,
    "netProfit" : 228.49
  }, {
    "date" : "2011-03-31",
    "sales" : 604.94,
    "salesGrowthYoY" : 43.84,
    "grossProfitMargin" : 100.00,
    "grossProfit" : 604.94,
    "operatingProfitMargin" : 73.00,
    "operatingProfit" : 441.61,
    "netProfitMargin" : 55.33,
    "netProfit" : 334.71
  }, {
    "date" : "2011-06-30",
    "sales" : 529.69,
    "salesGrowthYoY" : 27.44,
    "grossProfitMargin" : 100.00,
    "grossProfit" : 529.69,
    "operatingProfitMargin" : 68.52,
    "operatingProfit" : 362.94,
    "netProfitMargin" : 48.02,
    "netProfit" : 254.36
  }, {
    "date" : "2011-09-30",
    "sales" : 619.72,
    "salesGrowthYoY" : 49.85,
    "grossProfitMargin" : 100.00,
    "grossProfit" : 619.72,
    "operatingProfitMargin" : 66.74,
    "operatingProfit" : 413.60,
    "netProfitMargin" : 44.12,
    "netProfit" : 273.42
  }, {
    "date" : "2011-12-31",
    "sales" : 690.63,
    "salesGrowthYoY" : 53.18,
    "grossProfitMargin" : 100.00,
    "grossProfit" : 690.63,
    "operatingProfitMargin" : 69.79,
    "operatingProfit" : 481.99,
    "netProfitMargin" : 44.97,
    "netProfit" : 310.58
  }, {
    "date" : "2012-03-31",
    "sales" : 641.87,
    "salesGrowthYoY" : 6.10,
    "grossProfitMargin" : 100.00,
    "grossProfit" : 641.87,
    "operatingProfitMargin" : 70.58,
    "operatingProfit" : 453.03,
    "netProfitMargin" : 52.80,
    "netProfit" : 338.91
  }, {
    "date" : "2012-06-30",
    "sales" : 789.41,
    "salesGrowthYoY" : 49.03,
    "grossProfitMargin" : 100.00,
    "grossProfit" : 789.41,
    "operatingProfitMargin" : 75.97,
    "operatingProfit" : 599.71,
    "netProfitMargin" : 53.00,
    "netProfit" : 418.39
  }, {
    "date" : "2012-09-30",
    "sales" : 764.27,
    "salesGrowthYoY" : 23.33,
    "grossProfitMargin" : 100.00,
    "grossProfit" : 764.27,
    "operatingProfitMargin" : 74.70,
    "operatingProfit" : 570.91,
    "netProfitMargin" : 56.21,
    "netProfit" : 429.60
  }, {
    "date" : "2012-12-31",
    "sales" : 892.18,
    "salesGrowthYoY" : 29.18,
    "grossProfitMargin" : 100.00,
    "grossProfit" : 892.18,
    "operatingProfitMargin" : 73.08,
    "operatingProfit" : 652.01,
    "netProfitMargin" : 46.56,
    "netProfit" : 415.40
  }, {
    "date" : "2013-03-31",
    "sales" : 915.19,
    "salesGrowthYoY" : 42.58,
    "grossProfitMargin" : 100.00,
    "grossProfit" : 915.19,
    "operatingProfitMargin" : 71.28,
    "operatingProfit" : 652.35,
    "netProfitMargin" : 53.62,
    "netProfit" : 490.72
  }, {
    "date" : "2013-06-30",
    "sales" : 1717.79,
    "salesGrowthYoY" : 117.60,
    "grossProfitMargin" : 100.00,
    "grossProfit" : 1717.79,
    "operatingProfitMargin" : 57.24,
    "operatingProfit" : 983.26,
    "netProfitMargin" : 38.60,
    "netProfit" : 663.07
  }, {
    "date" : "2013-09-30",
    "sales" : 877.79,
    "salesGrowthYoY" : 14.85,
    "grossProfitMargin" : 100.00,
    "grossProfit" : 877.79,
    "operatingProfitMargin" : 70.66,
    "operatingProfit" : 620.25,
    "netProfitMargin" : 39.60,
    "netProfit" : 347.60
  }, {
    "date" : "2013-12-31",
    "sales" : 879.97,
    "salesGrowthYoY" : -1.37,
    "grossProfitMargin" : 100.00,
    "grossProfit" : 879.97,
    "operatingProfitMargin" : 64.63,
    "operatingProfit" : 568.72,
    "netProfitMargin" : 54.21,
    "netProfit" : 477.03
  }, {
    "date" : "2014-03-31",
    "sales" : 872.16,
    "salesGrowthYoY" : -4.70,
    "grossProfitMargin" : 100.00,
    "grossProfit" : 872.16,
    "operatingProfitMargin" : 65.02,
    "operatingProfit" : 567.08,
    "netProfitMargin" : 60.58,
    "netProfit" : 528.35
  }, {
    "date" : "2014-06-30",
    "sales" : 880.56,
    "salesGrowthYoY" : -48.74,
    "grossProfitMargin" : 100.00,
    "grossProfit" : 880.56,
    "operatingProfitMargin" : 68.35,
    "operatingProfit" : 601.86,
    "netProfitMargin" : 57.36,
    "netProfit" : 505.09
  }, {
    "date" : "2014-09-30",
    "sales" : 1112.45,
    "salesGrowthYoY" : 26.73,
    "grossProfitMargin" : 100.00,
    "grossProfit" : 1112.45,
    "operatingProfitMargin" : 66.59,
    "operatingProfit" : 740.78,
    "netProfitMargin" : 47.59,
    "netProfit" : 529.41
  }, {
    "date" : "2014-12-31",
    "sales" : 955.41,
    "salesGrowthYoY" : 8.57,
    "grossProfitMargin" : 100.00,
    "grossProfit" : 955.41,
    "operatingProfitMargin" : 65.26,
    "operatingProfit" : 623.50,
    "netProfitMargin" : 62.19,
    "netProfit" : 594.17
  }, {
    "date" : "2015-03-31",
    "sales" : 960.28,
    "salesGrowthYoY" : 10.10,
    "grossProfitMargin" : 100.00,
    "grossProfit" : 960.28,
    "operatingProfitMargin" : 66.77,
    "operatingProfit" : 641.18,
    "netProfitMargin" : 57.74,
    "netProfit" : 554.47
  }, {
    "date" : "2015-06-30",
    "sales" : 1065.10,
    "salesGrowthYoY" : 20.96,
    "grossProfitMargin" : 100.00,
    "grossProfit" : 1065.10,
    "operatingProfitMargin" : 70.63,
    "operatingProfit" : 752.28,
    "netProfitMargin" : 57.83,
    "netProfit" : 615.95
  }, {
    "date" : "2015-09-30",
    "sales" : 1559.67,
    "salesGrowthYoY" : 40.20,
    "grossProfitMargin" : 100.00,
    "grossProfit" : 1559.67,
    "operatingProfitMargin" : 77.49,
    "operatingProfit" : 1208.59,
    "netProfitMargin" : 67.93,
    "netProfit" : 1059.48
  }, {
    "date" : "2015-12-31",
    "sales" : 1060.31,
    "salesGrowthYoY" : 10.98,
    "grossProfitMargin" : 100.00,
    "grossProfit" : 1060.31,
    "operatingProfitMargin" : 69.55,
    "operatingProfit" : 737.45,
    "netProfitMargin" : 60.00,
    "netProfit" : 636.19
  }, {
    "date" : "2016-03-31",
    "sales" : 942.35,
    "salesGrowthYoY" : -1.87,
    "grossProfitMargin" : 100.00,
    "grossProfit" : 942.35,
    "operatingProfitMargin" : 65.49,
    "operatingProfit" : 617.15,
    "netProfitMargin" : 69.33,
    "netProfit" : 653.33
  }, {
    "date" : "2016-06-30",
    "sales" : 1055.16,
    "salesGrowthYoY" : -0.93,
    "grossProfitMargin" : 100.00,
    "grossProfit" : 1055.16,
    "operatingProfitMargin" : 68.35,
    "operatingProfit" : 721.20,
    "netProfitMargin" : 57.13,
    "netProfit" : 602.81
  }, {
    "date" : "2016-09-30",
    "sales" : 1291.47,
    "salesGrowthYoY" : -17.20,
    "grossProfitMargin" : 100.00,
    "grossProfit" : 1291.47,
    "operatingProfitMargin" : 80.64,
    "operatingProfit" : 1041.44,
    "netProfitMargin" : 70.98,
    "netProfit" : 916.69
  }, {
    "date" : "2016-12-31",
    "sales" : 1297.38,
    "salesGrowthYoY" : 22.36,
    "grossProfitMargin" : 100.00,
    "grossProfit" : 1297.38,
    "operatingProfitMargin" : 69.27,
    "operatingProfit" : 898.70,
    "netProfitMargin" : 57.32,
    "netProfit" : 743.66
  }, {
    "date" : "2017-03-31",
    "sales" : 1234.85,
    "salesGrowthYoY" : 31.04,
    "grossProfitMargin" : 100.00,
    "grossProfit" : 1234.85,
    "operatingProfitMargin" : 87.95,
    "operatingProfit" : 1086.05,
    "netProfitMargin" : 67.82,
    "netProfit" : 837.48
  }, {
    "date" : "2017-06-30",
    "sales" : 1645.45,
    "salesGrowthYoY" : 55.94,
    "grossProfitMargin" : 100.00,
    "grossProfit" : 1645.45,
    "operatingProfitMargin" : 59.59,
    "operatingProfit" : 980.52,
    "netProfitMargin" : 30.37,
    "netProfit" : 499.72
  }, {
    "date" : "2017-09-30",
    "sales" : 1526.74,
    "salesGrowthYoY" : 18.22,
    "grossProfitMargin" : 100.00,
    "grossProfit" : 1526.74,
    "operatingProfitMargin" : 76.00,
    "operatingProfit" : 1160.32,
    "netProfitMargin" : 44.66,
    "netProfit" : 681.84
  }, {
    "date" : "2017-12-31",
    "sales" : 1417.28,
    "salesGrowthYoY" : 9.24,
    "grossProfitMargin" : 100.00,
    "grossProfit" : 1417.28,
    "operatingProfitMargin" : 88.95,
    "operatingProfit" : 1260.67,
    "netProfitMargin" : 48.82,
    "netProfit" : 691.92
  }, {
    "date" : "2018-03-31",
    "sales" : 1944.35,
    "salesGrowthYoY" : 57.46,
    "grossProfitMargin" : 100.00,
    "grossProfit" : 1944.35,
    "operatingProfitMargin" : 53.75,
    "operatingProfit" : 1045.09,
    "netProfitMargin" : 36.03,
    "netProfit" : 700.55
  }, {
    "date" : "2018-06-30",
    "sales" : 1081.23,
    "salesGrowthYoY" : -34.29,
    "grossProfitMargin" : 100.00,
    "grossProfit" : 1081.23,
    "operatingProfitMargin" : 40.73,
    "operatingProfit" : 440.38,
    "netProfitMargin" : 33.24,
    "netProfit" : 359.40
  }, {
    "date" : "2018-09-30",
    "sales" : 1203.27,
    "salesGrowthYoY" : -21.19,
    "grossProfitMargin" : 100.00,
    "grossProfit" : 1203.27,
    "operatingProfitMargin" : 30.25,
    "operatingProfit" : 363.99,
    "netProfitMargin" : 57.14,
    "netProfit" : 687.55
  }, {
    "date" : "2018-12-31",
    "sales" : 1457.60,
    "salesGrowthYoY" : 2.84,
    "grossProfitMargin" : 100.00,
    "grossProfit" : 1457.60,
    "operatingProfitMargin" : 92.38,
    "operatingProfit" : 1346.53,
    "netProfitMargin" : 62.86,
    "netProfit" : 916.25
  }, {
    "date" : "2019-03-31",
    "sales" : 1594.28,
    "salesGrowthYoY" : -18.00,
    "grossProfitMargin" : 100.00,
    "grossProfit" : 1594.28,
    "operatingProfitMargin" : 74.50,
    "operatingProfit" : 1187.74,
    "netProfitMargin" : 47.36,
    "netProfit" : 755.05
  }, {
    "date" : "2019-06-30",
    "sales" : 1204.33,
    "salesGrowthYoY" : 11.39,
    "grossProfitMargin" : 100.00,
    "grossProfit" : 1204.33,
    "operatingProfitMargin" : 66.66,
    "operatingProfit" : 802.81,
    "netProfitMargin" : 40.62,
    "netProfit" : 489.20
  }, {
    "date" : "2019-09-30",
    "sales" : 1071.14,
    "salesGrowthYoY" : -10.98,
    "grossProfitMargin" : 100.00,
    "grossProfit" : 1071.14,
    "operatingProfitMargin" : 20.30,
    "operatingProfit" : 217.44,
    "netProfitMargin" : 45.35,
    "netProfit" : 485.76
  }, {
    "date" : "2019-12-31",
    "sales" : 1182.76,
    "salesGrowthYoY" : -18.86,
    "grossProfitMargin" : 100.00,
    "grossProfit" : 1182.76,
    "operatingProfitMargin" : 58.33,
    "operatingProfit" : 689.90,
    "netProfitMargin" : 38.80,
    "netProfit" : 458.91
  }, {
    "date" : "2020-03-31",
    "sales" : 1185.05,
    "salesGrowthYoY" : -25.67,
    "grossProfitMargin" : 100.00,
    "grossProfit" : 1185.05,
    "operatingProfitMargin" : -23.31,
    "operatingProfit" : -276.24,
    "netProfitMargin" : 42.22,
    "netProfit" : 500.33
  }, {
    "date" : "2020-06-30",
    "sales" : 797.72,
    "salesGrowthYoY" : -33.76,
    "grossProfitMargin" : 100.00,
    "grossProfit" : 797.72,
    "operatingProfitMargin" : 62.08,
    "operatingProfit" : 495.22,
    "netProfitMargin" : 35.92,
    "netProfit" : 286.54
  }, {
    "date" : "2020-09-30",
    "sales" : 1081.96,
    "salesGrowthYoY" : 1.01,
    "grossProfitMargin" : 100.00,
    "grossProfit" : 1081.96,
    "operatingProfitMargin" : 109.09,
    "operatingProfit" : 1180.31,
    "netProfitMargin" : 64.30,
    "netProfit" : 695.70
  }, {
    "date" : "2020-12-31",
    "sales" : 1305.18,
    "salesGrowthYoY" : 10.35,
    "grossProfitMargin" : 100.00,
    "grossProfit" : 1305.18,
    "operatingProfitMargin" : 84.48,
    "operatingProfit" : 1102.62,
    "netProfitMargin" : 47.70,
    "netProfit" : 622.57
  }, {
    "date" : "2021-03-31",
    "sales" : 1192.29,
    "salesGrowthYoY" : 0.61,
    "grossProfitMargin" : 100.00,
    "grossProfit" : 1192.29,
    "operatingProfitMargin" : 68.04,
    "operatingProfit" : 811.23,
    "netProfitMargin" : 27.10,
    "netProfit" : 323.11
  }, {
    "date" : "2021-06-30",
    "sales" : 1210.82,
    "salesGrowthYoY" : 51.79,
    "grossProfitMargin" : 100.00,
    "grossProfit" : 1210.82,
    "operatingProfitMargin" : 38.37,
    "operatingProfit" : 464.59,
    "netProfitMargin" : 15.56,
    "netProfit" : 188.40
  }, {
    "date" : "2021-09-30",
    "sales" : 976.43,
    "salesGrowthYoY" : -9.75,
    "grossProfitMargin" : 100.00,
    "grossProfit" : 976.43,
    "operatingProfitMargin" : 66.05,
    "operatingProfit" : 644.93,
    "netProfitMargin" : 37.04,
    "netProfit" : 361.67
  }, {
    "date" : "2021-12-31",
    "sales" : 1078.51,
    "salesGrowthYoY" : -17.37,
    "grossProfitMargin" : 100.00,
    "grossProfit" : 1078.51,
    "operatingProfitMargin" : 64.97,
    "operatingProfit" : 700.71,
    "netProfitMargin" : 44.82,
    "netProfit" : 483.39
  }, {
    "date" : "2022-03-31",
    "sales" : 1057.78,
    "salesGrowthYoY" : -11.28,
    "grossProfitMargin" : 100.00,
    "grossProfit" : 1057.78,
    "operatingProfitMargin" : 11.35,
    "operatingProfit" : 120.06,
    "netProfitMargin" : -12.68,
    "netProfit" : -134.13
  }, {
    "date" : "2022-06-30",
    "sales" : 1254.51,
    "salesGrowthYoY" : 3.61,
    "grossProfitMargin" : 100.00,
    "grossProfit" : 1254.51,
    "operatingProfitMargin" : -30.89,
    "operatingProfit" : -387.52,
    "netProfitMargin" : -30.65,
    "netProfit" : -384.51
  }, {
    "date" : "2022-09-30",
    "sales" : 1220.58,
    "salesGrowthYoY" : 25.00,
    "grossProfitMargin" : 100.00,
    "grossProfit" : 1220.58,
    "operatingProfitMargin" : -14.63,
    "operatingProfit" : -178.57,
    "netProfitMargin" : -24.43,
    "netProfit" : -298.19
  }, {
    "date" : "2022-12-31",
    "sales" : 1378.24,
    "salesGrowthYoY" : 27.79,
    "grossProfitMargin" : 100.00,
    "grossProfit" : 1378.24,
    "operatingProfitMargin" : 28.86,
    "operatingProfit" : 397.76,
    "netProfitMargin" : 0.83,
    "netProfit" : 11.44
  }, {
    "date" : "2023-03-31",
    "sales" : 1383.82,
    "salesGrowthYoY" : 30.82,
    "grossProfitMargin" : 100.00,
    "grossProfit" : 1383.82,
    "operatingProfitMargin" : 71.74,
    "operatingProfit" : 992.75,
    "netProfitMargin" : 125.19,
    "netProfit" : 1732.40
  }, {
    "date" : "2023-06-30",
    "sales" : 1426.61,
    "salesGrowthYoY" : 13.72,
    "grossProfitMargin" : 100.00,
    "grossProfit" : 1426.61,
    "operatingProfitMargin" : 68.41,
    "operatingProfit" : 975.94,
    "netProfitMargin" : 27.63,
    "netProfit" : 394.17
  }, {
    "date" : "2023-09-30",
    "sales" : 1529.79,
    "salesGrowthYoY" : 25.33,
    "grossProfitMargin" : 100.00,
    "grossProfit" : 1529.79,
    "operatingProfitMargin" : 44.55,
    "operatingProfit" : 681.52,
    "netProfitMargin" : 12.80,
    "netProfit" : 195.81
  }, {
    "date" : "2023-12-31",
    "sales" : 1886.67,
    "salesGrowthYoY" : 36.89,
    "grossProfitMargin" : 100.00,
    "grossProfit" : 1886.67,
    "operatingProfitMargin" : 62.75,
    "operatingProfit" : 1183.89,
    "netProfitMargin" : 27.85,
    "netProfit" : 525.44
  }, {
    "date" : "2024-03-31",
    "sales" : 1963.59,
    "salesGrowthYoY" : 41.90,
    "grossProfitMargin" : 100.00,
    "grossProfit" : 1963.59,
    "operatingProfitMargin" : 57.64,
    "operatingProfit" : 1131.81,
    "netProfitMargin" : 31.72,
    "netProfit" : 622.85
  }, {
    "date" : "2024-06-30",
    "sales" : 1890.43,
    "salesGrowthYoY" : 32.51,
    "grossProfitMargin" : 100.00,
    "grossProfit" : 1890.43,
    "operatingProfitMargin" : 56.51,
    "operatingProfit" : 1068.28,
    "netProfitMargin" : 41.05,
    "netProfit" : 776.02
  }, {
    "date" : "2024-09-30",
    "sales" : 1802.57,
    "salesGrowthYoY" : 17.83,
    "grossProfitMargin" : 100.00,
    "grossProfit" : 1802.57,
    "operatingProfitMargin" : 70.26,
    "operatingProfit" : 1266.49,
    "netProfitMargin" : 31.74,
    "netProfit" : 572.14
  }, {
    "date" : "2024-12-31",
    "sales" : 2182.08,
    "salesGrowthYoY" : 15.66,
    "grossProfitMargin" : 100.00,
    "grossProfit" : 2182.08,
    "operatingProfitMargin" : 49.96,
    "operatingProfit" : 1090.17,
    "netProfitMargin" : 18.74,
    "netProfit" : 408.92
  }, {
    "date" : "2025-03-31",
    "sales" : 2129.80,
    "salesGrowthYoY" : 8.46,
    "grossProfitMargin" : 100.00,
    "grossProfit" : 2129.80,
    "operatingProfitMargin" : 68.79,
    "operatingProfit" : 1465.09,
    "netProfitMargin" : 32.87,
    "netProfit" : 700.07
  }, {
    "date" : "2025-06-30",
    "sales" : 1838.85,
    "salesGrowthYoY" : -2.73,
    "grossProfitMargin" : 100.00,
    "grossProfit" : 1838.85,
    "operatingProfitMargin" : 66.86,
    "operatingProfit" : 1229.46,
    "netProfitMargin" : 27.46,
    "netProfit" : 504.95
  }, {
    "date" : "2025-09-30",
    "sales" : 2057.84,
    "salesGrowthYoY" : 14.16,
    "grossProfitMargin" : 100.00,
    "grossProfit" : 2057.84,
    "operatingProfitMargin" : 73.65,
    "operatingProfit" : 1515.60,
    "netProfitMargin" : 21.84,
    "netProfit" : 449.43
  } ],
  "latestQuarterlyResult" : {
    "date" : "2025-09-30",
    "sales" : 2057.84,
    "salesGrowthYoY" : 14.16,
    "grossProfitMargin" : 100.00,
    "grossProfit" : 2057.84,
    "operatingProfitMargin" : 73.65,
    "operatingProfit" : 1515.60,
    "netProfitMargin" : 21.84,
    "netProfit" : 449.43
  },
  "companyScore" : {
    "priceHigherThanDma50" : 5.00,
    "priceHigherThanDma100" : 5.00,
    "priceHigherThanDma200" : 5.00,
    "dma50HigherThanDma100" : 5.00,
    "dma50HigherThanDma200" : 5.00,
    "dma100HigherThanDma200" : 5.00,
    "pricePercentageAboveDma50" : 4.74,
    "pricePercentageAboveDma100" : 4.59,
    "pricePercentageAboveDma200" : 4.44,
    "weeklyVolumeHigherThanYearlyVolume" : 0.00,
    "salesGrowthPercentile" : 9.71,
    "operatingProfitMarginPercentile" : 17.03,
    "netProfitMarginPercentile" : 3.37,
    "totalTechnicalScore" : 43.77,
    "totalFundamentalScore" : 30.11,
    "totalScore" : 73.88
  }
}