{
  "metadata" : {
    "screenerCompanyId" : "62",
    "companyCode" : "ADFFOODS",
    "companyName" : "ADF Foods",
    "screenerCompanyLink" : "https://www.screener.in/company/ADFFOODS",
    "screenerTechnicalHistoryLink" : "https://www.screener.in/api/company/62/chart/?q=Price-DMA50-DMA200-Volume&days=365",
    "screenerQuarterlyResultsLink" : "https://www.screener.in/api/company/62/chart/?q=GPM-OPM-NPM-Quarter+Sales&days=10000",
    "attributes" : {
      "companyCode" : "ADFFOODS",
      "companyName" : "ADF Foods",
      "marketCap" : 2294.00,
      "peRatio" : 25.90,
      "description" : "ADF specializes in the production and export of a variety of traditional Indian food products, including pickles, chutneys, pastes, sauces, ready-to-eat meals, frozen, and canned foods. Its market spans Europe, the US, Australia, and the Gulf. Additionally, ADF Foods UK Limited and ADF Holding USA Limited operate as agents distributing FMCG products in the USA and UK respectively."
    },
    "companyScore" : {
      "priceHigherThanDma50" : 0.00,
      "priceHigherThanDma100" : 0.00,
      "priceHigherThanDma200" : 0.00,
      "dma50HigherThanDma100" : 0.00,
      "dma50HigherThanDma200" : 0.00,
      "dma100HigherThanDma200" : 0.00,
      "pricePercentageAboveDma50" : 5.20,
      "pricePercentageAboveDma100" : 5.45,
      "pricePercentageAboveDma200" : 5.57,
      "weeklyVolumeHigherThanYearlyVolume" : 0.00,
      "salesGrowthPercentile" : 10.89,
      "operatingProfitMarginPercentile" : 19.76,
      "netProfitMarginPercentile" : 9.88,
      "totalTechnicalScore" : 16.23,
      "totalFundamentalScore" : 40.52,
      "totalScore" : 56.75
    }
  },
  "attributes" : {
    "companyCode" : "ADFFOODS",
    "companyName" : "ADF Foods",
    "marketCap" : 2294.00,
    "peRatio" : 25.90,
    "description" : "ADF specializes in the production and export of a variety of traditional Indian food products, including pickles, chutneys, pastes, sauces, ready-to-eat meals, frozen, and canned foods. Its market spans Europe, the US, Australia, and the Gulf. Additionally, ADF Foods UK Limited and ADF Holding USA Limited operate as agents distributing FMCG products in the USA and UK respectively."
  },
  "technicalHistory" : [ {
    "date" : "2024-11-28",
    "price" : 332.95,
    "dma50" : 290.08,
    "dma100" : null,
    "dma200" : 250.51,
    "volume" : 507828.00
  }, {
    "date" : "2024-11-29",
    "price" : 332.65,
    "dma50" : 291.75,
    "dma100" : null,
    "dma200" : 251.33,
    "volume" : 350186.00
  }, {
    "date" : "2024-12-02",
    "price" : 338.15,
    "dma50" : 293.57,
    "dma100" : null,
    "dma200" : 252.19,
    "volume" : 426819.00
  }, {
    "date" : "2024-12-03",
    "price" : 339.45,
    "dma50" : 295.37,
    "dma100" : null,
    "dma200" : 253.06,
    "volume" : 307882.00
  }, {
    "date" : "2024-12-04",
    "price" : 338.60,
    "dma50" : 297.06,
    "dma100" : null,
    "dma200" : 253.91,
    "volume" : 207991.00
  }, {
    "date" : "2024-12-05",
    "price" : 328.10,
    "dma50" : 298.28,
    "dma100" : null,
    "dma200" : 254.65,
    "volume" : 212025.00
  }, {
    "date" : "2024-12-06",
    "price" : 335.20,
    "dma50" : 299.73,
    "dma100" : null,
    "dma200" : 255.45,
    "volume" : 215423.00
  }, {
    "date" : "2024-12-09",
    "price" : 335.10,
    "dma50" : 301.11,
    "dma100" : null,
    "dma200" : 256.25,
    "volume" : 266944.00
  }, {
    "date" : "2024-12-10",
    "price" : 325.30,
    "dma50" : 302.06,
    "dma100" : null,
    "dma200" : 256.93,
    "volume" : 226916.00
  }, {
    "date" : "2024-12-11",
    "price" : 330.05,
    "dma50" : 303.16,
    "dma100" : null,
    "dma200" : 257.66,
    "volume" : 139307.00
  }, {
    "date" : "2024-12-12",
    "price" : 329.45,
    "dma50" : 304.19,
    "dma100" : null,
    "dma200" : 258.37,
    "volume" : 164094.00
  }, {
    "date" : "2024-12-13",
    "price" : 343.55,
    "dma50" : 305.73,
    "dma100" : null,
    "dma200" : 259.22,
    "volume" : 426317.00
  }, {
    "date" : "2024-12-16",
    "price" : 345.20,
    "dma50" : 307.28,
    "dma100" : null,
    "dma200" : 260.08,
    "volume" : 375376.00
  }, {
    "date" : "2024-12-17",
    "price" : 347.65,
    "dma50" : 308.86,
    "dma100" : null,
    "dma200" : 260.95,
    "volume" : 274056.00
  }, {
    "date" : "2024-12-18",
    "price" : 342.60,
    "dma50" : 310.19,
    "dma100" : null,
    "dma200" : 261.76,
    "volume" : 222319.00
  }, {
    "date" : "2024-12-19",
    "price" : 340.00,
    "dma50" : 311.36,
    "dma100" : null,
    "dma200" : 262.54,
    "volume" : 254546.00
  }, {
    "date" : "2024-12-20",
    "price" : 326.95,
    "dma50" : 311.97,
    "dma100" : null,
    "dma200" : 263.18,
    "volume" : 153475.00
  }, {
    "date" : "2024-12-23",
    "price" : 316.15,
    "dma50" : 312.13,
    "dma100" : null,
    "dma200" : 263.71,
    "volume" : 165276.00
  }, {
    "date" : "2024-12-24",
    "price" : 311.25,
    "dma50" : 312.10,
    "dma100" : null,
    "dma200" : 264.18,
    "volume" : 98138.00
  }, {
    "date" : "2024-12-26",
    "price" : 298.15,
    "dma50" : 311.55,
    "dma100" : null,
    "dma200" : 264.52,
    "volume" : 189304.00
  }, {
    "date" : "2024-12-27",
    "price" : 301.40,
    "dma50" : 311.15,
    "dma100" : null,
    "dma200" : 264.89,
    "volume" : 266599.00
  }, {
    "date" : "2024-12-30",
    "price" : 284.95,
    "dma50" : 310.13,
    "dma100" : null,
    "dma200" : 265.09,
    "volume" : 570095.00
  }, {
    "date" : "2024-12-31",
    "price" : 295.95,
    "dma50" : 309.57,
    "dma100" : null,
    "dma200" : 265.39,
    "volume" : 262114.00
  }, {
    "date" : "2025-01-01",
    "price" : 295.70,
    "dma50" : 309.03,
    "dma100" : null,
    "dma200" : 265.69,
    "volume" : 99610.00
  }, {
    "date" : "2025-01-02",
    "price" : 292.25,
    "dma50" : 308.37,
    "dma100" : null,
    "dma200" : 265.96,
    "volume" : 123643.00
  }, {
    "date" : "2025-01-03",
    "price" : 294.10,
    "dma50" : 307.81,
    "dma100" : null,
    "dma200" : 266.24,
    "volume" : 95345.00
  }, {
    "date" : "2025-01-06",
    "price" : 281.00,
    "dma50" : 306.76,
    "dma100" : null,
    "dma200" : 266.39,
    "volume" : 218119.00
  }, {
    "date" : "2025-01-07",
    "price" : 294.60,
    "dma50" : 306.28,
    "dma100" : null,
    "dma200" : 266.67,
    "volume" : 357889.00
  }, {
    "date" : "2025-01-08",
    "price" : 281.50,
    "dma50" : 305.31,
    "dma100" : null,
    "dma200" : 266.81,
    "volume" : 195430.00
  }, {
    "date" : "2025-01-09",
    "price" : 280.00,
    "dma50" : 304.32,
    "dma100" : null,
    "dma200" : 266.94,
    "volume" : 189538.00
  }, {
    "date" : "2025-01-10",
    "price" : 276.65,
    "dma50" : 303.23,
    "dma100" : null,
    "dma200" : 267.04,
    "volume" : 236443.00
  }, {
    "date" : "2025-01-13",
    "price" : 263.45,
    "dma50" : 301.67,
    "dma100" : null,
    "dma200" : 267.01,
    "volume" : 170277.00
  }, {
    "date" : "2025-01-14",
    "price" : 270.35,
    "dma50" : 300.44,
    "dma100" : null,
    "dma200" : 267.04,
    "volume" : 86639.00
  }, {
    "date" : "2025-01-15",
    "price" : 270.10,
    "dma50" : 299.25,
    "dma100" : null,
    "dma200" : 267.07,
    "volume" : 99648.00
  }, {
    "date" : "2025-01-16",
    "price" : 270.75,
    "dma50" : 298.13,
    "dma100" : null,
    "dma200" : 267.11,
    "volume" : 218527.00
  }, {
    "date" : "2025-01-17",
    "price" : 270.45,
    "dma50" : 297.05,
    "dma100" : null,
    "dma200" : 267.14,
    "volume" : 120567.00
  }, {
    "date" : "2025-01-20",
    "price" : 272.35,
    "dma50" : 296.08,
    "dma100" : null,
    "dma200" : 267.19,
    "volume" : 88321.00
  }, {
    "date" : "2025-01-21",
    "price" : 263.25,
    "dma50" : 294.79,
    "dma100" : null,
    "dma200" : 267.15,
    "volume" : 177093.00
  }, {
    "date" : "2025-01-22",
    "price" : 270.15,
    "dma50" : 293.83,
    "dma100" : null,
    "dma200" : 267.18,
    "volume" : 254258.00
  }, {
    "date" : "2025-01-23",
    "price" : 277.95,
    "dma50" : 293.20,
    "dma100" : null,
    "dma200" : 267.29,
    "volume" : 175404.00
  }, {
    "date" : "2025-01-24",
    "price" : 259.35,
    "dma50" : 291.88,
    "dma100" : null,
    "dma200" : 267.21,
    "volume" : 193385.00
  }, {
    "date" : "2025-01-27",
    "price" : 252.55,
    "dma50" : 290.33,
    "dma100" : null,
    "dma200" : 267.06,
    "volume" : 205688.00
  }, {
    "date" : "2025-01-28",
    "price" : 251.80,
    "dma50" : 288.82,
    "dma100" : null,
    "dma200" : 266.91,
    "volume" : 161750.00
  }, {
    "date" : "2025-01-29",
    "price" : 265.25,
    "dma50" : 287.90,
    "dma100" : null,
    "dma200" : 266.90,
    "volume" : 115567.00
  }, {
    "date" : "2025-01-30",
    "price" : 264.95,
    "dma50" : 287.00,
    "dma100" : null,
    "dma200" : 266.88,
    "volume" : 380896.00
  }, {
    "date" : "2025-01-31",
    "price" : 270.50,
    "dma50" : 286.35,
    "dma100" : null,
    "dma200" : 266.91,
    "volume" : 82813.00
  }, {
    "date" : "2025-02-01",
    "price" : 280.10,
    "dma50" : 286.11,
    "dma100" : null,
    "dma200" : 267.04,
    "volume" : 208615.00
  }, {
    "date" : "2025-02-03",
    "price" : 269.25,
    "dma50" : 285.45,
    "dma100" : null,
    "dma200" : 267.07,
    "volume" : 108577.00
  }, {
    "date" : "2025-02-04",
    "price" : 272.10,
    "dma50" : 284.92,
    "dma100" : null,
    "dma200" : 267.12,
    "volume" : 41548.00
  }, {
    "date" : "2025-02-05",
    "price" : 272.90,
    "dma50" : 284.45,
    "dma100" : null,
    "dma200" : 267.17,
    "volume" : 72175.00
  }, {
    "date" : "2025-02-06",
    "price" : 270.70,
    "dma50" : 283.91,
    "dma100" : null,
    "dma200" : 267.21,
    "volume" : 81467.00
  }, {
    "date" : "2025-02-07",
    "price" : 267.00,
    "dma50" : 283.25,
    "dma100" : null,
    "dma200" : 267.21,
    "volume" : 57272.00
  }, {
    "date" : "2025-02-10",
    "price" : 259.00,
    "dma50" : 282.30,
    "dma100" : null,
    "dma200" : 267.12,
    "volume" : 62076.00
  }, {
    "date" : "2025-02-11",
    "price" : 248.95,
    "dma50" : 280.99,
    "dma100" : null,
    "dma200" : 266.94,
    "volume" : 81918.00
  }, {
    "date" : "2025-02-12",
    "price" : 252.05,
    "dma50" : 279.85,
    "dma100" : null,
    "dma200" : 266.80,
    "volume" : 139683.00
  }, {
    "date" : "2025-02-13",
    "price" : 251.15,
    "dma50" : 278.73,
    "dma100" : null,
    "dma200" : 266.64,
    "volume" : 80847.00
  }, {
    "date" : "2025-02-14",
    "price" : 230.75,
    "dma50" : 276.85,
    "dma100" : null,
    "dma200" : 266.28,
    "volume" : 215236.00
  }, {
    "date" : "2025-02-17",
    "price" : 231.30,
    "dma50" : 275.06,
    "dma100" : null,
    "dma200" : 265.93,
    "volume" : 212377.00
  }, {
    "date" : "2025-02-18",
    "price" : 220.80,
    "dma50" : 272.93,
    "dma100" : null,
    "dma200" : 265.49,
    "volume" : 145465.00
  }, {
    "date" : "2025-02-19",
    "price" : 240.05,
    "dma50" : 271.64,
    "dma100" : null,
    "dma200" : 265.23,
    "volume" : 1123578.00
  }, {
    "date" : "2025-02-20",
    "price" : 239.75,
    "dma50" : 270.39,
    "dma100" : null,
    "dma200" : 264.98,
    "volume" : 117429.00
  }, {
    "date" : "2025-02-21",
    "price" : 240.40,
    "dma50" : 269.22,
    "dma100" : null,
    "dma200" : 264.73,
    "volume" : 116162.00
  }, {
    "date" : "2025-02-24",
    "price" : 240.00,
    "dma50" : 268.07,
    "dma100" : null,
    "dma200" : 264.49,
    "volume" : 91760.00
  }, {
    "date" : "2025-02-25",
    "price" : 239.00,
    "dma50" : 266.93,
    "dma100" : null,
    "dma200" : 264.23,
    "volume" : 85509.00
  }, {
    "date" : "2025-02-27",
    "price" : 233.75,
    "dma50" : 265.63,
    "dma100" : null,
    "dma200" : 263.93,
    "volume" : 70426.00
  }, {
    "date" : "2025-02-28",
    "price" : 235.25,
    "dma50" : 264.44,
    "dma100" : null,
    "dma200" : 263.65,
    "volume" : 153027.00
  }, {
    "date" : "2025-03-03",
    "price" : 233.21,
    "dma50" : 263.21,
    "dma100" : null,
    "dma200" : 263.34,
    "volume" : 202015.00
  }, {
    "date" : "2025-03-04",
    "price" : 241.75,
    "dma50" : 262.37,
    "dma100" : null,
    "dma200" : 263.13,
    "volume" : 188503.00
  }, {
    "date" : "2025-03-05",
    "price" : 238.38,
    "dma50" : 261.43,
    "dma100" : null,
    "dma200" : 262.88,
    "volume" : 128013.00
  }, {
    "date" : "2025-03-06",
    "price" : 242.17,
    "dma50" : 260.68,
    "dma100" : null,
    "dma200" : 262.68,
    "volume" : 57939.00
  }, {
    "date" : "2025-03-07",
    "price" : 237.95,
    "dma50" : 259.78,
    "dma100" : null,
    "dma200" : 262.43,
    "volume" : 68061.00
  }, {
    "date" : "2025-03-10",
    "price" : 230.33,
    "dma50" : 258.63,
    "dma100" : null,
    "dma200" : 262.11,
    "volume" : 88234.00
  }, {
    "date" : "2025-03-11",
    "price" : 238.88,
    "dma50" : 257.86,
    "dma100" : null,
    "dma200" : 261.88,
    "volume" : 152319.00
  }, {
    "date" : "2025-03-12",
    "price" : 240.25,
    "dma50" : 257.16,
    "dma100" : null,
    "dma200" : 261.66,
    "volume" : 77169.00
  }, {
    "date" : "2025-03-13",
    "price" : 230.36,
    "dma50" : 256.11,
    "dma100" : null,
    "dma200" : 261.35,
    "volume" : 112620.00
  }, {
    "date" : "2025-03-17",
    "price" : 226.90,
    "dma50" : 254.97,
    "dma100" : null,
    "dma200" : 261.01,
    "volume" : 135903.00
  }, {
    "date" : "2025-03-18",
    "price" : 232.81,
    "dma50" : 254.10,
    "dma100" : null,
    "dma200" : 260.73,
    "volume" : 89637.00
  }, {
    "date" : "2025-03-19",
    "price" : 240.24,
    "dma50" : 253.56,
    "dma100" : null,
    "dma200" : 260.53,
    "volume" : 203427.00
  }, {
    "date" : "2025-03-20",
    "price" : 243.71,
    "dma50" : 253.17,
    "dma100" : null,
    "dma200" : 260.36,
    "volume" : 118950.00
  }, {
    "date" : "2025-03-21",
    "price" : 244.67,
    "dma50" : 252.84,
    "dma100" : null,
    "dma200" : 260.20,
    "volume" : 66725.00
  }, {
    "date" : "2025-03-24",
    "price" : 255.97,
    "dma50" : 252.96,
    "dma100" : null,
    "dma200" : 260.16,
    "volume" : 160394.00
  }, {
    "date" : "2025-03-25",
    "price" : 246.71,
    "dma50" : 252.71,
    "dma100" : null,
    "dma200" : 260.03,
    "volume" : 187308.00
  }, {
    "date" : "2025-03-26",
    "price" : 232.68,
    "dma50" : 251.93,
    "dma100" : null,
    "dma200" : 259.75,
    "volume" : 188615.00
  }, {
    "date" : "2025-03-27",
    "price" : 236.78,
    "dma50" : 251.33,
    "dma100" : null,
    "dma200" : 259.53,
    "volume" : 232056.00
  }, {
    "date" : "2025-03-28",
    "price" : 235.38,
    "dma50" : 250.71,
    "dma100" : null,
    "dma200" : 259.28,
    "volume" : 158677.00
  }, {
    "date" : "2025-04-01",
    "price" : 243.21,
    "dma50" : 250.41,
    "dma100" : null,
    "dma200" : 259.13,
    "volume" : 82438.00
  }, {
    "date" : "2025-04-02",
    "price" : 244.74,
    "dma50" : 250.19,
    "dma100" : null,
    "dma200" : 258.98,
    "volume" : 90323.00
  }, {
    "date" : "2025-04-03",
    "price" : 248.37,
    "dma50" : 250.12,
    "dma100" : null,
    "dma200" : 258.88,
    "volume" : 67857.00
  }, {
    "date" : "2025-04-04",
    "price" : 232.70,
    "dma50" : 249.44,
    "dma100" : null,
    "dma200" : 258.62,
    "volume" : 146067.00
  }, {
    "date" : "2025-04-07",
    "price" : 215.22,
    "dma50" : 248.10,
    "dma100" : null,
    "dma200" : 258.18,
    "volume" : 273944.00
  }, {
    "date" : "2025-04-08",
    "price" : 225.98,
    "dma50" : 247.23,
    "dma100" : null,
    "dma200" : 257.86,
    "volume" : 81743.00
  }, {
    "date" : "2025-04-09",
    "price" : 218.77,
    "dma50" : 246.11,
    "dma100" : null,
    "dma200" : 257.47,
    "volume" : 65035.00
  }, {
    "date" : "2025-04-11",
    "price" : 225.39,
    "dma50" : 245.30,
    "dma100" : null,
    "dma200" : 257.16,
    "volume" : 68047.00
  }, {
    "date" : "2025-04-15",
    "price" : 231.98,
    "dma50" : 244.78,
    "dma100" : null,
    "dma200" : 256.90,
    "volume" : 62803.00
  }, {
    "date" : "2025-04-16",
    "price" : 244.73,
    "dma50" : 244.78,
    "dma100" : null,
    "dma200" : 256.78,
    "volume" : 389107.00
  }, {
    "date" : "2025-04-17",
    "price" : 239.99,
    "dma50" : 244.59,
    "dma100" : null,
    "dma200" : 256.62,
    "volume" : 128540.00
  }, {
    "date" : "2025-04-21",
    "price" : 229.62,
    "dma50" : 244.00,
    "dma100" : null,
    "dma200" : 256.35,
    "volume" : 465011.00
  }, {
    "date" : "2025-04-22",
    "price" : 231.87,
    "dma50" : 243.53,
    "dma100" : null,
    "dma200" : 256.10,
    "volume" : 206149.00
  }, {
    "date" : "2025-04-23",
    "price" : 231.97,
    "dma50" : 243.07,
    "dma100" : null,
    "dma200" : 255.86,
    "volume" : 99802.00
  }, {
    "date" : "2025-04-24",
    "price" : 234.15,
    "dma50" : 242.72,
    "dma100" : null,
    "dma200" : 255.65,
    "volume" : 108539.00
  }, {
    "date" : "2025-04-25",
    "price" : 222.30,
    "dma50" : 241.92,
    "dma100" : 267.19,
    "dma200" : 255.32,
    "volume" : 273138.00
  }, {
    "date" : "2025-04-28",
    "price" : 226.11,
    "dma50" : 241.30,
    "dma100" : 266.13,
    "dma200" : 255.03,
    "volume" : 93950.00
  }, {
    "date" : "2025-04-29",
    "price" : 226.51,
    "dma50" : 240.72,
    "dma100" : 265.01,
    "dma200" : 254.74,
    "volume" : 89220.00
  }, {
    "date" : "2025-04-30",
    "price" : 222.12,
    "dma50" : 239.99,
    "dma100" : 263.84,
    "dma200" : 254.42,
    "volume" : 98775.00
  }, {
    "date" : "2025-05-02",
    "price" : 221.75,
    "dma50" : 239.28,
    "dma100" : 262.67,
    "dma200" : 254.09,
    "volume" : 65803.00
  }, {
    "date" : "2025-05-05",
    "price" : 225.35,
    "dma50" : 238.73,
    "dma100" : 261.64,
    "dma200" : 253.81,
    "volume" : 50848.00
  }, {
    "date" : "2025-05-06",
    "price" : 220.15,
    "dma50" : 238.00,
    "dma100" : 260.49,
    "dma200" : 253.47,
    "volume" : 71113.00
  }, {
    "date" : "2025-05-07",
    "price" : 217.40,
    "dma50" : 237.19,
    "dma100" : 259.31,
    "dma200" : 253.11,
    "volume" : 117606.00
  }, {
    "date" : "2025-05-08",
    "price" : 219.05,
    "dma50" : 236.48,
    "dma100" : 258.25,
    "dma200" : 252.77,
    "volume" : 59881.00
  }, {
    "date" : "2025-05-09",
    "price" : 215.62,
    "dma50" : 235.66,
    "dma100" : 257.11,
    "dma200" : 252.40,
    "volume" : 62545.00
  }, {
    "date" : "2025-05-12",
    "price" : 226.00,
    "dma50" : 235.29,
    "dma100" : 256.07,
    "dma200" : 252.14,
    "volume" : 90486.00
  }, {
    "date" : "2025-05-13",
    "price" : 231.59,
    "dma50" : 235.14,
    "dma100" : 254.95,
    "dma200" : 251.94,
    "volume" : 87956.00
  }, {
    "date" : "2025-05-14",
    "price" : 233.29,
    "dma50" : 235.07,
    "dma100" : 253.83,
    "dma200" : 251.75,
    "volume" : 166608.00
  }, {
    "date" : "2025-05-15",
    "price" : 223.85,
    "dma50" : 234.63,
    "dma100" : 252.60,
    "dma200" : 251.47,
    "volume" : 330725.00
  }, {
    "date" : "2025-05-16",
    "price" : 237.28,
    "dma50" : 234.73,
    "dma100" : 251.54,
    "dma200" : 251.33,
    "volume" : 484507.00
  }, {
    "date" : "2025-05-19",
    "price" : 231.88,
    "dma50" : 234.62,
    "dma100" : 250.46,
    "dma200" : 251.14,
    "volume" : 195318.00
  }, {
    "date" : "2025-05-20",
    "price" : 227.69,
    "dma50" : 234.35,
    "dma100" : 249.47,
    "dma200" : 250.91,
    "volume" : 100492.00
  }, {
    "date" : "2025-05-21",
    "price" : 227.91,
    "dma50" : 234.10,
    "dma100" : 248.59,
    "dma200" : 250.68,
    "volume" : 550551.00
  }, {
    "date" : "2025-05-22",
    "price" : 231.71,
    "dma50" : 234.00,
    "dma100" : 247.79,
    "dma200" : 250.49,
    "volume" : 129860.00
  }, {
    "date" : "2025-05-23",
    "price" : 230.98,
    "dma50" : 233.88,
    "dma100" : 247.12,
    "dma200" : 250.29,
    "volume" : 109966.00
  }, {
    "date" : "2025-05-26",
    "price" : 229.83,
    "dma50" : 233.72,
    "dma100" : 246.40,
    "dma200" : 250.09,
    "volume" : 62931.00
  }, {
    "date" : "2025-05-27",
    "price" : 231.32,
    "dma50" : 233.63,
    "dma100" : 245.87,
    "dma200" : 249.90,
    "volume" : 72405.00
  }, {
    "date" : "2025-05-28",
    "price" : 231.74,
    "dma50" : 233.56,
    "dma100" : 245.22,
    "dma200" : 249.72,
    "volume" : 1840850.00
  }, {
    "date" : "2025-05-29",
    "price" : 233.79,
    "dma50" : 233.57,
    "dma100" : 244.61,
    "dma200" : 249.56,
    "volume" : 134945.00
  }, {
    "date" : "2025-05-30",
    "price" : 235.99,
    "dma50" : 233.66,
    "dma100" : 244.04,
    "dma200" : 249.43,
    "volume" : 118195.00
  }, {
    "date" : "2025-06-02",
    "price" : 260.84,
    "dma50" : 234.73,
    "dma100" : 243.71,
    "dma200" : 249.54,
    "volume" : 1647187.00
  }, {
    "date" : "2025-06-03",
    "price" : 272.56,
    "dma50" : 236.21,
    "dma100" : 243.63,
    "dma200" : 249.77,
    "volume" : 747774.00
  }, {
    "date" : "2025-06-04",
    "price" : 265.68,
    "dma50" : 237.37,
    "dma100" : 243.34,
    "dma200" : 249.93,
    "volume" : 233718.00
  }, {
    "date" : "2025-06-05",
    "price" : 262.53,
    "dma50" : 238.35,
    "dma100" : 243.15,
    "dma200" : 250.06,
    "volume" : 120301.00
  }, {
    "date" : "2025-06-06",
    "price" : 257.48,
    "dma50" : 239.10,
    "dma100" : 242.92,
    "dma200" : 250.13,
    "volume" : 166283.00
  }, {
    "date" : "2025-06-09",
    "price" : 274.40,
    "dma50" : 240.49,
    "dma100" : 242.90,
    "dma200" : 250.37,
    "volume" : 793012.00
  }, {
    "date" : "2025-06-10",
    "price" : 272.43,
    "dma50" : 241.74,
    "dma100" : 242.99,
    "dma200" : 250.59,
    "volume" : 135363.00
  }, {
    "date" : "2025-06-11",
    "price" : 297.79,
    "dma50" : 243.94,
    "dma100" : 243.26,
    "dma200" : 251.06,
    "volume" : 1669664.00
  }, {
    "date" : "2025-06-12",
    "price" : 283.52,
    "dma50" : 245.49,
    "dma100" : 243.40,
    "dma200" : 251.38,
    "volume" : 232771.00
  }, {
    "date" : "2025-06-13",
    "price" : 277.81,
    "dma50" : 246.76,
    "dma100" : 243.47,
    "dma200" : 251.65,
    "volume" : 155683.00
  }, {
    "date" : "2025-06-16",
    "price" : 274.18,
    "dma50" : 247.83,
    "dma100" : 243.51,
    "dma200" : 251.87,
    "volume" : 113714.00
  }, {
    "date" : "2025-06-17",
    "price" : 289.32,
    "dma50" : 249.46,
    "dma100" : 243.68,
    "dma200" : 252.24,
    "volume" : 608031.00
  }, {
    "date" : "2025-06-18",
    "price" : 287.91,
    "dma50" : 250.97,
    "dma100" : 243.92,
    "dma200" : 252.60,
    "volume" : 180662.00
  }, {
    "date" : "2025-06-19",
    "price" : 277.07,
    "dma50" : 251.99,
    "dma100" : 243.99,
    "dma200" : 252.84,
    "volume" : 170318.00
  }, {
    "date" : "2025-06-20",
    "price" : 272.76,
    "dma50" : 252.81,
    "dma100" : 243.94,
    "dma200" : 253.04,
    "volume" : 157556.00
  }, {
    "date" : "2025-06-23",
    "price" : 275.34,
    "dma50" : 253.69,
    "dma100" : 244.10,
    "dma200" : 253.26,
    "volume" : 124040.00
  }, {
    "date" : "2025-06-24",
    "price" : 282.94,
    "dma50" : 254.84,
    "dma100" : 244.40,
    "dma200" : 253.56,
    "volume" : 149813.00
  }, {
    "date" : "2025-06-25",
    "price" : 281.52,
    "dma50" : 255.88,
    "dma100" : 244.70,
    "dma200" : 253.83,
    "volume" : 63171.00
  }, {
    "date" : "2025-06-26",
    "price" : 279.86,
    "dma50" : 256.82,
    "dma100" : 244.85,
    "dma200" : 254.09,
    "volume" : 46968.00
  }, {
    "date" : "2025-06-27",
    "price" : 276.17,
    "dma50" : 257.58,
    "dma100" : 244.96,
    "dma200" : 254.31,
    "volume" : 164767.00
  }, {
    "date" : "2025-06-30",
    "price" : 272.27,
    "dma50" : 258.16,
    "dma100" : 244.98,
    "dma200" : 254.49,
    "volume" : 120577.00
  }, {
    "date" : "2025-07-01",
    "price" : 270.50,
    "dma50" : 258.64,
    "dma100" : 244.88,
    "dma200" : 254.65,
    "volume" : 91735.00
  }, {
    "date" : "2025-07-02",
    "price" : 263.55,
    "dma50" : 258.83,
    "dma100" : 244.82,
    "dma200" : 254.74,
    "volume" : 162304.00
  }, {
    "date" : "2025-07-03",
    "price" : 266.40,
    "dma50" : 259.13,
    "dma100" : 244.77,
    "dma200" : 254.86,
    "volume" : 68409.00
  }, {
    "date" : "2025-07-04",
    "price" : 267.60,
    "dma50" : 259.46,
    "dma100" : 244.71,
    "dma200" : 254.98,
    "volume" : 53505.00
  }, {
    "date" : "2025-07-07",
    "price" : 266.75,
    "dma50" : 259.75,
    "dma100" : 244.67,
    "dma200" : 255.10,
    "volume" : 35499.00
  }, {
    "date" : "2025-07-08",
    "price" : 265.20,
    "dma50" : 259.96,
    "dma100" : 244.66,
    "dma200" : 255.20,
    "volume" : 56447.00
  }, {
    "date" : "2025-07-09",
    "price" : 263.50,
    "dma50" : 260.10,
    "dma100" : 244.70,
    "dma200" : 255.28,
    "volume" : 37716.00
  }, {
    "date" : "2025-07-10",
    "price" : 266.05,
    "dma50" : 260.33,
    "dma100" : 244.87,
    "dma200" : 255.39,
    "volume" : 62733.00
  }, {
    "date" : "2025-07-11",
    "price" : 264.15,
    "dma50" : 260.48,
    "dma100" : 244.99,
    "dma200" : 255.48,
    "volume" : 36940.00
  }, {
    "date" : "2025-07-14",
    "price" : 258.40,
    "dma50" : 260.40,
    "dma100" : 245.07,
    "dma200" : 255.51,
    "volume" : 69626.00
  }, {
    "date" : "2025-07-15",
    "price" : 265.30,
    "dma50" : 260.59,
    "dma100" : 245.41,
    "dma200" : 255.60,
    "volume" : 91042.00
  }, {
    "date" : "2025-07-16",
    "price" : 277.50,
    "dma50" : 261.26,
    "dma100" : 245.87,
    "dma200" : 255.82,
    "volume" : 337268.00
  }, {
    "date" : "2025-07-17",
    "price" : 281.65,
    "dma50" : 262.06,
    "dma100" : 246.48,
    "dma200" : 256.08,
    "volume" : 397958.00
  }, {
    "date" : "2025-07-18",
    "price" : 273.10,
    "dma50" : 262.49,
    "dma100" : 246.81,
    "dma200" : 256.25,
    "volume" : 91791.00
  }, {
    "date" : "2025-07-21",
    "price" : 269.65,
    "dma50" : 262.77,
    "dma100" : 247.11,
    "dma200" : 256.38,
    "volume" : 57075.00
  }, {
    "date" : "2025-07-22",
    "price" : 270.30,
    "dma50" : 263.07,
    "dma100" : 247.41,
    "dma200" : 256.52,
    "volume" : 235400.00
  }, {
    "date" : "2025-07-23",
    "price" : 273.70,
    "dma50" : 263.48,
    "dma100" : 247.75,
    "dma200" : 256.69,
    "volume" : 56838.00
  }, {
    "date" : "2025-07-24",
    "price" : 269.60,
    "dma50" : 263.72,
    "dma100" : 248.05,
    "dma200" : 256.82,
    "volume" : 77499.00
  }, {
    "date" : "2025-07-25",
    "price" : 269.35,
    "dma50" : 263.94,
    "dma100" : 248.41,
    "dma200" : 256.94,
    "volume" : 116301.00
  }, {
    "date" : "2025-07-28",
    "price" : 262.65,
    "dma50" : 263.89,
    "dma100" : 248.68,
    "dma200" : 257.00,
    "volume" : 51807.00
  }, {
    "date" : "2025-07-29",
    "price" : 264.85,
    "dma50" : 263.93,
    "dma100" : 249.00,
    "dma200" : 257.08,
    "volume" : 53680.00
  }, {
    "date" : "2025-07-30",
    "price" : 261.05,
    "dma50" : 263.82,
    "dma100" : 249.19,
    "dma200" : 257.12,
    "volume" : 53990.00
  }, {
    "date" : "2025-07-31",
    "price" : 245.60,
    "dma50" : 263.10,
    "dma100" : 249.26,
    "dma200" : 257.00,
    "volume" : 203592.00
  }, {
    "date" : "2025-08-01",
    "price" : 234.99,
    "dma50" : 262.00,
    "dma100" : 249.19,
    "dma200" : 256.78,
    "volume" : 140337.00
  }, {
    "date" : "2025-08-04",
    "price" : 245.06,
    "dma50" : 261.34,
    "dma100" : 249.26,
    "dma200" : 256.67,
    "volume" : 154659.00
  }, {
    "date" : "2025-08-05",
    "price" : 231.82,
    "dma50" : 260.18,
    "dma100" : 249.28,
    "dma200" : 256.42,
    "volume" : 237602.00
  }, {
    "date" : "2025-08-06",
    "price" : 227.89,
    "dma50" : 258.91,
    "dma100" : 249.17,
    "dma200" : 256.14,
    "volume" : 95986.00
  }, {
    "date" : "2025-08-07",
    "price" : 228.29,
    "dma50" : 257.71,
    "dma100" : 249.05,
    "dma200" : 255.86,
    "volume" : 103491.00
  }, {
    "date" : "2025-08-08",
    "price" : 230.78,
    "dma50" : 256.66,
    "dma100" : 249.05,
    "dma200" : 255.61,
    "volume" : 100732.00
  }, {
    "date" : "2025-08-11",
    "price" : 229.07,
    "dma50" : 255.57,
    "dma100" : 249.08,
    "dma200" : 255.35,
    "volume" : 61015.00
  }, {
    "date" : "2025-08-12",
    "price" : 228.52,
    "dma50" : 254.51,
    "dma100" : 249.03,
    "dma200" : 255.08,
    "volume" : 55918.00
  }, {
    "date" : "2025-08-13",
    "price" : 228.20,
    "dma50" : 253.48,
    "dma100" : 248.91,
    "dma200" : 254.81,
    "volume" : 45026.00
  }, {
    "date" : "2025-08-14",
    "price" : 227.57,
    "dma50" : 252.46,
    "dma100" : 248.75,
    "dma200" : 254.54,
    "volume" : 25656.00
  }, {
    "date" : "2025-08-18",
    "price" : 226.47,
    "dma50" : 251.45,
    "dma100" : 248.57,
    "dma200" : 254.26,
    "volume" : 61162.00
  }, {
    "date" : "2025-08-19",
    "price" : 229.97,
    "dma50" : 250.60,
    "dma100" : 248.31,
    "dma200" : 254.02,
    "volume" : 101418.00
  }, {
    "date" : "2025-08-20",
    "price" : 231.23,
    "dma50" : 249.84,
    "dma100" : 248.15,
    "dma200" : 253.79,
    "volume" : 69338.00
  }, {
    "date" : "2025-08-21",
    "price" : 230.85,
    "dma50" : 249.10,
    "dma100" : 248.14,
    "dma200" : 253.56,
    "volume" : 55024.00
  }, {
    "date" : "2025-08-22",
    "price" : 228.47,
    "dma50" : 248.29,
    "dma100" : 248.05,
    "dma200" : 253.31,
    "volume" : 31056.00
  }, {
    "date" : "2025-08-25",
    "price" : 230.89,
    "dma50" : 247.61,
    "dma100" : 248.01,
    "dma200" : 253.09,
    "volume" : 65687.00
  }, {
    "date" : "2025-08-26",
    "price" : 219.24,
    "dma50" : 246.49,
    "dma100" : 247.77,
    "dma200" : 252.75,
    "volume" : 137886.00
  }, {
    "date" : "2025-08-28",
    "price" : 209.03,
    "dma50" : 245.03,
    "dma100" : 247.41,
    "dma200" : 252.32,
    "volume" : 210891.00
  }, {
    "date" : "2025-08-29",
    "price" : 206.08,
    "dma50" : 243.50,
    "dma100" : 246.99,
    "dma200" : 251.86,
    "volume" : 127940.00
  }, {
    "date" : "2025-09-01",
    "price" : 210.28,
    "dma50" : 242.20,
    "dma100" : 246.76,
    "dma200" : 251.45,
    "volume" : 85584.00
  }, {
    "date" : "2025-09-02",
    "price" : 220.52,
    "dma50" : 241.35,
    "dma100" : 246.82,
    "dma200" : 251.14,
    "volume" : 149868.00
  }, {
    "date" : "2025-09-03",
    "price" : 224.92,
    "dma50" : 240.70,
    "dma100" : 246.81,
    "dma200" : 250.88,
    "volume" : 125760.00
  }, {
    "date" : "2025-09-04",
    "price" : 238.22,
    "dma50" : 240.60,
    "dma100" : 247.00,
    "dma200" : 250.75,
    "volume" : 1217266.00
  }, {
    "date" : "2025-09-05",
    "price" : 239.49,
    "dma50" : 240.56,
    "dma100" : 247.14,
    "dma200" : 250.64,
    "volume" : 364417.00
  }, {
    "date" : "2025-09-08",
    "price" : 231.77,
    "dma50" : 240.22,
    "dma100" : 247.14,
    "dma200" : 250.45,
    "volume" : 96656.00
  }, {
    "date" : "2025-09-09",
    "price" : 225.91,
    "dma50" : 239.65,
    "dma100" : 246.95,
    "dma200" : 250.21,
    "volume" : 74733.00
  }, {
    "date" : "2025-09-10",
    "price" : 233.92,
    "dma50" : 239.43,
    "dma100" : 246.89,
    "dma200" : 250.05,
    "volume" : 385022.00
  }, {
    "date" : "2025-09-11",
    "price" : 229.28,
    "dma50" : 239.03,
    "dma100" : 246.89,
    "dma200" : 249.84,
    "volume" : 60868.00
  }, {
    "date" : "2025-09-12",
    "price" : 230.25,
    "dma50" : 238.69,
    "dma100" : 246.87,
    "dma200" : 249.64,
    "volume" : 46636.00
  }, {
    "date" : "2025-09-15",
    "price" : 231.85,
    "dma50" : 238.42,
    "dma100" : 246.87,
    "dma200" : 249.47,
    "volume" : 94525.00
  }, {
    "date" : "2025-09-16",
    "price" : 231.32,
    "dma50" : 238.14,
    "dma100" : 246.84,
    "dma200" : 249.29,
    "volume" : 63759.00
  }, {
    "date" : "2025-09-17",
    "price" : 235.83,
    "dma50" : 238.05,
    "dma100" : 246.98,
    "dma200" : 249.15,
    "volume" : 96339.00
  }, {
    "date" : "2025-09-18",
    "price" : 230.43,
    "dma50" : 237.75,
    "dma100" : 247.02,
    "dma200" : 248.97,
    "volume" : 73593.00
  }, {
    "date" : "2025-09-19",
    "price" : 230.91,
    "dma50" : 237.48,
    "dma100" : 247.06,
    "dma200" : 248.79,
    "volume" : 70854.00
  }, {
    "date" : "2025-09-22",
    "price" : 230.41,
    "dma50" : 237.21,
    "dma100" : 247.15,
    "dma200" : 248.60,
    "volume" : 42441.00
  }, {
    "date" : "2025-09-23",
    "price" : 227.51,
    "dma50" : 236.83,
    "dma100" : 247.20,
    "dma200" : 248.39,
    "volume" : 55859.00
  }, {
    "date" : "2025-09-24",
    "price" : 225.18,
    "dma50" : 236.37,
    "dma100" : 247.20,
    "dma200" : 248.16,
    "volume" : 531598.00
  }, {
    "date" : "2025-09-25",
    "price" : 223.05,
    "dma50" : 235.85,
    "dma100" : 247.23,
    "dma200" : 247.91,
    "volume" : 55338.00
  }, {
    "date" : "2025-09-26",
    "price" : 220.58,
    "dma50" : 235.25,
    "dma100" : 247.26,
    "dma200" : 247.64,
    "volume" : 57418.00
  }, {
    "date" : "2025-09-29",
    "price" : 219.87,
    "dma50" : 234.64,
    "dma100" : 247.27,
    "dma200" : 247.36,
    "volume" : 45958.00
  }, {
    "date" : "2025-09-30",
    "price" : 221.03,
    "dma50" : 234.11,
    "dma100" : 247.33,
    "dma200" : 247.10,
    "volume" : 63210.00
  }, {
    "date" : "2025-10-01",
    "price" : 220.54,
    "dma50" : 233.58,
    "dma100" : 247.27,
    "dma200" : 246.84,
    "volume" : 31894.00
  }, {
    "date" : "2025-10-03",
    "price" : 217.49,
    "dma50" : 232.95,
    "dma100" : 247.13,
    "dma200" : 246.55,
    "volume" : 89554.00
  }, {
    "date" : "2025-10-06",
    "price" : 214.74,
    "dma50" : 232.23,
    "dma100" : 246.94,
    "dma200" : 246.23,
    "volume" : 71498.00
  }, {
    "date" : "2025-10-07",
    "price" : 214.84,
    "dma50" : 231.55,
    "dma100" : 246.85,
    "dma200" : 245.92,
    "volume" : 209720.00
  }, {
    "date" : "2025-10-08",
    "price" : 200.82,
    "dma50" : 230.35,
    "dma100" : 246.49,
    "dma200" : 245.47,
    "volume" : 598508.00
  }, {
    "date" : "2025-10-09",
    "price" : 205.99,
    "dma50" : 229.39,
    "dma100" : 246.23,
    "dma200" : 245.08,
    "volume" : 275046.00
  }, {
    "date" : "2025-10-10",
    "price" : 202.50,
    "dma50" : 228.34,
    "dma100" : 245.98,
    "dma200" : 244.65,
    "volume" : 125935.00
  }, {
    "date" : "2025-10-13",
    "price" : 202.91,
    "dma50" : 227.34,
    "dma100" : 245.73,
    "dma200" : 244.24,
    "volume" : 71190.00
  }, {
    "date" : "2025-10-14",
    "price" : 199.45,
    "dma50" : 226.25,
    "dma100" : 245.41,
    "dma200" : 243.79,
    "volume" : 130459.00
  }, {
    "date" : "2025-10-15",
    "price" : 203.97,
    "dma50" : 225.37,
    "dma100" : 245.14,
    "dma200" : 243.39,
    "volume" : 100325.00
  }, {
    "date" : "2025-10-16",
    "price" : 204.75,
    "dma50" : 224.56,
    "dma100" : 244.89,
    "dma200" : 243.01,
    "volume" : 111516.00
  }, {
    "date" : "2025-10-17",
    "price" : 203.65,
    "dma50" : 223.74,
    "dma100" : 244.61,
    "dma200" : 242.62,
    "volume" : 67746.00
  }, {
    "date" : "2025-10-20",
    "price" : 204.94,
    "dma50" : 223.01,
    "dma100" : 244.34,
    "dma200" : 242.24,
    "volume" : 107616.00
  }, {
    "date" : "2025-10-21",
    "price" : 207.74,
    "dma50" : 222.41,
    "dma100" : 244.08,
    "dma200" : 241.90,
    "volume" : 65111.00
  }, {
    "date" : "2025-10-23",
    "price" : 210.18,
    "dma50" : 221.93,
    "dma100" : 243.82,
    "dma200" : 241.58,
    "volume" : 170134.00
  }, {
    "date" : "2025-10-24",
    "price" : 211.35,
    "dma50" : 221.51,
    "dma100" : 243.33,
    "dma200" : 241.28,
    "volume" : 72194.00
  }, {
    "date" : "2025-10-27",
    "price" : 217.10,
    "dma50" : 221.34,
    "dma100" : 242.77,
    "dma200" : 241.04,
    "volume" : 192700.00
  }, {
    "date" : "2025-10-28",
    "price" : 222.48,
    "dma50" : 221.38,
    "dma100" : 242.34,
    "dma200" : 240.86,
    "volume" : 314761.00
  }, {
    "date" : "2025-10-29",
    "price" : 223.40,
    "dma50" : 221.46,
    "dma100" : 241.95,
    "dma200" : 240.68,
    "volume" : 213284.00
  }, {
    "date" : "2025-10-30",
    "price" : 222.80,
    "dma50" : 221.52,
    "dma100" : 241.60,
    "dma200" : 240.51,
    "volume" : 89372.00
  }, {
    "date" : "2025-10-31",
    "price" : 219.54,
    "dma50" : 221.44,
    "dma100" : 241.05,
    "dma200" : 240.30,
    "volume" : 64766.00
  }, {
    "date" : "2025-11-03",
    "price" : 221.23,
    "dma50" : 221.43,
    "dma100" : 240.54,
    "dma200" : 240.11,
    "volume" : 105108.00
  }, {
    "date" : "2025-11-04",
    "price" : 220.24,
    "dma50" : 221.38,
    "dma100" : 239.77,
    "dma200" : 239.91,
    "volume" : 55397.00
  }, {
    "date" : "2025-11-06",
    "price" : 224.83,
    "dma50" : 221.52,
    "dma100" : 239.18,
    "dma200" : 239.76,
    "volume" : 276888.00
  }, {
    "date" : "2025-11-07",
    "price" : 232.49,
    "dma50" : 221.95,
    "dma100" : 238.73,
    "dma200" : 239.69,
    "volume" : 378252.00
  }, {
    "date" : "2025-11-10",
    "price" : 220.77,
    "dma50" : 221.90,
    "dma100" : 238.19,
    "dma200" : 239.50,
    "volume" : 261830.00
  }, {
    "date" : "2025-11-11",
    "price" : 218.91,
    "dma50" : 221.79,
    "dma100" : 237.49,
    "dma200" : 239.30,
    "volume" : 98028.00
  }, {
    "date" : "2025-11-12",
    "price" : 222.59,
    "dma50" : 221.82,
    "dma100" : 236.84,
    "dma200" : 239.13,
    "volume" : 70503.00
  }, {
    "date" : "2025-11-13",
    "price" : 216.18,
    "dma50" : 221.60,
    "dma100" : 236.23,
    "dma200" : 238.90,
    "volume" : 138350.00
  }, {
    "date" : "2025-11-14",
    "price" : 213.80,
    "dma50" : 221.29,
    "dma100" : 235.64,
    "dma200" : 238.65,
    "volume" : 95853.00
  }, {
    "date" : "2025-11-17",
    "price" : 219.57,
    "dma50" : 221.22,
    "dma100" : 235.08,
    "dma200" : 238.46,
    "volume" : 376847.00
  }, {
    "date" : "2025-11-18",
    "price" : 213.68,
    "dma50" : 220.93,
    "dma100" : 234.39,
    "dma200" : 238.21,
    "volume" : 95594.00
  }, {
    "date" : "2025-11-19",
    "price" : 213.45,
    "dma50" : 220.63,
    "dma100" : 233.71,
    "dma200" : 237.97,
    "volume" : 110450.00
  }, {
    "date" : "2025-11-20",
    "price" : 211.05,
    "dma50" : 220.26,
    "dma100" : 233.02,
    "dma200" : 237.70,
    "volume" : 113997.00
  }, {
    "date" : "2025-11-21",
    "price" : 209.24,
    "dma50" : 219.83,
    "dma100" : 232.35,
    "dma200" : 237.42,
    "volume" : 68311.00
  }, {
    "date" : "2025-11-24",
    "price" : 205.21,
    "dma50" : 219.25,
    "dma100" : 231.68,
    "dma200" : 237.10,
    "volume" : 53408.00
  }, {
    "date" : "2025-11-25",
    "price" : 203.84,
    "dma50" : 218.65,
    "dma100" : 231.01,
    "dma200" : 236.77,
    "volume" : 79811.00
  }, {
    "date" : "2025-11-26",
    "price" : 210.55,
    "dma50" : 218.33,
    "dma100" : 230.48,
    "dma200" : 236.50,
    "volume" : 61386.00
  }, {
    "date" : "2025-11-27",
    "price" : 209.16,
    "dma50" : 217.97,
    "dma100" : 229.91,
    "dma200" : 236.23,
    "volume" : 100151.00
  } ],
  "latestTechnicalAttributes" : {
    "date" : "2025-11-27",
    "price" : 209.16,
    "dma50" : 217.97,
    "dma100" : 229.91,
    "dma200" : 236.23,
    "volume" : 100151.00
  },
  "quarterlyResults" : [ {
    "date" : "2005-03-31",
    "sales" : 16.96,
    "salesGrowthYoY" : null,
    "grossProfitMargin" : 38.92,
    "grossProfit" : 6.60,
    "operatingProfitMargin" : 11.73,
    "operatingProfit" : 1.99,
    "netProfitMargin" : 2.77,
    "netProfit" : 0.47
  }, {
    "date" : "2005-06-30",
    "sales" : 11.96,
    "salesGrowthYoY" : null,
    "grossProfitMargin" : 41.47,
    "grossProfit" : 4.96,
    "operatingProfitMargin" : 2.01,
    "operatingProfit" : 0.24,
    "netProfitMargin" : -1.59,
    "netProfit" : -0.19
  }, {
    "date" : "2005-09-30",
    "sales" : 13.38,
    "salesGrowthYoY" : null,
    "grossProfitMargin" : 45.67,
    "grossProfit" : 6.11,
    "operatingProfitMargin" : 9.04,
    "operatingProfit" : 1.21,
    "netProfitMargin" : 4.11,
    "netProfit" : 0.55
  }, {
    "date" : "2005-12-31",
    "sales" : 18.35,
    "salesGrowthYoY" : null,
    "grossProfitMargin" : 43.54,
    "grossProfit" : 7.99,
    "operatingProfitMargin" : 13.08,
    "operatingProfit" : 2.40,
    "netProfitMargin" : 6.27,
    "netProfit" : 1.15
  }, {
    "date" : "2006-03-31",
    "sales" : 18.60,
    "salesGrowthYoY" : 9.67,
    "grossProfitMargin" : 50.91,
    "grossProfit" : 9.47,
    "operatingProfitMargin" : 11.77,
    "operatingProfit" : 2.19,
    "netProfitMargin" : 6.34,
    "netProfit" : 1.18
  }, {
    "date" : "2006-06-30",
    "sales" : 15.65,
    "salesGrowthYoY" : 30.85,
    "grossProfitMargin" : 56.74,
    "grossProfit" : 8.88,
    "operatingProfitMargin" : 18.59,
    "operatingProfit" : 2.91,
    "netProfitMargin" : 7.09,
    "netProfit" : 1.11
  }, {
    "date" : "2006-09-30",
    "sales" : 22.85,
    "salesGrowthYoY" : 70.78,
    "grossProfitMargin" : 48.71,
    "grossProfit" : 11.13,
    "operatingProfitMargin" : 13.35,
    "operatingProfit" : 3.05,
    "netProfitMargin" : 6.78,
    "netProfit" : 1.55
  }, {
    "date" : "2006-12-31",
    "sales" : 18.78,
    "salesGrowthYoY" : 2.34,
    "grossProfitMargin" : 52.77,
    "grossProfit" : 9.91,
    "operatingProfitMargin" : 18.74,
    "operatingProfit" : 3.52,
    "netProfitMargin" : 10.86,
    "netProfit" : 2.04
  }, {
    "date" : "2007-03-31",
    "sales" : 22.28,
    "salesGrowthYoY" : 19.78,
    "grossProfitMargin" : 55.88,
    "grossProfit" : 12.45,
    "operatingProfitMargin" : 13.73,
    "operatingProfit" : 3.06,
    "netProfitMargin" : 8.57,
    "netProfit" : 1.91
  }, {
    "date" : "2007-06-30",
    "sales" : 17.91,
    "salesGrowthYoY" : 14.44,
    "grossProfitMargin" : 57.90,
    "grossProfit" : 10.37,
    "operatingProfitMargin" : 21.11,
    "operatingProfit" : 3.78,
    "netProfitMargin" : 12.67,
    "netProfit" : 2.27
  }, {
    "date" : "2007-09-30",
    "sales" : 25.13,
    "salesGrowthYoY" : 9.98,
    "grossProfitMargin" : 49.86,
    "grossProfit" : 12.53,
    "operatingProfitMargin" : 16.67,
    "operatingProfit" : 4.19,
    "netProfitMargin" : 8.56,
    "netProfit" : 2.15
  }, {
    "date" : "2007-12-31",
    "sales" : 21.70,
    "salesGrowthYoY" : 15.55,
    "grossProfitMargin" : 54.79,
    "grossProfit" : 11.89,
    "operatingProfitMargin" : 16.50,
    "operatingProfit" : 3.58,
    "netProfitMargin" : 10.60,
    "netProfit" : 2.30
  }, {
    "date" : "2008-03-31",
    "sales" : 24.50,
    "salesGrowthYoY" : 9.96,
    "grossProfitMargin" : 47.80,
    "grossProfit" : 11.71,
    "operatingProfitMargin" : 12.37,
    "operatingProfit" : 3.03,
    "netProfitMargin" : 5.10,
    "netProfit" : 1.25
  }, {
    "date" : "2008-06-30",
    "sales" : 19.27,
    "salesGrowthYoY" : 7.59,
    "grossProfitMargin" : 59.42,
    "grossProfit" : 11.45,
    "operatingProfitMargin" : 12.97,
    "operatingProfit" : 2.50,
    "netProfitMargin" : 11.99,
    "netProfit" : 2.31
  }, {
    "date" : "2008-09-30",
    "sales" : 27.95,
    "salesGrowthYoY" : 11.22,
    "grossProfitMargin" : 52.45,
    "grossProfit" : 14.66,
    "operatingProfitMargin" : 12.49,
    "operatingProfit" : 3.49,
    "netProfitMargin" : 8.66,
    "netProfit" : 2.42
  }, {
    "date" : "2008-12-31",
    "sales" : 25.88,
    "salesGrowthYoY" : 19.26,
    "grossProfitMargin" : 56.72,
    "grossProfit" : 14.68,
    "operatingProfitMargin" : 14.53,
    "operatingProfit" : 3.76,
    "netProfitMargin" : 10.01,
    "netProfit" : 2.59
  }, {
    "date" : "2009-03-31",
    "sales" : 22.74,
    "salesGrowthYoY" : -7.18,
    "grossProfitMargin" : 58.14,
    "grossProfit" : 13.22,
    "operatingProfitMargin" : 25.11,
    "operatingProfit" : 5.71,
    "netProfitMargin" : 12.31,
    "netProfit" : 2.80
  }, {
    "date" : "2009-06-30",
    "sales" : 23.22,
    "salesGrowthYoY" : 20.50,
    "grossProfitMargin" : 52.02,
    "grossProfit" : 12.08,
    "operatingProfitMargin" : 23.73,
    "operatingProfit" : 5.51,
    "netProfitMargin" : 22.95,
    "netProfit" : 5.33
  }, {
    "date" : "2009-09-30",
    "sales" : 27.37,
    "salesGrowthYoY" : -2.08,
    "grossProfitMargin" : 54.77,
    "grossProfit" : 14.99,
    "operatingProfitMargin" : 24.19,
    "operatingProfit" : 6.62,
    "netProfitMargin" : 16.66,
    "netProfit" : 4.56
  }, {
    "date" : "2009-12-31",
    "sales" : 23.32,
    "salesGrowthYoY" : -9.89,
    "grossProfitMargin" : 49.91,
    "grossProfit" : 11.64,
    "operatingProfitMargin" : 15.69,
    "operatingProfit" : 3.66,
    "netProfitMargin" : 10.81,
    "netProfit" : 2.52
  }, {
    "date" : "2010-03-31",
    "sales" : 28.78,
    "salesGrowthYoY" : 26.56,
    "grossProfitMargin" : 42.63,
    "grossProfit" : 12.27,
    "operatingProfitMargin" : 9.69,
    "operatingProfit" : 2.79,
    "netProfitMargin" : 6.85,
    "netProfit" : 1.97
  }, {
    "date" : "2010-06-30",
    "sales" : 22.95,
    "salesGrowthYoY" : -1.16,
    "grossProfitMargin" : 50.89,
    "grossProfit" : 11.68,
    "operatingProfitMargin" : 20.13,
    "operatingProfit" : 4.62,
    "netProfitMargin" : 15.47,
    "netProfit" : 3.55
  }, {
    "date" : "2010-09-30",
    "sales" : 29.31,
    "salesGrowthYoY" : 7.09,
    "grossProfitMargin" : 53.57,
    "grossProfit" : 15.70,
    "operatingProfitMargin" : 22.55,
    "operatingProfit" : 6.61,
    "netProfitMargin" : 18.83,
    "netProfit" : 5.52
  }, {
    "date" : "2010-12-31",
    "sales" : 28.53,
    "salesGrowthYoY" : 22.34,
    "grossProfitMargin" : 47.53,
    "grossProfit" : 13.56,
    "operatingProfitMargin" : 19.73,
    "operatingProfit" : 5.63,
    "netProfitMargin" : 14.79,
    "netProfit" : 4.22
  }, {
    "date" : "2011-03-31",
    "sales" : 31.14,
    "salesGrowthYoY" : 8.20,
    "grossProfitMargin" : 46.95,
    "grossProfit" : 14.62,
    "operatingProfitMargin" : 19.30,
    "operatingProfit" : 6.01,
    "netProfitMargin" : 17.02,
    "netProfit" : 5.30
  }, {
    "date" : "2011-06-30",
    "sales" : 22.12,
    "salesGrowthYoY" : -3.62,
    "grossProfitMargin" : 54.39,
    "grossProfit" : 12.03,
    "operatingProfitMargin" : 24.82,
    "operatingProfit" : 5.49,
    "netProfitMargin" : 13.29,
    "netProfit" : 2.94
  }, {
    "date" : "2011-09-30",
    "sales" : 30.42,
    "salesGrowthYoY" : 3.79,
    "grossProfitMargin" : 52.60,
    "grossProfit" : 16.00,
    "operatingProfitMargin" : 18.57,
    "operatingProfit" : 5.65,
    "netProfitMargin" : 13.21,
    "netProfit" : 4.02
  }, {
    "date" : "2011-12-31",
    "sales" : 29.32,
    "salesGrowthYoY" : 2.77,
    "grossProfitMargin" : 50.51,
    "grossProfit" : 14.81,
    "operatingProfitMargin" : 18.25,
    "operatingProfit" : 5.35,
    "netProfitMargin" : 9.48,
    "netProfit" : 2.78
  }, {
    "date" : "2012-03-31",
    "sales" : 30.63,
    "salesGrowthYoY" : -1.64,
    "grossProfitMargin" : 51.16,
    "grossProfit" : 15.67,
    "operatingProfitMargin" : 13.42,
    "operatingProfit" : 4.11,
    "netProfitMargin" : 8.33,
    "netProfit" : 2.55
  }, {
    "date" : "2012-06-30",
    "sales" : 29.04,
    "salesGrowthYoY" : 31.28,
    "grossProfitMargin" : 55.68,
    "grossProfit" : 16.17,
    "operatingProfitMargin" : 15.15,
    "operatingProfit" : 4.40,
    "netProfitMargin" : 7.99,
    "netProfit" : 2.32
  }, {
    "date" : "2012-09-30",
    "sales" : 31.41,
    "salesGrowthYoY" : 3.25,
    "grossProfitMargin" : 53.61,
    "grossProfit" : 16.84,
    "operatingProfitMargin" : 12.32,
    "operatingProfit" : 3.87,
    "netProfitMargin" : 7.67,
    "netProfit" : 2.41
  }, {
    "date" : "2012-12-31",
    "sales" : 30.18,
    "salesGrowthYoY" : 2.93,
    "grossProfitMargin" : 54.04,
    "grossProfit" : 16.31,
    "operatingProfitMargin" : 4.24,
    "operatingProfit" : 1.28,
    "netProfitMargin" : 2.09,
    "netProfit" : 0.63
  }, {
    "date" : "2013-03-31",
    "sales" : 38.51,
    "salesGrowthYoY" : 25.73,
    "grossProfitMargin" : 47.86,
    "grossProfit" : 18.43,
    "operatingProfitMargin" : 12.65,
    "operatingProfit" : 4.87,
    "netProfitMargin" : 10.33,
    "netProfit" : 3.98
  }, {
    "date" : "2013-06-30",
    "sales" : 29.44,
    "salesGrowthYoY" : 1.38,
    "grossProfitMargin" : 52.17,
    "grossProfit" : 15.36,
    "operatingProfitMargin" : 14.13,
    "operatingProfit" : 4.16,
    "netProfitMargin" : 13.45,
    "netProfit" : 3.96
  }, {
    "date" : "2013-09-30",
    "sales" : 35.49,
    "salesGrowthYoY" : 12.99,
    "grossProfitMargin" : 57.42,
    "grossProfit" : 20.38,
    "operatingProfitMargin" : 16.74,
    "operatingProfit" : 5.94,
    "netProfitMargin" : 9.44,
    "netProfit" : 3.35
  }, {
    "date" : "2013-12-31",
    "sales" : 32.50,
    "salesGrowthYoY" : 7.69,
    "grossProfitMargin" : 57.08,
    "grossProfit" : 18.55,
    "operatingProfitMargin" : 14.65,
    "operatingProfit" : 4.76,
    "netProfitMargin" : 6.15,
    "netProfit" : 2.00
  }, {
    "date" : "2014-03-31",
    "sales" : 44.39,
    "salesGrowthYoY" : 15.27,
    "grossProfitMargin" : 55.33,
    "grossProfit" : 24.56,
    "operatingProfitMargin" : 13.20,
    "operatingProfit" : 5.86,
    "netProfitMargin" : 7.07,
    "netProfit" : 3.14
  }, {
    "date" : "2014-06-30",
    "sales" : 38.55,
    "salesGrowthYoY" : 30.94,
    "grossProfitMargin" : 51.47,
    "grossProfit" : 19.84,
    "operatingProfitMargin" : 19.40,
    "operatingProfit" : 7.48,
    "netProfitMargin" : 14.55,
    "netProfit" : 5.61
  }, {
    "date" : "2014-09-30",
    "sales" : 34.85,
    "salesGrowthYoY" : -1.80,
    "grossProfitMargin" : 49.81,
    "grossProfit" : 17.36,
    "operatingProfitMargin" : 14.12,
    "operatingProfit" : 4.92,
    "netProfitMargin" : 10.36,
    "netProfit" : 3.61
  }, {
    "date" : "2014-12-31",
    "sales" : 33.77,
    "salesGrowthYoY" : 3.91,
    "grossProfitMargin" : 48.68,
    "grossProfit" : 16.44,
    "operatingProfitMargin" : 8.23,
    "operatingProfit" : 2.78,
    "netProfitMargin" : 3.88,
    "netProfit" : 1.31
  }, {
    "date" : "2015-03-31",
    "sales" : 42.28,
    "salesGrowthYoY" : -4.75,
    "grossProfitMargin" : 49.41,
    "grossProfit" : 20.89,
    "operatingProfitMargin" : 12.32,
    "operatingProfit" : 5.21,
    "netProfitMargin" : 6.46,
    "netProfit" : 2.73
  }, {
    "date" : "2015-06-30",
    "sales" : 37.28,
    "salesGrowthYoY" : -3.29,
    "grossProfitMargin" : 48.95,
    "grossProfit" : 18.25,
    "operatingProfitMargin" : 14.65,
    "operatingProfit" : 5.46,
    "netProfitMargin" : 9.39,
    "netProfit" : 3.50
  }, {
    "date" : "2015-09-30",
    "sales" : 40.36,
    "salesGrowthYoY" : 15.81,
    "grossProfitMargin" : 54.71,
    "grossProfit" : 22.08,
    "operatingProfitMargin" : 22.50,
    "operatingProfit" : 9.08,
    "netProfitMargin" : 12.81,
    "netProfit" : 5.17
  }, {
    "date" : "2015-12-31",
    "sales" : 39.81,
    "salesGrowthYoY" : 17.89,
    "grossProfitMargin" : 50.51,
    "grossProfit" : 20.11,
    "operatingProfitMargin" : 15.77,
    "operatingProfit" : 6.28,
    "netProfitMargin" : 6.83,
    "netProfit" : 2.72
  }, {
    "date" : "2016-03-31",
    "sales" : 43.31,
    "salesGrowthYoY" : 2.44,
    "grossProfitMargin" : 49.11,
    "grossProfit" : 21.27,
    "operatingProfitMargin" : 14.75,
    "operatingProfit" : 6.39,
    "netProfitMargin" : 6.26,
    "netProfit" : 2.71
  }, {
    "date" : "2016-06-30",
    "sales" : 40.00,
    "salesGrowthYoY" : 7.30,
    "grossProfitMargin" : 46.35,
    "grossProfit" : 18.54,
    "operatingProfitMargin" : 17.40,
    "operatingProfit" : 6.96,
    "netProfitMargin" : 10.65,
    "netProfit" : 4.26
  }, {
    "date" : "2016-09-30",
    "sales" : 42.10,
    "salesGrowthYoY" : 4.31,
    "grossProfitMargin" : 45.04,
    "grossProfit" : 18.96,
    "operatingProfitMargin" : 12.04,
    "operatingProfit" : 5.07,
    "netProfitMargin" : 8.24,
    "netProfit" : 3.47
  }, {
    "date" : "2016-12-31",
    "sales" : 40.88,
    "salesGrowthYoY" : 2.69,
    "grossProfitMargin" : 46.67,
    "grossProfit" : 19.08,
    "operatingProfitMargin" : 13.11,
    "operatingProfit" : 5.36,
    "netProfitMargin" : 10.45,
    "netProfit" : 4.27
  }, {
    "date" : "2017-03-31",
    "sales" : 42.22,
    "salesGrowthYoY" : -2.52,
    "grossProfitMargin" : 45.93,
    "grossProfit" : 19.39,
    "operatingProfitMargin" : 10.35,
    "operatingProfit" : 4.37,
    "netProfitMargin" : 5.59,
    "netProfit" : 2.36
  }, {
    "date" : "2017-06-30",
    "sales" : 41.74,
    "salesGrowthYoY" : 4.35,
    "grossProfitMargin" : 40.54,
    "grossProfit" : 16.92,
    "operatingProfitMargin" : 9.51,
    "operatingProfit" : 3.97,
    "netProfitMargin" : 10.23,
    "netProfit" : 4.27
  }, {
    "date" : "2017-09-30",
    "sales" : 39.78,
    "salesGrowthYoY" : -5.51,
    "grossProfitMargin" : 46.63,
    "grossProfit" : 18.55,
    "operatingProfitMargin" : 13.12,
    "operatingProfit" : 5.22,
    "netProfitMargin" : 14.71,
    "netProfit" : 5.85
  }, {
    "date" : "2017-12-31",
    "sales" : 43.29,
    "salesGrowthYoY" : 5.90,
    "grossProfitMargin" : 49.83,
    "grossProfit" : 21.57,
    "operatingProfitMargin" : 18.97,
    "operatingProfit" : 8.21,
    "netProfitMargin" : 10.26,
    "netProfit" : 4.44
  }, {
    "date" : "2018-03-31",
    "sales" : 44.26,
    "salesGrowthYoY" : 4.83,
    "grossProfitMargin" : 44.40,
    "grossProfit" : 19.65,
    "operatingProfitMargin" : 12.88,
    "operatingProfit" : 5.70,
    "netProfitMargin" : 17.31,
    "netProfit" : 7.66
  }, {
    "date" : "2018-06-30",
    "sales" : 40.25,
    "salesGrowthYoY" : -3.57,
    "grossProfitMargin" : 50.43,
    "grossProfit" : 20.30,
    "operatingProfitMargin" : 13.94,
    "operatingProfit" : 5.61,
    "netProfitMargin" : 13.79,
    "netProfit" : 5.55
  }, {
    "date" : "2018-09-30",
    "sales" : 48.37,
    "salesGrowthYoY" : 21.59,
    "grossProfitMargin" : 50.26,
    "grossProfit" : 24.31,
    "operatingProfitMargin" : 20.76,
    "operatingProfit" : 10.04,
    "netProfitMargin" : 19.83,
    "netProfit" : 9.59
  }, {
    "date" : "2018-12-31",
    "sales" : 46.92,
    "salesGrowthYoY" : 8.39,
    "grossProfitMargin" : 49.32,
    "grossProfit" : 23.14,
    "operatingProfitMargin" : 10.59,
    "operatingProfit" : 4.97,
    "netProfitMargin" : 8.91,
    "netProfit" : 4.18
  }, {
    "date" : "2019-03-31",
    "sales" : 51.96,
    "salesGrowthYoY" : 17.40,
    "grossProfitMargin" : 54.06,
    "grossProfit" : 28.09,
    "operatingProfitMargin" : 22.04,
    "operatingProfit" : 11.45,
    "netProfitMargin" : 19.96,
    "netProfit" : 10.37
  }, {
    "date" : "2019-06-30",
    "sales" : 47.37,
    "salesGrowthYoY" : 17.69,
    "grossProfitMargin" : 56.32,
    "grossProfit" : 26.68,
    "operatingProfitMargin" : 22.88,
    "operatingProfit" : 10.84,
    "netProfitMargin" : 16.23,
    "netProfit" : 7.69
  }, {
    "date" : "2019-09-30",
    "sales" : 46.37,
    "salesGrowthYoY" : -4.13,
    "grossProfitMargin" : 54.39,
    "grossProfit" : 25.22,
    "operatingProfitMargin" : 20.36,
    "operatingProfit" : 9.44,
    "netProfitMargin" : 16.63,
    "netProfit" : 7.71
  }, {
    "date" : "2019-12-31",
    "sales" : 48.79,
    "salesGrowthYoY" : 3.99,
    "grossProfitMargin" : 54.50,
    "grossProfit" : 26.59,
    "operatingProfitMargin" : 18.49,
    "operatingProfit" : 9.02,
    "netProfitMargin" : 16.48,
    "netProfit" : 8.04
  }, {
    "date" : "2020-03-31",
    "sales" : 51.94,
    "salesGrowthYoY" : -0.04,
    "grossProfitMargin" : 52.35,
    "grossProfit" : 27.19,
    "operatingProfitMargin" : 17.39,
    "operatingProfit" : 9.03,
    "netProfitMargin" : 15.85,
    "netProfit" : 8.23
  }, {
    "date" : "2020-06-30",
    "sales" : 37.06,
    "salesGrowthYoY" : -21.76,
    "grossProfitMargin" : 52.02,
    "grossProfit" : 19.28,
    "operatingProfitMargin" : 18.43,
    "operatingProfit" : 6.83,
    "netProfitMargin" : 11.28,
    "netProfit" : 4.18
  }, {
    "date" : "2020-09-30",
    "sales" : 60.66,
    "salesGrowthYoY" : 30.82,
    "grossProfitMargin" : 52.39,
    "grossProfit" : 31.78,
    "operatingProfitMargin" : 20.28,
    "operatingProfit" : 12.30,
    "netProfitMargin" : 14.36,
    "netProfit" : 8.71
  }, {
    "date" : "2020-12-31",
    "sales" : 68.34,
    "salesGrowthYoY" : 40.07,
    "grossProfitMargin" : 49.77,
    "grossProfit" : 34.01,
    "operatingProfitMargin" : 22.48,
    "operatingProfit" : 15.36,
    "netProfitMargin" : 15.85,
    "netProfit" : 10.83
  }, {
    "date" : "2021-03-31",
    "sales" : 70.59,
    "salesGrowthYoY" : 35.91,
    "grossProfitMargin" : 54.54,
    "grossProfit" : 38.50,
    "operatingProfitMargin" : 24.81,
    "operatingProfit" : 17.51,
    "netProfitMargin" : 18.36,
    "netProfit" : 12.96
  }, {
    "date" : "2021-06-30",
    "sales" : 58.63,
    "salesGrowthYoY" : 58.20,
    "grossProfitMargin" : 51.83,
    "grossProfit" : 30.39,
    "operatingProfitMargin" : 15.49,
    "operatingProfit" : 9.08,
    "netProfitMargin" : 13.95,
    "netProfit" : 8.18
  }, {
    "date" : "2021-09-30",
    "sales" : 73.78,
    "salesGrowthYoY" : 21.63,
    "grossProfitMargin" : 59.91,
    "grossProfit" : 44.20,
    "operatingProfitMargin" : 21.25,
    "operatingProfit" : 15.68,
    "netProfitMargin" : 14.61,
    "netProfit" : 10.78
  }, {
    "date" : "2021-12-31",
    "sales" : 87.15,
    "salesGrowthYoY" : 27.52,
    "grossProfitMargin" : 59.84,
    "grossProfit" : 52.15,
    "operatingProfitMargin" : 16.42,
    "operatingProfit" : 14.31,
    "netProfitMargin" : 12.32,
    "netProfit" : 10.74
  }, {
    "date" : "2022-03-31",
    "sales" : 82.45,
    "salesGrowthYoY" : 16.80,
    "grossProfitMargin" : 60.51,
    "grossProfit" : 49.89,
    "operatingProfitMargin" : 17.27,
    "operatingProfit" : 14.24,
    "netProfitMargin" : 14.31,
    "netProfit" : 11.80
  }, {
    "date" : "2022-06-30",
    "sales" : 72.16,
    "salesGrowthYoY" : 23.08,
    "grossProfitMargin" : 54.92,
    "grossProfit" : 39.63,
    "operatingProfitMargin" : 10.12,
    "operatingProfit" : 7.30,
    "netProfitMargin" : 10.25,
    "netProfit" : 7.40
  }, {
    "date" : "2022-09-30",
    "sales" : 83.19,
    "salesGrowthYoY" : 12.75,
    "grossProfitMargin" : 57.31,
    "grossProfit" : 47.68,
    "operatingProfitMargin" : 18.62,
    "operatingProfit" : 15.49,
    "netProfitMargin" : 15.74,
    "netProfit" : 13.09
  }, {
    "date" : "2022-12-31",
    "sales" : 99.77,
    "salesGrowthYoY" : 14.48,
    "grossProfitMargin" : 57.45,
    "grossProfit" : 57.32,
    "operatingProfitMargin" : 25.79,
    "operatingProfit" : 25.73,
    "netProfitMargin" : 19.26,
    "netProfit" : 19.22
  }, {
    "date" : "2023-03-31",
    "sales" : 98.22,
    "salesGrowthYoY" : 19.13,
    "grossProfitMargin" : 59.13,
    "grossProfit" : 58.08,
    "operatingProfitMargin" : 28.77,
    "operatingProfit" : 28.26,
    "netProfitMargin" : 20.66,
    "netProfit" : 20.29
  }, {
    "date" : "2023-06-30",
    "sales" : 84.59,
    "salesGrowthYoY" : 17.23,
    "grossProfitMargin" : 60.63,
    "grossProfit" : 51.29,
    "operatingProfitMargin" : 24.94,
    "operatingProfit" : 21.10,
    "netProfitMargin" : 19.34,
    "netProfit" : 16.36
  }, {
    "date" : "2023-09-30",
    "sales" : 97.34,
    "salesGrowthYoY" : 17.01,
    "grossProfitMargin" : 56.79,
    "grossProfit" : 55.28,
    "operatingProfitMargin" : 23.27,
    "operatingProfit" : 22.65,
    "netProfitMargin" : 18.20,
    "netProfit" : 17.72
  }, {
    "date" : "2023-12-31",
    "sales" : 103.22,
    "salesGrowthYoY" : 3.46,
    "grossProfitMargin" : 56.36,
    "grossProfit" : 58.17,
    "operatingProfitMargin" : 25.60,
    "operatingProfit" : 26.42,
    "netProfitMargin" : 19.63,
    "netProfit" : 20.26
  }, {
    "date" : "2024-03-31",
    "sales" : 128.96,
    "salesGrowthYoY" : 31.30,
    "grossProfitMargin" : 63.07,
    "grossProfit" : 81.34,
    "operatingProfitMargin" : 24.67,
    "operatingProfit" : 31.81,
    "netProfitMargin" : 19.61,
    "netProfit" : 25.29
  }, {
    "date" : "2024-06-30",
    "sales" : 97.02,
    "salesGrowthYoY" : 14.69,
    "grossProfitMargin" : 64.88,
    "grossProfit" : 62.95,
    "operatingProfitMargin" : 23.45,
    "operatingProfit" : 22.75,
    "netProfitMargin" : 17.66,
    "netProfit" : 17.13
  }, {
    "date" : "2024-09-30",
    "sales" : 125.65,
    "salesGrowthYoY" : 29.08,
    "grossProfitMargin" : 56.01,
    "grossProfit" : 70.38,
    "operatingProfitMargin" : 22.05,
    "operatingProfit" : 27.71,
    "netProfitMargin" : 17.01,
    "netProfit" : 21.37
  }, {
    "date" : "2024-12-31",
    "sales" : 121.11,
    "salesGrowthYoY" : 17.33,
    "grossProfitMargin" : 61.70,
    "grossProfit" : 74.72,
    "operatingProfitMargin" : 21.04,
    "operatingProfit" : 25.48,
    "netProfitMargin" : 16.67,
    "netProfit" : 20.19
  }, {
    "date" : "2025-03-31",
    "sales" : 134.63,
    "salesGrowthYoY" : 4.40,
    "grossProfitMargin" : 61.36,
    "grossProfit" : 82.61,
    "operatingProfitMargin" : 21.76,
    "operatingProfit" : 29.30,
    "netProfitMargin" : 15.97,
    "netProfit" : 21.50
  }, {
    "date" : "2025-06-30",
    "sales" : 100.34,
    "salesGrowthYoY" : 3.42,
    "grossProfitMargin" : 64.64,
    "grossProfit" : 64.86,
    "operatingProfitMargin" : 22.37,
    "operatingProfit" : 22.45,
    "netProfitMargin" : 16.93,
    "netProfit" : 16.99
  }, {
    "date" : "2025-09-30",
    "sales" : 140.07,
    "salesGrowthYoY" : 11.48,
    "grossProfitMargin" : 64.57,
    "grossProfit" : 90.44,
    "operatingProfitMargin" : 26.92,
    "operatingProfit" : 37.71,
    "netProfitMargin" : 21.23,
    "netProfit" : 29.74
  } ],
  "latestQuarterlyResult" : {
    "date" : "2025-09-30",
    "sales" : 140.07,
    "salesGrowthYoY" : 11.48,
    "grossProfitMargin" : 64.57,
    "grossProfit" : 90.44,
    "operatingProfitMargin" : 26.92,
    "operatingProfit" : 37.71,
    "netProfitMargin" : 21.23,
    "netProfit" : 29.74
  },
  "companyScore" : {
    "priceHigherThanDma50" : 0.00,
    "priceHigherThanDma100" : 0.00,
    "priceHigherThanDma200" : 0.00,
    "dma50HigherThanDma100" : 0.00,
    "dma50HigherThanDma200" : 0.00,
    "dma100HigherThanDma200" : 0.00,
    "pricePercentageAboveDma50" : 5.20,
    "pricePercentageAboveDma100" : 5.45,
    "pricePercentageAboveDma200" : 5.57,
    "weeklyVolumeHigherThanYearlyVolume" : 0.00,
    "salesGrowthPercentile" : 10.89,
    "operatingProfitMarginPercentile" : 19.76,
    "netProfitMarginPercentile" : 9.88,
    "totalTechnicalScore" : 16.23,
    "totalFundamentalScore" : 40.52,
    "totalScore" : 56.75
  }
}