{
  "metadata" : {
    "screenerCompanyId" : "84",
    "companyCode" : "AEGISLOG",
    "companyName" : "Aegis Logistics",
    "screenerCompanyLink" : "https://www.screener.in/company/AEGISLOG/consolidated/",
    "screenerTechnicalHistoryLink" : "https://www.screener.in/api/company/84/chart/?q=Price-DMA50-DMA200-Volume&days=365",
    "screenerQuarterlyResultsLink" : "https://www.screener.in/api/company/84/chart/?q=GPM-OPM-NPM-Quarter+Sales&days=10000",
    "attributes" : {
      "companyCode" : "AEGISLOG",
      "companyName" : "Aegis Logistics",
      "marketCap" : 25300.00,
      "peRatio" : 35.30,
      "description" : "Aegis Logistics (Formely known as Aegis Chemical Industries Ltd.), incorporated in 1956 provide logistic solutions for oil, gas, chemicals, and petrochemical industries.[1]"
    },
    "companyScore" : {
      "priceHigherThanDma50" : 0.00,
      "priceHigherThanDma100" : 0.00,
      "priceHigherThanDma200" : 0.00,
      "dma50HigherThanDma100" : 5.00,
      "dma50HigherThanDma200" : 0.00,
      "dma100HigherThanDma200" : 0.00,
      "pricePercentageAboveDma50" : 5.24,
      "pricePercentageAboveDma100" : 5.23,
      "pricePercentageAboveDma200" : 5.26,
      "weeklyVolumeHigherThanYearlyVolume" : 0.00,
      "salesGrowthPercentile" : 16.20,
      "operatingProfitMarginPercentile" : 13.85,
      "netProfitMarginPercentile" : 6.75,
      "totalTechnicalScore" : 20.73,
      "totalFundamentalScore" : 36.80,
      "totalScore" : 57.53
    }
  },
  "attributes" : {
    "companyCode" : "AEGISLOG",
    "companyName" : "Aegis Logistics",
    "marketCap" : 25300.00,
    "peRatio" : 35.30,
    "description" : "Aegis Logistics (Formely known as Aegis Chemical Industries Ltd.), incorporated in 1956 provide logistic solutions for oil, gas, chemicals, and petrochemical industries.[1]"
  },
  "technicalHistory" : [ {
    "date" : "2024-12-30",
    "price" : 813.25,
    "dma50" : 795.59,
    "dma100" : null,
    "dma200" : 710.56,
    "volume" : 230024.00
  }, {
    "date" : "2024-12-31",
    "price" : 820.00,
    "dma50" : 796.54,
    "dma100" : null,
    "dma200" : 711.65,
    "volume" : 299121.00
  }, {
    "date" : "2025-01-01",
    "price" : 814.45,
    "dma50" : 797.25,
    "dma100" : null,
    "dma200" : 712.68,
    "volume" : 143955.00
  }, {
    "date" : "2025-01-02",
    "price" : 820.35,
    "dma50" : 798.15,
    "dma100" : null,
    "dma200" : 713.75,
    "volume" : 196422.00
  }, {
    "date" : "2025-01-03",
    "price" : 811.45,
    "dma50" : 798.67,
    "dma100" : null,
    "dma200" : 714.72,
    "volume" : 373862.00
  }, {
    "date" : "2025-01-06",
    "price" : 846.30,
    "dma50" : 800.54,
    "dma100" : null,
    "dma200" : 716.03,
    "volume" : 23509304.00
  }, {
    "date" : "2025-01-07",
    "price" : 963.95,
    "dma50" : 806.95,
    "dma100" : null,
    "dma200" : 718.50,
    "volume" : 20998007.00
  }, {
    "date" : "2025-01-08",
    "price" : 948.05,
    "dma50" : 812.48,
    "dma100" : null,
    "dma200" : 720.78,
    "volume" : 25082255.00
  }, {
    "date" : "2025-01-09",
    "price" : 887.80,
    "dma50" : 815.44,
    "dma100" : null,
    "dma200" : 722.44,
    "volume" : 10742012.00
  }, {
    "date" : "2025-01-10",
    "price" : 830.00,
    "dma50" : 816.01,
    "dma100" : null,
    "dma200" : 723.51,
    "volume" : 5965496.00
  }, {
    "date" : "2025-01-13",
    "price" : 814.65,
    "dma50" : 815.95,
    "dma100" : null,
    "dma200" : 724.42,
    "volume" : 17452684.00
  }, {
    "date" : "2025-01-14",
    "price" : 816.45,
    "dma50" : 815.97,
    "dma100" : null,
    "dma200" : 725.33,
    "volume" : 7180349.00
  }, {
    "date" : "2025-01-15",
    "price" : 821.80,
    "dma50" : 816.20,
    "dma100" : null,
    "dma200" : 726.29,
    "volume" : 6144707.00
  }, {
    "date" : "2025-01-16",
    "price" : 831.15,
    "dma50" : 816.79,
    "dma100" : null,
    "dma200" : 727.34,
    "volume" : 1759496.00
  }, {
    "date" : "2025-01-17",
    "price" : 801.00,
    "dma50" : 816.17,
    "dma100" : null,
    "dma200" : 728.07,
    "volume" : 1084879.00
  }, {
    "date" : "2025-01-20",
    "price" : 794.05,
    "dma50" : 815.30,
    "dma100" : null,
    "dma200" : 728.73,
    "volume" : 849108.00
  }, {
    "date" : "2025-01-21",
    "price" : 765.30,
    "dma50" : 813.34,
    "dma100" : null,
    "dma200" : 729.09,
    "volume" : 913843.00
  }, {
    "date" : "2025-01-22",
    "price" : 718.65,
    "dma50" : 809.63,
    "dma100" : null,
    "dma200" : 728.99,
    "volume" : 1136132.00
  }, {
    "date" : "2025-01-23",
    "price" : 707.25,
    "dma50" : 805.61,
    "dma100" : null,
    "dma200" : 728.77,
    "volume" : 1384215.00
  }, {
    "date" : "2025-01-24",
    "price" : 675.15,
    "dma50" : 800.50,
    "dma100" : null,
    "dma200" : 728.24,
    "volume" : 12749029.00
  }, {
    "date" : "2025-01-27",
    "price" : 651.10,
    "dma50" : 794.64,
    "dma100" : null,
    "dma200" : 727.47,
    "volume" : 3650288.00
  }, {
    "date" : "2025-01-28",
    "price" : 635.85,
    "dma50" : 788.41,
    "dma100" : null,
    "dma200" : 726.56,
    "volume" : 2464290.00
  }, {
    "date" : "2025-01-29",
    "price" : 680.30,
    "dma50" : 784.17,
    "dma100" : null,
    "dma200" : 726.10,
    "volume" : 3067021.00
  }, {
    "date" : "2025-01-30",
    "price" : 693.90,
    "dma50" : 780.63,
    "dma100" : null,
    "dma200" : 725.78,
    "volume" : 1043217.00
  }, {
    "date" : "2025-01-31",
    "price" : 700.45,
    "dma50" : 777.49,
    "dma100" : null,
    "dma200" : 725.53,
    "volume" : 1163445.00
  }, {
    "date" : "2025-02-01",
    "price" : 683.10,
    "dma50" : 773.79,
    "dma100" : null,
    "dma200" : 725.10,
    "volume" : 662459.00
  }, {
    "date" : "2025-02-03",
    "price" : 677.75,
    "dma50" : 770.02,
    "dma100" : null,
    "dma200" : 724.63,
    "volume" : 746596.00
  }, {
    "date" : "2025-02-04",
    "price" : 758.75,
    "dma50" : 769.58,
    "dma100" : null,
    "dma200" : 724.97,
    "volume" : 9636468.00
  }, {
    "date" : "2025-02-05",
    "price" : 794.75,
    "dma50" : 770.56,
    "dma100" : null,
    "dma200" : 725.67,
    "volume" : 8079654.00
  }, {
    "date" : "2025-02-06",
    "price" : 811.80,
    "dma50" : 772.18,
    "dma100" : null,
    "dma200" : 726.52,
    "volume" : 5161123.00
  }, {
    "date" : "2025-02-07",
    "price" : 827.65,
    "dma50" : 774.36,
    "dma100" : null,
    "dma200" : 727.53,
    "volume" : 2208936.00
  }, {
    "date" : "2025-02-10",
    "price" : 800.00,
    "dma50" : 775.36,
    "dma100" : null,
    "dma200" : 728.25,
    "volume" : 2159780.00
  }, {
    "date" : "2025-02-11",
    "price" : 763.95,
    "dma50" : 774.91,
    "dma100" : null,
    "dma200" : 728.61,
    "volume" : 1731666.00
  }, {
    "date" : "2025-02-12",
    "price" : 794.25,
    "dma50" : 775.67,
    "dma100" : null,
    "dma200" : 729.26,
    "volume" : 2397638.00
  }, {
    "date" : "2025-02-13",
    "price" : 736.75,
    "dma50" : 774.15,
    "dma100" : null,
    "dma200" : 729.33,
    "volume" : 2493293.00
  }, {
    "date" : "2025-02-14",
    "price" : 717.25,
    "dma50" : 771.92,
    "dma100" : null,
    "dma200" : 729.21,
    "volume" : 2729920.00
  }, {
    "date" : "2025-02-17",
    "price" : 687.40,
    "dma50" : 768.60,
    "dma100" : null,
    "dma200" : 728.80,
    "volume" : 5790622.00
  }, {
    "date" : "2025-02-18",
    "price" : 662.90,
    "dma50" : 764.46,
    "dma100" : null,
    "dma200" : 728.14,
    "volume" : 2053265.00
  }, {
    "date" : "2025-02-19",
    "price" : 761.30,
    "dma50" : 764.33,
    "dma100" : null,
    "dma200" : 728.47,
    "volume" : 14386639.00
  }, {
    "date" : "2025-02-20",
    "price" : 729.25,
    "dma50" : 762.96,
    "dma100" : null,
    "dma200" : 728.48,
    "volume" : 5191581.00
  }, {
    "date" : "2025-02-21",
    "price" : 749.85,
    "dma50" : 762.44,
    "dma100" : null,
    "dma200" : 728.69,
    "volume" : 4415654.00
  }, {
    "date" : "2025-02-24",
    "price" : 751.30,
    "dma50" : 762.01,
    "dma100" : null,
    "dma200" : 728.92,
    "volume" : 3064981.00
  }, {
    "date" : "2025-02-25",
    "price" : 750.05,
    "dma50" : 761.54,
    "dma100" : null,
    "dma200" : 729.13,
    "volume" : 1145003.00
  }, {
    "date" : "2025-02-27",
    "price" : 764.30,
    "dma50" : 761.65,
    "dma100" : null,
    "dma200" : 729.48,
    "volume" : 1744164.00
  }, {
    "date" : "2025-02-28",
    "price" : 760.20,
    "dma50" : 761.59,
    "dma100" : null,
    "dma200" : 729.78,
    "volume" : 1191566.00
  }, {
    "date" : "2025-03-03",
    "price" : 762.65,
    "dma50" : 761.63,
    "dma100" : null,
    "dma200" : 730.11,
    "volume" : 1912026.00
  }, {
    "date" : "2025-03-04",
    "price" : 765.55,
    "dma50" : 761.78,
    "dma100" : null,
    "dma200" : 730.46,
    "volume" : 1094316.00
  }, {
    "date" : "2025-03-05",
    "price" : 778.50,
    "dma50" : 762.44,
    "dma100" : null,
    "dma200" : 730.94,
    "volume" : 567868.00
  }, {
    "date" : "2025-03-06",
    "price" : 774.65,
    "dma50" : 762.92,
    "dma100" : null,
    "dma200" : 731.37,
    "volume" : 1309869.00
  }, {
    "date" : "2025-03-07",
    "price" : 750.05,
    "dma50" : 762.41,
    "dma100" : null,
    "dma200" : 731.56,
    "volume" : 1417660.00
  }, {
    "date" : "2025-03-10",
    "price" : 751.30,
    "dma50" : 761.98,
    "dma100" : null,
    "dma200" : 731.76,
    "volume" : 1029331.00
  }, {
    "date" : "2025-03-11",
    "price" : 711.80,
    "dma50" : 760.01,
    "dma100" : null,
    "dma200" : 731.56,
    "volume" : 789679.00
  }, {
    "date" : "2025-03-12",
    "price" : 735.75,
    "dma50" : 759.06,
    "dma100" : null,
    "dma200" : 731.60,
    "volume" : 1867249.00
  }, {
    "date" : "2025-03-13",
    "price" : 737.05,
    "dma50" : 758.20,
    "dma100" : null,
    "dma200" : 731.65,
    "volume" : 497378.00
  }, {
    "date" : "2025-03-17",
    "price" : 749.00,
    "dma50" : 757.83,
    "dma100" : null,
    "dma200" : 731.83,
    "volume" : 704323.00
  }, {
    "date" : "2025-03-18",
    "price" : 746.85,
    "dma50" : 757.40,
    "dma100" : null,
    "dma200" : 731.98,
    "volume" : 457170.00
  }, {
    "date" : "2025-03-19",
    "price" : 778.15,
    "dma50" : 758.22,
    "dma100" : null,
    "dma200" : 732.44,
    "volume" : 715720.00
  }, {
    "date" : "2025-03-20",
    "price" : 791.15,
    "dma50" : 759.51,
    "dma100" : null,
    "dma200" : 733.02,
    "volume" : 633369.00
  }, {
    "date" : "2025-03-21",
    "price" : 795.70,
    "dma50" : 760.93,
    "dma100" : null,
    "dma200" : 733.64,
    "volume" : 529665.00
  }, {
    "date" : "2025-03-24",
    "price" : 789.10,
    "dma50" : 762.03,
    "dma100" : null,
    "dma200" : 734.20,
    "volume" : 454619.00
  }, {
    "date" : "2025-03-25",
    "price" : 783.05,
    "dma50" : 762.86,
    "dma100" : null,
    "dma200" : 734.68,
    "volume" : 1164066.00
  }, {
    "date" : "2025-03-26",
    "price" : 786.75,
    "dma50" : 763.79,
    "dma100" : null,
    "dma200" : 735.20,
    "volume" : 579866.00
  }, {
    "date" : "2025-03-27",
    "price" : 902.60,
    "dma50" : 769.24,
    "dma100" : null,
    "dma200" : 736.87,
    "volume" : 3788261.00
  }, {
    "date" : "2025-03-28",
    "price" : 805.45,
    "dma50" : 770.66,
    "dma100" : null,
    "dma200" : 737.55,
    "volume" : 3146360.00
  }, {
    "date" : "2025-04-01",
    "price" : 781.80,
    "dma50" : 771.09,
    "dma100" : null,
    "dma200" : 737.99,
    "volume" : 1543060.00
  }, {
    "date" : "2025-04-02",
    "price" : 802.65,
    "dma50" : 772.33,
    "dma100" : null,
    "dma200" : 738.63,
    "volume" : 9073783.00
  }, {
    "date" : "2025-04-03",
    "price" : 809.35,
    "dma50" : 773.78,
    "dma100" : null,
    "dma200" : 739.34,
    "volume" : 1183676.00
  }, {
    "date" : "2025-04-04",
    "price" : 777.75,
    "dma50" : 773.94,
    "dma100" : null,
    "dma200" : 739.72,
    "volume" : 950976.00
  }, {
    "date" : "2025-04-07",
    "price" : 794.50,
    "dma50" : 774.75,
    "dma100" : null,
    "dma200" : 740.26,
    "volume" : 2887307.00
  }, {
    "date" : "2025-04-08",
    "price" : 778.35,
    "dma50" : 774.89,
    "dma100" : null,
    "dma200" : 740.64,
    "volume" : 1156235.00
  }, {
    "date" : "2025-04-09",
    "price" : 772.05,
    "dma50" : 774.78,
    "dma100" : null,
    "dma200" : 740.95,
    "volume" : 518116.00
  }, {
    "date" : "2025-04-11",
    "price" : 755.75,
    "dma50" : 774.03,
    "dma100" : null,
    "dma200" : 741.10,
    "volume" : 854315.00
  }, {
    "date" : "2025-04-15",
    "price" : 766.05,
    "dma50" : 773.72,
    "dma100" : null,
    "dma200" : 741.35,
    "volume" : 671660.00
  }, {
    "date" : "2025-04-16",
    "price" : 806.30,
    "dma50" : 774.99,
    "dma100" : null,
    "dma200" : 742.00,
    "volume" : 7894625.00
  }, {
    "date" : "2025-04-17",
    "price" : 787.00,
    "dma50" : 775.47,
    "dma100" : null,
    "dma200" : 742.44,
    "volume" : 951289.00
  }, {
    "date" : "2025-04-21",
    "price" : 798.00,
    "dma50" : 776.35,
    "dma100" : null,
    "dma200" : 743.00,
    "volume" : 896800.00
  }, {
    "date" : "2025-04-22",
    "price" : 794.25,
    "dma50" : 777.05,
    "dma100" : null,
    "dma200" : 743.51,
    "volume" : 764884.00
  }, {
    "date" : "2025-04-23",
    "price" : 780.05,
    "dma50" : 777.17,
    "dma100" : null,
    "dma200" : 743.87,
    "volume" : 612299.00
  }, {
    "date" : "2025-04-24",
    "price" : 774.70,
    "dma50" : 777.07,
    "dma100" : null,
    "dma200" : 744.18,
    "volume" : 592483.00
  }, {
    "date" : "2025-04-25",
    "price" : 775.95,
    "dma50" : 777.03,
    "dma100" : null,
    "dma200" : 744.49,
    "volume" : 849951.00
  }, {
    "date" : "2025-04-28",
    "price" : 780.25,
    "dma50" : 777.15,
    "dma100" : null,
    "dma200" : 744.85,
    "volume" : 356045.00
  }, {
    "date" : "2025-04-29",
    "price" : 790.75,
    "dma50" : 777.69,
    "dma100" : null,
    "dma200" : 745.31,
    "volume" : 662769.00
  }, {
    "date" : "2025-04-30",
    "price" : 785.40,
    "dma50" : 777.99,
    "dma100" : null,
    "dma200" : 745.70,
    "volume" : 541025.00
  }, {
    "date" : "2025-05-02",
    "price" : 774.20,
    "dma50" : 777.84,
    "dma100" : null,
    "dma200" : 745.99,
    "volume" : 493123.00
  }, {
    "date" : "2025-05-05",
    "price" : 792.05,
    "dma50" : 778.40,
    "dma100" : null,
    "dma200" : 746.45,
    "volume" : 724129.00
  }, {
    "date" : "2025-05-06",
    "price" : 785.05,
    "dma50" : 778.66,
    "dma100" : null,
    "dma200" : 746.83,
    "volume" : 377259.00
  }, {
    "date" : "2025-05-07",
    "price" : 790.10,
    "dma50" : 779.11,
    "dma100" : null,
    "dma200" : 747.26,
    "volume" : 373696.00
  }, {
    "date" : "2025-05-08",
    "price" : 798.45,
    "dma50" : 779.87,
    "dma100" : null,
    "dma200" : 747.77,
    "volume" : 8099635.00
  }, {
    "date" : "2025-05-09",
    "price" : 795.80,
    "dma50" : 780.49,
    "dma100" : null,
    "dma200" : 748.25,
    "volume" : 1730316.00
  }, {
    "date" : "2025-05-12",
    "price" : 817.35,
    "dma50" : 781.94,
    "dma100" : null,
    "dma200" : 748.94,
    "volume" : 718835.00
  }, {
    "date" : "2025-05-13",
    "price" : 812.55,
    "dma50" : 783.14,
    "dma100" : null,
    "dma200" : 749.57,
    "volume" : 504752.00
  }, {
    "date" : "2025-05-14",
    "price" : 813.95,
    "dma50" : 784.35,
    "dma100" : null,
    "dma200" : 750.21,
    "volume" : 1692587.00
  }, {
    "date" : "2025-05-15",
    "price" : 828.00,
    "dma50" : 786.06,
    "dma100" : null,
    "dma200" : 750.98,
    "volume" : 833691.00
  }, {
    "date" : "2025-05-16",
    "price" : 867.55,
    "dma50" : 789.25,
    "dma100" : null,
    "dma200" : 752.14,
    "volume" : 1516319.00
  }, {
    "date" : "2025-05-19",
    "price" : 906.00,
    "dma50" : 793.83,
    "dma100" : null,
    "dma200" : 753.67,
    "volume" : 2523838.00
  }, {
    "date" : "2025-05-20",
    "price" : 930.65,
    "dma50" : 799.20,
    "dma100" : null,
    "dma200" : 755.44,
    "volume" : 2638013.00
  }, {
    "date" : "2025-05-21",
    "price" : 891.55,
    "dma50" : 802.82,
    "dma100" : null,
    "dma200" : 756.79,
    "volume" : 1219507.00
  }, {
    "date" : "2025-05-22",
    "price" : 870.45,
    "dma50" : 805.47,
    "dma100" : null,
    "dma200" : 757.92,
    "volume" : 974542.00
  }, {
    "date" : "2025-05-23",
    "price" : 832.00,
    "dma50" : 806.51,
    "dma100" : null,
    "dma200" : 758.66,
    "volume" : 948049.00
  }, {
    "date" : "2025-05-26",
    "price" : 807.20,
    "dma50" : 806.54,
    "dma100" : null,
    "dma200" : 759.14,
    "volume" : 733809.00
  }, {
    "date" : "2025-05-27",
    "price" : 809.25,
    "dma50" : 806.64,
    "dma100" : 783.60,
    "dma200" : 759.64,
    "volume" : 1290456.00
  }, {
    "date" : "2025-05-28",
    "price" : 800.10,
    "dma50" : 806.39,
    "dma100" : 783.40,
    "dma200" : 760.04,
    "volume" : 706463.00
  }, {
    "date" : "2025-05-29",
    "price" : 789.15,
    "dma50" : 805.71,
    "dma100" : 783.15,
    "dma200" : 760.33,
    "volume" : 419953.00
  }, {
    "date" : "2025-05-30",
    "price" : 796.90,
    "dma50" : 805.37,
    "dma100" : 782.91,
    "dma200" : 760.70,
    "volume" : 1306590.00
  }, {
    "date" : "2025-06-02",
    "price" : 789.90,
    "dma50" : 804.76,
    "dma100" : 782.70,
    "dma200" : 760.99,
    "volume" : 779540.00
  }, {
    "date" : "2025-06-03",
    "price" : 787.30,
    "dma50" : 804.08,
    "dma100" : 782.11,
    "dma200" : 761.25,
    "volume" : 383990.00
  }, {
    "date" : "2025-06-04",
    "price" : 799.50,
    "dma50" : 803.90,
    "dma100" : 780.46,
    "dma200" : 761.63,
    "volume" : 392986.00
  }, {
    "date" : "2025-06-05",
    "price" : 806.05,
    "dma50" : 803.98,
    "dma100" : 779.04,
    "dma200" : 762.07,
    "volume" : 637367.00
  }, {
    "date" : "2025-06-06",
    "price" : 799.95,
    "dma50" : 803.82,
    "dma100" : 778.17,
    "dma200" : 762.45,
    "volume" : 328061.00
  }, {
    "date" : "2025-06-09",
    "price" : 803.55,
    "dma50" : 803.81,
    "dma100" : 777.90,
    "dma200" : 762.86,
    "volume" : 437428.00
  }, {
    "date" : "2025-06-10",
    "price" : 801.00,
    "dma50" : 803.70,
    "dma100" : 777.77,
    "dma200" : 763.24,
    "volume" : 332663.00
  }, {
    "date" : "2025-06-11",
    "price" : 802.50,
    "dma50" : 803.65,
    "dma100" : 777.63,
    "dma200" : 763.63,
    "volume" : 630705.00
  }, {
    "date" : "2025-06-12",
    "price" : 802.25,
    "dma50" : 803.60,
    "dma100" : 777.43,
    "dma200" : 764.01,
    "volume" : 366404.00
  }, {
    "date" : "2025-06-13",
    "price" : 790.30,
    "dma50" : 803.08,
    "dma100" : 777.02,
    "dma200" : 764.27,
    "volume" : 172748.00
  }, {
    "date" : "2025-06-16",
    "price" : 775.25,
    "dma50" : 801.99,
    "dma100" : 776.76,
    "dma200" : 764.38,
    "volume" : 325482.00
  }, {
    "date" : "2025-06-17",
    "price" : 784.30,
    "dma50" : 801.29,
    "dma100" : 776.67,
    "dma200" : 764.58,
    "volume" : 279859.00
  }, {
    "date" : "2025-06-18",
    "price" : 774.50,
    "dma50" : 800.24,
    "dma100" : 776.76,
    "dma200" : 764.68,
    "volume" : 195642.00
  }, {
    "date" : "2025-06-19",
    "price" : 800.85,
    "dma50" : 800.27,
    "dma100" : 777.58,
    "dma200" : 765.04,
    "volume" : 3027540.00
  }, {
    "date" : "2025-06-20",
    "price" : 787.45,
    "dma50" : 799.76,
    "dma100" : 778.38,
    "dma200" : 765.26,
    "volume" : 1457374.00
  }, {
    "date" : "2025-06-23",
    "price" : 785.60,
    "dma50" : 799.21,
    "dma100" : 779.49,
    "dma200" : 765.46,
    "volume" : 313674.00
  }, {
    "date" : "2025-06-24",
    "price" : 787.40,
    "dma50" : 798.74,
    "dma100" : 780.85,
    "dma200" : 765.68,
    "volume" : 375765.00
  }, {
    "date" : "2025-06-25",
    "price" : 796.10,
    "dma50" : 798.64,
    "dma100" : 782.45,
    "dma200" : 765.98,
    "volume" : 280040.00
  }, {
    "date" : "2025-06-26",
    "price" : 825.40,
    "dma50" : 799.69,
    "dma100" : 783.90,
    "dma200" : 766.58,
    "volume" : 2220911.00
  }, {
    "date" : "2025-06-27",
    "price" : 781.15,
    "dma50" : 798.96,
    "dma100" : 784.78,
    "dma200" : 766.72,
    "volume" : 2396611.00
  }, {
    "date" : "2025-06-30",
    "price" : 775.80,
    "dma50" : 798.05,
    "dma100" : 785.53,
    "dma200" : 766.81,
    "volume" : 992361.00
  }, {
    "date" : "2025-07-01",
    "price" : 744.55,
    "dma50" : 795.96,
    "dma100" : 786.14,
    "dma200" : 766.59,
    "volume" : 2117051.00
  }, {
    "date" : "2025-07-02",
    "price" : 745.55,
    "dma50" : 793.98,
    "dma100" : 786.82,
    "dma200" : 766.38,
    "volume" : 560154.00
  }, {
    "date" : "2025-07-03",
    "price" : 747.60,
    "dma50" : 792.16,
    "dma100" : 786.71,
    "dma200" : 766.19,
    "volume" : 439046.00
  }, {
    "date" : "2025-07-04",
    "price" : 754.05,
    "dma50" : 790.67,
    "dma100" : 786.30,
    "dma200" : 766.07,
    "volume" : 438658.00
  }, {
    "date" : "2025-07-07",
    "price" : 758.40,
    "dma50" : 789.40,
    "dma100" : 785.77,
    "dma200" : 766.00,
    "volume" : 483490.00
  }, {
    "date" : "2025-07-08",
    "price" : 755.25,
    "dma50" : 788.06,
    "dma100" : 785.05,
    "dma200" : 765.89,
    "volume" : 298798.00
  }, {
    "date" : "2025-07-09",
    "price" : 743.45,
    "dma50" : 786.31,
    "dma100" : 784.48,
    "dma200" : 765.67,
    "volume" : 474898.00
  }, {
    "date" : "2025-07-10",
    "price" : 747.75,
    "dma50" : 784.80,
    "dma100" : 784.32,
    "dma200" : 765.49,
    "volume" : 251286.00
  }, {
    "date" : "2025-07-11",
    "price" : 738.80,
    "dma50" : 783.00,
    "dma100" : 783.76,
    "dma200" : 765.22,
    "volume" : 385081.00
  }, {
    "date" : "2025-07-14",
    "price" : 737.85,
    "dma50" : 781.23,
    "dma100" : 783.77,
    "dma200" : 764.95,
    "volume" : 498832.00
  }, {
    "date" : "2025-07-15",
    "price" : 751.05,
    "dma50" : 780.04,
    "dma100" : 784.11,
    "dma200" : 764.81,
    "volume" : 321656.00
  }, {
    "date" : "2025-07-16",
    "price" : 745.60,
    "dma50" : 778.69,
    "dma100" : 784.69,
    "dma200" : 764.62,
    "volume" : 260017.00
  }, {
    "date" : "2025-07-17",
    "price" : 751.55,
    "dma50" : 777.63,
    "dma100" : 785.58,
    "dma200" : 764.49,
    "volume" : 238714.00
  }, {
    "date" : "2025-07-18",
    "price" : 741.15,
    "dma50" : 776.20,
    "dma100" : 785.38,
    "dma200" : 764.26,
    "volume" : 309314.00
  }, {
    "date" : "2025-07-21",
    "price" : 757.00,
    "dma50" : 775.44,
    "dma100" : 785.66,
    "dma200" : 764.19,
    "volume" : 440222.00
  }, {
    "date" : "2025-07-22",
    "price" : 751.90,
    "dma50" : 774.52,
    "dma100" : 785.68,
    "dma200" : 764.06,
    "volume" : 262737.00
  }, {
    "date" : "2025-07-23",
    "price" : 753.45,
    "dma50" : 773.69,
    "dma100" : 785.70,
    "dma200" : 763.96,
    "volume" : 199414.00
  }, {
    "date" : "2025-07-24",
    "price" : 752.35,
    "dma50" : 772.86,
    "dma100" : 785.72,
    "dma200" : 763.84,
    "volume" : 191125.00
  }, {
    "date" : "2025-07-25",
    "price" : 736.20,
    "dma50" : 771.42,
    "dma100" : 785.44,
    "dma200" : 763.57,
    "volume" : 209352.00
  }, {
    "date" : "2025-07-28",
    "price" : 733.00,
    "dma50" : 769.91,
    "dma100" : 785.17,
    "dma200" : 763.26,
    "volume" : 200204.00
  }, {
    "date" : "2025-07-29",
    "price" : 725.05,
    "dma50" : 768.15,
    "dma100" : 784.79,
    "dma200" : 762.88,
    "volume" : 177197.00
  }, {
    "date" : "2025-07-30",
    "price" : 722.75,
    "dma50" : 766.37,
    "dma100" : 784.37,
    "dma200" : 762.48,
    "volume" : 140065.00
  }, {
    "date" : "2025-07-31",
    "price" : 719.70,
    "dma50" : 764.54,
    "dma100" : 783.78,
    "dma200" : 762.06,
    "volume" : 315617.00
  }, {
    "date" : "2025-08-01",
    "price" : 707.05,
    "dma50" : 762.29,
    "dma100" : 783.10,
    "dma200" : 761.51,
    "volume" : 348553.00
  }, {
    "date" : "2025-08-04",
    "price" : 731.95,
    "dma50" : 761.10,
    "dma100" : 782.92,
    "dma200" : 761.22,
    "volume" : 989013.00
  }, {
    "date" : "2025-08-05",
    "price" : 721.25,
    "dma50" : 759.54,
    "dma100" : 782.62,
    "dma200" : 760.82,
    "volume" : 150235.00
  }, {
    "date" : "2025-08-06",
    "price" : 712.15,
    "dma50" : 757.68,
    "dma100" : 782.62,
    "dma200" : 760.33,
    "volume" : 339023.00
  }, {
    "date" : "2025-08-07",
    "price" : 721.35,
    "dma50" : 756.25,
    "dma100" : 782.48,
    "dma200" : 759.95,
    "volume" : 329165.00
  }, {
    "date" : "2025-08-08",
    "price" : 712.80,
    "dma50" : 754.55,
    "dma100" : 782.24,
    "dma200" : 759.48,
    "volume" : 167257.00
  }, {
    "date" : "2025-08-11",
    "price" : 707.40,
    "dma50" : 752.70,
    "dma100" : 781.82,
    "dma200" : 758.96,
    "volume" : 150871.00
  }, {
    "date" : "2025-08-12",
    "price" : 720.45,
    "dma50" : 751.44,
    "dma100" : 781.56,
    "dma200" : 758.58,
    "volume" : 143234.00
  }, {
    "date" : "2025-08-13",
    "price" : 725.10,
    "dma50" : 750.40,
    "dma100" : 781.03,
    "dma200" : 758.24,
    "volume" : 123690.00
  }, {
    "date" : "2025-08-14",
    "price" : 700.15,
    "dma50" : 748.43,
    "dma100" : 780.12,
    "dma200" : 757.67,
    "volume" : 262722.00
  }, {
    "date" : "2025-08-18",
    "price" : 694.00,
    "dma50" : 746.30,
    "dma100" : 779.10,
    "dma200" : 757.03,
    "volume" : 304996.00
  }, {
    "date" : "2025-08-19",
    "price" : 697.50,
    "dma50" : 744.38,
    "dma100" : 778.18,
    "dma200" : 756.44,
    "volume" : 229675.00
  }, {
    "date" : "2025-08-20",
    "price" : 737.40,
    "dma50" : 744.11,
    "dma100" : 777.73,
    "dma200" : 756.25,
    "volume" : 1266227.00
  }, {
    "date" : "2025-08-21",
    "price" : 741.15,
    "dma50" : 743.99,
    "dma100" : 777.27,
    "dma200" : 756.10,
    "volume" : 262921.00
  }, {
    "date" : "2025-08-22",
    "price" : 735.05,
    "dma50" : 743.64,
    "dma100" : 775.60,
    "dma200" : 755.89,
    "volume" : 109685.00
  }, {
    "date" : "2025-08-25",
    "price" : 725.20,
    "dma50" : 742.92,
    "dma100" : 774.79,
    "dma200" : 755.58,
    "volume" : 182817.00
  }, {
    "date" : "2025-08-26",
    "price" : 699.10,
    "dma50" : 741.20,
    "dma100" : 773.97,
    "dma200" : 755.02,
    "volume" : 285697.00
  }, {
    "date" : "2025-08-28",
    "price" : 694.70,
    "dma50" : 739.38,
    "dma100" : 772.89,
    "dma200" : 754.42,
    "volume" : 200615.00
  }, {
    "date" : "2025-08-29",
    "price" : 672.15,
    "dma50" : 736.74,
    "dma100" : 771.51,
    "dma200" : 753.60,
    "volume" : 658397.00
  }, {
    "date" : "2025-09-01",
    "price" : 694.95,
    "dma50" : 735.10,
    "dma100" : 770.69,
    "dma200" : 753.02,
    "volume" : 254684.00
  }, {
    "date" : "2025-09-02",
    "price" : 691.50,
    "dma50" : 733.39,
    "dma100" : 769.66,
    "dma200" : 752.41,
    "volume" : 207738.00
  }, {
    "date" : "2025-09-03",
    "price" : 701.70,
    "dma50" : 732.15,
    "dma100" : 768.89,
    "dma200" : 751.90,
    "volume" : 164633.00
  }, {
    "date" : "2025-09-04",
    "price" : 698.60,
    "dma50" : 730.83,
    "dma100" : 768.15,
    "dma200" : 751.37,
    "volume" : 146355.00
  }, {
    "date" : "2025-09-05",
    "price" : 707.35,
    "dma50" : 729.91,
    "dma100" : 767.67,
    "dma200" : 750.94,
    "volume" : 153197.00
  }, {
    "date" : "2025-09-08",
    "price" : 709.40,
    "dma50" : 729.11,
    "dma100" : 767.10,
    "dma200" : 750.52,
    "volume" : 155621.00
  }, {
    "date" : "2025-09-09",
    "price" : 702.00,
    "dma50" : 728.05,
    "dma100" : 766.06,
    "dma200" : 750.04,
    "volume" : 210423.00
  }, {
    "date" : "2025-09-10",
    "price" : 701.90,
    "dma50" : 727.02,
    "dma100" : 765.21,
    "dma200" : 749.56,
    "volume" : 168393.00
  }, {
    "date" : "2025-09-11",
    "price" : 714.85,
    "dma50" : 726.54,
    "dma100" : 764.38,
    "dma200" : 749.21,
    "volume" : 482497.00
  }, {
    "date" : "2025-09-12",
    "price" : 702.25,
    "dma50" : 725.59,
    "dma100" : 763.46,
    "dma200" : 748.75,
    "volume" : 202375.00
  }, {
    "date" : "2025-09-15",
    "price" : 758.90,
    "dma50" : 726.90,
    "dma100" : 763.25,
    "dma200" : 748.85,
    "volume" : 5092511.00
  }, {
    "date" : "2025-09-16",
    "price" : 800.45,
    "dma50" : 729.78,
    "dma100" : 763.50,
    "dma200" : 749.36,
    "volume" : 11840259.00
  }, {
    "date" : "2025-09-17",
    "price" : 800.95,
    "dma50" : 732.57,
    "dma100" : 763.75,
    "dma200" : 749.88,
    "volume" : 1630371.00
  }, {
    "date" : "2025-09-18",
    "price" : 784.75,
    "dma50" : 734.62,
    "dma100" : 763.80,
    "dma200" : 750.22,
    "volume" : 573931.00
  }, {
    "date" : "2025-09-19",
    "price" : 791.55,
    "dma50" : 736.85,
    "dma100" : 763.81,
    "dma200" : 750.63,
    "volume" : 678247.00
  }, {
    "date" : "2025-09-22",
    "price" : 772.50,
    "dma50" : 738.25,
    "dma100" : 763.68,
    "dma200" : 750.85,
    "volume" : 569467.00
  }, {
    "date" : "2025-09-23",
    "price" : 782.15,
    "dma50" : 739.97,
    "dma100" : 763.76,
    "dma200" : 751.16,
    "volume" : 235442.00
  }, {
    "date" : "2025-09-24",
    "price" : 762.30,
    "dma50" : 740.85,
    "dma100" : 763.46,
    "dma200" : 751.27,
    "volume" : 454573.00
  }, {
    "date" : "2025-09-25",
    "price" : 773.90,
    "dma50" : 742.14,
    "dma100" : 763.35,
    "dma200" : 751.50,
    "volume" : 621690.00
  }, {
    "date" : "2025-09-26",
    "price" : 748.50,
    "dma50" : 742.39,
    "dma100" : 762.93,
    "dma200" : 751.47,
    "volume" : 304342.00
  }, {
    "date" : "2025-09-29",
    "price" : 738.80,
    "dma50" : 742.25,
    "dma100" : 762.34,
    "dma200" : 751.34,
    "volume" : 966200.00
  }, {
    "date" : "2025-09-30",
    "price" : 765.75,
    "dma50" : 743.17,
    "dma100" : 762.04,
    "dma200" : 751.49,
    "volume" : 1156520.00
  }, {
    "date" : "2025-10-01",
    "price" : 787.20,
    "dma50" : 744.90,
    "dma100" : 761.73,
    "dma200" : 751.84,
    "volume" : 1505351.00
  }, {
    "date" : "2025-10-03",
    "price" : 881.15,
    "dma50" : 750.24,
    "dma100" : 762.42,
    "dma200" : 753.13,
    "volume" : 11672280.00
  }, {
    "date" : "2025-10-06",
    "price" : 831.00,
    "dma50" : 753.41,
    "dma100" : 762.59,
    "dma200" : 753.90,
    "volume" : 1524759.00
  }, {
    "date" : "2025-10-07",
    "price" : 820.35,
    "dma50" : 756.03,
    "dma100" : 762.51,
    "dma200" : 754.56,
    "volume" : 1151432.00
  }, {
    "date" : "2025-10-08",
    "price" : 807.55,
    "dma50" : 758.05,
    "dma100" : 761.91,
    "dma200" : 755.09,
    "volume" : 861628.00
  }, {
    "date" : "2025-10-09",
    "price" : 805.90,
    "dma50" : 759.93,
    "dma100" : 760.91,
    "dma200" : 755.60,
    "volume" : 432607.00
  }, {
    "date" : "2025-10-10",
    "price" : 812.50,
    "dma50" : 761.99,
    "dma100" : 759.73,
    "dma200" : 756.16,
    "volume" : 316376.00
  }, {
    "date" : "2025-10-13",
    "price" : 811.10,
    "dma50" : 763.92,
    "dma100" : 758.93,
    "dma200" : 756.71,
    "volume" : 483170.00
  }, {
    "date" : "2025-10-14",
    "price" : 808.35,
    "dma50" : 765.66,
    "dma100" : 758.31,
    "dma200" : 757.22,
    "volume" : 972790.00
  }, {
    "date" : "2025-10-15",
    "price" : 813.30,
    "dma50" : 767.53,
    "dma100" : 758.12,
    "dma200" : 757.78,
    "volume" : 390383.00
  }, {
    "date" : "2025-10-16",
    "price" : 802.85,
    "dma50" : 768.91,
    "dma100" : 758.08,
    "dma200" : 758.23,
    "volume" : 228367.00
  }, {
    "date" : "2025-10-17",
    "price" : 805.90,
    "dma50" : 770.36,
    "dma100" : 758.04,
    "dma200" : 758.70,
    "volume" : 191031.00
  }, {
    "date" : "2025-10-20",
    "price" : 802.10,
    "dma50" : 771.61,
    "dma100" : 758.06,
    "dma200" : 759.14,
    "volume" : 193519.00
  }, {
    "date" : "2025-10-21",
    "price" : 802.65,
    "dma50" : 772.83,
    "dma100" : 758.20,
    "dma200" : 759.57,
    "volume" : 39813.00
  }, {
    "date" : "2025-10-23",
    "price" : 798.55,
    "dma50" : 773.83,
    "dma100" : 758.21,
    "dma200" : 759.96,
    "volume" : 177940.00
  }, {
    "date" : "2025-10-24",
    "price" : 782.60,
    "dma50" : 774.18,
    "dma100" : 758.14,
    "dma200" : 760.18,
    "volume" : 214134.00
  }, {
    "date" : "2025-10-27",
    "price" : 807.00,
    "dma50" : 775.47,
    "dma100" : 758.34,
    "dma200" : 760.65,
    "volume" : 449511.00
  }, {
    "date" : "2025-10-28",
    "price" : 802.85,
    "dma50" : 776.54,
    "dma100" : 758.37,
    "dma200" : 761.07,
    "volume" : 203728.00
  }, {
    "date" : "2025-10-29",
    "price" : 785.35,
    "dma50" : 776.89,
    "dma100" : 758.17,
    "dma200" : 761.31,
    "volume" : 325991.00
  }, {
    "date" : "2025-10-30",
    "price" : 770.05,
    "dma50" : 776.62,
    "dma100" : 757.87,
    "dma200" : 761.40,
    "volume" : 396957.00
  }, {
    "date" : "2025-10-31",
    "price" : 750.15,
    "dma50" : 775.58,
    "dma100" : 757.33,
    "dma200" : 761.28,
    "volume" : 550117.00
  }, {
    "date" : "2025-11-03",
    "price" : 768.10,
    "dma50" : 775.29,
    "dma100" : 757.00,
    "dma200" : 761.35,
    "volume" : 912320.00
  }, {
    "date" : "2025-11-04",
    "price" : 763.00,
    "dma50" : 774.80,
    "dma100" : 756.61,
    "dma200" : 761.37,
    "volume" : 267243.00
  }, {
    "date" : "2025-11-06",
    "price" : 766.60,
    "dma50" : 774.48,
    "dma100" : 756.25,
    "dma200" : 761.42,
    "volume" : 372155.00
  }, {
    "date" : "2025-11-07",
    "price" : 761.35,
    "dma50" : 773.97,
    "dma100" : 755.96,
    "dma200" : 761.42,
    "volume" : 1557327.00
  }, {
    "date" : "2025-11-10",
    "price" : 769.60,
    "dma50" : 773.80,
    "dma100" : 755.91,
    "dma200" : 761.50,
    "volume" : 669887.00
  }, {
    "date" : "2025-11-11",
    "price" : 780.05,
    "dma50" : 774.04,
    "dma100" : 755.86,
    "dma200" : 761.69,
    "volume" : 867777.00
  }, {
    "date" : "2025-11-12",
    "price" : 799.70,
    "dma50" : 775.05,
    "dma100" : 756.12,
    "dma200" : 762.06,
    "volume" : 2145644.00
  }, {
    "date" : "2025-11-13",
    "price" : 801.80,
    "dma50" : 776.10,
    "dma100" : 756.12,
    "dma200" : 762.46,
    "volume" : 736037.00
  }, {
    "date" : "2025-11-14",
    "price" : 791.95,
    "dma50" : 776.72,
    "dma100" : 756.17,
    "dma200" : 762.75,
    "volume" : 449732.00
  }, {
    "date" : "2025-11-17",
    "price" : 796.95,
    "dma50" : 777.51,
    "dma100" : 756.28,
    "dma200" : 763.09,
    "volume" : 309392.00
  }, {
    "date" : "2025-11-18",
    "price" : 790.90,
    "dma50" : 778.04,
    "dma100" : 756.32,
    "dma200" : 763.37,
    "volume" : 239577.00
  }, {
    "date" : "2025-11-19",
    "price" : 788.35,
    "dma50" : 778.44,
    "dma100" : 756.24,
    "dma200" : 763.62,
    "volume" : 197692.00
  }, {
    "date" : "2025-11-20",
    "price" : 777.55,
    "dma50" : 778.41,
    "dma100" : 755.76,
    "dma200" : 763.76,
    "volume" : 227473.00
  }, {
    "date" : "2025-11-21",
    "price" : 765.20,
    "dma50" : 777.89,
    "dma100" : 755.60,
    "dma200" : 763.77,
    "volume" : 228265.00
  }, {
    "date" : "2025-11-24",
    "price" : 762.20,
    "dma50" : 777.27,
    "dma100" : 755.47,
    "dma200" : 763.76,
    "volume" : 534846.00
  }, {
    "date" : "2025-11-25",
    "price" : 766.55,
    "dma50" : 776.85,
    "dma100" : 755.69,
    "dma200" : 763.78,
    "volume" : 181518.00
  }, {
    "date" : "2025-11-26",
    "price" : 761.50,
    "dma50" : 776.25,
    "dma100" : 755.85,
    "dma200" : 763.76,
    "volume" : 199240.00
  }, {
    "date" : "2025-11-27",
    "price" : 760.70,
    "dma50" : 775.64,
    "dma100" : 755.98,
    "dma200" : 763.73,
    "volume" : 174033.00
  }, {
    "date" : "2025-11-28",
    "price" : 763.65,
    "dma50" : 775.17,
    "dma100" : 756.07,
    "dma200" : 763.73,
    "volume" : 291135.00
  }, {
    "date" : "2025-12-01",
    "price" : 767.45,
    "dma50" : 774.87,
    "dma100" : 756.16,
    "dma200" : 763.77,
    "volume" : 366083.00
  }, {
    "date" : "2025-12-02",
    "price" : 774.05,
    "dma50" : 774.84,
    "dma100" : 756.35,
    "dma200" : 763.87,
    "volume" : 379359.00
  }, {
    "date" : "2025-12-03",
    "price" : 769.30,
    "dma50" : 774.62,
    "dma100" : 756.61,
    "dma200" : 763.92,
    "volume" : 510754.00
  }, {
    "date" : "2025-12-04",
    "price" : 761.35,
    "dma50" : 774.10,
    "dma100" : 756.75,
    "dma200" : 763.90,
    "volume" : 164396.00
  }, {
    "date" : "2025-12-05",
    "price" : 740.95,
    "dma50" : 772.80,
    "dma100" : 756.77,
    "dma200" : 763.67,
    "volume" : 279651.00
  }, {
    "date" : "2025-12-08",
    "price" : 729.90,
    "dma50" : 771.12,
    "dma100" : 756.69,
    "dma200" : 763.33,
    "volume" : 315161.00
  }, {
    "date" : "2025-12-09",
    "price" : 752.65,
    "dma50" : 770.39,
    "dma100" : 756.70,
    "dma200" : 763.23,
    "volume" : 573510.00
  }, {
    "date" : "2025-12-10",
    "price" : 737.45,
    "dma50" : 769.10,
    "dma100" : 756.62,
    "dma200" : 762.97,
    "volume" : 159955.00
  }, {
    "date" : "2025-12-11",
    "price" : 734.55,
    "dma50" : 767.75,
    "dma100" : 756.45,
    "dma200" : 762.69,
    "volume" : 119849.00
  }, {
    "date" : "2025-12-12",
    "price" : 750.70,
    "dma50" : 767.08,
    "dma100" : 756.55,
    "dma200" : 762.57,
    "volume" : 347344.00
  }, {
    "date" : "2025-12-15",
    "price" : 751.05,
    "dma50" : 766.45,
    "dma100" : 756.49,
    "dma200" : 762.45,
    "volume" : 102353.00
  }, {
    "date" : "2025-12-16",
    "price" : 741.30,
    "dma50" : 765.46,
    "dma100" : 756.38,
    "dma200" : 762.24,
    "volume" : 213245.00
  }, {
    "date" : "2025-12-17",
    "price" : 730.80,
    "dma50" : 764.10,
    "dma100" : 756.16,
    "dma200" : 761.93,
    "volume" : 125432.00
  }, {
    "date" : "2025-12-18",
    "price" : 729.70,
    "dma50" : 762.75,
    "dma100" : 755.93,
    "dma200" : 761.61,
    "volume" : 83155.00
  }, {
    "date" : "2025-12-19",
    "price" : 736.25,
    "dma50" : 761.71,
    "dma100" : 755.93,
    "dma200" : 761.36,
    "volume" : 157485.00
  }, {
    "date" : "2025-12-22",
    "price" : 736.95,
    "dma50" : 760.74,
    "dma100" : 755.97,
    "dma200" : 761.11,
    "volume" : 167887.00
  }, {
    "date" : "2025-12-23",
    "price" : 734.45,
    "dma50" : 759.71,
    "dma100" : 756.06,
    "dma200" : 760.85,
    "volume" : 113487.00
  }, {
    "date" : "2025-12-24",
    "price" : 725.95,
    "dma50" : 758.39,
    "dma100" : 756.10,
    "dma200" : 760.50,
    "volume" : 116850.00
  }, {
    "date" : "2025-12-26",
    "price" : 720.80,
    "dma50" : 756.91,
    "dma100" : 756.11,
    "dma200" : 760.11,
    "volume" : 128559.00
  } ],
  "latestTechnicalAttributes" : {
    "date" : "2025-12-26",
    "price" : 720.80,
    "dma50" : 756.91,
    "dma100" : 756.11,
    "dma200" : 760.11,
    "volume" : 128559.00
  },
  "quarterlyResults" : [ {
    "date" : "2005-03-31",
    "sales" : 38.61,
    "salesGrowthYoY" : null,
    "grossProfitMargin" : 46.62,
    "grossProfit" : 18.00,
    "operatingProfitMargin" : 19.45,
    "operatingProfit" : 7.51,
    "netProfitMargin" : 10.41,
    "netProfit" : 4.02
  }, {
    "date" : "2005-06-30",
    "sales" : 30.38,
    "salesGrowthYoY" : null,
    "grossProfitMargin" : 57.50,
    "grossProfit" : 17.47,
    "operatingProfitMargin" : 29.49,
    "operatingProfit" : 8.96,
    "netProfitMargin" : 21.56,
    "netProfit" : 6.55
  }, {
    "date" : "2005-09-30",
    "sales" : 45.41,
    "salesGrowthYoY" : null,
    "grossProfitMargin" : 44.18,
    "grossProfit" : 20.06,
    "operatingProfitMargin" : 24.73,
    "operatingProfit" : 11.23,
    "netProfitMargin" : 17.40,
    "netProfit" : 7.90
  }, {
    "date" : "2005-12-31",
    "sales" : 44.91,
    "salesGrowthYoY" : null,
    "grossProfitMargin" : 37.76,
    "grossProfit" : 16.96,
    "operatingProfitMargin" : 19.86,
    "operatingProfit" : 8.92,
    "netProfitMargin" : 14.74,
    "netProfit" : 6.62
  }, {
    "date" : "2006-03-31",
    "sales" : 33.80,
    "salesGrowthYoY" : -12.46,
    "grossProfitMargin" : 45.77,
    "grossProfit" : 15.47,
    "operatingProfitMargin" : 19.88,
    "operatingProfit" : 6.72,
    "netProfitMargin" : 18.61,
    "netProfit" : 6.29
  }, {
    "date" : "2006-06-30",
    "sales" : 46.69,
    "salesGrowthYoY" : 53.69,
    "grossProfitMargin" : 30.99,
    "grossProfit" : 14.47,
    "operatingProfitMargin" : 13.45,
    "operatingProfit" : 6.28,
    "netProfitMargin" : 10.67,
    "netProfit" : 4.98
  }, {
    "date" : "2006-09-30",
    "sales" : 62.46,
    "salesGrowthYoY" : 37.55,
    "grossProfitMargin" : 30.07,
    "grossProfit" : 18.78,
    "operatingProfitMargin" : 13.58,
    "operatingProfit" : 8.48,
    "netProfitMargin" : 9.45,
    "netProfit" : 5.90
  }, {
    "date" : "2006-12-31",
    "sales" : 65.69,
    "salesGrowthYoY" : 46.27,
    "grossProfitMargin" : 30.19,
    "grossProfit" : 19.83,
    "operatingProfitMargin" : 12.54,
    "operatingProfit" : 8.24,
    "netProfitMargin" : 8.89,
    "netProfit" : 5.84
  }, {
    "date" : "2007-03-31",
    "sales" : 65.51,
    "salesGrowthYoY" : 93.82,
    "grossProfitMargin" : 27.58,
    "grossProfit" : 18.07,
    "operatingProfitMargin" : 10.53,
    "operatingProfit" : 6.90,
    "netProfitMargin" : 10.50,
    "netProfit" : 6.88
  }, {
    "date" : "2007-06-30",
    "sales" : 77.06,
    "salesGrowthYoY" : 65.05,
    "grossProfitMargin" : 29.06,
    "grossProfit" : 22.39,
    "operatingProfitMargin" : 12.94,
    "operatingProfit" : 9.97,
    "netProfitMargin" : 9.56,
    "netProfit" : 7.37
  }, {
    "date" : "2007-09-30",
    "sales" : 89.55,
    "salesGrowthYoY" : 43.37,
    "grossProfitMargin" : 26.58,
    "grossProfit" : 23.80,
    "operatingProfitMargin" : 13.04,
    "operatingProfit" : 11.68,
    "netProfitMargin" : 10.66,
    "netProfit" : 9.55
  }, {
    "date" : "2007-12-31",
    "sales" : 92.13,
    "salesGrowthYoY" : 40.25,
    "grossProfitMargin" : 27.90,
    "grossProfit" : 25.70,
    "operatingProfitMargin" : 14.24,
    "operatingProfit" : 13.12,
    "netProfitMargin" : 11.01,
    "netProfit" : 10.14
  }, {
    "date" : "2008-03-31",
    "sales" : 114.43,
    "salesGrowthYoY" : 74.68,
    "grossProfitMargin" : 30.25,
    "grossProfit" : 34.62,
    "operatingProfitMargin" : 20.74,
    "operatingProfit" : 23.73,
    "netProfitMargin" : 10.51,
    "netProfit" : 12.03
  }, {
    "date" : "2008-06-30",
    "sales" : 109.67,
    "salesGrowthYoY" : 42.32,
    "grossProfitMargin" : 22.69,
    "grossProfit" : 24.88,
    "operatingProfitMargin" : 10.96,
    "operatingProfit" : 12.02,
    "netProfitMargin" : 7.10,
    "netProfit" : 7.79
  }, {
    "date" : "2008-09-30",
    "sales" : 126.44,
    "salesGrowthYoY" : 41.19,
    "grossProfitMargin" : 18.66,
    "grossProfit" : 23.59,
    "operatingProfitMargin" : 9.58,
    "operatingProfit" : 12.11,
    "netProfitMargin" : 6.34,
    "netProfit" : 8.02
  }, {
    "date" : "2008-12-31",
    "sales" : 73.77,
    "salesGrowthYoY" : -19.93,
    "grossProfitMargin" : 31.67,
    "grossProfit" : 23.36,
    "operatingProfitMargin" : 14.60,
    "operatingProfit" : 10.77,
    "netProfitMargin" : 10.65,
    "netProfit" : 7.86
  }, {
    "date" : "2009-03-31",
    "sales" : 59.15,
    "salesGrowthYoY" : -48.31,
    "grossProfitMargin" : 38.87,
    "grossProfit" : 22.99,
    "operatingProfitMargin" : 16.30,
    "operatingProfit" : 9.64,
    "netProfitMargin" : 10.33,
    "netProfit" : 6.11
  }, {
    "date" : "2009-06-30",
    "sales" : 64.59,
    "salesGrowthYoY" : -41.11,
    "grossProfitMargin" : 44.64,
    "grossProfit" : 28.83,
    "operatingProfitMargin" : 20.27,
    "operatingProfit" : 13.09,
    "netProfitMargin" : 15.19,
    "netProfit" : 9.81
  }, {
    "date" : "2009-09-30",
    "sales" : 71.40,
    "salesGrowthYoY" : -43.53,
    "grossProfitMargin" : 42.24,
    "grossProfit" : 30.16,
    "operatingProfitMargin" : 22.49,
    "operatingProfit" : 16.06,
    "netProfitMargin" : 15.76,
    "netProfit" : 11.25
  }, {
    "date" : "2009-12-31",
    "sales" : 76.26,
    "salesGrowthYoY" : 3.38,
    "grossProfitMargin" : 40.78,
    "grossProfit" : 31.10,
    "operatingProfitMargin" : 21.28,
    "operatingProfit" : 16.23,
    "netProfitMargin" : 14.33,
    "netProfit" : 10.93
  }, {
    "date" : "2010-03-31",
    "sales" : 73.09,
    "salesGrowthYoY" : 23.57,
    "grossProfitMargin" : 37.49,
    "grossProfit" : 27.40,
    "operatingProfitMargin" : 14.90,
    "operatingProfit" : 10.89,
    "netProfitMargin" : 9.51,
    "netProfit" : 6.95
  }, {
    "date" : "2010-06-30",
    "sales" : 62.48,
    "salesGrowthYoY" : -3.27,
    "grossProfitMargin" : 40.94,
    "grossProfit" : 25.58,
    "operatingProfitMargin" : 20.53,
    "operatingProfit" : 12.83,
    "netProfitMargin" : 13.22,
    "netProfit" : 8.26
  }, {
    "date" : "2010-09-30",
    "sales" : 62.71,
    "salesGrowthYoY" : -12.17,
    "grossProfitMargin" : 47.09,
    "grossProfit" : 29.53,
    "operatingProfitMargin" : 24.19,
    "operatingProfit" : 15.17,
    "netProfitMargin" : 13.83,
    "netProfit" : 8.67
  }, {
    "date" : "2010-12-31",
    "sales" : 68.60,
    "salesGrowthYoY" : -10.04,
    "grossProfitMargin" : 46.34,
    "grossProfit" : 31.79,
    "operatingProfitMargin" : 23.00,
    "operatingProfit" : 15.78,
    "netProfitMargin" : 13.02,
    "netProfit" : 8.93
  }, {
    "date" : "2011-03-31",
    "sales" : 66.02,
    "salesGrowthYoY" : -9.67,
    "grossProfitMargin" : 46.61,
    "grossProfit" : 30.77,
    "operatingProfitMargin" : 17.98,
    "operatingProfit" : 11.87,
    "netProfitMargin" : 8.12,
    "netProfit" : 5.36
  }, {
    "date" : "2011-06-30",
    "sales" : 71.10,
    "salesGrowthYoY" : 13.80,
    "grossProfitMargin" : 44.96,
    "grossProfit" : 31.97,
    "operatingProfitMargin" : 20.68,
    "operatingProfit" : 14.70,
    "netProfitMargin" : 12.22,
    "netProfit" : 8.69
  }, {
    "date" : "2011-09-30",
    "sales" : 70.19,
    "salesGrowthYoY" : 11.93,
    "grossProfitMargin" : 46.96,
    "grossProfit" : 32.96,
    "operatingProfitMargin" : 27.78,
    "operatingProfit" : 19.50,
    "netProfitMargin" : 30.63,
    "netProfit" : 21.50
  }, {
    "date" : "2011-12-31",
    "sales" : 68.81,
    "salesGrowthYoY" : 0.31,
    "grossProfitMargin" : 48.90,
    "grossProfit" : 33.65,
    "operatingProfitMargin" : 25.14,
    "operatingProfit" : 17.30,
    "netProfitMargin" : 13.75,
    "netProfit" : 9.46
  }, {
    "date" : "2012-03-31",
    "sales" : 75.72,
    "salesGrowthYoY" : 14.69,
    "grossProfitMargin" : 39.29,
    "grossProfit" : 29.75,
    "operatingProfitMargin" : 8.78,
    "operatingProfit" : 6.65,
    "netProfitMargin" : 1.84,
    "netProfit" : 1.39
  }, {
    "date" : "2012-06-30",
    "sales" : 90.60,
    "salesGrowthYoY" : 27.43,
    "grossProfitMargin" : 42.32,
    "grossProfit" : 38.34,
    "operatingProfitMargin" : 26.84,
    "operatingProfit" : 24.32,
    "netProfitMargin" : 19.68,
    "netProfit" : 17.83
  }, {
    "date" : "2012-09-30",
    "sales" : 79.52,
    "salesGrowthYoY" : 13.29,
    "grossProfitMargin" : 45.44,
    "grossProfit" : 36.13,
    "operatingProfitMargin" : 14.30,
    "operatingProfit" : 11.37,
    "netProfitMargin" : 8.17,
    "netProfit" : 6.50
  }, {
    "date" : "2012-12-31",
    "sales" : 114.94,
    "salesGrowthYoY" : 67.04,
    "grossProfitMargin" : 28.71,
    "grossProfit" : 33.00,
    "operatingProfitMargin" : 10.71,
    "operatingProfit" : 12.31,
    "netProfitMargin" : 5.52,
    "netProfit" : 6.34
  }, {
    "date" : "2013-03-31",
    "sales" : 98.71,
    "salesGrowthYoY" : 30.36,
    "grossProfitMargin" : 31.89,
    "grossProfit" : 31.48,
    "operatingProfitMargin" : 9.39,
    "operatingProfit" : 9.27,
    "netProfitMargin" : 9.51,
    "netProfit" : 9.39
  }, {
    "date" : "2013-06-30",
    "sales" : 93.81,
    "salesGrowthYoY" : 3.54,
    "grossProfitMargin" : 37.64,
    "grossProfit" : 35.31,
    "operatingProfitMargin" : 13.90,
    "operatingProfit" : 13.04,
    "netProfitMargin" : 6.14,
    "netProfit" : 5.76
  }, {
    "date" : "2013-09-30",
    "sales" : 92.67,
    "salesGrowthYoY" : 16.54,
    "grossProfitMargin" : 37.73,
    "grossProfit" : 34.96,
    "operatingProfitMargin" : 13.42,
    "operatingProfit" : 12.44,
    "netProfitMargin" : 6.69,
    "netProfit" : 6.20
  }, {
    "date" : "2013-12-31",
    "sales" : 92.78,
    "salesGrowthYoY" : -19.28,
    "grossProfitMargin" : 38.26,
    "grossProfit" : 35.50,
    "operatingProfitMargin" : 13.58,
    "operatingProfit" : 12.60,
    "netProfitMargin" : 5.73,
    "netProfit" : 5.32
  }, {
    "date" : "2014-03-31",
    "sales" : 91.59,
    "salesGrowthYoY" : -7.21,
    "grossProfitMargin" : 37.55,
    "grossProfit" : 34.39,
    "operatingProfitMargin" : 10.34,
    "operatingProfit" : 9.47,
    "netProfitMargin" : 2.33,
    "netProfit" : 2.13
  }, {
    "date" : "2014-06-30",
    "sales" : 81.18,
    "salesGrowthYoY" : -13.46,
    "grossProfitMargin" : 42.92,
    "grossProfit" : 34.84,
    "operatingProfitMargin" : 12.44,
    "operatingProfit" : 10.10,
    "netProfitMargin" : 6.17,
    "netProfit" : 5.01
  }, {
    "date" : "2014-09-30",
    "sales" : 90.05,
    "salesGrowthYoY" : -2.83,
    "grossProfitMargin" : 43.76,
    "grossProfit" : 39.41,
    "operatingProfitMargin" : 15.26,
    "operatingProfit" : 13.74,
    "netProfitMargin" : 61.43,
    "netProfit" : 55.32
  }, {
    "date" : "2014-12-31",
    "sales" : 86.57,
    "salesGrowthYoY" : -6.69,
    "grossProfitMargin" : 51.99,
    "grossProfit" : 45.01,
    "operatingProfitMargin" : 19.34,
    "operatingProfit" : 16.74,
    "netProfitMargin" : 41.08,
    "netProfit" : 35.56
  }, {
    "date" : "2015-03-31",
    "sales" : 87.42,
    "salesGrowthYoY" : -4.55,
    "grossProfitMargin" : 58.87,
    "grossProfit" : 51.46,
    "operatingProfitMargin" : 26.60,
    "operatingProfit" : 23.25,
    "netProfitMargin" : 13.66,
    "netProfit" : 11.94
  }, {
    "date" : "2015-06-30",
    "sales" : 92.83,
    "salesGrowthYoY" : 14.35,
    "grossProfitMargin" : 60.13,
    "grossProfit" : 55.82,
    "operatingProfitMargin" : 25.93,
    "operatingProfit" : 24.07,
    "netProfitMargin" : 14.90,
    "netProfit" : 13.83
  }, {
    "date" : "2015-09-30",
    "sales" : 91.08,
    "salesGrowthYoY" : 1.14,
    "grossProfitMargin" : 61.96,
    "grossProfit" : 56.43,
    "operatingProfitMargin" : 27.55,
    "operatingProfit" : 25.09,
    "netProfitMargin" : 15.97,
    "netProfit" : 14.55
  }, {
    "date" : "2015-12-31",
    "sales" : 86.18,
    "salesGrowthYoY" : -0.45,
    "grossProfitMargin" : 59.58,
    "grossProfit" : 51.35,
    "operatingProfitMargin" : 24.03,
    "operatingProfit" : 20.71,
    "netProfitMargin" : 18.24,
    "netProfit" : 15.72
  }, {
    "date" : "2016-03-31",
    "sales" : 87.26,
    "salesGrowthYoY" : -0.18,
    "grossProfitMargin" : 58.41,
    "grossProfit" : 50.97,
    "operatingProfitMargin" : 20.16,
    "operatingProfit" : 17.59,
    "netProfitMargin" : 11.20,
    "netProfit" : 9.77
  }, {
    "date" : "2016-06-30",
    "sales" : 91.91,
    "salesGrowthYoY" : -0.99,
    "grossProfitMargin" : 58.54,
    "grossProfit" : 53.80,
    "operatingProfitMargin" : 25.06,
    "operatingProfit" : 23.03,
    "netProfitMargin" : 13.58,
    "netProfit" : 12.48
  }, {
    "date" : "2016-09-30",
    "sales" : 93.80,
    "salesGrowthYoY" : 2.99,
    "grossProfitMargin" : 60.92,
    "grossProfit" : 57.14,
    "operatingProfitMargin" : 29.65,
    "operatingProfit" : 27.81,
    "netProfitMargin" : 21.40,
    "netProfit" : 20.07
  }, {
    "date" : "2016-12-31",
    "sales" : 96.69,
    "salesGrowthYoY" : 12.20,
    "grossProfitMargin" : 56.28,
    "grossProfit" : 54.42,
    "operatingProfitMargin" : 23.96,
    "operatingProfit" : 23.17,
    "netProfitMargin" : 15.01,
    "netProfit" : 14.51
  }, {
    "date" : "2017-03-31",
    "sales" : 106.20,
    "salesGrowthYoY" : 21.71,
    "grossProfitMargin" : 49.91,
    "grossProfit" : 53.00,
    "operatingProfitMargin" : 21.78,
    "operatingProfit" : 23.13,
    "netProfitMargin" : 18.13,
    "netProfit" : 19.25
  }, {
    "date" : "2017-06-30",
    "sales" : 112.41,
    "salesGrowthYoY" : 22.30,
    "grossProfitMargin" : 51.07,
    "grossProfit" : 57.41,
    "operatingProfitMargin" : 23.00,
    "operatingProfit" : 25.85,
    "netProfitMargin" : 18.89,
    "netProfit" : 21.23
  }, {
    "date" : "2017-09-30",
    "sales" : 103.27,
    "salesGrowthYoY" : 10.10,
    "grossProfitMargin" : 55.53,
    "grossProfit" : 57.35,
    "operatingProfitMargin" : 29.26,
    "operatingProfit" : 30.22,
    "netProfitMargin" : 32.46,
    "netProfit" : 33.52
  }, {
    "date" : "2017-12-31",
    "sales" : 134.35,
    "salesGrowthYoY" : 38.95,
    "grossProfitMargin" : 45.52,
    "grossProfit" : 61.16,
    "operatingProfitMargin" : 21.01,
    "operatingProfit" : 28.23,
    "netProfitMargin" : 17.38,
    "netProfit" : 23.35
  }, {
    "date" : "2018-03-31",
    "sales" : 151.73,
    "salesGrowthYoY" : 42.87,
    "grossProfitMargin" : 40.68,
    "grossProfit" : 61.72,
    "operatingProfitMargin" : 14.79,
    "operatingProfit" : 22.44,
    "netProfitMargin" : 15.04,
    "netProfit" : 22.82
  }, {
    "date" : "2018-06-30",
    "sales" : 135.93,
    "salesGrowthYoY" : 20.92,
    "grossProfitMargin" : 47.08,
    "grossProfit" : 64.00,
    "operatingProfitMargin" : 25.02,
    "operatingProfit" : 34.01,
    "netProfitMargin" : 12.24,
    "netProfit" : 16.64
  }, {
    "date" : "2018-09-30",
    "sales" : 186.82,
    "salesGrowthYoY" : 80.90,
    "grossProfitMargin" : 43.14,
    "grossProfit" : 80.59,
    "operatingProfitMargin" : 19.64,
    "operatingProfit" : 36.69,
    "netProfitMargin" : 16.14,
    "netProfit" : 30.15
  }, {
    "date" : "2018-12-31",
    "sales" : 217.96,
    "salesGrowthYoY" : 62.23,
    "grossProfitMargin" : 40.04,
    "grossProfit" : 87.27,
    "operatingProfitMargin" : 22.19,
    "operatingProfit" : 48.37,
    "netProfitMargin" : 13.62,
    "netProfit" : 29.69
  }, {
    "date" : "2019-03-31",
    "sales" : 166.35,
    "salesGrowthYoY" : 9.64,
    "grossProfitMargin" : 46.44,
    "grossProfit" : 77.25,
    "operatingProfitMargin" : 20.50,
    "operatingProfit" : 34.10,
    "netProfitMargin" : 7.29,
    "netProfit" : 12.13
  }, {
    "date" : "2019-06-30",
    "sales" : 213.03,
    "salesGrowthYoY" : 56.72,
    "grossProfitMargin" : 38.05,
    "grossProfit" : 81.06,
    "operatingProfitMargin" : 23.37,
    "operatingProfit" : 49.79,
    "netProfitMargin" : 19.58,
    "netProfit" : 41.71
  }, {
    "date" : "2019-09-30",
    "sales" : 194.52,
    "salesGrowthYoY" : 4.12,
    "grossProfitMargin" : 41.66,
    "grossProfit" : 81.04,
    "operatingProfitMargin" : -51.65,
    "operatingProfit" : -100.47,
    "netProfitMargin" : -30.39,
    "netProfit" : -59.11
  }, {
    "date" : "2019-12-31",
    "sales" : 216.79,
    "salesGrowthYoY" : -0.54,
    "grossProfitMargin" : 45.50,
    "grossProfit" : 98.64,
    "operatingProfitMargin" : 11.64,
    "operatingProfit" : 25.23,
    "netProfitMargin" : 3.52,
    "netProfit" : 7.63
  }, {
    "date" : "2020-03-31",
    "sales" : 235.38,
    "salesGrowthYoY" : 41.50,
    "grossProfitMargin" : 42.43,
    "grossProfit" : 99.87,
    "operatingProfitMargin" : 9.76,
    "operatingProfit" : 22.97,
    "netProfitMargin" : 14.64,
    "netProfit" : 34.46
  }, {
    "date" : "2020-06-30",
    "sales" : 107.78,
    "salesGrowthYoY" : -49.41,
    "grossProfitMargin" : 69.12,
    "grossProfit" : 74.50,
    "operatingProfitMargin" : 5.35,
    "operatingProfit" : 5.77,
    "netProfitMargin" : -3.41,
    "netProfit" : -3.68
  }, {
    "date" : "2020-09-30",
    "sales" : 157.55,
    "salesGrowthYoY" : -19.01,
    "grossProfitMargin" : 53.63,
    "grossProfit" : 84.49,
    "operatingProfitMargin" : 26.66,
    "operatingProfit" : 42.00,
    "netProfitMargin" : 17.42,
    "netProfit" : 27.45
  }, {
    "date" : "2020-12-31",
    "sales" : 196.84,
    "salesGrowthYoY" : -9.20,
    "grossProfitMargin" : 50.28,
    "grossProfit" : 98.97,
    "operatingProfitMargin" : 27.62,
    "operatingProfit" : 54.37,
    "netProfitMargin" : 19.40,
    "netProfit" : 38.19
  }, {
    "date" : "2021-03-31",
    "sales" : 242.73,
    "salesGrowthYoY" : 3.12,
    "grossProfitMargin" : 51.77,
    "grossProfit" : 125.66,
    "operatingProfitMargin" : 21.55,
    "operatingProfit" : 52.31,
    "netProfitMargin" : 38.73,
    "netProfit" : 94.01
  }, {
    "date" : "2021-06-30",
    "sales" : 219.21,
    "salesGrowthYoY" : 103.39,
    "grossProfitMargin" : 47.79,
    "grossProfit" : 104.76,
    "operatingProfitMargin" : 32.61,
    "operatingProfit" : 71.48,
    "netProfitMargin" : 21.85,
    "netProfit" : 47.90
  }, {
    "date" : "2021-09-30",
    "sales" : 257.88,
    "salesGrowthYoY" : 63.68,
    "grossProfitMargin" : 47.06,
    "grossProfit" : 121.36,
    "operatingProfitMargin" : 34.12,
    "operatingProfit" : 87.99,
    "netProfitMargin" : 23.75,
    "netProfit" : 61.25
  }, {
    "date" : "2021-12-31",
    "sales" : 316.96,
    "salesGrowthYoY" : 61.02,
    "grossProfitMargin" : 39.49,
    "grossProfit" : 125.17,
    "operatingProfitMargin" : 28.40,
    "operatingProfit" : 90.02,
    "netProfitMargin" : 81.37,
    "netProfit" : 257.91
  }, {
    "date" : "2022-03-31",
    "sales" : 433.93,
    "salesGrowthYoY" : 78.77,
    "grossProfitMargin" : 28.91,
    "grossProfit" : 125.45,
    "operatingProfitMargin" : 17.69,
    "operatingProfit" : 76.76,
    "netProfitMargin" : 19.55,
    "netProfit" : 84.83
  }, {
    "date" : "2022-06-30",
    "sales" : 643.23,
    "salesGrowthYoY" : 193.43,
    "grossProfitMargin" : 20.15,
    "grossProfit" : 129.61,
    "operatingProfitMargin" : 14.39,
    "operatingProfit" : 92.56,
    "netProfitMargin" : 73.76,
    "netProfit" : 474.45
  }, {
    "date" : "2022-09-30",
    "sales" : 750.23,
    "salesGrowthYoY" : 190.92,
    "grossProfitMargin" : 15.44,
    "grossProfit" : 115.84,
    "operatingProfitMargin" : 9.92,
    "operatingProfit" : 74.42,
    "netProfitMargin" : 13.43,
    "netProfit" : 100.76
  }, {
    "date" : "2022-12-31",
    "sales" : 876.59,
    "salesGrowthYoY" : 176.56,
    "grossProfitMargin" : 15.20,
    "grossProfit" : 133.24,
    "operatingProfitMargin" : 10.31,
    "operatingProfit" : 90.38,
    "netProfitMargin" : 9.89,
    "netProfit" : 86.69
  }, {
    "date" : "2023-03-31",
    "sales" : 805.08,
    "salesGrowthYoY" : 85.53,
    "grossProfitMargin" : 15.52,
    "grossProfit" : 124.95,
    "operatingProfitMargin" : 10.80,
    "operatingProfit" : 86.95,
    "netProfitMargin" : 19.30,
    "netProfit" : 155.38
  }, {
    "date" : "2023-06-30",
    "sales" : 850.18,
    "salesGrowthYoY" : 32.17,
    "grossProfitMargin" : 13.08,
    "grossProfit" : 111.20,
    "operatingProfitMargin" : 8.66,
    "operatingProfit" : 73.63,
    "netProfitMargin" : 8.73,
    "netProfit" : 74.22
  }, {
    "date" : "2023-09-30",
    "sales" : 584.19,
    "salesGrowthYoY" : -22.13,
    "grossProfitMargin" : 20.46,
    "grossProfit" : 119.53,
    "operatingProfitMargin" : 13.84,
    "operatingProfit" : 80.85,
    "netProfitMargin" : 17.79,
    "netProfit" : 103.93
  }, {
    "date" : "2023-12-31",
    "sales" : 824.47,
    "salesGrowthYoY" : -5.95,
    "grossProfitMargin" : 14.73,
    "grossProfit" : 121.44,
    "operatingProfitMargin" : 10.11,
    "operatingProfit" : 83.35,
    "netProfitMargin" : 13.07,
    "netProfit" : 107.76
  }, {
    "date" : "2024-03-31",
    "sales" : 721.51,
    "salesGrowthYoY" : -10.38,
    "grossProfitMargin" : 24.33,
    "grossProfit" : 175.54,
    "operatingProfitMargin" : 14.33,
    "operatingProfit" : 103.39,
    "netProfitMargin" : 17.45,
    "netProfit" : 125.90
  }, {
    "date" : "2024-06-30",
    "sales" : 732.13,
    "salesGrowthYoY" : -13.89,
    "grossProfitMargin" : 16.62,
    "grossProfit" : 121.68,
    "operatingProfitMargin" : 10.13,
    "operatingProfit" : 74.16,
    "netProfitMargin" : 22.59,
    "netProfit" : 165.39
  }, {
    "date" : "2024-09-30",
    "sales" : 658.28,
    "salesGrowthYoY" : 12.68,
    "grossProfitMargin" : 17.30,
    "grossProfit" : 113.88,
    "operatingProfitMargin" : 10.14,
    "operatingProfit" : 66.75,
    "netProfitMargin" : 10.96,
    "netProfit" : 72.15
  }, {
    "date" : "2024-12-31",
    "sales" : 672.12,
    "salesGrowthYoY" : -18.48,
    "grossProfitMargin" : 17.25,
    "grossProfit" : 115.94,
    "operatingProfitMargin" : 9.44,
    "operatingProfit" : 63.45,
    "netProfitMargin" : 9.79,
    "netProfit" : 65.80
  }, {
    "date" : "2025-03-31",
    "sales" : 914.25,
    "salesGrowthYoY" : 26.71,
    "grossProfitMargin" : 34.23,
    "grossProfit" : 312.95,
    "operatingProfitMargin" : 26.88,
    "operatingProfit" : 245.75,
    "netProfitMargin" : 24.68,
    "netProfit" : 225.64
  }, {
    "date" : "2025-06-30",
    "sales" : 836.61,
    "salesGrowthYoY" : 14.27,
    "grossProfitMargin" : 15.16,
    "grossProfit" : 126.83,
    "operatingProfitMargin" : 8.06,
    "operatingProfit" : 67.43,
    "netProfitMargin" : 8.27,
    "netProfit" : 69.19
  }, {
    "date" : "2025-09-30",
    "sales" : 1027.87,
    "salesGrowthYoY" : 56.14,
    "grossProfitMargin" : 14.00,
    "grossProfit" : 143.90,
    "operatingProfitMargin" : 7.73,
    "operatingProfit" : 79.45,
    "netProfitMargin" : 16.22,
    "netProfit" : 166.72
  } ],
  "latestQuarterlyResult" : {
    "date" : "2025-09-30",
    "sales" : 1027.87,
    "salesGrowthYoY" : 56.14,
    "grossProfitMargin" : 14.00,
    "grossProfit" : 143.90,
    "operatingProfitMargin" : 7.73,
    "operatingProfit" : 79.45,
    "netProfitMargin" : 16.22,
    "netProfit" : 166.72
  },
  "companyScore" : {
    "priceHigherThanDma50" : 0.00,
    "priceHigherThanDma100" : 0.00,
    "priceHigherThanDma200" : 0.00,
    "dma50HigherThanDma100" : 5.00,
    "dma50HigherThanDma200" : 0.00,
    "dma100HigherThanDma200" : 0.00,
    "pricePercentageAboveDma50" : 5.24,
    "pricePercentageAboveDma100" : 5.23,
    "pricePercentageAboveDma200" : 5.26,
    "weeklyVolumeHigherThanYearlyVolume" : 0.00,
    "salesGrowthPercentile" : 16.20,
    "operatingProfitMarginPercentile" : 13.85,
    "netProfitMarginPercentile" : 6.75,
    "totalTechnicalScore" : 20.73,
    "totalFundamentalScore" : 36.80,
    "totalScore" : 57.53
  }
}