{
  "metadata" : {
    "screenerCompanyId" : "127",
    "companyCode" : "ALICON",
    "companyName" : "Alicon Cast.",
    "screenerCompanyLink" : "https://www.screener.in/company/ALICON/consolidated/",
    "screenerTechnicalHistoryLink" : "https://www.screener.in/api/company/127/chart/?q=Price-DMA50-DMA200-Volume&days=365",
    "screenerQuarterlyResultsLink" : "https://www.screener.in/api/company/127/chart/?q=GPM-OPM-NPM-Quarter+Sales&days=10000",
    "attributes" : {
      "companyCode" : "ALICON",
      "companyName" : "Alicon Cast.",
      "marketCap" : 1300.00,
      "peRatio" : 34.10,
      "description" : "Alicon Castalloy manufactures aluminium castings including cylinder heads, support brackets, intake manifolds, crankshafts, and engine brackets for the auto industry. It has a presence in 18 countries and is a part of Alicon Group. The co. was established as Enkei Castalloy Ltd, a joint venture between Pegasus Castalloy Ltd and Enkei Corporation (now Alicon Castalloy), in Japan; one of the largest manufacturers of alloy wheels in the world. [1] [2] [3]"
    },
    "companyScore" : {
      "priceHigherThanDma50" : 5.00,
      "priceHigherThanDma100" : 0.00,
      "priceHigherThanDma200" : 0.00,
      "dma50HigherThanDma100" : 0.00,
      "dma50HigherThanDma200" : 0.00,
      "dma100HigherThanDma200" : 0.00,
      "pricePercentageAboveDma50" : 4.91,
      "pricePercentageAboveDma100" : 5.18,
      "pricePercentageAboveDma200" : 5.26,
      "weeklyVolumeHigherThanYearlyVolume" : 0.00,
      "salesGrowthPercentile" : 10.75,
      "operatingProfitMarginPercentile" : 17.13,
      "netProfitMarginPercentile" : 9.45,
      "totalTechnicalScore" : 20.35,
      "totalFundamentalScore" : 37.32,
      "totalScore" : 57.68
    }
  },
  "attributes" : {
    "companyCode" : "ALICON",
    "companyName" : "Alicon Cast.",
    "marketCap" : 1300.00,
    "peRatio" : 34.10,
    "description" : "Alicon Castalloy manufactures aluminium castings including cylinder heads, support brackets, intake manifolds, crankshafts, and engine brackets for the auto industry. It has a presence in 18 countries and is a part of Alicon Group. The co. was established as Enkei Castalloy Ltd, a joint venture between Pegasus Castalloy Ltd and Enkei Corporation (now Alicon Castalloy), in Japan; one of the largest manufacturers of alloy wheels in the world. [1] [2] [3]"
  },
  "technicalHistory" : [ {
    "date" : "2025-02-21",
    "price" : 837.75,
    "dma50" : 972.59,
    "dma100" : null,
    "dma200" : 1087.36,
    "volume" : 5464.00
  }, {
    "date" : "2025-02-24",
    "price" : 801.85,
    "dma50" : 965.90,
    "dma100" : null,
    "dma200" : 1084.52,
    "volume" : 30828.00
  }, {
    "date" : "2025-02-25",
    "price" : 779.75,
    "dma50" : 958.60,
    "dma100" : null,
    "dma200" : 1081.49,
    "volume" : 12546.00
  }, {
    "date" : "2025-02-27",
    "price" : 763.65,
    "dma50" : 950.95,
    "dma100" : null,
    "dma200" : 1078.32,
    "volume" : 13755.00
  }, {
    "date" : "2025-02-28",
    "price" : 755.15,
    "dma50" : 943.27,
    "dma100" : null,
    "dma200" : 1075.11,
    "volume" : 12404.00
  }, {
    "date" : "2025-03-03",
    "price" : 707.95,
    "dma50" : 934.04,
    "dma100" : null,
    "dma200" : 1071.45,
    "volume" : 30812.00
  }, {
    "date" : "2025-03-04",
    "price" : 726.45,
    "dma50" : 925.90,
    "dma100" : null,
    "dma200" : 1068.02,
    "volume" : 14320.00
  }, {
    "date" : "2025-03-05",
    "price" : 707.65,
    "dma50" : 917.34,
    "dma100" : null,
    "dma200" : 1064.44,
    "volume" : 28502.00
  }, {
    "date" : "2025-03-06",
    "price" : 728.60,
    "dma50" : 909.94,
    "dma100" : null,
    "dma200" : 1061.09,
    "volume" : 21069.00
  }, {
    "date" : "2025-03-07",
    "price" : 750.15,
    "dma50" : 903.68,
    "dma100" : null,
    "dma200" : 1058.00,
    "volume" : 17270.00
  }, {
    "date" : "2025-03-10",
    "price" : 743.50,
    "dma50" : 897.39,
    "dma100" : null,
    "dma200" : 1054.87,
    "volume" : 8200.00
  }, {
    "date" : "2025-03-11",
    "price" : 721.15,
    "dma50" : 890.48,
    "dma100" : null,
    "dma200" : 1051.55,
    "volume" : 12293.00
  }, {
    "date" : "2025-03-12",
    "price" : 713.70,
    "dma50" : 883.55,
    "dma100" : null,
    "dma200" : 1048.19,
    "volume" : 19528.00
  }, {
    "date" : "2025-03-13",
    "price" : 690.90,
    "dma50" : 876.00,
    "dma100" : null,
    "dma200" : 1044.63,
    "volume" : 16547.00
  }, {
    "date" : "2025-03-17",
    "price" : 676.55,
    "dma50" : 868.17,
    "dma100" : null,
    "dma200" : 1040.97,
    "volume" : 32964.00
  }, {
    "date" : "2025-03-18",
    "price" : 689.15,
    "dma50" : 861.15,
    "dma100" : null,
    "dma200" : 1037.47,
    "volume" : 27970.00
  }, {
    "date" : "2025-03-19",
    "price" : 702.55,
    "dma50" : 854.93,
    "dma100" : null,
    "dma200" : 1034.14,
    "volume" : 38611.00
  }, {
    "date" : "2025-03-20",
    "price" : 702.65,
    "dma50" : 848.96,
    "dma100" : null,
    "dma200" : 1030.84,
    "volume" : 32162.00
  }, {
    "date" : "2025-03-21",
    "price" : 706.70,
    "dma50" : 843.38,
    "dma100" : null,
    "dma200" : 1027.61,
    "volume" : 26852.00
  }, {
    "date" : "2025-03-24",
    "price" : 686.55,
    "dma50" : 837.23,
    "dma100" : null,
    "dma200" : 1024.22,
    "volume" : 49466.00
  }, {
    "date" : "2025-03-25",
    "price" : 661.40,
    "dma50" : 830.34,
    "dma100" : null,
    "dma200" : 1020.61,
    "volume" : 46787.00
  }, {
    "date" : "2025-03-26",
    "price" : 677.30,
    "dma50" : 824.34,
    "dma100" : null,
    "dma200" : 1017.19,
    "volume" : 67186.00
  }, {
    "date" : "2025-03-27",
    "price" : 646.95,
    "dma50" : 817.38,
    "dma100" : null,
    "dma200" : 1013.51,
    "volume" : 61011.00
  }, {
    "date" : "2025-03-28",
    "price" : 658.80,
    "dma50" : 811.16,
    "dma100" : null,
    "dma200" : 1009.98,
    "volume" : 43588.00
  }, {
    "date" : "2025-04-01",
    "price" : 661.65,
    "dma50" : 805.30,
    "dma100" : null,
    "dma200" : 1006.51,
    "volume" : 22656.00
  }, {
    "date" : "2025-04-02",
    "price" : 664.35,
    "dma50" : 799.77,
    "dma100" : null,
    "dma200" : 1003.11,
    "volume" : 17483.00
  }, {
    "date" : "2025-04-03",
    "price" : 673.10,
    "dma50" : 794.80,
    "dma100" : null,
    "dma200" : 999.83,
    "volume" : 23046.00
  }, {
    "date" : "2025-04-04",
    "price" : 659.25,
    "dma50" : 789.49,
    "dma100" : null,
    "dma200" : 996.44,
    "volume" : 24334.00
  }, {
    "date" : "2025-04-07",
    "price" : 617.50,
    "dma50" : 782.74,
    "dma100" : null,
    "dma200" : 992.67,
    "volume" : 29974.00
  }, {
    "date" : "2025-04-08",
    "price" : 630.95,
    "dma50" : 776.79,
    "dma100" : null,
    "dma200" : 989.07,
    "volume" : 19597.00
  }, {
    "date" : "2025-04-09",
    "price" : 621.45,
    "dma50" : 770.70,
    "dma100" : null,
    "dma200" : 985.41,
    "volume" : 10515.00
  }, {
    "date" : "2025-04-11",
    "price" : 646.50,
    "dma50" : 765.83,
    "dma100" : null,
    "dma200" : 982.04,
    "volume" : 10537.00
  }, {
    "date" : "2025-04-15",
    "price" : 670.35,
    "dma50" : 762.08,
    "dma100" : null,
    "dma200" : 978.94,
    "volume" : 21362.00
  }, {
    "date" : "2025-04-16",
    "price" : 668.15,
    "dma50" : 758.40,
    "dma100" : null,
    "dma200" : 975.84,
    "volume" : 14676.00
  }, {
    "date" : "2025-04-17",
    "price" : 664.90,
    "dma50" : 754.73,
    "dma100" : null,
    "dma200" : 972.75,
    "volume" : 15527.00
  }, {
    "date" : "2025-04-21",
    "price" : 663.65,
    "dma50" : 751.16,
    "dma100" : null,
    "dma200" : 969.67,
    "volume" : 13013.00
  }, {
    "date" : "2025-04-22",
    "price" : 695.70,
    "dma50" : 748.99,
    "dma100" : null,
    "dma200" : 966.95,
    "volume" : 43628.00
  }, {
    "date" : "2025-04-23",
    "price" : 698.45,
    "dma50" : 747.00,
    "dma100" : null,
    "dma200" : 964.28,
    "volume" : 19540.00
  }, {
    "date" : "2025-04-24",
    "price" : 694.00,
    "dma50" : 744.93,
    "dma100" : null,
    "dma200" : 961.59,
    "volume" : 19756.00
  }, {
    "date" : "2025-04-25",
    "price" : 669.40,
    "dma50" : 741.96,
    "dma100" : null,
    "dma200" : 958.68,
    "volume" : 18586.00
  }, {
    "date" : "2025-04-28",
    "price" : 678.65,
    "dma50" : 739.48,
    "dma100" : null,
    "dma200" : 955.89,
    "volume" : 8730.00
  }, {
    "date" : "2025-04-29",
    "price" : 685.00,
    "dma50" : 737.34,
    "dma100" : null,
    "dma200" : 953.20,
    "volume" : 11662.00
  }, {
    "date" : "2025-04-30",
    "price" : 672.25,
    "dma50" : 734.79,
    "dma100" : null,
    "dma200" : 950.40,
    "volume" : 9613.00
  }, {
    "date" : "2025-05-02",
    "price" : 665.10,
    "dma50" : 732.06,
    "dma100" : null,
    "dma200" : 947.56,
    "volume" : 4192.00
  }, {
    "date" : "2025-05-05",
    "price" : 674.80,
    "dma50" : 729.81,
    "dma100" : null,
    "dma200" : 944.85,
    "volume" : 17050.00
  }, {
    "date" : "2025-05-06",
    "price" : 662.55,
    "dma50" : 727.18,
    "dma100" : null,
    "dma200" : 942.04,
    "volume" : 6317.00
  }, {
    "date" : "2025-05-07",
    "price" : 673.35,
    "dma50" : 725.06,
    "dma100" : null,
    "dma200" : 939.37,
    "volume" : 5979.00
  }, {
    "date" : "2025-05-08",
    "price" : 668.10,
    "dma50" : 722.83,
    "dma100" : null,
    "dma200" : 936.67,
    "volume" : 9468.00
  }, {
    "date" : "2025-05-09",
    "price" : 658.85,
    "dma50" : 720.32,
    "dma100" : null,
    "dma200" : 933.90,
    "volume" : 6690.00
  }, {
    "date" : "2025-05-12",
    "price" : 700.95,
    "dma50" : 719.56,
    "dma100" : null,
    "dma200" : 931.59,
    "volume" : 20396.00
  }, {
    "date" : "2025-05-13",
    "price" : 692.20,
    "dma50" : 718.49,
    "dma100" : null,
    "dma200" : 929.20,
    "volume" : 19172.00
  }, {
    "date" : "2025-05-14",
    "price" : 734.45,
    "dma50" : 719.12,
    "dma100" : null,
    "dma200" : 927.27,
    "volume" : 41170.00
  }, {
    "date" : "2025-05-15",
    "price" : 780.60,
    "dma50" : 721.53,
    "dma100" : null,
    "dma200" : 925.81,
    "volume" : 59237.00
  }, {
    "date" : "2025-05-16",
    "price" : 779.10,
    "dma50" : 723.78,
    "dma100" : null,
    "dma200" : 924.35,
    "volume" : 19476.00
  }, {
    "date" : "2025-05-19",
    "price" : 779.45,
    "dma50" : 725.97,
    "dma100" : null,
    "dma200" : 922.90,
    "volume" : 13687.00
  }, {
    "date" : "2025-05-20",
    "price" : 776.70,
    "dma50" : 727.96,
    "dma100" : null,
    "dma200" : 921.45,
    "volume" : 13070.00
  }, {
    "date" : "2025-05-21",
    "price" : 776.20,
    "dma50" : 729.85,
    "dma100" : null,
    "dma200" : 920.00,
    "volume" : 11768.00
  }, {
    "date" : "2025-05-22",
    "price" : 901.50,
    "dma50" : 736.58,
    "dma100" : null,
    "dma200" : 919.82,
    "volume" : 478436.00
  }, {
    "date" : "2025-05-23",
    "price" : 898.30,
    "dma50" : 742.92,
    "dma100" : null,
    "dma200" : 919.61,
    "volume" : 61012.00
  }, {
    "date" : "2025-05-26",
    "price" : 907.20,
    "dma50" : 749.36,
    "dma100" : null,
    "dma200" : 919.48,
    "volume" : 25809.00
  }, {
    "date" : "2025-05-27",
    "price" : 915.95,
    "dma50" : 755.90,
    "dma100" : null,
    "dma200" : 919.45,
    "volume" : 52003.00
  }, {
    "date" : "2025-05-28",
    "price" : 912.80,
    "dma50" : 762.05,
    "dma100" : null,
    "dma200" : 919.38,
    "volume" : 13725.00
  }, {
    "date" : "2025-05-29",
    "price" : 905.75,
    "dma50" : 767.69,
    "dma100" : null,
    "dma200" : 919.25,
    "volume" : 13462.00
  }, {
    "date" : "2025-05-30",
    "price" : 902.75,
    "dma50" : 772.98,
    "dma100" : null,
    "dma200" : 919.08,
    "volume" : 8680.00
  }, {
    "date" : "2025-06-02",
    "price" : 894.20,
    "dma50" : 777.74,
    "dma100" : null,
    "dma200" : 918.83,
    "volume" : 9590.00
  }, {
    "date" : "2025-06-03",
    "price" : 901.55,
    "dma50" : 782.59,
    "dma100" : null,
    "dma200" : 918.66,
    "volume" : 8994.00
  }, {
    "date" : "2025-06-04",
    "price" : 908.40,
    "dma50" : 787.52,
    "dma100" : null,
    "dma200" : 918.56,
    "volume" : 16289.00
  }, {
    "date" : "2025-06-05",
    "price" : 905.50,
    "dma50" : 792.15,
    "dma100" : null,
    "dma200" : 918.43,
    "volume" : 5585.00
  }, {
    "date" : "2025-06-06",
    "price" : 905.75,
    "dma50" : 796.61,
    "dma100" : null,
    "dma200" : 918.30,
    "volume" : 7707.00
  }, {
    "date" : "2025-06-09",
    "price" : 888.55,
    "dma50" : 800.21,
    "dma100" : null,
    "dma200" : 918.01,
    "volume" : 13899.00
  }, {
    "date" : "2025-06-10",
    "price" : 938.65,
    "dma50" : 805.64,
    "dma100" : null,
    "dma200" : 918.21,
    "volume" : 58907.00
  }, {
    "date" : "2025-06-11",
    "price" : 914.60,
    "dma50" : 809.91,
    "dma100" : null,
    "dma200" : 918.18,
    "volume" : 15250.00
  }, {
    "date" : "2025-06-12",
    "price" : 904.95,
    "dma50" : 813.64,
    "dma100" : null,
    "dma200" : 918.05,
    "volume" : 23956.00
  }, {
    "date" : "2025-06-13",
    "price" : 893.55,
    "dma50" : 816.77,
    "dma100" : null,
    "dma200" : 917.80,
    "volume" : 11786.00
  }, {
    "date" : "2025-06-16",
    "price" : 891.40,
    "dma50" : 819.70,
    "dma100" : null,
    "dma200" : 917.54,
    "volume" : 14746.00
  }, {
    "date" : "2025-06-17",
    "price" : 893.20,
    "dma50" : 822.58,
    "dma100" : null,
    "dma200" : 917.30,
    "volume" : 11323.00
  }, {
    "date" : "2025-06-18",
    "price" : 863.20,
    "dma50" : 824.18,
    "dma100" : null,
    "dma200" : 916.76,
    "volume" : 22515.00
  }, {
    "date" : "2025-06-19",
    "price" : 856.60,
    "dma50" : 825.45,
    "dma100" : null,
    "dma200" : 916.16,
    "volume" : 9537.00
  }, {
    "date" : "2025-06-20",
    "price" : 872.35,
    "dma50" : 827.29,
    "dma100" : null,
    "dma200" : 915.72,
    "volume" : 7979.00
  }, {
    "date" : "2025-06-23",
    "price" : 868.00,
    "dma50" : 828.88,
    "dma100" : null,
    "dma200" : 915.25,
    "volume" : 5484.00
  }, {
    "date" : "2025-06-24",
    "price" : 893.70,
    "dma50" : 831.43,
    "dma100" : null,
    "dma200" : 915.04,
    "volume" : 14534.00
  }, {
    "date" : "2025-06-25",
    "price" : 890.30,
    "dma50" : 833.73,
    "dma100" : null,
    "dma200" : 914.79,
    "volume" : 14974.00
  }, {
    "date" : "2025-06-26",
    "price" : 883.30,
    "dma50" : 835.68,
    "dma100" : null,
    "dma200" : 914.48,
    "volume" : 7207.00
  }, {
    "date" : "2025-06-27",
    "price" : 884.45,
    "dma50" : 837.59,
    "dma100" : null,
    "dma200" : 914.18,
    "volume" : 7467.00
  }, {
    "date" : "2025-06-30",
    "price" : 892.95,
    "dma50" : 839.76,
    "dma100" : null,
    "dma200" : 913.97,
    "volume" : 7845.00
  }, {
    "date" : "2025-07-01",
    "price" : 894.25,
    "dma50" : 841.90,
    "dma100" : null,
    "dma200" : 913.77,
    "volume" : 10389.00
  }, {
    "date" : "2025-07-02",
    "price" : 900.65,
    "dma50" : 844.20,
    "dma100" : null,
    "dma200" : 913.64,
    "volume" : 11470.00
  }, {
    "date" : "2025-07-03",
    "price" : 892.05,
    "dma50" : 846.08,
    "dma100" : null,
    "dma200" : 913.42,
    "volume" : 4922.00
  }, {
    "date" : "2025-07-04",
    "price" : 898.15,
    "dma50" : 848.12,
    "dma100" : null,
    "dma200" : 913.27,
    "volume" : 6043.00
  }, {
    "date" : "2025-07-07",
    "price" : 886.50,
    "dma50" : 849.63,
    "dma100" : null,
    "dma200" : 913.01,
    "volume" : 5646.00
  }, {
    "date" : "2025-07-08",
    "price" : 884.15,
    "dma50" : 850.98,
    "dma100" : null,
    "dma200" : 912.72,
    "volume" : 6748.00
  }, {
    "date" : "2025-07-09",
    "price" : 936.75,
    "dma50" : 854.34,
    "dma100" : null,
    "dma200" : 912.96,
    "volume" : 75487.00
  }, {
    "date" : "2025-07-10",
    "price" : 960.70,
    "dma50" : 858.51,
    "dma100" : null,
    "dma200" : 913.43,
    "volume" : 27362.00
  }, {
    "date" : "2025-07-11",
    "price" : 984.15,
    "dma50" : 863.44,
    "dma100" : null,
    "dma200" : 914.14,
    "volume" : 43095.00
  }, {
    "date" : "2025-07-14",
    "price" : 962.35,
    "dma50" : 867.32,
    "dma100" : null,
    "dma200" : 914.62,
    "volume" : 18696.00
  }, {
    "date" : "2025-07-15",
    "price" : 960.75,
    "dma50" : 870.98,
    "dma100" : null,
    "dma200" : 915.08,
    "volume" : 9969.00
  }, {
    "date" : "2025-07-16",
    "price" : 957.70,
    "dma50" : 874.38,
    "dma100" : null,
    "dma200" : 915.50,
    "volume" : 6606.00
  }, {
    "date" : "2025-07-17",
    "price" : 955.90,
    "dma50" : 877.58,
    "dma100" : null,
    "dma200" : 915.90,
    "volume" : 8897.00
  }, {
    "date" : "2025-07-18",
    "price" : 936.10,
    "dma50" : 879.88,
    "dma100" : null,
    "dma200" : 916.10,
    "volume" : 10818.00
  }, {
    "date" : "2025-07-21",
    "price" : 947.15,
    "dma50" : 882.51,
    "dma100" : null,
    "dma200" : 916.41,
    "volume" : 14379.00
  }, {
    "date" : "2025-07-22",
    "price" : 951.35,
    "dma50" : 885.21,
    "dma100" : 790.55,
    "dma200" : 916.76,
    "volume" : 5261.00
  }, {
    "date" : "2025-07-23",
    "price" : 969.10,
    "dma50" : 888.50,
    "dma100" : 792.22,
    "dma200" : 917.28,
    "volume" : 17422.00
  }, {
    "date" : "2025-07-24",
    "price" : 958.95,
    "dma50" : 891.27,
    "dma100" : 794.01,
    "dma200" : 917.69,
    "volume" : 6336.00
  }, {
    "date" : "2025-07-25",
    "price" : 921.20,
    "dma50" : 892.44,
    "dma100" : 795.59,
    "dma200" : 917.73,
    "volume" : 7820.00
  }, {
    "date" : "2025-07-28",
    "price" : 894.75,
    "dma50" : 892.53,
    "dma100" : 796.98,
    "dma200" : 917.50,
    "volume" : 12213.00
  }, {
    "date" : "2025-07-29",
    "price" : 911.55,
    "dma50" : 893.28,
    "dma100" : 799.02,
    "dma200" : 917.44,
    "volume" : 6630.00
  }, {
    "date" : "2025-07-30",
    "price" : 922.70,
    "dma50" : 894.43,
    "dma100" : 800.98,
    "dma200" : 917.49,
    "volume" : 6670.00
  }, {
    "date" : "2025-07-31",
    "price" : 912.30,
    "dma50" : 895.13,
    "dma100" : 803.03,
    "dma200" : 917.44,
    "volume" : 2310.00
  }, {
    "date" : "2025-08-01",
    "price" : 898.95,
    "dma50" : 895.28,
    "dma100" : 804.73,
    "dma200" : 917.26,
    "volume" : 4759.00
  }, {
    "date" : "2025-08-04",
    "price" : 878.75,
    "dma50" : 894.63,
    "dma100" : 806.02,
    "dma200" : 916.87,
    "volume" : 6747.00
  }, {
    "date" : "2025-08-05",
    "price" : 860.55,
    "dma50" : 893.30,
    "dma100" : 807.19,
    "dma200" : 916.31,
    "volume" : 5042.00
  }, {
    "date" : "2025-08-06",
    "price" : 840.75,
    "dma50" : 891.24,
    "dma100" : 808.38,
    "dma200" : 915.56,
    "volume" : 6158.00
  }, {
    "date" : "2025-08-07",
    "price" : 861.30,
    "dma50" : 890.06,
    "dma100" : 809.86,
    "dma200" : 915.02,
    "volume" : 6675.00
  }, {
    "date" : "2025-08-08",
    "price" : 820.05,
    "dma50" : 887.32,
    "dma100" : 811.15,
    "dma200" : 914.08,
    "volume" : 12331.00
  }, {
    "date" : "2025-08-11",
    "price" : 802.35,
    "dma50" : 883.98,
    "dma100" : 812.41,
    "dma200" : 912.97,
    "volume" : 24331.00
  }, {
    "date" : "2025-08-12",
    "price" : 812.15,
    "dma50" : 881.17,
    "dma100" : 813.64,
    "dma200" : 911.96,
    "volume" : 9624.00
  }, {
    "date" : "2025-08-13",
    "price" : 834.80,
    "dma50" : 879.35,
    "dma100" : 814.96,
    "dma200" : 911.19,
    "volume" : 15210.00
  }, {
    "date" : "2025-08-14",
    "price" : 818.35,
    "dma50" : 876.96,
    "dma100" : 816.12,
    "dma200" : 910.27,
    "volume" : 7671.00
  }, {
    "date" : "2025-08-18",
    "price" : 820.70,
    "dma50" : 874.75,
    "dma100" : 817.26,
    "dma200" : 909.38,
    "volume" : 7914.00
  }, {
    "date" : "2025-08-19",
    "price" : 836.35,
    "dma50" : 873.24,
    "dma100" : 818.76,
    "dma200" : 908.65,
    "volume" : 17793.00
  }, {
    "date" : "2025-08-20",
    "price" : 838.55,
    "dma50" : 871.88,
    "dma100" : 820.53,
    "dma200" : 907.96,
    "volume" : 8516.00
  }, {
    "date" : "2025-08-21",
    "price" : 861.50,
    "dma50" : 871.48,
    "dma100" : 822.37,
    "dma200" : 907.49,
    "volume" : 7962.00
  }, {
    "date" : "2025-08-22",
    "price" : 850.25,
    "dma50" : 870.64,
    "dma100" : 824.40,
    "dma200" : 906.92,
    "volume" : 6488.00
  }, {
    "date" : "2025-08-25",
    "price" : 847.25,
    "dma50" : 869.73,
    "dma100" : 826.29,
    "dma200" : 906.33,
    "volume" : 10642.00
  }, {
    "date" : "2025-08-26",
    "price" : 838.90,
    "dma50" : 868.52,
    "dma100" : 828.06,
    "dma200" : 905.66,
    "volume" : 4807.00
  }, {
    "date" : "2025-08-28",
    "price" : 840.85,
    "dma50" : 867.43,
    "dma100" : 829.83,
    "dma200" : 905.01,
    "volume" : 4861.00
  }, {
    "date" : "2025-08-29",
    "price" : 845.45,
    "dma50" : 866.57,
    "dma100" : 831.55,
    "dma200" : 904.42,
    "volume" : 3482.00
  }, {
    "date" : "2025-09-01",
    "price" : 839.20,
    "dma50" : 865.50,
    "dma100" : 833.35,
    "dma200" : 903.77,
    "volume" : 4959.00
  }, {
    "date" : "2025-09-02",
    "price" : 850.00,
    "dma50" : 864.89,
    "dma100" : 835.67,
    "dma200" : 903.24,
    "volume" : 4270.00
  }, {
    "date" : "2025-09-03",
    "price" : 844.85,
    "dma50" : 864.10,
    "dma100" : 837.81,
    "dma200" : 902.66,
    "volume" : 4354.00
  }, {
    "date" : "2025-09-04",
    "price" : 831.80,
    "dma50" : 862.84,
    "dma100" : 839.92,
    "dma200" : 901.95,
    "volume" : 7483.00
  }, {
    "date" : "2025-09-05",
    "price" : 839.65,
    "dma50" : 861.93,
    "dma100" : 841.85,
    "dma200" : 901.33,
    "volume" : 3827.00
  }, {
    "date" : "2025-09-08",
    "price" : 834.50,
    "dma50" : 860.85,
    "dma100" : 843.49,
    "dma200" : 900.67,
    "volume" : 7646.00
  }, {
    "date" : "2025-09-09",
    "price" : 843.00,
    "dma50" : 860.15,
    "dma100" : 845.24,
    "dma200" : 900.09,
    "volume" : 4989.00
  }, {
    "date" : "2025-09-10",
    "price" : 840.95,
    "dma50" : 859.40,
    "dma100" : 847.00,
    "dma200" : 899.50,
    "volume" : 9472.00
  }, {
    "date" : "2025-09-11",
    "price" : 830.90,
    "dma50" : 858.28,
    "dma100" : 848.67,
    "dma200" : 898.82,
    "volume" : 15068.00
  }, {
    "date" : "2025-09-12",
    "price" : 871.90,
    "dma50" : 858.82,
    "dma100" : 850.43,
    "dma200" : 898.55,
    "volume" : 43251.00
  }, {
    "date" : "2025-09-15",
    "price" : 867.20,
    "dma50" : 859.14,
    "dma100" : 852.12,
    "dma200" : 898.24,
    "volume" : 8888.00
  }, {
    "date" : "2025-09-16",
    "price" : 865.85,
    "dma50" : 859.41,
    "dma100" : 853.84,
    "dma200" : 897.92,
    "volume" : 5793.00
  }, {
    "date" : "2025-09-17",
    "price" : 867.35,
    "dma50" : 859.72,
    "dma100" : 855.82,
    "dma200" : 897.62,
    "volume" : 14817.00
  }, {
    "date" : "2025-09-18",
    "price" : 857.00,
    "dma50" : 859.61,
    "dma100" : 857.60,
    "dma200" : 897.21,
    "volume" : 10996.00
  }, {
    "date" : "2025-09-19",
    "price" : 849.00,
    "dma50" : 859.20,
    "dma100" : 859.24,
    "dma200" : 896.73,
    "volume" : 11498.00
  }, {
    "date" : "2025-09-22",
    "price" : 867.90,
    "dma50" : 859.54,
    "dma100" : 861.20,
    "dma200" : 896.44,
    "volume" : 21360.00
  }, {
    "date" : "2025-09-23",
    "price" : 918.90,
    "dma50" : 861.87,
    "dma100" : 863.74,
    "dma200" : 896.67,
    "volume" : 34809.00
  }, {
    "date" : "2025-09-24",
    "price" : 884.45,
    "dma50" : 862.75,
    "dma100" : 865.83,
    "dma200" : 896.55,
    "volume" : 11203.00
  }, {
    "date" : "2025-09-25",
    "price" : 881.50,
    "dma50" : 863.49,
    "dma100" : 868.02,
    "dma200" : 896.40,
    "volume" : 5997.00
  }, {
    "date" : "2025-09-26",
    "price" : 852.75,
    "dma50" : 863.07,
    "dma100" : 869.82,
    "dma200" : 895.96,
    "volume" : 8031.00
  }, {
    "date" : "2025-09-29",
    "price" : 841.95,
    "dma50" : 862.24,
    "dma100" : 871.55,
    "dma200" : 895.43,
    "volume" : 6255.00
  }, {
    "date" : "2025-09-30",
    "price" : 832.45,
    "dma50" : 861.07,
    "dma100" : 873.29,
    "dma200" : 894.80,
    "volume" : 8662.00
  }, {
    "date" : "2025-10-01",
    "price" : 843.55,
    "dma50" : 860.38,
    "dma100" : 874.72,
    "dma200" : 894.29,
    "volume" : 14380.00
  }, {
    "date" : "2025-10-03",
    "price" : 860.45,
    "dma50" : 860.38,
    "dma100" : 876.40,
    "dma200" : 893.95,
    "volume" : 6095.00
  }, {
    "date" : "2025-10-06",
    "price" : 853.85,
    "dma50" : 860.13,
    "dma100" : 877.59,
    "dma200" : 893.55,
    "volume" : 5370.00
  }, {
    "date" : "2025-10-07",
    "price" : 848.35,
    "dma50" : 859.67,
    "dma100" : 878.27,
    "dma200" : 893.10,
    "volume" : 6137.00
  }, {
    "date" : "2025-10-08",
    "price" : 859.95,
    "dma50" : 859.68,
    "dma100" : 879.08,
    "dma200" : 892.77,
    "volume" : 5128.00
  }, {
    "date" : "2025-10-09",
    "price" : 861.30,
    "dma50" : 859.74,
    "dma100" : 879.90,
    "dma200" : 892.46,
    "volume" : 3584.00
  }, {
    "date" : "2025-10-10",
    "price" : 853.20,
    "dma50" : 859.48,
    "dma100" : 880.66,
    "dma200" : 892.07,
    "volume" : 5719.00
  }, {
    "date" : "2025-10-13",
    "price" : 841.85,
    "dma50" : 858.79,
    "dma100" : 881.32,
    "dma200" : 891.57,
    "volume" : 3339.00
  }, {
    "date" : "2025-10-14",
    "price" : 848.60,
    "dma50" : 858.39,
    "dma100" : 880.79,
    "dma200" : 891.14,
    "volume" : 6185.00
  }, {
    "date" : "2025-10-15",
    "price" : 850.25,
    "dma50" : 858.07,
    "dma100" : 880.31,
    "dma200" : 890.74,
    "volume" : 3854.00
  }, {
    "date" : "2025-10-16",
    "price" : 859.85,
    "dma50" : 858.14,
    "dma100" : 879.84,
    "dma200" : 890.43,
    "volume" : 5776.00
  }, {
    "date" : "2025-10-17",
    "price" : 851.15,
    "dma50" : 857.87,
    "dma100" : 879.19,
    "dma200" : 890.04,
    "volume" : 3322.00
  }, {
    "date" : "2025-10-20",
    "price" : 854.75,
    "dma50" : 857.75,
    "dma100" : 878.61,
    "dma200" : 889.69,
    "volume" : 1641.00
  }, {
    "date" : "2025-10-21",
    "price" : 866.45,
    "dma50" : 858.09,
    "dma100" : 878.22,
    "dma200" : 889.45,
    "volume" : 3876.00
  }, {
    "date" : "2025-10-23",
    "price" : 855.15,
    "dma50" : 857.97,
    "dma100" : 877.74,
    "dma200" : 889.11,
    "volume" : 5645.00
  }, {
    "date" : "2025-10-24",
    "price" : 873.80,
    "dma50" : 858.59,
    "dma100" : 877.54,
    "dma200" : 888.96,
    "volume" : 8338.00
  }, {
    "date" : "2025-10-27",
    "price" : 984.10,
    "dma50" : 863.52,
    "dma100" : 878.36,
    "dma200" : 889.91,
    "volume" : 3148662.00
  }, {
    "date" : "2025-10-28",
    "price" : 944.05,
    "dma50" : 866.67,
    "dma100" : 878.72,
    "dma200" : 890.45,
    "volume" : 185634.00
  }, {
    "date" : "2025-10-29",
    "price" : 925.60,
    "dma50" : 868.98,
    "dma100" : 878.92,
    "dma200" : 890.80,
    "volume" : 70083.00
  }, {
    "date" : "2025-10-30",
    "price" : 949.25,
    "dma50" : 872.13,
    "dma100" : 879.35,
    "dma200" : 891.38,
    "volume" : 59363.00
  }, {
    "date" : "2025-10-31",
    "price" : 928.70,
    "dma50" : 874.35,
    "dma100" : 879.75,
    "dma200" : 891.75,
    "volume" : 19833.00
  }, {
    "date" : "2025-11-03",
    "price" : 963.80,
    "dma50" : 877.86,
    "dma100" : 880.01,
    "dma200" : 892.47,
    "volume" : 44250.00
  }, {
    "date" : "2025-11-04",
    "price" : 966.55,
    "dma50" : 881.34,
    "dma100" : 880.53,
    "dma200" : 893.20,
    "volume" : 38909.00
  }, {
    "date" : "2025-11-06",
    "price" : 936.10,
    "dma50" : 883.48,
    "dma100" : 880.84,
    "dma200" : 893.63,
    "volume" : 18816.00
  }, {
    "date" : "2025-11-07",
    "price" : 906.10,
    "dma50" : 884.37,
    "dma100" : 880.96,
    "dma200" : 893.75,
    "volume" : 20419.00
  }, {
    "date" : "2025-11-10",
    "price" : 870.00,
    "dma50" : 883.81,
    "dma100" : 880.75,
    "dma200" : 893.52,
    "volume" : 28541.00
  }, {
    "date" : "2025-11-11",
    "price" : 891.90,
    "dma50" : 884.12,
    "dma100" : 880.74,
    "dma200" : 893.50,
    "volume" : 37316.00
  }, {
    "date" : "2025-11-12",
    "price" : 889.15,
    "dma50" : 884.32,
    "dma100" : 881.00,
    "dma200" : 893.46,
    "volume" : 20846.00
  }, {
    "date" : "2025-11-13",
    "price" : 880.40,
    "dma50" : 884.17,
    "dma100" : 881.23,
    "dma200" : 893.33,
    "volume" : 6222.00
  }, {
    "date" : "2025-11-14",
    "price" : 879.60,
    "dma50" : 883.99,
    "dma100" : 881.31,
    "dma200" : 893.19,
    "volume" : 10866.00
  }, {
    "date" : "2025-11-17",
    "price" : 894.60,
    "dma50" : 884.41,
    "dma100" : 881.57,
    "dma200" : 893.21,
    "volume" : 8900.00
  }, {
    "date" : "2025-11-18",
    "price" : 900.55,
    "dma50" : 885.04,
    "dma100" : 881.64,
    "dma200" : 893.28,
    "volume" : 12403.00
  }, {
    "date" : "2025-11-19",
    "price" : 887.60,
    "dma50" : 885.14,
    "dma100" : 881.61,
    "dma200" : 893.22,
    "volume" : 10847.00
  }, {
    "date" : "2025-11-20",
    "price" : 860.05,
    "dma50" : 884.15,
    "dma100" : 881.38,
    "dma200" : 892.89,
    "volume" : 17187.00
  }, {
    "date" : "2025-11-21",
    "price" : 902.05,
    "dma50" : 884.86,
    "dma100" : 881.56,
    "dma200" : 892.98,
    "volume" : 79634.00
  }, {
    "date" : "2025-11-24",
    "price" : 879.85,
    "dma50" : 884.66,
    "dma100" : 881.43,
    "dma200" : 892.85,
    "volume" : 14048.00
  }, {
    "date" : "2025-11-25",
    "price" : 892.20,
    "dma50" : 884.96,
    "dma100" : 881.41,
    "dma200" : 892.85,
    "volume" : 6980.00
  }, {
    "date" : "2025-11-26",
    "price" : 897.15,
    "dma50" : 885.43,
    "dma100" : 881.37,
    "dma200" : 892.89,
    "volume" : 9816.00
  }, {
    "date" : "2025-11-27",
    "price" : 897.95,
    "dma50" : 885.92,
    "dma100" : 881.43,
    "dma200" : 892.94,
    "volume" : 8175.00
  }, {
    "date" : "2025-11-28",
    "price" : 894.50,
    "dma50" : 886.26,
    "dma100" : 881.39,
    "dma200" : 892.96,
    "volume" : 10508.00
  }, {
    "date" : "2025-12-01",
    "price" : 898.75,
    "dma50" : 886.75,
    "dma100" : 881.52,
    "dma200" : 893.01,
    "volume" : 10271.00
  }, {
    "date" : "2025-12-02",
    "price" : 892.75,
    "dma50" : 886.99,
    "dma100" : 881.60,
    "dma200" : 893.01,
    "volume" : 5703.00
  }, {
    "date" : "2025-12-03",
    "price" : 871.30,
    "dma50" : 886.37,
    "dma100" : 880.95,
    "dma200" : 892.79,
    "volume" : 14960.00
  }, {
    "date" : "2025-12-04",
    "price" : 869.20,
    "dma50" : 885.70,
    "dma100" : 880.03,
    "dma200" : 892.56,
    "volume" : 5404.00
  }, {
    "date" : "2025-12-05",
    "price" : 882.45,
    "dma50" : 885.57,
    "dma100" : 879.01,
    "dma200" : 892.46,
    "volume" : 4969.00
  }, {
    "date" : "2025-12-08",
    "price" : 838.95,
    "dma50" : 883.74,
    "dma100" : 877.78,
    "dma200" : 891.93,
    "volume" : 13893.00
  }, {
    "date" : "2025-12-09",
    "price" : 841.15,
    "dma50" : 882.07,
    "dma100" : 876.58,
    "dma200" : 891.42,
    "volume" : 11962.00
  }, {
    "date" : "2025-12-10",
    "price" : 842.95,
    "dma50" : 880.54,
    "dma100" : 875.44,
    "dma200" : 890.94,
    "volume" : 5975.00
  }, {
    "date" : "2025-12-11",
    "price" : 844.55,
    "dma50" : 879.13,
    "dma100" : 874.32,
    "dma200" : 890.48,
    "volume" : 5147.00
  }, {
    "date" : "2025-12-12",
    "price" : 857.95,
    "dma50" : 878.30,
    "dma100" : 873.54,
    "dma200" : 890.15,
    "volume" : 3392.00
  }, {
    "date" : "2025-12-15",
    "price" : 855.00,
    "dma50" : 877.38,
    "dma100" : 872.62,
    "dma200" : 889.80,
    "volume" : 3145.00
  }, {
    "date" : "2025-12-16",
    "price" : 846.15,
    "dma50" : 876.16,
    "dma100" : 871.57,
    "dma200" : 889.37,
    "volume" : 3763.00
  }, {
    "date" : "2025-12-17",
    "price" : 826.65,
    "dma50" : 874.22,
    "dma100" : 870.14,
    "dma200" : 888.75,
    "volume" : 5397.00
  }, {
    "date" : "2025-12-18",
    "price" : 816.45,
    "dma50" : 871.95,
    "dma100" : 868.72,
    "dma200" : 888.03,
    "volume" : 7904.00
  }, {
    "date" : "2025-12-19",
    "price" : 830.20,
    "dma50" : 870.31,
    "dma100" : 867.81,
    "dma200" : 887.45,
    "volume" : 3082.00
  }, {
    "date" : "2025-12-22",
    "price" : 841.05,
    "dma50" : 869.17,
    "dma100" : 867.27,
    "dma200" : 886.99,
    "volume" : 8468.00
  }, {
    "date" : "2025-12-23",
    "price" : 842.50,
    "dma50" : 868.12,
    "dma100" : 866.58,
    "dma200" : 886.55,
    "volume" : 3308.00
  }, {
    "date" : "2025-12-24",
    "price" : 830.35,
    "dma50" : 866.64,
    "dma100" : 865.66,
    "dma200" : 885.99,
    "volume" : 9953.00
  }, {
    "date" : "2025-12-26",
    "price" : 841.90,
    "dma50" : 865.67,
    "dma100" : 864.95,
    "dma200" : 885.55,
    "volume" : 4116.00
  }, {
    "date" : "2025-12-29",
    "price" : 831.80,
    "dma50" : 864.34,
    "dma100" : 864.28,
    "dma200" : 885.01,
    "volume" : 3430.00
  }, {
    "date" : "2025-12-30",
    "price" : 819.30,
    "dma50" : 862.57,
    "dma100" : 863.69,
    "dma200" : 884.36,
    "volume" : 10060.00
  }, {
    "date" : "2025-12-31",
    "price" : 815.30,
    "dma50" : 860.72,
    "dma100" : 863.24,
    "dma200" : 883.67,
    "volume" : 11673.00
  }, {
    "date" : "2026-01-01",
    "price" : 820.95,
    "dma50" : 859.16,
    "dma100" : 863.04,
    "dma200" : 883.05,
    "volume" : 7009.00
  }, {
    "date" : "2026-01-02",
    "price" : 847.20,
    "dma50" : 858.69,
    "dma100" : 862.90,
    "dma200" : 882.69,
    "volume" : 15352.00
  }, {
    "date" : "2026-01-05",
    "price" : 843.90,
    "dma50" : 858.11,
    "dma100" : 863.14,
    "dma200" : 882.31,
    "volume" : 6548.00
  }, {
    "date" : "2026-01-06",
    "price" : 826.40,
    "dma50" : 856.87,
    "dma100" : 863.38,
    "dma200" : 881.75,
    "volume" : 6567.00
  }, {
    "date" : "2026-01-07",
    "price" : 822.50,
    "dma50" : 855.52,
    "dma100" : 863.48,
    "dma200" : 881.16,
    "volume" : 5263.00
  }, {
    "date" : "2026-01-08",
    "price" : 810.20,
    "dma50" : 853.74,
    "dma100" : 863.23,
    "dma200" : 880.45,
    "volume" : 7454.00
  }, {
    "date" : "2026-01-09",
    "price" : 788.35,
    "dma50" : 851.18,
    "dma100" : 862.93,
    "dma200" : 879.54,
    "volume" : 8129.00
  }, {
    "date" : "2026-01-12",
    "price" : 776.65,
    "dma50" : 848.26,
    "dma100" : 862.49,
    "dma200" : 878.51,
    "volume" : 8362.00
  }, {
    "date" : "2026-01-13",
    "price" : 771.95,
    "dma50" : 845.26,
    "dma100" : 861.85,
    "dma200" : 877.45,
    "volume" : 7434.00
  }, {
    "date" : "2026-01-14",
    "price" : 757.00,
    "dma50" : 841.80,
    "dma100" : 861.03,
    "dma200" : 876.25,
    "volume" : 7206.00
  }, {
    "date" : "2026-01-16",
    "price" : 737.70,
    "dma50" : 837.72,
    "dma100" : 859.79,
    "dma200" : 874.88,
    "volume" : 11838.00
  }, {
    "date" : "2026-01-19",
    "price" : 730.15,
    "dma50" : 833.50,
    "dma100" : 858.59,
    "dma200" : 873.44,
    "volume" : 9478.00
  }, {
    "date" : "2026-01-20",
    "price" : 698.20,
    "dma50" : 828.20,
    "dma100" : 857.10,
    "dma200" : 871.69,
    "volume" : 14935.00
  }, {
    "date" : "2026-01-21",
    "price" : 686.35,
    "dma50" : 822.63,
    "dma100" : 855.58,
    "dma200" : 869.85,
    "volume" : 11718.00
  }, {
    "date" : "2026-01-22",
    "price" : 693.55,
    "dma50" : 817.57,
    "dma100" : 854.11,
    "dma200" : 868.09,
    "volume" : 7906.00
  }, {
    "date" : "2026-01-23",
    "price" : 674.75,
    "dma50" : 811.97,
    "dma100" : 852.40,
    "dma200" : 866.17,
    "volume" : 5668.00
  }, {
    "date" : "2026-01-27",
    "price" : 659.60,
    "dma50" : 805.99,
    "dma100" : 850.60,
    "dma200" : 864.11,
    "volume" : 9275.00
  }, {
    "date" : "2026-01-28",
    "price" : 688.50,
    "dma50" : 801.39,
    "dma100" : 848.99,
    "dma200" : 862.37,
    "volume" : 38684.00
  }, {
    "date" : "2026-01-29",
    "price" : 685.00,
    "dma50" : 796.82,
    "dma100" : 847.39,
    "dma200" : 860.60,
    "volume" : 4208.00
  }, {
    "date" : "2026-01-30",
    "price" : 679.65,
    "dma50" : 792.23,
    "dma100" : 845.87,
    "dma200" : 858.80,
    "volume" : 12207.00
  }, {
    "date" : "2026-02-01",
    "price" : 685.05,
    "dma50" : 788.02,
    "dma100" : 844.32,
    "dma200" : 857.07,
    "volume" : 1429.00
  }, {
    "date" : "2026-02-02",
    "price" : 688.55,
    "dma50" : 784.12,
    "dma100" : 842.86,
    "dma200" : 855.40,
    "volume" : 5820.00
  }, {
    "date" : "2026-02-03",
    "price" : 749.10,
    "dma50" : 782.75,
    "dma100" : 841.92,
    "dma200" : 854.34,
    "volume" : 61919.00
  }, {
    "date" : "2026-02-04",
    "price" : 743.90,
    "dma50" : 781.23,
    "dma100" : 840.95,
    "dma200" : 853.24,
    "volume" : 6623.00
  }, {
    "date" : "2026-02-05",
    "price" : 737.15,
    "dma50" : 779.50,
    "dma100" : 840.01,
    "dma200" : 852.08,
    "volume" : 3322.00
  }, {
    "date" : "2026-02-06",
    "price" : 719.30,
    "dma50" : 777.14,
    "dma100" : 838.49,
    "dma200" : 850.76,
    "volume" : 2907.00
  }, {
    "date" : "2026-02-09",
    "price" : 790.50,
    "dma50" : 777.66,
    "dma100" : 837.72,
    "dma200" : 850.16,
    "volume" : 21116.00
  }, {
    "date" : "2026-02-10",
    "price" : 797.05,
    "dma50" : 778.42,
    "dma100" : 837.03,
    "dma200" : 849.64,
    "volume" : 4746.00
  }, {
    "date" : "2026-02-11",
    "price" : 833.20,
    "dma50" : 780.57,
    "dma100" : 836.69,
    "dma200" : 849.47,
    "volume" : 10697.00
  }, {
    "date" : "2026-02-12",
    "price" : 832.95,
    "dma50" : 782.62,
    "dma100" : 836.45,
    "dma200" : 849.31,
    "volume" : 6891.00
  }, {
    "date" : "2026-02-13",
    "price" : 786.80,
    "dma50" : 782.79,
    "dma100" : 835.83,
    "dma200" : 848.69,
    "volume" : 9951.00
  }, {
    "date" : "2026-02-16",
    "price" : 820.35,
    "dma50" : 784.26,
    "dma100" : 835.35,
    "dma200" : 848.40,
    "volume" : 13764.00
  }, {
    "date" : "2026-02-17",
    "price" : 823.35,
    "dma50" : 785.79,
    "dma100" : 834.40,
    "dma200" : 848.15,
    "volume" : 9958.00
  }, {
    "date" : "2026-02-18",
    "price" : 822.30,
    "dma50" : 787.23,
    "dma100" : 833.78,
    "dma200" : 847.90,
    "volume" : 26014.00
  }, {
    "date" : "2026-02-19",
    "price" : 792.85,
    "dma50" : 787.45,
    "dma100" : 832.89,
    "dma200" : 847.35,
    "volume" : 9277.00
  }, {
    "date" : "2026-02-20",
    "price" : 802.35,
    "dma50" : 788.03,
    "dma100" : 832.39,
    "dma200" : 846.90,
    "volume" : 76837.00
  } ],
  "latestTechnicalAttributes" : {
    "date" : "2026-02-20",
    "price" : 802.35,
    "dma50" : 788.03,
    "dma100" : 832.39,
    "dma200" : 846.90,
    "volume" : 76837.00
  },
  "quarterlyResults" : [ {
    "date" : "2005-03-31",
    "sales" : 18.08,
    "salesGrowthYoY" : null,
    "grossProfitMargin" : 70.02,
    "grossProfit" : 12.66,
    "operatingProfitMargin" : 25.50,
    "operatingProfit" : 4.61,
    "netProfitMargin" : 9.46,
    "netProfit" : 1.71
  }, {
    "date" : "2005-06-30",
    "sales" : 21.65,
    "salesGrowthYoY" : null,
    "grossProfitMargin" : 64.25,
    "grossProfit" : 13.91,
    "operatingProfitMargin" : 21.71,
    "operatingProfit" : 4.70,
    "netProfitMargin" : 9.19,
    "netProfit" : 1.99
  }, {
    "date" : "2005-09-30",
    "sales" : 27.82,
    "salesGrowthYoY" : null,
    "grossProfitMargin" : 56.87,
    "grossProfit" : 15.82,
    "operatingProfitMargin" : 19.09,
    "operatingProfit" : 5.31,
    "netProfitMargin" : 8.12,
    "netProfit" : 2.26
  }, {
    "date" : "2005-12-31",
    "sales" : 32.92,
    "salesGrowthYoY" : null,
    "grossProfitMargin" : 52.92,
    "grossProfit" : 17.42,
    "operatingProfitMargin" : 17.16,
    "operatingProfit" : 5.65,
    "netProfitMargin" : 7.69,
    "netProfit" : 2.53
  }, {
    "date" : "2006-03-31",
    "sales" : 40.01,
    "salesGrowthYoY" : 121.29,
    "grossProfitMargin" : 64.56,
    "grossProfit" : 25.83,
    "operatingProfitMargin" : 14.50,
    "operatingProfit" : 5.80,
    "netProfitMargin" : 1.90,
    "netProfit" : 0.76
  }, {
    "date" : "2006-06-30",
    "sales" : 43.26,
    "salesGrowthYoY" : 99.82,
    "grossProfitMargin" : 54.25,
    "grossProfit" : 23.47,
    "operatingProfitMargin" : 15.30,
    "operatingProfit" : 6.62,
    "netProfitMargin" : 6.26,
    "netProfit" : 2.71
  }, {
    "date" : "2006-09-30",
    "sales" : 56.28,
    "salesGrowthYoY" : 102.30,
    "grossProfitMargin" : 54.35,
    "grossProfit" : 30.59,
    "operatingProfitMargin" : 14.68,
    "operatingProfit" : 8.26,
    "netProfitMargin" : 4.64,
    "netProfit" : 2.61
  }, {
    "date" : "2006-12-31",
    "sales" : 65.73,
    "salesGrowthYoY" : 99.67,
    "grossProfitMargin" : 50.94,
    "grossProfit" : 33.48,
    "operatingProfitMargin" : 13.71,
    "operatingProfit" : 9.01,
    "netProfitMargin" : 4.70,
    "netProfit" : 3.09
  }, {
    "date" : "2007-03-31",
    "sales" : 64.35,
    "salesGrowthYoY" : 60.83,
    "grossProfitMargin" : 51.48,
    "grossProfit" : 33.13,
    "operatingProfitMargin" : 9.48,
    "operatingProfit" : 6.10,
    "netProfitMargin" : 5.30,
    "netProfit" : 3.41
  }, {
    "date" : "2007-06-30",
    "sales" : 76.08,
    "salesGrowthYoY" : 75.87,
    "grossProfitMargin" : 43.53,
    "grossProfit" : 33.12,
    "operatingProfitMargin" : 10.80,
    "operatingProfit" : 8.22,
    "netProfitMargin" : 1.54,
    "netProfit" : 1.17
  }, {
    "date" : "2007-09-30",
    "sales" : 95.32,
    "salesGrowthYoY" : 69.37,
    "grossProfitMargin" : 49.69,
    "grossProfit" : 47.36,
    "operatingProfitMargin" : 9.18,
    "operatingProfit" : 8.75,
    "netProfitMargin" : 4.20,
    "netProfit" : 4.00
  }, {
    "date" : "2007-12-31",
    "sales" : 76.27,
    "salesGrowthYoY" : 16.04,
    "grossProfitMargin" : 56.20,
    "grossProfit" : 42.86,
    "operatingProfitMargin" : 11.04,
    "operatingProfit" : 8.42,
    "netProfitMargin" : 1.06,
    "netProfit" : 0.81
  }, {
    "date" : "2008-03-31",
    "sales" : 77.52,
    "salesGrowthYoY" : 20.47,
    "grossProfitMargin" : 61.49,
    "grossProfit" : 47.67,
    "operatingProfitMargin" : 11.93,
    "operatingProfit" : 9.25,
    "netProfitMargin" : 0.52,
    "netProfit" : 0.40
  }, {
    "date" : "2008-06-30",
    "sales" : 81.86,
    "salesGrowthYoY" : 7.60,
    "grossProfitMargin" : 58.37,
    "grossProfit" : 47.78,
    "operatingProfitMargin" : 13.05,
    "operatingProfit" : 10.68,
    "netProfitMargin" : 1.43,
    "netProfit" : 1.17
  }, {
    "date" : "2008-09-30",
    "sales" : 79.10,
    "salesGrowthYoY" : -17.02,
    "grossProfitMargin" : 54.59,
    "grossProfit" : 43.18,
    "operatingProfitMargin" : 14.73,
    "operatingProfit" : 11.65,
    "netProfitMargin" : 1.82,
    "netProfit" : 1.44
  }, {
    "date" : "2008-12-31",
    "sales" : 69.97,
    "salesGrowthYoY" : -8.26,
    "grossProfitMargin" : 52.17,
    "grossProfit" : 36.50,
    "operatingProfitMargin" : 5.90,
    "operatingProfit" : 4.13,
    "netProfitMargin" : -9.18,
    "netProfit" : -6.42
  }, {
    "date" : "2009-03-31",
    "sales" : 70.05,
    "salesGrowthYoY" : -9.64,
    "grossProfitMargin" : 43.01,
    "grossProfit" : 30.13,
    "operatingProfitMargin" : 3.77,
    "operatingProfit" : 2.64,
    "netProfitMargin" : -11.01,
    "netProfit" : -7.71
  }, {
    "date" : "2009-06-30",
    "sales" : 79.33,
    "salesGrowthYoY" : -3.09,
    "grossProfitMargin" : 58.57,
    "grossProfit" : 46.46,
    "operatingProfitMargin" : 9.95,
    "operatingProfit" : 7.89,
    "netProfitMargin" : -1.68,
    "netProfit" : -1.33
  }, {
    "date" : "2009-09-30",
    "sales" : 87.04,
    "salesGrowthYoY" : 10.04,
    "grossProfitMargin" : 59.85,
    "grossProfit" : 52.09,
    "operatingProfitMargin" : 11.65,
    "operatingProfit" : 10.14,
    "netProfitMargin" : 0.03,
    "netProfit" : 0.03
  }, {
    "date" : "2009-12-31",
    "sales" : 98.33,
    "salesGrowthYoY" : 40.53,
    "grossProfitMargin" : 54.99,
    "grossProfit" : 54.07,
    "operatingProfitMargin" : 11.64,
    "operatingProfit" : 11.45,
    "netProfitMargin" : 0.46,
    "netProfit" : 0.45
  }, {
    "date" : "2010-03-31",
    "sales" : 58.91,
    "salesGrowthYoY" : -15.90,
    "grossProfitMargin" : 49.79,
    "grossProfit" : 29.33,
    "operatingProfitMargin" : 15.91,
    "operatingProfit" : 9.37,
    "netProfitMargin" : 3.72,
    "netProfit" : 2.19
  }, {
    "date" : "2010-06-30",
    "sales" : 61.25,
    "salesGrowthYoY" : -22.79,
    "grossProfitMargin" : 58.71,
    "grossProfit" : 35.96,
    "operatingProfitMargin" : 14.84,
    "operatingProfit" : 9.09,
    "netProfitMargin" : 5.62,
    "netProfit" : 3.44
  }, {
    "date" : "2010-09-30",
    "sales" : 65.76,
    "salesGrowthYoY" : -24.45,
    "grossProfitMargin" : 56.05,
    "grossProfit" : 36.86,
    "operatingProfitMargin" : 14.86,
    "operatingProfit" : 9.77,
    "netProfitMargin" : 5.08,
    "netProfit" : 3.34
  }, {
    "date" : "2010-12-31",
    "sales" : 62.94,
    "salesGrowthYoY" : -35.99,
    "grossProfitMargin" : 54.58,
    "grossProfit" : 34.35,
    "operatingProfitMargin" : 14.65,
    "operatingProfit" : 9.22,
    "netProfitMargin" : 6.05,
    "netProfit" : 3.81
  }, {
    "date" : "2011-03-31",
    "sales" : 66.72,
    "salesGrowthYoY" : 13.26,
    "grossProfitMargin" : 66.25,
    "grossProfit" : 44.20,
    "operatingProfitMargin" : 15.00,
    "operatingProfit" : 10.01,
    "netProfitMargin" : 6.06,
    "netProfit" : 4.04
  }, {
    "date" : "2011-06-30",
    "sales" : 79.58,
    "salesGrowthYoY" : 29.93,
    "grossProfitMargin" : 53.54,
    "grossProfit" : 42.61,
    "operatingProfitMargin" : 14.15,
    "operatingProfit" : 11.26,
    "netProfitMargin" : 4.90,
    "netProfit" : 3.90
  }, {
    "date" : "2011-09-30",
    "sales" : 98.60,
    "salesGrowthYoY" : 49.94,
    "grossProfitMargin" : 45.71,
    "grossProfit" : 45.07,
    "operatingProfitMargin" : 11.55,
    "operatingProfit" : 11.39,
    "netProfitMargin" : 4.99,
    "netProfit" : 4.92
  }, {
    "date" : "2011-12-31",
    "sales" : 93.41,
    "salesGrowthYoY" : 48.41,
    "grossProfitMargin" : 47.03,
    "grossProfit" : 43.93,
    "operatingProfitMargin" : 12.41,
    "operatingProfit" : 11.59,
    "netProfitMargin" : 4.24,
    "netProfit" : 3.96
  }, {
    "date" : "2012-03-31",
    "sales" : 109.24,
    "salesGrowthYoY" : 63.73,
    "grossProfitMargin" : 51.06,
    "grossProfit" : 55.78,
    "operatingProfitMargin" : 18.22,
    "operatingProfit" : 19.90,
    "netProfitMargin" : 8.45,
    "netProfit" : 9.23
  }, {
    "date" : "2012-06-30",
    "sales" : 111.43,
    "salesGrowthYoY" : 40.02,
    "grossProfitMargin" : 46.83,
    "grossProfit" : 52.18,
    "operatingProfitMargin" : 13.05,
    "operatingProfit" : 14.54,
    "netProfitMargin" : 6.03,
    "netProfit" : 6.72
  }, {
    "date" : "2012-09-30",
    "sales" : 88.95,
    "salesGrowthYoY" : -9.79,
    "grossProfitMargin" : 50.20,
    "grossProfit" : 44.65,
    "operatingProfitMargin" : 11.85,
    "operatingProfit" : 10.54,
    "netProfitMargin" : 4.51,
    "netProfit" : 4.01
  }, {
    "date" : "2012-12-31",
    "sales" : 107.92,
    "salesGrowthYoY" : 15.53,
    "grossProfitMargin" : 47.69,
    "grossProfit" : 51.47,
    "operatingProfitMargin" : 11.62,
    "operatingProfit" : 12.54,
    "netProfitMargin" : 4.50,
    "netProfit" : 4.86
  }, {
    "date" : "2013-03-31",
    "sales" : 123.13,
    "salesGrowthYoY" : 12.72,
    "grossProfitMargin" : 42.62,
    "grossProfit" : 52.48,
    "operatingProfitMargin" : 8.79,
    "operatingProfit" : 10.82,
    "netProfitMargin" : 4.59,
    "netProfit" : 5.65
  }, {
    "date" : "2013-06-30",
    "sales" : 103.65,
    "salesGrowthYoY" : -6.98,
    "grossProfitMargin" : 47.79,
    "grossProfit" : 49.53,
    "operatingProfitMargin" : 10.24,
    "operatingProfit" : 10.61,
    "netProfitMargin" : 3.94,
    "netProfit" : 4.08
  }, {
    "date" : "2013-09-30",
    "sales" : 108.64,
    "salesGrowthYoY" : 22.14,
    "grossProfitMargin" : 48.51,
    "grossProfit" : 52.70,
    "operatingProfitMargin" : 9.18,
    "operatingProfit" : 9.97,
    "netProfitMargin" : 2.77,
    "netProfit" : 3.01
  }, {
    "date" : "2013-12-31",
    "sales" : 112.60,
    "salesGrowthYoY" : 4.34,
    "grossProfitMargin" : 48.16,
    "grossProfit" : 54.23,
    "operatingProfitMargin" : 9.97,
    "operatingProfit" : 11.23,
    "netProfitMargin" : 2.68,
    "netProfit" : 3.02
  }, {
    "date" : "2014-03-31",
    "sales" : 116.15,
    "salesGrowthYoY" : -5.67,
    "grossProfitMargin" : 44.54,
    "grossProfit" : 51.73,
    "operatingProfitMargin" : 12.88,
    "operatingProfit" : 14.96,
    "netProfitMargin" : 5.18,
    "netProfit" : 6.02
  }, {
    "date" : "2014-06-30",
    "sales" : 104.01,
    "salesGrowthYoY" : 0.35,
    "grossProfitMargin" : 45.95,
    "grossProfit" : 47.79,
    "operatingProfitMargin" : 8.59,
    "operatingProfit" : 8.93,
    "netProfitMargin" : 2.89,
    "netProfit" : 3.01
  }, {
    "date" : "2014-09-30",
    "sales" : 127.65,
    "salesGrowthYoY" : 17.50,
    "grossProfitMargin" : 45.16,
    "grossProfit" : 57.65,
    "operatingProfitMargin" : 9.16,
    "operatingProfit" : 11.69,
    "netProfitMargin" : 3.02,
    "netProfit" : 3.86
  }, {
    "date" : "2014-12-31",
    "sales" : 170.19,
    "salesGrowthYoY" : 51.15,
    "grossProfitMargin" : 45.85,
    "grossProfit" : 78.03,
    "operatingProfitMargin" : 9.62,
    "operatingProfit" : 16.37,
    "netProfitMargin" : 3.20,
    "netProfit" : 5.45
  }, {
    "date" : "2015-03-31",
    "sales" : 203.58,
    "salesGrowthYoY" : 75.27,
    "grossProfitMargin" : 49.37,
    "grossProfit" : 100.51,
    "operatingProfitMargin" : 13.40,
    "operatingProfit" : 27.28,
    "netProfitMargin" : 3.72,
    "netProfit" : 7.57
  }, {
    "date" : "2015-06-30",
    "sales" : 166.37,
    "salesGrowthYoY" : 59.96,
    "grossProfitMargin" : 45.57,
    "grossProfit" : 75.81,
    "operatingProfitMargin" : 10.34,
    "operatingProfit" : 17.20,
    "netProfitMargin" : 2.78,
    "netProfit" : 4.63
  }, {
    "date" : "2015-09-30",
    "sales" : 175.52,
    "salesGrowthYoY" : 37.50,
    "grossProfitMargin" : 43.23,
    "grossProfit" : 75.88,
    "operatingProfitMargin" : 9.86,
    "operatingProfit" : 17.31,
    "netProfitMargin" : 2.73,
    "netProfit" : 4.79
  }, {
    "date" : "2015-12-31",
    "sales" : 160.56,
    "salesGrowthYoY" : -5.66,
    "grossProfitMargin" : 45.86,
    "grossProfit" : 73.63,
    "operatingProfitMargin" : 10.58,
    "operatingProfit" : 16.99,
    "netProfitMargin" : 2.97,
    "netProfit" : 4.77
  }, {
    "date" : "2016-03-31",
    "sales" : 180.08,
    "salesGrowthYoY" : -11.54,
    "grossProfitMargin" : 47.72,
    "grossProfit" : 85.93,
    "operatingProfitMargin" : 12.14,
    "operatingProfit" : 21.86,
    "netProfitMargin" : 4.26,
    "netProfit" : 7.67
  }, {
    "date" : "2016-06-30",
    "sales" : 168.83,
    "salesGrowthYoY" : 1.48,
    "grossProfitMargin" : 47.90,
    "grossProfit" : 80.87,
    "operatingProfitMargin" : 10.89,
    "operatingProfit" : 18.39,
    "netProfitMargin" : 2.95,
    "netProfit" : 4.98
  }, {
    "date" : "2016-09-30",
    "sales" : 193.01,
    "salesGrowthYoY" : 9.96,
    "grossProfitMargin" : 45.33,
    "grossProfit" : 87.49,
    "operatingProfitMargin" : 10.98,
    "operatingProfit" : 21.19,
    "netProfitMargin" : 3.26,
    "netProfit" : 6.29
  }, {
    "date" : "2016-12-31",
    "sales" : 158.31,
    "salesGrowthYoY" : -1.40,
    "grossProfitMargin" : 48.82,
    "grossProfit" : 77.29,
    "operatingProfitMargin" : 11.09,
    "operatingProfit" : 17.56,
    "netProfitMargin" : 3.05,
    "netProfit" : 4.83
  }, {
    "date" : "2017-03-31",
    "sales" : 190.95,
    "salesGrowthYoY" : 6.04,
    "grossProfitMargin" : 52.23,
    "grossProfit" : 99.73,
    "operatingProfitMargin" : 12.37,
    "operatingProfit" : 23.62,
    "netProfitMargin" : 3.77,
    "netProfit" : 7.20
  }, {
    "date" : "2017-06-30",
    "sales" : 181.66,
    "salesGrowthYoY" : 7.60,
    "grossProfitMargin" : 51.06,
    "grossProfit" : 92.76,
    "operatingProfitMargin" : 11.49,
    "operatingProfit" : 20.87,
    "netProfitMargin" : 3.34,
    "netProfit" : 6.07
  }, {
    "date" : "2017-09-30",
    "sales" : 245.16,
    "salesGrowthYoY" : 27.02,
    "grossProfitMargin" : 44.71,
    "grossProfit" : 109.61,
    "operatingProfitMargin" : 9.85,
    "operatingProfit" : 24.15,
    "netProfitMargin" : 3.88,
    "netProfit" : 9.51
  }, {
    "date" : "2017-12-31",
    "sales" : 233.27,
    "salesGrowthYoY" : 47.35,
    "grossProfitMargin" : 49.71,
    "grossProfit" : 115.96,
    "operatingProfitMargin" : 11.39,
    "operatingProfit" : 26.57,
    "netProfitMargin" : 4.30,
    "netProfit" : 10.03
  }, {
    "date" : "2018-03-31",
    "sales" : 268.54,
    "salesGrowthYoY" : 40.63,
    "grossProfitMargin" : 52.93,
    "grossProfit" : 142.14,
    "operatingProfitMargin" : 11.70,
    "operatingProfit" : 31.42,
    "netProfitMargin" : 3.94,
    "netProfit" : 10.58
  }, {
    "date" : "2018-06-30",
    "sales" : 275.27,
    "salesGrowthYoY" : 51.53,
    "grossProfitMargin" : 46.63,
    "grossProfit" : 128.36,
    "operatingProfitMargin" : 12.00,
    "operatingProfit" : 33.03,
    "netProfitMargin" : 4.12,
    "netProfit" : 11.34
  }, {
    "date" : "2018-09-30",
    "sales" : 283.90,
    "salesGrowthYoY" : 15.80,
    "grossProfitMargin" : 48.04,
    "grossProfit" : 136.39,
    "operatingProfitMargin" : 12.57,
    "operatingProfit" : 35.69,
    "netProfitMargin" : 4.53,
    "netProfit" : 12.86
  }, {
    "date" : "2018-12-31",
    "sales" : 240.98,
    "salesGrowthYoY" : 3.31,
    "grossProfitMargin" : 47.53,
    "grossProfit" : 114.54,
    "operatingProfitMargin" : 13.72,
    "operatingProfit" : 33.06,
    "netProfitMargin" : 4.32,
    "netProfit" : 10.41
  }, {
    "date" : "2019-03-31",
    "sales" : 280.85,
    "salesGrowthYoY" : 4.58,
    "grossProfitMargin" : 48.36,
    "grossProfit" : 135.82,
    "operatingProfitMargin" : 13.37,
    "operatingProfit" : 37.55,
    "netProfitMargin" : 5.54,
    "netProfit" : 15.56
  }, {
    "date" : "2019-06-30",
    "sales" : 238.09,
    "salesGrowthYoY" : -13.51,
    "grossProfitMargin" : 45.72,
    "grossProfit" : 108.85,
    "operatingProfitMargin" : 10.96,
    "operatingProfit" : 26.09,
    "netProfitMargin" : 2.05,
    "netProfit" : 4.88
  }, {
    "date" : "2019-09-30",
    "sales" : 241.26,
    "salesGrowthYoY" : -15.02,
    "grossProfitMargin" : 45.74,
    "grossProfit" : 110.35,
    "operatingProfitMargin" : 13.89,
    "operatingProfit" : 33.51,
    "netProfitMargin" : 3.82,
    "netProfit" : 9.22
  }, {
    "date" : "2019-12-31",
    "sales" : 207.82,
    "salesGrowthYoY" : -13.76,
    "grossProfitMargin" : 48.74,
    "grossProfit" : 101.29,
    "operatingProfitMargin" : 14.83,
    "operatingProfit" : 30.82,
    "netProfitMargin" : 4.06,
    "netProfit" : 8.44
  }, {
    "date" : "2020-03-31",
    "sales" : 169.04,
    "salesGrowthYoY" : -39.81,
    "grossProfitMargin" : 46.52,
    "grossProfit" : 78.64,
    "operatingProfitMargin" : 6.71,
    "operatingProfit" : 11.34,
    "netProfitMargin" : -3.37,
    "netProfit" : -5.70
  }, {
    "date" : "2020-06-30",
    "sales" : 35.21,
    "salesGrowthYoY" : -85.21,
    "grossProfitMargin" : 37.77,
    "grossProfit" : 13.30,
    "operatingProfitMargin" : -69.89,
    "operatingProfit" : -24.61,
    "netProfitMargin" : -123.83,
    "netProfit" : -43.60
  }, {
    "date" : "2020-09-30",
    "sales" : 179.48,
    "salesGrowthYoY" : -25.61,
    "grossProfitMargin" : 49.69,
    "grossProfit" : 89.18,
    "operatingProfitMargin" : 13.87,
    "operatingProfit" : 24.89,
    "netProfitMargin" : 2.82,
    "netProfit" : 5.06
  }, {
    "date" : "2020-12-31",
    "sales" : 238.18,
    "salesGrowthYoY" : 14.61,
    "grossProfitMargin" : 47.92,
    "grossProfit" : 114.14,
    "operatingProfitMargin" : 13.15,
    "operatingProfit" : 31.32,
    "netProfitMargin" : 4.66,
    "netProfit" : 11.10
  }, {
    "date" : "2021-03-31",
    "sales" : 278.97,
    "salesGrowthYoY" : 65.03,
    "grossProfitMargin" : 49.32,
    "grossProfit" : 137.59,
    "operatingProfitMargin" : 14.52,
    "operatingProfit" : 40.51,
    "netProfitMargin" : 7.16,
    "netProfit" : 19.97
  }, {
    "date" : "2021-06-30",
    "sales" : 176.33,
    "salesGrowthYoY" : 400.80,
    "grossProfitMargin" : 46.97,
    "grossProfit" : 82.82,
    "operatingProfitMargin" : 5.88,
    "operatingProfit" : 10.37,
    "netProfitMargin" : -5.67,
    "netProfit" : -10.00
  }, {
    "date" : "2021-09-30",
    "sales" : 241.17,
    "salesGrowthYoY" : 34.37,
    "grossProfitMargin" : 45.19,
    "grossProfit" : 108.98,
    "operatingProfitMargin" : 7.88,
    "operatingProfit" : 19.00,
    "netProfitMargin" : 0.07,
    "netProfit" : 0.17
  }, {
    "date" : "2021-12-31",
    "sales" : 251.24,
    "salesGrowthYoY" : 5.48,
    "grossProfitMargin" : 47.67,
    "grossProfit" : 119.77,
    "operatingProfitMargin" : 10.83,
    "operatingProfit" : 27.21,
    "netProfitMargin" : 3.08,
    "netProfit" : 7.74
  }, {
    "date" : "2022-03-31",
    "sales" : 288.74,
    "salesGrowthYoY" : 3.50,
    "grossProfitMargin" : 44.71,
    "grossProfit" : 129.10,
    "operatingProfitMargin" : 11.61,
    "operatingProfit" : 33.52,
    "netProfitMargin" : 3.90,
    "netProfit" : 11.26
  }, {
    "date" : "2022-06-30",
    "sales" : 306.93,
    "salesGrowthYoY" : 74.07,
    "grossProfitMargin" : 45.66,
    "grossProfit" : 140.14,
    "operatingProfitMargin" : 10.83,
    "operatingProfit" : 33.24,
    "netProfitMargin" : 2.69,
    "netProfit" : 8.26
  }, {
    "date" : "2022-09-30",
    "sales" : 347.33,
    "salesGrowthYoY" : 44.02,
    "grossProfitMargin" : 47.77,
    "grossProfit" : 165.92,
    "operatingProfitMargin" : 11.41,
    "operatingProfit" : 39.63,
    "netProfitMargin" : 3.90,
    "netProfit" : 13.55
  }, {
    "date" : "2022-12-31",
    "sales" : 331.02,
    "salesGrowthYoY" : 31.75,
    "grossProfitMargin" : 47.35,
    "grossProfit" : 156.74,
    "operatingProfitMargin" : 11.83,
    "operatingProfit" : 39.16,
    "netProfitMargin" : 4.36,
    "netProfit" : 14.43
  }, {
    "date" : "2023-03-31",
    "sales" : 273.26,
    "salesGrowthYoY" : -5.36,
    "grossProfitMargin" : 49.44,
    "grossProfit" : 135.10,
    "operatingProfitMargin" : 10.24,
    "operatingProfit" : 27.98,
    "netProfitMargin" : 2.93,
    "netProfit" : 8.01
  }, {
    "date" : "2023-06-30",
    "sales" : 319.94,
    "salesGrowthYoY" : 4.24,
    "grossProfitMargin" : 48.10,
    "grossProfit" : 153.89,
    "operatingProfitMargin" : 11.00,
    "operatingProfit" : 35.19,
    "netProfitMargin" : 2.25,
    "netProfit" : 7.20
  }, {
    "date" : "2023-09-30",
    "sales" : 358.51,
    "salesGrowthYoY" : 3.22,
    "grossProfitMargin" : 48.62,
    "grossProfit" : 174.31,
    "operatingProfitMargin" : 12.01,
    "operatingProfit" : 43.06,
    "netProfitMargin" : 3.63,
    "netProfit" : 13.01
  }, {
    "date" : "2023-12-31",
    "sales" : 353.66,
    "salesGrowthYoY" : 6.84,
    "grossProfitMargin" : 50.70,
    "grossProfit" : 179.31,
    "operatingProfitMargin" : 12.88,
    "operatingProfit" : 45.55,
    "netProfitMargin" : 3.61,
    "netProfit" : 12.77
  }, {
    "date" : "2024-03-31",
    "sales" : 360.20,
    "salesGrowthYoY" : 31.82,
    "grossProfitMargin" : 52.28,
    "grossProfit" : 188.31,
    "operatingProfitMargin" : 13.03,
    "operatingProfit" : 46.93,
    "netProfitMargin" : 3.57,
    "netProfit" : 12.86
  }, {
    "date" : "2024-06-30",
    "sales" : 378.13,
    "salesGrowthYoY" : 18.19,
    "grossProfitMargin" : 48.14,
    "grossProfit" : 182.03,
    "operatingProfitMargin" : 13.30,
    "operatingProfit" : 50.29,
    "netProfitMargin" : 4.01,
    "netProfit" : 15.16
  }, {
    "date" : "2024-09-30",
    "sales" : 412.43,
    "salesGrowthYoY" : 15.04,
    "grossProfitMargin" : 45.89,
    "grossProfit" : 189.26,
    "operatingProfitMargin" : 12.34,
    "operatingProfit" : 50.89,
    "netProfitMargin" : 3.50,
    "netProfit" : 14.44
  }, {
    "date" : "2024-12-31",
    "sales" : 354.58,
    "salesGrowthYoY" : 0.26,
    "grossProfitMargin" : 43.93,
    "grossProfit" : 155.77,
    "operatingProfitMargin" : 8.34,
    "operatingProfit" : 29.57,
    "netProfitMargin" : -0.30,
    "netProfit" : -1.06
  }, {
    "date" : "2025-03-31",
    "sales" : 380.74,
    "salesGrowthYoY" : 5.70,
    "grossProfitMargin" : 46.21,
    "grossProfit" : 175.94,
    "operatingProfitMargin" : 11.78,
    "operatingProfit" : 44.85,
    "netProfitMargin" : 2.47,
    "netProfit" : 9.40
  }, {
    "date" : "2025-06-30",
    "sales" : 388.32,
    "salesGrowthYoY" : 2.69,
    "grossProfitMargin" : 44.97,
    "grossProfit" : 174.63,
    "operatingProfitMargin" : 12.12,
    "operatingProfit" : 47.06,
    "netProfitMargin" : 2.72,
    "netProfit" : 10.56
  }, {
    "date" : "2025-09-30",
    "sales" : 391.51,
    "salesGrowthYoY" : -5.07,
    "grossProfitMargin" : 47.80,
    "grossProfit" : 187.14,
    "operatingProfitMargin" : 12.43,
    "operatingProfit" : 48.66,
    "netProfitMargin" : 2.69,
    "netProfit" : 10.53
  }, {
    "date" : "2025-12-31",
    "sales" : 404.57,
    "salesGrowthYoY" : 14.10,
    "grossProfitMargin" : 45.97,
    "grossProfit" : 185.98,
    "operatingProfitMargin" : 11.80,
    "operatingProfit" : 47.74,
    "netProfitMargin" : 2.08,
    "netProfit" : 8.42
  } ],
  "latestQuarterlyResult" : {
    "date" : "2025-12-31",
    "sales" : 404.57,
    "salesGrowthYoY" : 14.10,
    "grossProfitMargin" : 45.97,
    "grossProfit" : 185.98,
    "operatingProfitMargin" : 11.80,
    "operatingProfit" : 47.74,
    "netProfitMargin" : 2.08,
    "netProfit" : 8.42
  },
  "companyScore" : {
    "priceHigherThanDma50" : 5.00,
    "priceHigherThanDma100" : 0.00,
    "priceHigherThanDma200" : 0.00,
    "dma50HigherThanDma100" : 0.00,
    "dma50HigherThanDma200" : 0.00,
    "dma100HigherThanDma200" : 0.00,
    "pricePercentageAboveDma50" : 4.91,
    "pricePercentageAboveDma100" : 5.18,
    "pricePercentageAboveDma200" : 5.26,
    "weeklyVolumeHigherThanYearlyVolume" : 0.00,
    "salesGrowthPercentile" : 10.75,
    "operatingProfitMarginPercentile" : 17.13,
    "netProfitMarginPercentile" : 9.45,
    "totalTechnicalScore" : 20.35,
    "totalFundamentalScore" : 37.32,
    "totalScore" : 57.68
  }
}