{
  "metadata" : {
    "screenerCompanyId" : "2936",
    "companyCode" : "ANTELOPUS",
    "companyName" : "Antelopus Selan",
    "screenerCompanyLink" : "https://www.screener.in/company/ANTELOPUS/",
    "screenerTechnicalHistoryLink" : "https://www.screener.in/api/company/2936/chart/?q=Price-DMA50-DMA200-Volume&days=365",
    "screenerQuarterlyResultsLink" : "https://www.screener.in/api/company/2936/chart/?q=GPM-OPM-NPM-Quarter+Sales&days=10000",
    "attributes" : {
      "companyCode" : "ANTELOPUS",
      "companyName" : "Antelopus Selan",
      "marketCap" : 2097.00,
      "peRatio" : 31.60,
      "description" : "Incorporated in 1985, Selan Exploration Technology Ltd is in the business of oil & gas exploration and production[1]"
    },
    "companyScore" : {
      "priceHigherThanDma50" : 5.00,
      "priceHigherThanDma100" : 5.00,
      "priceHigherThanDma200" : 5.00,
      "dma50HigherThanDma100" : 5.00,
      "dma50HigherThanDma200" : 0.00,
      "dma100HigherThanDma200" : 0.00,
      "pricePercentageAboveDma50" : 4.02,
      "pricePercentageAboveDma100" : 3.87,
      "pricePercentageAboveDma200" : 4.44,
      "weeklyVolumeHigherThanYearlyVolume" : 5.00,
      "salesGrowthPercentile" : 9.25,
      "operatingProfitMarginPercentile" : 16.97,
      "netProfitMarginPercentile" : 7.27,
      "totalTechnicalScore" : 37.33,
      "totalFundamentalScore" : 33.48,
      "totalScore" : 70.82
    }
  },
  "attributes" : {
    "companyCode" : "ANTELOPUS",
    "companyName" : "Antelopus Selan",
    "marketCap" : 2097.00,
    "peRatio" : 31.60,
    "description" : "Incorporated in 1985, Selan Exploration Technology Ltd is in the business of oil & gas exploration and production[1]"
  },
  "technicalHistory" : [ {
    "date" : "2025-02-17",
    "price" : 560.05,
    "dma50" : 742.77,
    "dma100" : null,
    "dma200" : 756.09,
    "volume" : 118597.00
  }, {
    "date" : "2025-02-18",
    "price" : 540.10,
    "dma50" : 734.82,
    "dma100" : null,
    "dma200" : 753.94,
    "volume" : 163199.00
  }, {
    "date" : "2025-02-19",
    "price" : 553.75,
    "dma50" : 727.72,
    "dma100" : null,
    "dma200" : 751.94,
    "volume" : 46937.00
  }, {
    "date" : "2025-02-20",
    "price" : 569.50,
    "dma50" : 721.52,
    "dma100" : null,
    "dma200" : 750.13,
    "volume" : 67974.00
  }, {
    "date" : "2025-02-21",
    "price" : 553.95,
    "dma50" : 714.95,
    "dma100" : null,
    "dma200" : 748.18,
    "volume" : 53599.00
  }, {
    "date" : "2025-02-24",
    "price" : 532.95,
    "dma50" : 707.81,
    "dma100" : null,
    "dma200" : 746.04,
    "volume" : 52179.00
  }, {
    "date" : "2025-02-25",
    "price" : 531.25,
    "dma50" : 700.88,
    "dma100" : null,
    "dma200" : 743.90,
    "volume" : 55249.00
  }, {
    "date" : "2025-02-27",
    "price" : 530.15,
    "dma50" : 694.19,
    "dma100" : null,
    "dma200" : 741.77,
    "volume" : 37006.00
  }, {
    "date" : "2025-02-28",
    "price" : 506.55,
    "dma50" : 686.83,
    "dma100" : null,
    "dma200" : 739.43,
    "volume" : 61444.00
  }, {
    "date" : "2025-03-03",
    "price" : 533.35,
    "dma50" : 680.81,
    "dma100" : null,
    "dma200" : 737.38,
    "volume" : 157671.00
  }, {
    "date" : "2025-03-04",
    "price" : 532.25,
    "dma50" : 674.99,
    "dma100" : null,
    "dma200" : 735.34,
    "volume" : 48933.00
  }, {
    "date" : "2025-03-05",
    "price" : 537.95,
    "dma50" : 669.61,
    "dma100" : null,
    "dma200" : 733.38,
    "volume" : 66867.00
  }, {
    "date" : "2025-03-06",
    "price" : 555.65,
    "dma50" : 665.14,
    "dma100" : null,
    "dma200" : 731.61,
    "volume" : 76362.00
  }, {
    "date" : "2025-03-07",
    "price" : 561.10,
    "dma50" : 661.06,
    "dma100" : null,
    "dma200" : 729.91,
    "volume" : 58316.00
  }, {
    "date" : "2025-03-10",
    "price" : 538.60,
    "dma50" : 656.26,
    "dma100" : null,
    "dma200" : 728.01,
    "volume" : 58566.00
  }, {
    "date" : "2025-03-11",
    "price" : 540.90,
    "dma50" : 651.74,
    "dma100" : null,
    "dma200" : 726.15,
    "volume" : 57704.00
  }, {
    "date" : "2025-03-12",
    "price" : 520.30,
    "dma50" : 646.58,
    "dma100" : null,
    "dma200" : 724.10,
    "volume" : 44178.00
  }, {
    "date" : "2025-03-13",
    "price" : 521.70,
    "dma50" : 641.68,
    "dma100" : null,
    "dma200" : 722.08,
    "volume" : 70161.00
  }, {
    "date" : "2025-03-17",
    "price" : 531.15,
    "dma50" : 637.35,
    "dma100" : null,
    "dma200" : 720.18,
    "volume" : 61419.00
  }, {
    "date" : "2025-03-18",
    "price" : 558.45,
    "dma50" : 634.26,
    "dma100" : null,
    "dma200" : 718.57,
    "volume" : 104871.00
  }, {
    "date" : "2025-03-19",
    "price" : 606.30,
    "dma50" : 633.16,
    "dma100" : null,
    "dma200" : 717.46,
    "volume" : 332797.00
  }, {
    "date" : "2025-03-20",
    "price" : 617.40,
    "dma50" : 632.54,
    "dma100" : null,
    "dma200" : 716.46,
    "volume" : 73860.00
  }, {
    "date" : "2025-03-21",
    "price" : 635.80,
    "dma50" : 632.67,
    "dma100" : null,
    "dma200" : 715.66,
    "volume" : 81622.00
  }, {
    "date" : "2025-03-24",
    "price" : 637.10,
    "dma50" : 632.84,
    "dma100" : null,
    "dma200" : 714.88,
    "volume" : 75824.00
  }, {
    "date" : "2025-03-25",
    "price" : 596.60,
    "dma50" : 631.42,
    "dma100" : null,
    "dma200" : 713.70,
    "volume" : 90248.00
  }, {
    "date" : "2025-03-26",
    "price" : 571.80,
    "dma50" : 629.08,
    "dma100" : null,
    "dma200" : 712.29,
    "volume" : 94364.00
  }, {
    "date" : "2025-03-27",
    "price" : 564.40,
    "dma50" : 626.55,
    "dma100" : null,
    "dma200" : 710.82,
    "volume" : 149982.00
  }, {
    "date" : "2025-03-28",
    "price" : 561.00,
    "dma50" : 623.98,
    "dma100" : null,
    "dma200" : 709.33,
    "volume" : 68596.00
  }, {
    "date" : "2025-04-01",
    "price" : 573.35,
    "dma50" : 621.99,
    "dma100" : null,
    "dma200" : 707.97,
    "volume" : 40460.00
  }, {
    "date" : "2025-04-02",
    "price" : 570.00,
    "dma50" : 619.95,
    "dma100" : null,
    "dma200" : 706.60,
    "volume" : 31229.00
  }, {
    "date" : "2025-04-03",
    "price" : 573.55,
    "dma50" : 618.13,
    "dma100" : null,
    "dma200" : 705.28,
    "volume" : 45033.00
  }, {
    "date" : "2025-04-04",
    "price" : 546.00,
    "dma50" : 615.30,
    "dma100" : null,
    "dma200" : 703.69,
    "volume" : 67009.00
  }, {
    "date" : "2025-04-07",
    "price" : 543.60,
    "dma50" : 612.49,
    "dma100" : null,
    "dma200" : 702.10,
    "volume" : 101818.00
  }, {
    "date" : "2025-04-08",
    "price" : 574.00,
    "dma50" : 610.98,
    "dma100" : null,
    "dma200" : 700.82,
    "volume" : 59946.00
  }, {
    "date" : "2025-04-09",
    "price" : 576.30,
    "dma50" : 609.62,
    "dma100" : null,
    "dma200" : 699.58,
    "volume" : 27797.00
  }, {
    "date" : "2025-04-11",
    "price" : 561.30,
    "dma50" : 607.73,
    "dma100" : null,
    "dma200" : 698.21,
    "volume" : 43555.00
  }, {
    "date" : "2025-04-15",
    "price" : 570.20,
    "dma50" : 606.26,
    "dma100" : null,
    "dma200" : 696.93,
    "volume" : 42284.00
  }, {
    "date" : "2025-04-16",
    "price" : 565.15,
    "dma50" : 604.64,
    "dma100" : null,
    "dma200" : 695.62,
    "volume" : 40407.00
  }, {
    "date" : "2025-04-17",
    "price" : 567.15,
    "dma50" : 603.17,
    "dma100" : null,
    "dma200" : 694.35,
    "volume" : 122402.00
  }, {
    "date" : "2025-04-21",
    "price" : 570.75,
    "dma50" : 601.90,
    "dma100" : null,
    "dma200" : 693.12,
    "volume" : 37946.00
  }, {
    "date" : "2025-04-22",
    "price" : 578.45,
    "dma50" : 600.98,
    "dma100" : null,
    "dma200" : 691.97,
    "volume" : 154239.00
  }, {
    "date" : "2025-04-23",
    "price" : 559.20,
    "dma50" : 599.34,
    "dma100" : null,
    "dma200" : 690.65,
    "volume" : 139040.00
  }, {
    "date" : "2025-04-24",
    "price" : 563.00,
    "dma50" : 597.92,
    "dma100" : null,
    "dma200" : 689.38,
    "volume" : 104020.00
  }, {
    "date" : "2025-04-25",
    "price" : 555.90,
    "dma50" : 596.27,
    "dma100" : null,
    "dma200" : 688.05,
    "volume" : 54528.00
  }, {
    "date" : "2025-04-28",
    "price" : 543.20,
    "dma50" : 594.19,
    "dma100" : null,
    "dma200" : 686.61,
    "volume" : 44315.00
  }, {
    "date" : "2025-04-29",
    "price" : 536.40,
    "dma50" : 591.92,
    "dma100" : null,
    "dma200" : 685.12,
    "volume" : 35697.00
  }, {
    "date" : "2025-04-30",
    "price" : 527.75,
    "dma50" : 589.41,
    "dma100" : null,
    "dma200" : 683.55,
    "volume" : 35350.00
  }, {
    "date" : "2025-05-02",
    "price" : 518.60,
    "dma50" : 586.63,
    "dma100" : null,
    "dma200" : 681.91,
    "volume" : 27812.00
  }, {
    "date" : "2025-05-05",
    "price" : 522.00,
    "dma50" : 584.10,
    "dma100" : null,
    "dma200" : 680.32,
    "volume" : 48648.00
  }, {
    "date" : "2025-05-06",
    "price" : 505.65,
    "dma50" : 581.02,
    "dma100" : null,
    "dma200" : 678.58,
    "volume" : 30794.00
  }, {
    "date" : "2025-05-07",
    "price" : 507.70,
    "dma50" : 578.14,
    "dma100" : null,
    "dma200" : 676.88,
    "volume" : 39711.00
  }, {
    "date" : "2025-05-08",
    "price" : 506.30,
    "dma50" : 575.33,
    "dma100" : null,
    "dma200" : 675.18,
    "volume" : 68813.00
  }, {
    "date" : "2025-05-09",
    "price" : 500.20,
    "dma50" : 572.38,
    "dma100" : null,
    "dma200" : 673.44,
    "volume" : 88850.00
  }, {
    "date" : "2025-05-12",
    "price" : 529.60,
    "dma50" : 570.70,
    "dma100" : null,
    "dma200" : 672.01,
    "volume" : 128159.00
  }, {
    "date" : "2025-05-13",
    "price" : 543.85,
    "dma50" : 569.65,
    "dma100" : null,
    "dma200" : 670.74,
    "volume" : 136056.00
  }, {
    "date" : "2025-05-14",
    "price" : 535.35,
    "dma50" : 568.30,
    "dma100" : null,
    "dma200" : 669.39,
    "volume" : 69898.00
  }, {
    "date" : "2025-05-15",
    "price" : 567.35,
    "dma50" : 568.27,
    "dma100" : null,
    "dma200" : 668.37,
    "volume" : 153282.00
  }, {
    "date" : "2025-05-16",
    "price" : 572.65,
    "dma50" : 568.44,
    "dma100" : null,
    "dma200" : 667.42,
    "volume" : 80267.00
  }, {
    "date" : "2025-05-19",
    "price" : 570.55,
    "dma50" : 568.52,
    "dma100" : null,
    "dma200" : 666.46,
    "volume" : 38919.00
  }, {
    "date" : "2025-05-20",
    "price" : 560.65,
    "dma50" : 568.21,
    "dma100" : null,
    "dma200" : 665.41,
    "volume" : 81477.00
  }, {
    "date" : "2025-05-21",
    "price" : 558.85,
    "dma50" : 567.85,
    "dma100" : null,
    "dma200" : 664.35,
    "volume" : 33431.00
  }, {
    "date" : "2025-05-22",
    "price" : 554.80,
    "dma50" : 567.33,
    "dma100" : null,
    "dma200" : 663.26,
    "volume" : 34609.00
  }, {
    "date" : "2025-05-23",
    "price" : 556.35,
    "dma50" : 566.90,
    "dma100" : null,
    "dma200" : 662.19,
    "volume" : 35973.00
  }, {
    "date" : "2025-05-26",
    "price" : 546.75,
    "dma50" : 566.11,
    "dma100" : null,
    "dma200" : 661.04,
    "volume" : 33181.00
  }, {
    "date" : "2025-05-27",
    "price" : 546.90,
    "dma50" : 565.36,
    "dma100" : null,
    "dma200" : 659.91,
    "volume" : 32011.00
  }, {
    "date" : "2025-05-28",
    "price" : 548.55,
    "dma50" : 564.70,
    "dma100" : null,
    "dma200" : 658.80,
    "volume" : 37954.00
  }, {
    "date" : "2025-05-29",
    "price" : 539.90,
    "dma50" : 563.73,
    "dma100" : null,
    "dma200" : 657.62,
    "volume" : 30770.00
  }, {
    "date" : "2025-05-30",
    "price" : 549.25,
    "dma50" : 563.16,
    "dma100" : null,
    "dma200" : 656.54,
    "volume" : 66896.00
  }, {
    "date" : "2025-06-02",
    "price" : 565.70,
    "dma50" : 563.26,
    "dma100" : null,
    "dma200" : 655.63,
    "volume" : 84014.00
  }, {
    "date" : "2025-06-03",
    "price" : 563.25,
    "dma50" : 563.26,
    "dma100" : null,
    "dma200" : 654.71,
    "volume" : 36501.00
  }, {
    "date" : "2025-06-04",
    "price" : 573.00,
    "dma50" : 563.64,
    "dma100" : null,
    "dma200" : 653.90,
    "volume" : 39653.00
  }, {
    "date" : "2025-06-05",
    "price" : 562.40,
    "dma50" : 563.59,
    "dma100" : null,
    "dma200" : 652.99,
    "volume" : 45495.00
  }, {
    "date" : "2025-06-06",
    "price" : 602.45,
    "dma50" : 565.12,
    "dma100" : null,
    "dma200" : 652.49,
    "volume" : 402671.00
  }, {
    "date" : "2025-06-09",
    "price" : 662.15,
    "dma50" : 568.92,
    "dma100" : null,
    "dma200" : 652.58,
    "volume" : 388707.00
  }, {
    "date" : "2025-06-10",
    "price" : 686.45,
    "dma50" : 573.53,
    "dma100" : null,
    "dma200" : 652.92,
    "volume" : 468218.00
  }, {
    "date" : "2025-06-11",
    "price" : 702.05,
    "dma50" : 578.57,
    "dma100" : null,
    "dma200" : 653.41,
    "volume" : 472044.00
  }, {
    "date" : "2025-06-12",
    "price" : 711.70,
    "dma50" : 583.79,
    "dma100" : null,
    "dma200" : 653.99,
    "volume" : 343760.00
  }, {
    "date" : "2025-06-13",
    "price" : 731.40,
    "dma50" : 589.58,
    "dma100" : null,
    "dma200" : 654.76,
    "volume" : 590894.00
  }, {
    "date" : "2025-06-16",
    "price" : 733.75,
    "dma50" : 595.23,
    "dma100" : null,
    "dma200" : 655.55,
    "volume" : 148476.00
  }, {
    "date" : "2025-06-17",
    "price" : 703.90,
    "dma50" : 599.50,
    "dma100" : null,
    "dma200" : 656.03,
    "volume" : 102451.00
  }, {
    "date" : "2025-06-18",
    "price" : 685.15,
    "dma50" : 602.85,
    "dma100" : null,
    "dma200" : 656.32,
    "volume" : 117782.00
  }, {
    "date" : "2025-06-19",
    "price" : 709.25,
    "dma50" : 607.03,
    "dma100" : null,
    "dma200" : 656.84,
    "volume" : 289532.00
  }, {
    "date" : "2025-06-20",
    "price" : 698.30,
    "dma50" : 610.61,
    "dma100" : null,
    "dma200" : 657.26,
    "volume" : 66405.00
  }, {
    "date" : "2025-06-23",
    "price" : 707.95,
    "dma50" : 614.42,
    "dma100" : null,
    "dma200" : 657.76,
    "volume" : 127638.00
  }, {
    "date" : "2025-06-24",
    "price" : 681.65,
    "dma50" : 617.06,
    "dma100" : null,
    "dma200" : 658.00,
    "volume" : 204680.00
  }, {
    "date" : "2025-06-25",
    "price" : 692.20,
    "dma50" : 620.01,
    "dma100" : null,
    "dma200" : 658.34,
    "volume" : 80440.00
  }, {
    "date" : "2025-06-26",
    "price" : 683.90,
    "dma50" : 622.51,
    "dma100" : null,
    "dma200" : 658.59,
    "volume" : 53442.00
  }, {
    "date" : "2025-06-27",
    "price" : 699.75,
    "dma50" : 625.54,
    "dma100" : null,
    "dma200" : 659.00,
    "volume" : 167929.00
  }, {
    "date" : "2025-06-30",
    "price" : 694.85,
    "dma50" : 628.26,
    "dma100" : null,
    "dma200" : 659.36,
    "volume" : 102641.00
  }, {
    "date" : "2025-07-01",
    "price" : 687.30,
    "dma50" : 630.57,
    "dma100" : null,
    "dma200" : 659.64,
    "volume" : 84503.00
  }, {
    "date" : "2025-07-02",
    "price" : 685.70,
    "dma50" : 632.74,
    "dma100" : null,
    "dma200" : 659.90,
    "volume" : 92319.00
  }, {
    "date" : "2025-07-03",
    "price" : 698.85,
    "dma50" : 635.33,
    "dma100" : null,
    "dma200" : 660.28,
    "volume" : 137187.00
  }, {
    "date" : "2025-07-04",
    "price" : 710.10,
    "dma50" : 638.26,
    "dma100" : null,
    "dma200" : 660.78,
    "volume" : 145431.00
  }, {
    "date" : "2025-07-07",
    "price" : 691.00,
    "dma50" : 640.33,
    "dma100" : null,
    "dma200" : 661.08,
    "volume" : 84540.00
  }, {
    "date" : "2025-07-08",
    "price" : 659.50,
    "dma50" : 641.08,
    "dma100" : null,
    "dma200" : 661.07,
    "volume" : 185421.00
  }, {
    "date" : "2025-07-09",
    "price" : 674.25,
    "dma50" : 642.38,
    "dma100" : null,
    "dma200" : 661.20,
    "volume" : 86202.00
  }, {
    "date" : "2025-07-10",
    "price" : 667.65,
    "dma50" : 643.37,
    "dma100" : null,
    "dma200" : 661.26,
    "volume" : 58411.00
  }, {
    "date" : "2025-07-11",
    "price" : 658.30,
    "dma50" : 643.96,
    "dma100" : null,
    "dma200" : 661.23,
    "volume" : 32770.00
  }, {
    "date" : "2025-07-14",
    "price" : 658.40,
    "dma50" : 644.52,
    "dma100" : null,
    "dma200" : 661.20,
    "volume" : 67750.00
  }, {
    "date" : "2025-07-15",
    "price" : 656.30,
    "dma50" : 644.99,
    "dma100" : null,
    "dma200" : 661.15,
    "volume" : 47235.00
  }, {
    "date" : "2025-07-16",
    "price" : 656.20,
    "dma50" : 645.43,
    "dma100" : 591.92,
    "dma200" : 661.10,
    "volume" : 32419.00
  }, {
    "date" : "2025-07-17",
    "price" : 653.65,
    "dma50" : 645.75,
    "dma100" : 593.05,
    "dma200" : 661.03,
    "volume" : 26419.00
  }, {
    "date" : "2025-07-18",
    "price" : 655.65,
    "dma50" : 646.14,
    "dma100" : 594.07,
    "dma200" : 660.98,
    "volume" : 47844.00
  }, {
    "date" : "2025-07-21",
    "price" : 653.75,
    "dma50" : 646.44,
    "dma100" : 594.92,
    "dma200" : 660.91,
    "volume" : 56432.00
  }, {
    "date" : "2025-07-22",
    "price" : 654.20,
    "dma50" : 646.74,
    "dma100" : 595.92,
    "dma200" : 660.84,
    "volume" : 92758.00
  }, {
    "date" : "2025-07-23",
    "price" : 632.40,
    "dma50" : 646.18,
    "dma100" : 596.91,
    "dma200" : 660.56,
    "volume" : 82828.00
  }, {
    "date" : "2025-07-24",
    "price" : 609.10,
    "dma50" : 644.72,
    "dma100" : 597.69,
    "dma200" : 660.04,
    "volume" : 76043.00
  }, {
    "date" : "2025-07-25",
    "price" : 623.45,
    "dma50" : 643.89,
    "dma100" : 598.62,
    "dma200" : 659.68,
    "volume" : 191638.00
  }, {
    "date" : "2025-07-28",
    "price" : 599.35,
    "dma50" : 642.14,
    "dma100" : 599.55,
    "dma200" : 659.08,
    "volume" : 47683.00
  }, {
    "date" : "2025-07-29",
    "price" : 597.40,
    "dma50" : 640.39,
    "dma100" : 600.19,
    "dma200" : 658.47,
    "volume" : 32537.00
  }, {
    "date" : "2025-07-30",
    "price" : 598.55,
    "dma50" : 638.75,
    "dma100" : 600.86,
    "dma200" : 657.87,
    "volume" : 43880.00
  }, {
    "date" : "2025-07-31",
    "price" : 598.35,
    "dma50" : 637.16,
    "dma100" : 601.46,
    "dma200" : 657.28,
    "volume" : 32314.00
  }, {
    "date" : "2025-08-01",
    "price" : 587.75,
    "dma50" : 635.23,
    "dma100" : 601.78,
    "dma200" : 656.59,
    "volume" : 19285.00
  }, {
    "date" : "2025-08-04",
    "price" : 583.45,
    "dma50" : 633.19,
    "dma100" : 602.00,
    "dma200" : 655.86,
    "volume" : 19482.00
  }, {
    "date" : "2025-08-05",
    "price" : 575.55,
    "dma50" : 630.93,
    "dma100" : 602.37,
    "dma200" : 655.06,
    "volume" : 41482.00
  }, {
    "date" : "2025-08-06",
    "price" : 571.75,
    "dma50" : 628.61,
    "dma100" : 602.68,
    "dma200" : 654.23,
    "volume" : 19887.00
  }, {
    "date" : "2025-08-07",
    "price" : 562.75,
    "dma50" : 626.03,
    "dma100" : 603.11,
    "dma200" : 653.32,
    "volume" : 24390.00
  }, {
    "date" : "2025-08-08",
    "price" : 582.70,
    "dma50" : 624.33,
    "dma100" : 603.72,
    "dma200" : 652.62,
    "volume" : 53009.00
  }, {
    "date" : "2025-08-11",
    "price" : 572.60,
    "dma50" : 622.30,
    "dma100" : 604.13,
    "dma200" : 651.82,
    "volume" : 31637.00
  }, {
    "date" : "2025-08-12",
    "price" : 581.40,
    "dma50" : 620.70,
    "dma100" : 604.36,
    "dma200" : 651.12,
    "volume" : 27653.00
  }, {
    "date" : "2025-08-13",
    "price" : 559.40,
    "dma50" : 618.29,
    "dma100" : 603.89,
    "dma200" : 650.21,
    "volume" : 135743.00
  }, {
    "date" : "2025-08-14",
    "price" : 519.40,
    "dma50" : 614.42,
    "dma100" : 602.91,
    "dma200" : 648.91,
    "volume" : 235625.00
  }, {
    "date" : "2025-08-18",
    "price" : 530.55,
    "dma50" : 611.13,
    "dma100" : 601.86,
    "dma200" : 647.73,
    "volume" : 52075.00
  }, {
    "date" : "2025-08-19",
    "price" : 546.55,
    "dma50" : 608.60,
    "dma100" : 600.95,
    "dma200" : 646.72,
    "volume" : 26115.00
  }, {
    "date" : "2025-08-20",
    "price" : 562.95,
    "dma50" : 606.81,
    "dma100" : 600.62,
    "dma200" : 645.89,
    "volume" : 47200.00
  }, {
    "date" : "2025-08-21",
    "price" : 561.75,
    "dma50" : 605.04,
    "dma100" : 600.52,
    "dma200" : 645.05,
    "volume" : 23344.00
  }, {
    "date" : "2025-08-22",
    "price" : 552.35,
    "dma50" : 602.97,
    "dma100" : 600.40,
    "dma200" : 644.13,
    "volume" : 18411.00
  }, {
    "date" : "2025-08-25",
    "price" : 552.80,
    "dma50" : 601.00,
    "dma100" : 600.31,
    "dma200" : 643.22,
    "volume" : 21760.00
  }, {
    "date" : "2025-08-26",
    "price" : 552.25,
    "dma50" : 599.09,
    "dma100" : 600.10,
    "dma200" : 642.31,
    "volume" : 17558.00
  }, {
    "date" : "2025-08-28",
    "price" : 529.15,
    "dma50" : 596.35,
    "dma100" : 599.69,
    "dma200" : 641.19,
    "volume" : 23996.00
  }, {
    "date" : "2025-08-29",
    "price" : 526.20,
    "dma50" : 593.60,
    "dma100" : 599.22,
    "dma200" : 640.04,
    "volume" : 23657.00
  }, {
    "date" : "2025-09-01",
    "price" : 552.85,
    "dma50" : 592.00,
    "dma100" : 599.29,
    "dma200" : 639.18,
    "volume" : 30843.00
  }, {
    "date" : "2025-09-02",
    "price" : 558.05,
    "dma50" : 590.67,
    "dma100" : 599.43,
    "dma200" : 638.37,
    "volume" : 22757.00
  }, {
    "date" : "2025-09-03",
    "price" : 570.30,
    "dma50" : 589.87,
    "dma100" : 599.40,
    "dma200" : 637.69,
    "volume" : 40652.00
  }, {
    "date" : "2025-09-04",
    "price" : 556.20,
    "dma50" : 588.55,
    "dma100" : 599.20,
    "dma200" : 636.88,
    "volume" : 20420.00
  }, {
    "date" : "2025-09-05",
    "price" : 564.45,
    "dma50" : 587.61,
    "dma100" : 599.23,
    "dma200" : 636.16,
    "volume" : 19369.00
  }, {
    "date" : "2025-09-08",
    "price" : 564.65,
    "dma50" : 586.70,
    "dma100" : 599.17,
    "dma200" : 635.45,
    "volume" : 9063.00
  }, {
    "date" : "2025-09-09",
    "price" : 561.40,
    "dma50" : 585.71,
    "dma100" : 599.13,
    "dma200" : 634.71,
    "volume" : 21525.00
  }, {
    "date" : "2025-09-10",
    "price" : 555.95,
    "dma50" : 584.55,
    "dma100" : 599.02,
    "dma200" : 633.93,
    "volume" : 53213.00
  }, {
    "date" : "2025-09-11",
    "price" : 559.55,
    "dma50" : 583.57,
    "dma100" : 598.91,
    "dma200" : 633.19,
    "volume" : 17623.00
  }, {
    "date" : "2025-09-12",
    "price" : 551.55,
    "dma50" : 582.31,
    "dma100" : 598.64,
    "dma200" : 632.38,
    "volume" : 32923.00
  }, {
    "date" : "2025-09-15",
    "price" : 549.85,
    "dma50" : 581.04,
    "dma100" : 598.55,
    "dma200" : 631.55,
    "volume" : 11426.00
  }, {
    "date" : "2025-09-16",
    "price" : 554.20,
    "dma50" : 579.98,
    "dma100" : 598.46,
    "dma200" : 630.78,
    "volume" : 15110.00
  }, {
    "date" : "2025-09-17",
    "price" : 585.90,
    "dma50" : 580.22,
    "dma100" : 598.76,
    "dma200" : 630.34,
    "volume" : 94503.00
  }, {
    "date" : "2025-09-18",
    "price" : 579.80,
    "dma50" : 580.20,
    "dma100" : 599.13,
    "dma200" : 629.84,
    "volume" : 31081.00
  }, {
    "date" : "2025-09-19",
    "price" : 567.90,
    "dma50" : 579.72,
    "dma100" : 599.44,
    "dma200" : 629.22,
    "volume" : 29257.00
  }, {
    "date" : "2025-09-22",
    "price" : 563.15,
    "dma50" : 579.07,
    "dma100" : 599.79,
    "dma200" : 628.56,
    "volume" : 46007.00
  }, {
    "date" : "2025-09-23",
    "price" : 566.50,
    "dma50" : 578.58,
    "dma100" : 600.27,
    "dma200" : 627.94,
    "volume" : 20901.00
  }, {
    "date" : "2025-09-24",
    "price" : 550.00,
    "dma50" : 577.45,
    "dma100" : 600.55,
    "dma200" : 627.17,
    "volume" : 23024.00
  }, {
    "date" : "2025-09-25",
    "price" : 553.15,
    "dma50" : 576.50,
    "dma100" : 601.03,
    "dma200" : 626.43,
    "volume" : 36437.00
  }, {
    "date" : "2025-09-26",
    "price" : 555.80,
    "dma50" : 575.69,
    "dma100" : 601.51,
    "dma200" : 625.73,
    "volume" : 29148.00
  }, {
    "date" : "2025-09-29",
    "price" : 546.35,
    "dma50" : 574.54,
    "dma100" : 601.91,
    "dma200" : 624.94,
    "volume" : 7726.00
  }, {
    "date" : "2025-09-30",
    "price" : 551.75,
    "dma50" : 573.65,
    "dma100" : 602.43,
    "dma200" : 624.21,
    "volume" : 22501.00
  }, {
    "date" : "2025-10-01",
    "price" : 544.80,
    "dma50" : 572.51,
    "dma100" : 602.58,
    "dma200" : 623.42,
    "volume" : 23337.00
  }, {
    "date" : "2025-10-03",
    "price" : 557.40,
    "dma50" : 571.92,
    "dma100" : 602.71,
    "dma200" : 622.76,
    "volume" : 45644.00
  }, {
    "date" : "2025-10-06",
    "price" : 542.80,
    "dma50" : 570.78,
    "dma100" : 602.79,
    "dma200" : 621.97,
    "volume" : 33340.00
  }, {
    "date" : "2025-10-07",
    "price" : 543.50,
    "dma50" : 569.71,
    "dma100" : 602.55,
    "dma200" : 621.19,
    "volume" : 13769.00
  }, {
    "date" : "2025-10-08",
    "price" : 541.70,
    "dma50" : 568.61,
    "dma100" : 602.24,
    "dma200" : 620.40,
    "volume" : 30889.00
  }, {
    "date" : "2025-10-09",
    "price" : 543.05,
    "dma50" : 567.61,
    "dma100" : 601.96,
    "dma200" : 619.63,
    "volume" : 14026.00
  }, {
    "date" : "2025-10-10",
    "price" : 547.10,
    "dma50" : 566.80,
    "dma100" : 601.83,
    "dma200" : 618.91,
    "volume" : 20009.00
  }, {
    "date" : "2025-10-13",
    "price" : 542.45,
    "dma50" : 565.85,
    "dma100" : 601.67,
    "dma200" : 618.14,
    "volume" : 28565.00
  }, {
    "date" : "2025-10-14",
    "price" : 529.90,
    "dma50" : 564.44,
    "dma100" : 601.42,
    "dma200" : 617.27,
    "volume" : 20886.00
  }, {
    "date" : "2025-10-15",
    "price" : 518.25,
    "dma50" : 562.63,
    "dma100" : 601.04,
    "dma200" : 616.28,
    "volume" : 37512.00
  }, {
    "date" : "2025-10-16",
    "price" : 517.15,
    "dma50" : 560.84,
    "dma100" : 600.74,
    "dma200" : 615.29,
    "volume" : 22738.00
  }, {
    "date" : "2025-10-17",
    "price" : 521.40,
    "dma50" : 559.30,
    "dma100" : 600.48,
    "dma200" : 614.36,
    "volume" : 17340.00
  }, {
    "date" : "2025-10-20",
    "price" : 510.55,
    "dma50" : 557.39,
    "dma100" : 600.10,
    "dma200" : 613.33,
    "volume" : 21831.00
  }, {
    "date" : "2025-10-21",
    "price" : 511.95,
    "dma50" : 555.60,
    "dma100" : 599.82,
    "dma200" : 612.32,
    "volume" : 9838.00
  }, {
    "date" : "2025-10-23",
    "price" : 516.15,
    "dma50" : 554.06,
    "dma100" : 599.49,
    "dma200" : 611.36,
    "volume" : 19455.00
  }, {
    "date" : "2025-10-24",
    "price" : 515.20,
    "dma50" : 552.53,
    "dma100" : 598.99,
    "dma200" : 610.41,
    "volume" : 9543.00
  }, {
    "date" : "2025-10-27",
    "price" : 542.25,
    "dma50" : 552.13,
    "dma100" : 598.78,
    "dma200" : 609.73,
    "volume" : 56423.00
  }, {
    "date" : "2025-10-28",
    "price" : 563.75,
    "dma50" : 552.59,
    "dma100" : 598.69,
    "dma200" : 609.27,
    "volume" : 91051.00
  }, {
    "date" : "2025-10-29",
    "price" : 569.00,
    "dma50" : 553.23,
    "dma100" : 598.75,
    "dma200" : 608.87,
    "volume" : 38355.00
  }, {
    "date" : "2025-10-30",
    "price" : 558.75,
    "dma50" : 553.45,
    "dma100" : 598.32,
    "dma200" : 608.37,
    "volume" : 34863.00
  }, {
    "date" : "2025-10-31",
    "price" : 572.25,
    "dma50" : 554.18,
    "dma100" : 597.42,
    "dma200" : 608.01,
    "volume" : 22808.00
  }, {
    "date" : "2025-11-03",
    "price" : 575.40,
    "dma50" : 555.02,
    "dma100" : 596.31,
    "dma200" : 607.69,
    "volume" : 22612.00
  }, {
    "date" : "2025-11-04",
    "price" : 554.75,
    "dma50" : 555.01,
    "dma100" : 594.83,
    "dma200" : 607.16,
    "volume" : 29804.00
  }, {
    "date" : "2025-11-06",
    "price" : 540.10,
    "dma50" : 554.42,
    "dma100" : 593.12,
    "dma200" : 606.49,
    "volume" : 20164.00
  }, {
    "date" : "2025-11-07",
    "price" : 536.20,
    "dma50" : 553.71,
    "dma100" : 591.16,
    "dma200" : 605.79,
    "volume" : 27804.00
  }, {
    "date" : "2025-11-10",
    "price" : 564.20,
    "dma50" : 554.12,
    "dma100" : 589.47,
    "dma200" : 605.38,
    "volume" : 96214.00
  }, {
    "date" : "2025-11-11",
    "price" : 567.40,
    "dma50" : 554.64,
    "dma100" : 588.10,
    "dma200" : 605.00,
    "volume" : 21374.00
  }, {
    "date" : "2025-11-12",
    "price" : 539.25,
    "dma50" : 554.03,
    "dma100" : 586.65,
    "dma200" : 604.35,
    "volume" : 49913.00
  }, {
    "date" : "2025-11-13",
    "price" : 541.05,
    "dma50" : 553.53,
    "dma100" : 584.96,
    "dma200" : 603.72,
    "volume" : 38304.00
  }, {
    "date" : "2025-11-14",
    "price" : 531.75,
    "dma50" : 552.67,
    "dma100" : 583.30,
    "dma200" : 603.00,
    "volume" : 23576.00
  }, {
    "date" : "2025-11-17",
    "price" : 522.45,
    "dma50" : 551.49,
    "dma100" : 581.44,
    "dma200" : 602.20,
    "volume" : 20695.00
  }, {
    "date" : "2025-11-18",
    "price" : 514.95,
    "dma50" : 550.05,
    "dma100" : 579.78,
    "dma200" : 601.33,
    "volume" : 21612.00
  }, {
    "date" : "2025-11-19",
    "price" : 508.25,
    "dma50" : 548.41,
    "dma100" : 577.94,
    "dma200" : 600.41,
    "volume" : 233742.00
  }, {
    "date" : "2025-11-20",
    "price" : 500.70,
    "dma50" : 546.54,
    "dma100" : 576.10,
    "dma200" : 599.41,
    "volume" : 24427.00
  }, {
    "date" : "2025-11-21",
    "price" : 485.40,
    "dma50" : 544.15,
    "dma100" : 573.96,
    "dma200" : 598.28,
    "volume" : 30633.00
  }, {
    "date" : "2025-11-24",
    "price" : 417.75,
    "dma50" : 539.19,
    "dma100" : 571.19,
    "dma200" : 596.48,
    "volume" : 873323.00
  }, {
    "date" : "2025-11-25",
    "price" : 403.50,
    "dma50" : 533.87,
    "dma100" : 568.35,
    "dma200" : 594.56,
    "volume" : 873862.00
  }, {
    "date" : "2025-11-26",
    "price" : 417.00,
    "dma50" : 529.28,
    "dma100" : 565.66,
    "dma200" : 592.80,
    "volume" : 112968.00
  }, {
    "date" : "2025-11-27",
    "price" : 400.55,
    "dma50" : 524.24,
    "dma100" : 562.68,
    "dma200" : 590.88,
    "volume" : 180832.00
  }, {
    "date" : "2025-11-28",
    "price" : 394.65,
    "dma50" : 519.15,
    "dma100" : 559.53,
    "dma200" : 588.93,
    "volume" : 86779.00
  }, {
    "date" : "2025-12-01",
    "price" : 405.50,
    "dma50" : 514.70,
    "dma100" : 556.67,
    "dma200" : 587.10,
    "volume" : 54821.00
  }, {
    "date" : "2025-12-02",
    "price" : 394.90,
    "dma50" : 510.00,
    "dma100" : 554.03,
    "dma200" : 585.19,
    "volume" : 39183.00
  }, {
    "date" : "2025-12-03",
    "price" : 390.75,
    "dma50" : 505.32,
    "dma100" : 551.19,
    "dma200" : 583.26,
    "volume" : 32329.00
  }, {
    "date" : "2025-12-04",
    "price" : 387.25,
    "dma50" : 500.69,
    "dma100" : 548.39,
    "dma200" : 581.31,
    "volume" : 28981.00
  }, {
    "date" : "2025-12-05",
    "price" : 380.40,
    "dma50" : 495.98,
    "dma100" : 545.61,
    "dma200" : 579.31,
    "volume" : 37796.00
  }, {
    "date" : "2025-12-08",
    "price" : 371.10,
    "dma50" : 491.08,
    "dma100" : 542.74,
    "dma200" : 577.24,
    "volume" : 37594.00
  }, {
    "date" : "2025-12-09",
    "price" : 374.35,
    "dma50" : 486.50,
    "dma100" : 539.92,
    "dma200" : 575.22,
    "volume" : 60333.00
  }, {
    "date" : "2025-12-10",
    "price" : 369.75,
    "dma50" : 481.92,
    "dma100" : 537.05,
    "dma200" : 573.17,
    "volume" : 43941.00
  }, {
    "date" : "2025-12-11",
    "price" : 393.15,
    "dma50" : 478.44,
    "dma100" : 534.45,
    "dma200" : 571.38,
    "volume" : 61142.00
  }, {
    "date" : "2025-12-12",
    "price" : 396.65,
    "dma50" : 475.23,
    "dma100" : 531.86,
    "dma200" : 569.64,
    "volume" : 38477.00
  }, {
    "date" : "2025-12-15",
    "price" : 428.95,
    "dma50" : 473.42,
    "dma100" : 529.61,
    "dma200" : 568.24,
    "volume" : 242789.00
  }, {
    "date" : "2025-12-16",
    "price" : 420.40,
    "dma50" : 471.34,
    "dma100" : 527.27,
    "dma200" : 566.77,
    "volume" : 42948.00
  }, {
    "date" : "2025-12-17",
    "price" : 405.55,
    "dma50" : 468.76,
    "dma100" : 525.00,
    "dma200" : 565.17,
    "volume" : 23775.00
  }, {
    "date" : "2025-12-18",
    "price" : 402.20,
    "dma50" : 466.15,
    "dma100" : 522.93,
    "dma200" : 563.55,
    "volume" : 52532.00
  }, {
    "date" : "2025-12-19",
    "price" : 411.10,
    "dma50" : 463.99,
    "dma100" : 520.81,
    "dma200" : 562.03,
    "volume" : 42389.00
  }, {
    "date" : "2025-12-22",
    "price" : 430.00,
    "dma50" : 462.66,
    "dma100" : 519.12,
    "dma200" : 560.72,
    "volume" : 81746.00
  }, {
    "date" : "2025-12-23",
    "price" : 422.85,
    "dma50" : 461.10,
    "dma100" : 517.37,
    "dma200" : 559.34,
    "volume" : 38988.00
  }, {
    "date" : "2025-12-24",
    "price" : 427.50,
    "dma50" : 459.78,
    "dma100" : 515.66,
    "dma200" : 558.03,
    "volume" : 37224.00
  }, {
    "date" : "2025-12-26",
    "price" : 419.90,
    "dma50" : 458.21,
    "dma100" : 513.88,
    "dma200" : 556.66,
    "volume" : 32686.00
  }, {
    "date" : "2025-12-29",
    "price" : 404.95,
    "dma50" : 456.13,
    "dma100" : 512.05,
    "dma200" : 555.15,
    "volume" : 29253.00
  }, {
    "date" : "2025-12-30",
    "price" : 402.95,
    "dma50" : 454.04,
    "dma100" : 510.24,
    "dma200" : 553.63,
    "volume" : 27143.00
  }, {
    "date" : "2025-12-31",
    "price" : 411.15,
    "dma50" : 452.36,
    "dma100" : 508.60,
    "dma200" : 552.22,
    "volume" : 18142.00
  }, {
    "date" : "2026-01-01",
    "price" : 411.25,
    "dma50" : 450.75,
    "dma100" : 506.99,
    "dma200" : 550.81,
    "volume" : 10515.00
  }, {
    "date" : "2026-01-02",
    "price" : 406.40,
    "dma50" : 449.01,
    "dma100" : 505.43,
    "dma200" : 549.38,
    "volume" : 42528.00
  }, {
    "date" : "2026-01-05",
    "price" : 395.55,
    "dma50" : 446.91,
    "dma100" : 503.56,
    "dma200" : 547.85,
    "volume" : 33284.00
  }, {
    "date" : "2026-01-06",
    "price" : 381.40,
    "dma50" : 444.34,
    "dma100" : 501.65,
    "dma200" : 546.19,
    "volume" : 99942.00
  }, {
    "date" : "2026-01-07",
    "price" : 385.05,
    "dma50" : 442.02,
    "dma100" : 499.68,
    "dma200" : 544.59,
    "volume" : 83845.00
  }, {
    "date" : "2026-01-08",
    "price" : 377.10,
    "dma50" : 439.47,
    "dma100" : 497.86,
    "dma200" : 542.92,
    "volume" : 44711.00
  }, {
    "date" : "2026-01-09",
    "price" : 363.40,
    "dma50" : 436.49,
    "dma100" : 496.30,
    "dma200" : 541.13,
    "volume" : 36340.00
  }, {
    "date" : "2026-01-12",
    "price" : 359.50,
    "dma50" : 433.47,
    "dma100" : 494.59,
    "dma200" : 539.33,
    "volume" : 264262.00
  }, {
    "date" : "2026-01-13",
    "price" : 367.80,
    "dma50" : 430.89,
    "dma100" : 492.80,
    "dma200" : 537.62,
    "volume" : 47890.00
  }, {
    "date" : "2026-01-14",
    "price" : 441.25,
    "dma50" : 431.30,
    "dma100" : 491.58,
    "dma200" : 536.66,
    "volume" : 4214975.00
  }, {
    "date" : "2026-01-16",
    "price" : 494.00,
    "dma50" : 433.76,
    "dma100" : 490.91,
    "dma200" : 536.24,
    "volume" : 9843129.00
  }, {
    "date" : "2026-01-19",
    "price" : 463.55,
    "dma50" : 434.93,
    "dma100" : 490.02,
    "dma200" : 535.51,
    "volume" : 862931.00
  }, {
    "date" : "2026-01-20",
    "price" : 414.80,
    "dma50" : 434.14,
    "dma100" : 488.64,
    "dma200" : 534.31,
    "volume" : 424029.00
  }, {
    "date" : "2026-01-21",
    "price" : 435.50,
    "dma50" : 434.19,
    "dma100" : 487.47,
    "dma200" : 533.33,
    "volume" : 1364042.00
  }, {
    "date" : "2026-01-22",
    "price" : 440.20,
    "dma50" : 434.43,
    "dma100" : 486.58,
    "dma200" : 532.40,
    "volume" : 247253.00
  }, {
    "date" : "2026-01-23",
    "price" : 505.00,
    "dma50" : 437.19,
    "dma100" : 486.37,
    "dma200" : 532.13,
    "volume" : 3849349.00
  }, {
    "date" : "2026-01-27",
    "price" : 599.90,
    "dma50" : 443.57,
    "dma100" : 486.84,
    "dma200" : 532.80,
    "volume" : 6214449.00
  }, {
    "date" : "2026-01-28",
    "price" : 577.05,
    "dma50" : 448.81,
    "dma100" : 487.03,
    "dma200" : 533.24,
    "volume" : 5394618.00
  }, {
    "date" : "2026-01-29",
    "price" : 582.25,
    "dma50" : 454.04,
    "dma100" : 487.15,
    "dma200" : 533.73,
    "volume" : 1325648.00
  }, {
    "date" : "2026-01-30",
    "price" : 550.75,
    "dma50" : 457.83,
    "dma100" : 487.10,
    "dma200" : 533.90,
    "volume" : 473215.00
  }, {
    "date" : "2026-02-01",
    "price" : 529.90,
    "dma50" : 460.66,
    "dma100" : 486.75,
    "dma200" : 533.86,
    "volume" : 361382.00
  }, {
    "date" : "2026-02-02",
    "price" : 525.10,
    "dma50" : 463.19,
    "dma100" : 486.35,
    "dma200" : 533.77,
    "volume" : 351821.00
  }, {
    "date" : "2026-02-03",
    "price" : 545.45,
    "dma50" : 466.41,
    "dma100" : 486.20,
    "dma200" : 533.89,
    "volume" : 267644.00
  }, {
    "date" : "2026-02-04",
    "price" : 579.20,
    "dma50" : 470.84,
    "dma100" : 486.43,
    "dma200" : 534.34,
    "volume" : 789583.00
  }, {
    "date" : "2026-02-05",
    "price" : 586.60,
    "dma50" : 475.38,
    "dma100" : 486.70,
    "dma200" : 534.86,
    "volume" : 377770.00
  }, {
    "date" : "2026-02-06",
    "price" : 548.75,
    "dma50" : 478.25,
    "dma100" : 486.67,
    "dma200" : 535.00,
    "volume" : 342985.00
  }, {
    "date" : "2026-02-09",
    "price" : 574.00,
    "dma50" : 482.01,
    "dma100" : 486.91,
    "dma200" : 535.39,
    "volume" : 232134.00
  }, {
    "date" : "2026-02-10",
    "price" : 582.00,
    "dma50" : 485.93,
    "dma100" : 487.19,
    "dma200" : 535.85,
    "volume" : 407151.00
  }, {
    "date" : "2026-02-11",
    "price" : 563.05,
    "dma50" : 488.95,
    "dma100" : 486.96,
    "dma200" : 536.12,
    "volume" : 154894.00
  }, {
    "date" : "2026-02-12",
    "price" : 588.10,
    "dma50" : 492.84,
    "dma100" : 487.04,
    "dma200" : 536.64,
    "volume" : 356515.00
  }, {
    "date" : "2026-02-13",
    "price" : 572.65,
    "dma50" : 495.97,
    "dma100" : 487.09,
    "dma200" : 537.00,
    "volume" : 244231.00
  }, {
    "date" : "2026-02-16",
    "price" : 597.70,
    "dma50" : 499.96,
    "dma100" : 487.44,
    "dma200" : 537.60,
    "volume" : 402515.00
  } ],
  "latestTechnicalAttributes" : {
    "date" : "2026-02-16",
    "price" : 597.70,
    "dma50" : 499.96,
    "dma100" : 487.44,
    "dma200" : 537.60,
    "volume" : 402515.00
  },
  "quarterlyResults" : [ {
    "date" : "2005-03-31",
    "sales" : 3.43,
    "salesGrowthYoY" : null,
    "grossProfitMargin" : 101.17,
    "grossProfit" : 3.47,
    "operatingProfitMargin" : 0.29,
    "operatingProfit" : 0.01,
    "netProfitMargin" : 8.16,
    "netProfit" : 0.28
  }, {
    "date" : "2005-06-30",
    "sales" : 5.13,
    "salesGrowthYoY" : null,
    "grossProfitMargin" : 98.25,
    "grossProfit" : 5.04,
    "operatingProfitMargin" : 72.12,
    "operatingProfit" : 3.70,
    "netProfitMargin" : 39.57,
    "netProfit" : 2.03
  }, {
    "date" : "2005-09-30",
    "sales" : 4.79,
    "salesGrowthYoY" : null,
    "grossProfitMargin" : 99.58,
    "grossProfit" : 4.77,
    "operatingProfitMargin" : 65.34,
    "operatingProfit" : 3.13,
    "netProfitMargin" : 37.79,
    "netProfit" : 1.81
  }, {
    "date" : "2005-12-31",
    "sales" : 4.39,
    "salesGrowthYoY" : null,
    "grossProfitMargin" : 100.68,
    "grossProfit" : 4.42,
    "operatingProfitMargin" : 61.96,
    "operatingProfit" : 2.72,
    "netProfitMargin" : 35.31,
    "netProfit" : 1.55
  }, {
    "date" : "2006-03-31",
    "sales" : 4.39,
    "salesGrowthYoY" : 27.99,
    "grossProfitMargin" : 103.19,
    "grossProfit" : 4.53,
    "operatingProfitMargin" : 38.72,
    "operatingProfit" : 1.70,
    "netProfitMargin" : 73.35,
    "netProfit" : 3.22
  }, {
    "date" : "2006-06-30",
    "sales" : 6.03,
    "salesGrowthYoY" : 17.54,
    "grossProfitMargin" : 103.32,
    "grossProfit" : 6.23,
    "operatingProfitMargin" : 66.67,
    "operatingProfit" : 4.02,
    "netProfitMargin" : 43.95,
    "netProfit" : 2.65
  }, {
    "date" : "2006-09-30",
    "sales" : 6.26,
    "salesGrowthYoY" : 30.69,
    "grossProfitMargin" : 100.64,
    "grossProfit" : 6.30,
    "operatingProfitMargin" : 65.81,
    "operatingProfit" : 4.12,
    "netProfitMargin" : 42.65,
    "netProfit" : 2.67
  }, {
    "date" : "2006-12-31",
    "sales" : 5.38,
    "salesGrowthYoY" : 22.55,
    "grossProfitMargin" : 98.51,
    "grossProfit" : 5.30,
    "operatingProfitMargin" : 50.37,
    "operatingProfit" : 2.71,
    "netProfitMargin" : 34.57,
    "netProfit" : 1.86
  }, {
    "date" : "2007-03-31",
    "sales" : 8.48,
    "salesGrowthYoY" : 93.17,
    "grossProfitMargin" : 102.71,
    "grossProfit" : 8.71,
    "operatingProfitMargin" : 61.44,
    "operatingProfit" : 5.21,
    "netProfitMargin" : 39.86,
    "netProfit" : 3.38
  }, {
    "date" : "2007-06-30",
    "sales" : 7.71,
    "salesGrowthYoY" : 27.86,
    "grossProfitMargin" : 102.72,
    "grossProfit" : 7.92,
    "operatingProfitMargin" : 65.76,
    "operatingProfit" : 5.07,
    "netProfitMargin" : 39.95,
    "netProfit" : 3.08
  }, {
    "date" : "2007-09-30",
    "sales" : 8.88,
    "salesGrowthYoY" : 41.85,
    "grossProfitMargin" : 96.62,
    "grossProfit" : 8.58,
    "operatingProfitMargin" : 64.08,
    "operatingProfit" : 5.69,
    "netProfitMargin" : 38.40,
    "netProfit" : 3.41
  }, {
    "date" : "2007-12-31",
    "sales" : 7.77,
    "salesGrowthYoY" : 44.42,
    "grossProfitMargin" : 101.29,
    "grossProfit" : 7.87,
    "operatingProfitMargin" : 62.03,
    "operatingProfit" : 4.82,
    "netProfitMargin" : 50.32,
    "netProfit" : 3.91
  }, {
    "date" : "2008-03-31",
    "sales" : 10.10,
    "salesGrowthYoY" : 19.10,
    "grossProfitMargin" : 104.95,
    "grossProfit" : 10.60,
    "operatingProfitMargin" : 56.04,
    "operatingProfit" : 5.66,
    "netProfitMargin" : 26.73,
    "netProfit" : 2.70
  }, {
    "date" : "2008-06-30",
    "sales" : 35.80,
    "salesGrowthYoY" : 364.33,
    "grossProfitMargin" : 99.19,
    "grossProfit" : 35.51,
    "operatingProfitMargin" : 84.94,
    "operatingProfit" : 30.41,
    "netProfitMargin" : 49.78,
    "netProfit" : 17.82
  }, {
    "date" : "2008-09-30",
    "sales" : 37.90,
    "salesGrowthYoY" : 326.80,
    "grossProfitMargin" : 99.50,
    "grossProfit" : 37.71,
    "operatingProfitMargin" : 85.62,
    "operatingProfit" : 32.45,
    "netProfitMargin" : 61.03,
    "netProfit" : 23.13
  }, {
    "date" : "2008-12-31",
    "sales" : 19.20,
    "salesGrowthYoY" : 147.10,
    "grossProfitMargin" : 99.74,
    "grossProfit" : 19.15,
    "operatingProfitMargin" : 72.19,
    "operatingProfit" : 13.86,
    "netProfitMargin" : 47.24,
    "netProfit" : 9.07
  }, {
    "date" : "2009-03-31",
    "sales" : 6.99,
    "salesGrowthYoY" : -30.79,
    "grossProfitMargin" : 107.87,
    "grossProfit" : 7.54,
    "operatingProfitMargin" : -64.52,
    "operatingProfit" : -4.51,
    "netProfitMargin" : -48.35,
    "netProfit" : -3.38
  }, {
    "date" : "2009-06-30",
    "sales" : 18.19,
    "salesGrowthYoY" : -49.19,
    "grossProfitMargin" : 100.38,
    "grossProfit" : 18.26,
    "operatingProfitMargin" : 61.41,
    "operatingProfit" : 11.17,
    "netProfitMargin" : 37.93,
    "netProfit" : 6.90
  }, {
    "date" : "2009-09-30",
    "sales" : 19.01,
    "salesGrowthYoY" : -49.84,
    "grossProfitMargin" : 98.74,
    "grossProfit" : 18.77,
    "operatingProfitMargin" : 70.17,
    "operatingProfit" : 13.34,
    "netProfitMargin" : 46.13,
    "netProfit" : 8.77
  }, {
    "date" : "2009-12-31",
    "sales" : 15.97,
    "salesGrowthYoY" : -16.82,
    "grossProfitMargin" : 102.32,
    "grossProfit" : 16.34,
    "operatingProfitMargin" : 69.94,
    "operatingProfit" : 11.17,
    "netProfitMargin" : 45.08,
    "netProfit" : 7.20
  }, {
    "date" : "2010-03-31",
    "sales" : 17.63,
    "salesGrowthYoY" : 152.22,
    "grossProfitMargin" : 99.55,
    "grossProfit" : 17.55,
    "operatingProfitMargin" : 54.40,
    "operatingProfit" : 9.59,
    "netProfitMargin" : 33.64,
    "netProfit" : 5.93
  }, {
    "date" : "2010-06-30",
    "sales" : 17.22,
    "salesGrowthYoY" : -5.33,
    "grossProfitMargin" : 102.09,
    "grossProfit" : 17.58,
    "operatingProfitMargin" : 72.42,
    "operatingProfit" : 12.47,
    "netProfitMargin" : 50.64,
    "netProfit" : 8.72
  }, {
    "date" : "2010-09-30",
    "sales" : 18.42,
    "salesGrowthYoY" : -3.10,
    "grossProfitMargin" : 98.43,
    "grossProfit" : 18.13,
    "operatingProfitMargin" : 66.45,
    "operatingProfit" : 12.24,
    "netProfitMargin" : 48.64,
    "netProfit" : 8.96
  }, {
    "date" : "2010-12-31",
    "sales" : 15.55,
    "salesGrowthYoY" : -2.63,
    "grossProfitMargin" : 100.45,
    "grossProfit" : 15.62,
    "operatingProfitMargin" : 53.50,
    "operatingProfit" : 8.32,
    "netProfitMargin" : 40.84,
    "netProfit" : 6.35
  }, {
    "date" : "2011-03-31",
    "sales" : 19.76,
    "salesGrowthYoY" : 12.08,
    "grossProfitMargin" : 100.46,
    "grossProfit" : 19.85,
    "operatingProfitMargin" : 55.36,
    "operatingProfit" : 10.94,
    "netProfitMargin" : 39.07,
    "netProfit" : 7.72
  }, {
    "date" : "2011-06-30",
    "sales" : 24.43,
    "salesGrowthYoY" : 41.87,
    "grossProfitMargin" : 97.79,
    "grossProfit" : 23.89,
    "operatingProfitMargin" : 74.50,
    "operatingProfit" : 18.20,
    "netProfitMargin" : 52.97,
    "netProfit" : 12.94
  }, {
    "date" : "2011-09-30",
    "sales" : 19.96,
    "salesGrowthYoY" : 8.36,
    "grossProfitMargin" : 102.56,
    "grossProfit" : 20.47,
    "operatingProfitMargin" : 70.44,
    "operatingProfit" : 14.06,
    "netProfitMargin" : 53.61,
    "netProfit" : 10.70
  }, {
    "date" : "2011-12-31",
    "sales" : 23.99,
    "salesGrowthYoY" : 54.28,
    "grossProfitMargin" : 101.38,
    "grossProfit" : 24.32,
    "operatingProfitMargin" : 51.56,
    "operatingProfit" : 12.37,
    "netProfitMargin" : 43.77,
    "netProfit" : 10.50
  }, {
    "date" : "2012-03-31",
    "sales" : 24.35,
    "salesGrowthYoY" : 23.23,
    "grossProfitMargin" : 100.25,
    "grossProfit" : 24.41,
    "operatingProfitMargin" : 54.09,
    "operatingProfit" : 13.17,
    "netProfitMargin" : 47.15,
    "netProfit" : 11.48
  }, {
    "date" : "2012-06-30",
    "sales" : 27.04,
    "salesGrowthYoY" : 10.68,
    "grossProfitMargin" : 100.30,
    "grossProfit" : 27.12,
    "operatingProfitMargin" : 65.64,
    "operatingProfit" : 17.75,
    "netProfitMargin" : 47.30,
    "netProfit" : 12.79
  }, {
    "date" : "2012-09-30",
    "sales" : 24.05,
    "salesGrowthYoY" : 20.49,
    "grossProfitMargin" : 83.53,
    "grossProfit" : 20.09,
    "operatingProfitMargin" : 66.11,
    "operatingProfit" : 15.90,
    "netProfitMargin" : 51.64,
    "netProfit" : 12.42
  }, {
    "date" : "2012-12-31",
    "sales" : 24.60,
    "salesGrowthYoY" : 2.54,
    "grossProfitMargin" : 84.76,
    "grossProfit" : 20.85,
    "operatingProfitMargin" : 61.63,
    "operatingProfit" : 15.16,
    "netProfitMargin" : 49.15,
    "netProfit" : 12.09
  }, {
    "date" : "2013-03-31",
    "sales" : 21.37,
    "salesGrowthYoY" : -12.24,
    "grossProfitMargin" : 82.92,
    "grossProfit" : 17.72,
    "operatingProfitMargin" : 52.46,
    "operatingProfit" : 11.21,
    "netProfitMargin" : 36.83,
    "netProfit" : 7.87
  }, {
    "date" : "2013-06-30",
    "sales" : 22.81,
    "salesGrowthYoY" : -15.64,
    "grossProfitMargin" : 82.99,
    "grossProfit" : 18.93,
    "operatingProfitMargin" : 61.99,
    "operatingProfit" : 14.14,
    "netProfitMargin" : 49.01,
    "netProfit" : 11.18
  }, {
    "date" : "2013-09-30",
    "sales" : 24.22,
    "salesGrowthYoY" : 0.71,
    "grossProfitMargin" : 104.46,
    "grossProfit" : 25.30,
    "operatingProfitMargin" : 62.18,
    "operatingProfit" : 15.06,
    "netProfitMargin" : 48.84,
    "netProfit" : 11.83
  }, {
    "date" : "2013-12-31",
    "sales" : 27.88,
    "salesGrowthYoY" : 13.33,
    "grossProfitMargin" : 98.85,
    "grossProfit" : 27.56,
    "operatingProfitMargin" : 55.56,
    "operatingProfit" : 15.49,
    "netProfitMargin" : 44.62,
    "netProfit" : 12.44
  }, {
    "date" : "2014-03-31",
    "sales" : 26.36,
    "salesGrowthYoY" : 23.35,
    "grossProfitMargin" : 64.98,
    "grossProfit" : 17.13,
    "operatingProfitMargin" : 44.84,
    "operatingProfit" : 11.82,
    "netProfitMargin" : 34.52,
    "netProfit" : 9.10
  }, {
    "date" : "2014-06-30",
    "sales" : 25.29,
    "salesGrowthYoY" : 10.87,
    "grossProfitMargin" : 74.30,
    "grossProfit" : 18.79,
    "operatingProfitMargin" : 53.34,
    "operatingProfit" : 13.49,
    "netProfitMargin" : 41.28,
    "netProfit" : 10.44
  }, {
    "date" : "2014-09-30",
    "sales" : 23.31,
    "salesGrowthYoY" : -3.76,
    "grossProfitMargin" : 103.95,
    "grossProfit" : 24.23,
    "operatingProfitMargin" : 49.25,
    "operatingProfit" : 11.48,
    "netProfitMargin" : 41.06,
    "netProfit" : 9.57
  }, {
    "date" : "2014-12-31",
    "sales" : 21.65,
    "salesGrowthYoY" : -22.35,
    "grossProfitMargin" : 103.60,
    "grossProfit" : 22.43,
    "operatingProfitMargin" : 20.88,
    "operatingProfit" : 4.52,
    "netProfitMargin" : 20.00,
    "netProfit" : 4.33
  }, {
    "date" : "2015-03-31",
    "sales" : 9.04,
    "salesGrowthYoY" : -65.71,
    "grossProfitMargin" : 81.42,
    "grossProfit" : 7.36,
    "operatingProfitMargin" : 62.61,
    "operatingProfit" : 5.66,
    "netProfitMargin" : 43.81,
    "netProfit" : 3.96
  }, {
    "date" : "2015-06-30",
    "sales" : 19.06,
    "salesGrowthYoY" : -24.63,
    "grossProfitMargin" : 102.20,
    "grossProfit" : 19.48,
    "operatingProfitMargin" : 40.50,
    "operatingProfit" : 7.72,
    "netProfitMargin" : 33.47,
    "netProfit" : 6.38
  }, {
    "date" : "2015-09-30",
    "sales" : 15.77,
    "salesGrowthYoY" : -32.35,
    "grossProfitMargin" : 99.56,
    "grossProfit" : 15.70,
    "operatingProfitMargin" : 30.18,
    "operatingProfit" : 4.76,
    "netProfitMargin" : 23.46,
    "netProfit" : 3.70
  }, {
    "date" : "2015-12-31",
    "sales" : 15.02,
    "salesGrowthYoY" : -30.62,
    "grossProfitMargin" : 98.27,
    "grossProfit" : 14.76,
    "operatingProfitMargin" : 12.78,
    "operatingProfit" : 1.92,
    "netProfitMargin" : 16.38,
    "netProfit" : 2.46
  }, {
    "date" : "2016-03-31",
    "sales" : 12.18,
    "salesGrowthYoY" : 34.73,
    "grossProfitMargin" : 97.45,
    "grossProfit" : 11.87,
    "operatingProfitMargin" : -1.23,
    "operatingProfit" : -0.15,
    "netProfitMargin" : 8.70,
    "netProfit" : 1.06
  }, {
    "date" : "2016-06-30",
    "sales" : 15.05,
    "salesGrowthYoY" : -21.04,
    "grossProfitMargin" : 96.21,
    "grossProfit" : 14.48,
    "operatingProfitMargin" : 22.72,
    "operatingProfit" : 3.42,
    "netProfitMargin" : 21.13,
    "netProfit" : 3.18
  }, {
    "date" : "2016-09-30",
    "sales" : 12.10,
    "salesGrowthYoY" : -23.27,
    "grossProfitMargin" : 109.42,
    "grossProfit" : 13.24,
    "operatingProfitMargin" : 18.26,
    "operatingProfit" : 2.21,
    "netProfitMargin" : 19.34,
    "netProfit" : 2.34
  }, {
    "date" : "2016-12-31",
    "sales" : 14.13,
    "salesGrowthYoY" : -5.93,
    "grossProfitMargin" : 99.29,
    "grossProfit" : 14.03,
    "operatingProfitMargin" : 15.22,
    "operatingProfit" : 2.15,
    "netProfitMargin" : 17.48,
    "netProfit" : 2.47
  }, {
    "date" : "2017-03-31",
    "sales" : 14.56,
    "salesGrowthYoY" : 19.54,
    "grossProfitMargin" : 104.40,
    "grossProfit" : 15.20,
    "operatingProfitMargin" : 7.83,
    "operatingProfit" : 1.14,
    "netProfitMargin" : 5.84,
    "netProfit" : 0.85
  }, {
    "date" : "2017-06-30",
    "sales" : 14.93,
    "salesGrowthYoY" : -0.80,
    "grossProfitMargin" : 94.24,
    "grossProfit" : 14.07,
    "operatingProfitMargin" : 24.78,
    "operatingProfit" : 3.70,
    "netProfitMargin" : 22.71,
    "netProfit" : 3.39
  }, {
    "date" : "2017-09-30",
    "sales" : 17.16,
    "salesGrowthYoY" : 41.82,
    "grossProfitMargin" : 98.43,
    "grossProfit" : 16.89,
    "operatingProfitMargin" : 33.57,
    "operatingProfit" : 5.76,
    "netProfitMargin" : 26.92,
    "netProfit" : 4.62
  }, {
    "date" : "2017-12-31",
    "sales" : 21.22,
    "salesGrowthYoY" : 50.18,
    "grossProfitMargin" : 100.90,
    "grossProfit" : 21.41,
    "operatingProfitMargin" : 41.94,
    "operatingProfit" : 8.90,
    "netProfitMargin" : 31.06,
    "netProfit" : 6.59
  }, {
    "date" : "2018-03-31",
    "sales" : 23.30,
    "salesGrowthYoY" : 60.03,
    "grossProfitMargin" : 96.78,
    "grossProfit" : 22.55,
    "operatingProfitMargin" : 43.30,
    "operatingProfit" : 10.09,
    "netProfitMargin" : 31.97,
    "netProfit" : 7.45
  }, {
    "date" : "2018-06-30",
    "sales" : 26.92,
    "salesGrowthYoY" : 80.31,
    "grossProfitMargin" : 98.81,
    "grossProfit" : 26.60,
    "operatingProfitMargin" : 54.46,
    "operatingProfit" : 14.66,
    "netProfitMargin" : 52.93,
    "netProfit" : 14.25
  }, {
    "date" : "2018-09-30",
    "sales" : 24.56,
    "salesGrowthYoY" : 43.12,
    "grossProfitMargin" : 101.02,
    "grossProfit" : 24.81,
    "operatingProfitMargin" : 56.07,
    "operatingProfit" : 13.77,
    "netProfitMargin" : 56.88,
    "netProfit" : 13.97
  }, {
    "date" : "2018-12-31",
    "sales" : 20.07,
    "salesGrowthYoY" : -5.42,
    "grossProfitMargin" : 101.44,
    "grossProfit" : 20.36,
    "operatingProfitMargin" : 43.15,
    "operatingProfit" : 8.66,
    "netProfitMargin" : 59.24,
    "netProfit" : 11.89
  }, {
    "date" : "2019-03-31",
    "sales" : 21.78,
    "salesGrowthYoY" : -6.52,
    "grossProfitMargin" : 99.17,
    "grossProfit" : 21.60,
    "operatingProfitMargin" : 41.55,
    "operatingProfit" : 9.05,
    "netProfitMargin" : 52.34,
    "netProfit" : 11.40
  }, {
    "date" : "2019-06-30",
    "sales" : 22.50,
    "salesGrowthYoY" : -16.42,
    "grossProfitMargin" : 97.51,
    "grossProfit" : 21.94,
    "operatingProfitMargin" : 43.56,
    "operatingProfit" : 9.80,
    "netProfitMargin" : 36.98,
    "netProfit" : 8.32
  }, {
    "date" : "2019-09-30",
    "sales" : 22.34,
    "salesGrowthYoY" : -9.04,
    "grossProfitMargin" : 101.30,
    "grossProfit" : 22.63,
    "operatingProfitMargin" : 43.73,
    "operatingProfit" : 9.77,
    "netProfitMargin" : 37.60,
    "netProfit" : 8.40
  }, {
    "date" : "2019-12-31",
    "sales" : 24.12,
    "salesGrowthYoY" : 20.18,
    "grossProfitMargin" : 103.03,
    "grossProfit" : 24.85,
    "operatingProfitMargin" : 43.99,
    "operatingProfit" : 10.61,
    "netProfitMargin" : 37.19,
    "netProfit" : 8.97
  }, {
    "date" : "2020-03-31",
    "sales" : 20.64,
    "salesGrowthYoY" : -5.23,
    "grossProfitMargin" : 97.63,
    "grossProfit" : 20.15,
    "operatingProfitMargin" : -18.17,
    "operatingProfit" : -3.75,
    "netProfitMargin" : -15.79,
    "netProfit" : -3.26
  }, {
    "date" : "2020-06-30",
    "sales" : 8.19,
    "salesGrowthYoY" : -63.60,
    "grossProfitMargin" : 93.41,
    "grossProfit" : 7.65,
    "operatingProfitMargin" : -36.63,
    "operatingProfit" : -3.00,
    "netProfitMargin" : -0.61,
    "netProfit" : -0.05
  }, {
    "date" : "2020-09-30",
    "sales" : 13.09,
    "salesGrowthYoY" : -41.41,
    "grossProfitMargin" : 99.39,
    "grossProfit" : 13.01,
    "operatingProfitMargin" : -7.79,
    "operatingProfit" : -1.02,
    "netProfitMargin" : 22.84,
    "netProfit" : 2.99
  }, {
    "date" : "2020-12-31",
    "sales" : 12.52,
    "salesGrowthYoY" : -48.09,
    "grossProfitMargin" : 103.75,
    "grossProfit" : 12.99,
    "operatingProfitMargin" : -5.99,
    "operatingProfit" : -0.75,
    "netProfitMargin" : 17.57,
    "netProfit" : 2.20
  }, {
    "date" : "2021-03-31",
    "sales" : 15.02,
    "salesGrowthYoY" : -27.23,
    "grossProfitMargin" : 100.53,
    "grossProfit" : 15.10,
    "operatingProfitMargin" : -21.50,
    "operatingProfit" : -3.23,
    "netProfitMargin" : 7.32,
    "netProfit" : 1.10
  }, {
    "date" : "2021-06-30",
    "sales" : 16.26,
    "salesGrowthYoY" : 98.53,
    "grossProfitMargin" : 99.57,
    "grossProfit" : 16.19,
    "operatingProfitMargin" : 9.16,
    "operatingProfit" : 1.49,
    "netProfitMargin" : 10.27,
    "netProfit" : 1.67
  }, {
    "date" : "2021-09-30",
    "sales" : 18.24,
    "salesGrowthYoY" : 39.34,
    "grossProfitMargin" : 99.89,
    "grossProfit" : 18.22,
    "operatingProfitMargin" : 10.86,
    "operatingProfit" : 1.98,
    "netProfitMargin" : 11.73,
    "netProfit" : 2.14
  }, {
    "date" : "2021-12-31",
    "sales" : 19.49,
    "salesGrowthYoY" : 55.67,
    "grossProfitMargin" : 101.69,
    "grossProfit" : 19.82,
    "operatingProfitMargin" : 13.85,
    "operatingProfit" : 2.70,
    "netProfitMargin" : 15.91,
    "netProfit" : 3.10
  }, {
    "date" : "2022-03-31",
    "sales" : 23.17,
    "salesGrowthYoY" : 54.26,
    "grossProfitMargin" : 98.62,
    "grossProfit" : 22.85,
    "operatingProfitMargin" : 4.75,
    "operatingProfit" : 1.10,
    "netProfitMargin" : 13.03,
    "netProfit" : 3.02
  }, {
    "date" : "2022-06-30",
    "sales" : 30.12,
    "salesGrowthYoY" : 85.24,
    "grossProfitMargin" : 101.56,
    "grossProfit" : 30.59,
    "operatingProfitMargin" : 35.49,
    "operatingProfit" : 10.69,
    "netProfitMargin" : 30.15,
    "netProfit" : 9.08
  }, {
    "date" : "2022-09-30",
    "sales" : 32.63,
    "salesGrowthYoY" : 78.89,
    "grossProfitMargin" : 99.08,
    "grossProfit" : 32.33,
    "operatingProfitMargin" : 31.66,
    "operatingProfit" : 10.33,
    "netProfitMargin" : 27.00,
    "netProfit" : 8.81
  }, {
    "date" : "2022-12-31",
    "sales" : 28.66,
    "salesGrowthYoY" : 47.05,
    "grossProfitMargin" : 100.77,
    "grossProfit" : 28.88,
    "operatingProfitMargin" : 22.96,
    "operatingProfit" : 6.58,
    "netProfitMargin" : 26.55,
    "netProfit" : 7.61
  }, {
    "date" : "2023-03-31",
    "sales" : 26.61,
    "salesGrowthYoY" : 14.85,
    "grossProfitMargin" : 100.53,
    "grossProfit" : 26.75,
    "operatingProfitMargin" : 14.99,
    "operatingProfit" : 3.99,
    "netProfitMargin" : 20.11,
    "netProfit" : 5.35
  }, {
    "date" : "2023-06-30",
    "sales" : 28.12,
    "salesGrowthYoY" : -6.64,
    "grossProfitMargin" : 99.50,
    "grossProfit" : 27.98,
    "operatingProfitMargin" : 17.71,
    "operatingProfit" : 4.98,
    "netProfitMargin" : 17.92,
    "netProfit" : 5.04
  }, {
    "date" : "2023-09-30",
    "sales" : 39.19,
    "salesGrowthYoY" : 20.10,
    "grossProfitMargin" : 101.17,
    "grossProfit" : 39.65,
    "operatingProfitMargin" : 27.15,
    "operatingProfit" : 10.64,
    "netProfitMargin" : 24.04,
    "netProfit" : 9.42
  }, {
    "date" : "2023-12-31",
    "sales" : 43.57,
    "salesGrowthYoY" : 52.02,
    "grossProfitMargin" : 100.05,
    "grossProfit" : 43.59,
    "operatingProfitMargin" : 16.89,
    "operatingProfit" : 7.36,
    "netProfitMargin" : 13.84,
    "netProfit" : 6.03
  }, {
    "date" : "2024-03-31",
    "sales" : 54.72,
    "salesGrowthYoY" : 105.64,
    "grossProfitMargin" : 100.49,
    "grossProfit" : 54.99,
    "operatingProfitMargin" : 28.64,
    "operatingProfit" : 15.67,
    "netProfitMargin" : 22.39,
    "netProfit" : 12.25
  }, {
    "date" : "2024-06-30",
    "sales" : 63.46,
    "salesGrowthYoY" : 125.68,
    "grossProfitMargin" : 100.11,
    "grossProfit" : 63.53,
    "operatingProfitMargin" : 52.30,
    "operatingProfit" : 33.19,
    "netProfitMargin" : 28.10,
    "netProfit" : 17.83
  }, {
    "date" : "2024-09-30",
    "sales" : 68.92,
    "salesGrowthYoY" : 75.86,
    "grossProfitMargin" : 94.33,
    "grossProfit" : 65.01,
    "operatingProfitMargin" : 55.41,
    "operatingProfit" : 38.19,
    "netProfitMargin" : 29.22,
    "netProfit" : 20.14
  }, {
    "date" : "2024-12-31",
    "sales" : 63.98,
    "salesGrowthYoY" : 46.84,
    "grossProfitMargin" : 93.00,
    "grossProfit" : 59.50,
    "operatingProfitMargin" : 55.19,
    "operatingProfit" : 35.31,
    "netProfitMargin" : 27.87,
    "netProfit" : 17.83
  }, {
    "date" : "2025-03-31",
    "sales" : 61.72,
    "salesGrowthYoY" : 12.79,
    "grossProfitMargin" : 99.32,
    "grossProfit" : 61.30,
    "operatingProfitMargin" : 50.00,
    "operatingProfit" : 30.86,
    "netProfitMargin" : 23.95,
    "netProfit" : 14.78
  }, {
    "date" : "2025-06-30",
    "sales" : 50.63,
    "salesGrowthYoY" : -20.22,
    "grossProfitMargin" : 90.86,
    "grossProfit" : 46.00,
    "operatingProfitMargin" : 52.99,
    "operatingProfit" : 26.83,
    "netProfitMargin" : 22.16,
    "netProfit" : 11.22
  }, {
    "date" : "2025-09-30",
    "sales" : 55.13,
    "salesGrowthYoY" : -20.01,
    "grossProfitMargin" : 89.97,
    "grossProfit" : 49.60,
    "operatingProfitMargin" : 53.36,
    "operatingProfit" : 29.42,
    "netProfitMargin" : 21.42,
    "netProfit" : 11.81
  }, {
    "date" : "2025-12-31",
    "sales" : 71.11,
    "salesGrowthYoY" : 11.14,
    "grossProfitMargin" : 94.36,
    "grossProfit" : 67.10,
    "operatingProfitMargin" : 62.86,
    "operatingProfit" : 44.70,
    "netProfitMargin" : 40.08,
    "netProfit" : 28.50
  } ],
  "latestQuarterlyResult" : {
    "date" : "2025-12-31",
    "sales" : 71.11,
    "salesGrowthYoY" : 11.14,
    "grossProfitMargin" : 94.36,
    "grossProfit" : 67.10,
    "operatingProfitMargin" : 62.86,
    "operatingProfit" : 44.70,
    "netProfitMargin" : 40.08,
    "netProfit" : 28.50
  },
  "companyScore" : {
    "priceHigherThanDma50" : 5.00,
    "priceHigherThanDma100" : 5.00,
    "priceHigherThanDma200" : 5.00,
    "dma50HigherThanDma100" : 5.00,
    "dma50HigherThanDma200" : 0.00,
    "dma100HigherThanDma200" : 0.00,
    "pricePercentageAboveDma50" : 4.02,
    "pricePercentageAboveDma100" : 3.87,
    "pricePercentageAboveDma200" : 4.44,
    "weeklyVolumeHigherThanYearlyVolume" : 5.00,
    "salesGrowthPercentile" : 9.25,
    "operatingProfitMarginPercentile" : 16.97,
    "netProfitMarginPercentile" : 7.27,
    "totalTechnicalScore" : 37.33,
    "totalFundamentalScore" : 33.48,
    "totalScore" : 70.82
  }
}