{
  "metadata" : {
    "screenerCompanyId" : "211",
    "companyCode" : "APARINDS",
    "companyName" : "Apar Inds.",
    "screenerCompanyLink" : "https://www.screener.in/company/APARINDS/consolidated/",
    "screenerTechnicalHistoryLink" : "https://www.screener.in/api/company/211/chart/?q=Price-DMA50-DMA200-Volume&days=365",
    "screenerQuarterlyResultsLink" : "https://www.screener.in/api/company/211/chart/?q=GPM-OPM-NPM-Quarter+Sales&days=10000",
    "attributes" : {
      "companyCode" : "APARINDS",
      "companyName" : "Apar Inds.",
      "marketCap" : 34450.00,
      "peRatio" : 36.70,
      "description" : "Apar, founded by Mr. Dharmsinh D. Desai in 1958, is a market leader in India with a global presence. Contributing to India’s process of electrification it started from manufacturing power transmission cables to having three broad business segments, which are Conductors, Transformer and specialty oils (TSO), and Power/telecom Cables. [1] [2]"
    },
    "companyScore" : {
      "priceHigherThanDma50" : 0.00,
      "priceHigherThanDma100" : 0.00,
      "priceHigherThanDma200" : 5.00,
      "dma50HigherThanDma100" : 5.00,
      "dma50HigherThanDma200" : 5.00,
      "dma100HigherThanDma200" : 5.00,
      "pricePercentageAboveDma50" : 5.13,
      "pricePercentageAboveDma100" : 5.04,
      "pricePercentageAboveDma200" : 4.89,
      "weeklyVolumeHigherThanYearlyVolume" : 0.00,
      "salesGrowthPercentile" : 12.41,
      "operatingProfitMarginPercentile" : 16.94,
      "netProfitMarginPercentile" : 8.72,
      "totalTechnicalScore" : 35.07,
      "totalFundamentalScore" : 38.06,
      "totalScore" : 73.13
    }
  },
  "attributes" : {
    "companyCode" : "APARINDS",
    "companyName" : "Apar Inds.",
    "marketCap" : 34450.00,
    "peRatio" : 36.70,
    "description" : "Apar, founded by Mr. Dharmsinh D. Desai in 1958, is a market leader in India with a global presence. Contributing to India’s process of electrification it started from manufacturing power transmission cables to having three broad business segments, which are Conductors, Transformer and specialty oils (TSO), and Power/telecom Cables. [1] [2]"
  },
  "technicalHistory" : [ {
    "date" : "2024-12-30",
    "price" : 9992.90,
    "dma50" : 9793.29,
    "dma100" : null,
    "dma200" : 8607.70,
    "volume" : 74994.00
  }, {
    "date" : "2024-12-31",
    "price" : 10317.60,
    "dma50" : 9813.85,
    "dma100" : null,
    "dma200" : 8624.71,
    "volume" : 77240.00
  }, {
    "date" : "2025-01-01",
    "price" : 10406.30,
    "dma50" : 9837.09,
    "dma100" : null,
    "dma200" : 8642.44,
    "volume" : 56178.00
  }, {
    "date" : "2025-01-02",
    "price" : 10519.85,
    "dma50" : 9863.86,
    "dma100" : null,
    "dma200" : 8661.12,
    "volume" : 61714.00
  }, {
    "date" : "2025-01-03",
    "price" : 10950.70,
    "dma50" : 9906.48,
    "dma100" : null,
    "dma200" : 8683.90,
    "volume" : 275644.00
  }, {
    "date" : "2025-01-06",
    "price" : 11154.15,
    "dma50" : 9955.41,
    "dma100" : null,
    "dma200" : 8708.48,
    "volume" : 173477.00
  }, {
    "date" : "2025-01-07",
    "price" : 11666.00,
    "dma50" : 10022.49,
    "dma100" : null,
    "dma200" : 8737.91,
    "volume" : 166856.00
  }, {
    "date" : "2025-01-08",
    "price" : 10785.15,
    "dma50" : 10052.40,
    "dma100" : null,
    "dma200" : 8758.28,
    "volume" : 128441.00
  }, {
    "date" : "2025-01-09",
    "price" : 10514.40,
    "dma50" : 10070.52,
    "dma100" : null,
    "dma200" : 8775.76,
    "volume" : 113532.00
  }, {
    "date" : "2025-01-10",
    "price" : 10596.10,
    "dma50" : 10091.13,
    "dma100" : null,
    "dma200" : 8793.87,
    "volume" : 85790.00
  }, {
    "date" : "2025-01-13",
    "price" : 10231.15,
    "dma50" : 10096.62,
    "dma100" : null,
    "dma200" : 8808.17,
    "volume" : 145378.00
  }, {
    "date" : "2025-01-14",
    "price" : 10347.20,
    "dma50" : 10106.45,
    "dma100" : null,
    "dma200" : 8823.48,
    "volume" : 126692.00
  }, {
    "date" : "2025-01-15",
    "price" : 10303.05,
    "dma50" : 10114.16,
    "dma100" : null,
    "dma200" : 8838.21,
    "volume" : 90167.00
  }, {
    "date" : "2025-01-16",
    "price" : 10042.50,
    "dma50" : 10111.35,
    "dma100" : null,
    "dma200" : 8850.19,
    "volume" : 58739.00
  }, {
    "date" : "2025-01-17",
    "price" : 10078.85,
    "dma50" : 10110.07,
    "dma100" : null,
    "dma200" : 8862.41,
    "volume" : 42159.00
  }, {
    "date" : "2025-01-20",
    "price" : 10103.00,
    "dma50" : 10109.80,
    "dma100" : null,
    "dma200" : 8874.76,
    "volume" : 36424.00
  }, {
    "date" : "2025-01-21",
    "price" : 10170.50,
    "dma50" : 10112.18,
    "dma100" : null,
    "dma200" : 8887.65,
    "volume" : 73241.00
  }, {
    "date" : "2025-01-22",
    "price" : 9897.90,
    "dma50" : 10103.77,
    "dma100" : null,
    "dma200" : 8897.70,
    "volume" : 102535.00
  }, {
    "date" : "2025-01-23",
    "price" : 9700.30,
    "dma50" : 10087.95,
    "dma100" : null,
    "dma200" : 8905.69,
    "volume" : 190550.00
  }, {
    "date" : "2025-01-24",
    "price" : 9311.70,
    "dma50" : 10057.51,
    "dma100" : null,
    "dma200" : 8909.73,
    "volume" : 198483.00
  }, {
    "date" : "2025-01-27",
    "price" : 8963.80,
    "dma50" : 10014.62,
    "dma100" : null,
    "dma200" : 8910.27,
    "volume" : 125964.00
  }, {
    "date" : "2025-01-28",
    "price" : 7173.70,
    "dma50" : 9903.21,
    "dma100" : null,
    "dma200" : 8892.99,
    "volume" : 904652.00
  }, {
    "date" : "2025-01-29",
    "price" : 7282.00,
    "dma50" : 9800.42,
    "dma100" : null,
    "dma200" : 8876.96,
    "volume" : 1084237.00
  }, {
    "date" : "2025-01-30",
    "price" : 7430.15,
    "dma50" : 9707.47,
    "dma100" : null,
    "dma200" : 8862.56,
    "volume" : 231956.00
  }, {
    "date" : "2025-01-31",
    "price" : 7491.95,
    "dma50" : 9620.58,
    "dma100" : null,
    "dma200" : 8848.92,
    "volume" : 125407.00
  }, {
    "date" : "2025-02-01",
    "price" : 7400.70,
    "dma50" : 9533.53,
    "dma100" : null,
    "dma200" : 8834.51,
    "volume" : 104562.00
  }, {
    "date" : "2025-02-03",
    "price" : 7239.20,
    "dma50" : 9443.55,
    "dma100" : null,
    "dma200" : 8818.64,
    "volume" : 186282.00
  }, {
    "date" : "2025-02-04",
    "price" : 7133.80,
    "dma50" : 9352.98,
    "dma100" : null,
    "dma200" : 8801.88,
    "volume" : 230137.00
  }, {
    "date" : "2025-02-05",
    "price" : 7304.80,
    "dma50" : 9272.66,
    "dma100" : null,
    "dma200" : 8786.98,
    "volume" : 61923.00
  }, {
    "date" : "2025-02-06",
    "price" : 7296.10,
    "dma50" : 9195.14,
    "dma100" : null,
    "dma200" : 8772.14,
    "volume" : 71334.00
  }, {
    "date" : "2025-02-07",
    "price" : 7103.05,
    "dma50" : 9113.10,
    "dma100" : null,
    "dma200" : 8755.54,
    "volume" : 122245.00
  }, {
    "date" : "2025-02-10",
    "price" : 6728.20,
    "dma50" : 9019.58,
    "dma100" : null,
    "dma200" : 8735.36,
    "volume" : 220239.00
  }, {
    "date" : "2025-02-11",
    "price" : 6678.55,
    "dma50" : 8927.77,
    "dma100" : null,
    "dma200" : 8714.90,
    "volume" : 306777.00
  }, {
    "date" : "2025-02-12",
    "price" : 6774.00,
    "dma50" : 8843.31,
    "dma100" : null,
    "dma200" : 8695.59,
    "volume" : 311215.00
  }, {
    "date" : "2025-02-13",
    "price" : 6746.40,
    "dma50" : 8761.08,
    "dma100" : null,
    "dma200" : 8676.19,
    "volume" : 141747.00
  }, {
    "date" : "2025-02-14",
    "price" : 6367.35,
    "dma50" : 8667.21,
    "dma100" : null,
    "dma200" : 8653.22,
    "volume" : 115439.00
  }, {
    "date" : "2025-02-17",
    "price" : 6472.50,
    "dma50" : 8581.14,
    "dma100" : null,
    "dma200" : 8631.52,
    "volume" : 200986.00
  }, {
    "date" : "2025-02-18",
    "price" : 6160.60,
    "dma50" : 8486.22,
    "dma100" : null,
    "dma200" : 8606.93,
    "volume" : 203593.00
  }, {
    "date" : "2025-02-19",
    "price" : 6362.85,
    "dma50" : 8402.95,
    "dma100" : null,
    "dma200" : 8584.60,
    "volume" : 137348.00
  }, {
    "date" : "2025-02-20",
    "price" : 6376.00,
    "dma50" : 8323.46,
    "dma100" : null,
    "dma200" : 8562.63,
    "volume" : 180053.00
  }, {
    "date" : "2025-02-21",
    "price" : 6433.45,
    "dma50" : 8249.34,
    "dma100" : null,
    "dma200" : 8541.44,
    "volume" : 202738.00
  }, {
    "date" : "2025-02-24",
    "price" : 6448.50,
    "dma50" : 8178.72,
    "dma100" : null,
    "dma200" : 8520.62,
    "volume" : 145420.00
  }, {
    "date" : "2025-02-25",
    "price" : 6342.15,
    "dma50" : 8106.70,
    "dma100" : null,
    "dma200" : 8498.94,
    "volume" : 178253.00
  }, {
    "date" : "2025-02-27",
    "price" : 5884.70,
    "dma50" : 8019.56,
    "dma100" : null,
    "dma200" : 8472.93,
    "volume" : 229400.00
  }, {
    "date" : "2025-02-28",
    "price" : 5797.40,
    "dma50" : 7932.42,
    "dma100" : null,
    "dma200" : 8446.31,
    "volume" : 221834.00
  }, {
    "date" : "2025-03-03",
    "price" : 5809.30,
    "dma50" : 7849.16,
    "dma100" : null,
    "dma200" : 8420.07,
    "volume" : 212968.00
  }, {
    "date" : "2025-03-04",
    "price" : 5766.70,
    "dma50" : 7767.49,
    "dma100" : null,
    "dma200" : 8393.67,
    "volume" : 144439.00
  }, {
    "date" : "2025-03-05",
    "price" : 5799.35,
    "dma50" : 7690.31,
    "dma100" : null,
    "dma200" : 8367.85,
    "volume" : 224184.00
  }, {
    "date" : "2025-03-06",
    "price" : 5722.55,
    "dma50" : 7613.14,
    "dma100" : null,
    "dma200" : 8341.53,
    "volume" : 240801.00
  }, {
    "date" : "2025-03-07",
    "price" : 6106.60,
    "dma50" : 7554.06,
    "dma100" : null,
    "dma200" : 8319.29,
    "volume" : 343155.00
  }, {
    "date" : "2025-03-10",
    "price" : 5691.40,
    "dma50" : 7481.02,
    "dma100" : null,
    "dma200" : 8293.14,
    "volume" : 324348.00
  }, {
    "date" : "2025-03-11",
    "price" : 5496.50,
    "dma50" : 7403.19,
    "dma100" : null,
    "dma200" : 8265.32,
    "volume" : 237636.00
  }, {
    "date" : "2025-03-12",
    "price" : 5532.65,
    "dma50" : 7329.84,
    "dma100" : null,
    "dma200" : 8238.13,
    "volume" : 195572.00
  }, {
    "date" : "2025-03-13",
    "price" : 5481.55,
    "dma50" : 7257.36,
    "dma100" : null,
    "dma200" : 8210.70,
    "volume" : 107716.00
  }, {
    "date" : "2025-03-17",
    "price" : 5321.60,
    "dma50" : 7181.44,
    "dma100" : null,
    "dma200" : 8181.95,
    "volume" : 232180.00
  }, {
    "date" : "2025-03-18",
    "price" : 5752.60,
    "dma50" : 7125.41,
    "dma100" : null,
    "dma200" : 8157.78,
    "volume" : 439942.00
  }, {
    "date" : "2025-03-19",
    "price" : 5802.35,
    "dma50" : 7073.53,
    "dma100" : null,
    "dma200" : 8134.34,
    "volume" : 239684.00
  }, {
    "date" : "2025-03-20",
    "price" : 5717.00,
    "dma50" : 7020.33,
    "dma100" : null,
    "dma200" : 8110.29,
    "volume" : 261145.00
  }, {
    "date" : "2025-03-21",
    "price" : 5928.20,
    "dma50" : 6977.50,
    "dma100" : null,
    "dma200" : 8088.57,
    "volume" : 507339.00
  }, {
    "date" : "2025-03-24",
    "price" : 6145.50,
    "dma50" : 6944.87,
    "dma100" : null,
    "dma200" : 8069.24,
    "volume" : 192493.00
  }, {
    "date" : "2025-03-25",
    "price" : 5920.90,
    "dma50" : 6904.72,
    "dma100" : null,
    "dma200" : 8047.86,
    "volume" : 192150.00
  }, {
    "date" : "2025-03-26",
    "price" : 5789.50,
    "dma50" : 6860.98,
    "dma100" : null,
    "dma200" : 8025.39,
    "volume" : 140337.00
  }, {
    "date" : "2025-03-27",
    "price" : 5707.80,
    "dma50" : 6815.76,
    "dma100" : null,
    "dma200" : 8002.33,
    "volume" : 255569.00
  }, {
    "date" : "2025-03-28",
    "price" : 5539.95,
    "dma50" : 6765.73,
    "dma100" : null,
    "dma200" : 7977.83,
    "volume" : 335029.00
  }, {
    "date" : "2025-04-01",
    "price" : 5483.30,
    "dma50" : 6715.44,
    "dma100" : null,
    "dma200" : 7953.01,
    "volume" : 97827.00
  }, {
    "date" : "2025-04-02",
    "price" : 5475.75,
    "dma50" : 6666.82,
    "dma100" : null,
    "dma200" : 7928.36,
    "volume" : 130461.00
  }, {
    "date" : "2025-04-03",
    "price" : 5368.00,
    "dma50" : 6615.89,
    "dma100" : null,
    "dma200" : 7902.88,
    "volume" : 140576.00
  }, {
    "date" : "2025-04-04",
    "price" : 5116.70,
    "dma50" : 6557.10,
    "dma100" : null,
    "dma200" : 7875.16,
    "volume" : 263293.00
  }, {
    "date" : "2025-04-07",
    "price" : 4974.35,
    "dma50" : 6495.03,
    "dma100" : null,
    "dma200" : 7846.30,
    "volume" : 190082.00
  }, {
    "date" : "2025-04-08",
    "price" : 4943.75,
    "dma50" : 6434.19,
    "dma100" : null,
    "dma200" : 7817.42,
    "volume" : 114217.00
  }, {
    "date" : "2025-04-09",
    "price" : 4817.30,
    "dma50" : 6370.79,
    "dma100" : null,
    "dma200" : 7787.56,
    "volume" : 86039.00
  }, {
    "date" : "2025-04-11",
    "price" : 5028.40,
    "dma50" : 6318.14,
    "dma100" : null,
    "dma200" : 7760.11,
    "volume" : 247018.00
  }, {
    "date" : "2025-04-15",
    "price" : 5056.00,
    "dma50" : 6268.65,
    "dma100" : null,
    "dma200" : 7733.20,
    "volume" : 117619.00
  }, {
    "date" : "2025-04-16",
    "price" : 4995.50,
    "dma50" : 6218.72,
    "dma100" : null,
    "dma200" : 7705.96,
    "volume" : 84959.00
  }, {
    "date" : "2025-04-17",
    "price" : 4902.50,
    "dma50" : 6167.10,
    "dma100" : null,
    "dma200" : 7678.07,
    "volume" : 84106.00
  }, {
    "date" : "2025-04-21",
    "price" : 4977.00,
    "dma50" : 6120.43,
    "dma100" : null,
    "dma200" : 7651.19,
    "volume" : 197985.00
  }, {
    "date" : "2025-04-22",
    "price" : 5274.00,
    "dma50" : 6087.24,
    "dma100" : null,
    "dma200" : 7627.54,
    "volume" : 279868.00
  }, {
    "date" : "2025-04-23",
    "price" : 5342.00,
    "dma50" : 6058.01,
    "dma100" : null,
    "dma200" : 7604.80,
    "volume" : 173099.00
  }, {
    "date" : "2025-04-24",
    "price" : 5504.00,
    "dma50" : 6036.29,
    "dma100" : null,
    "dma200" : 7583.89,
    "volume" : 195595.00
  }, {
    "date" : "2025-04-25",
    "price" : 5539.50,
    "dma50" : 6016.81,
    "dma100" : null,
    "dma200" : 7563.55,
    "volume" : 194925.00
  }, {
    "date" : "2025-04-28",
    "price" : 5603.00,
    "dma50" : 6000.58,
    "dma100" : null,
    "dma200" : 7544.04,
    "volume" : 101487.00
  }, {
    "date" : "2025-04-29",
    "price" : 5604.00,
    "dma50" : 5985.03,
    "dma100" : null,
    "dma200" : 7524.74,
    "volume" : 101100.00
  }, {
    "date" : "2025-04-30",
    "price" : 5603.00,
    "dma50" : 5970.05,
    "dma100" : null,
    "dma200" : 7505.62,
    "volume" : 125538.00
  }, {
    "date" : "2025-05-02",
    "price" : 5530.50,
    "dma50" : 5952.81,
    "dma100" : null,
    "dma200" : 7485.96,
    "volume" : 57657.00
  }, {
    "date" : "2025-05-05",
    "price" : 5798.00,
    "dma50" : 5946.74,
    "dma100" : null,
    "dma200" : 7469.17,
    "volume" : 111809.00
  }, {
    "date" : "2025-05-06",
    "price" : 5590.50,
    "dma50" : 5932.77,
    "dma100" : null,
    "dma200" : 7450.47,
    "volume" : 112560.00
  }, {
    "date" : "2025-05-07",
    "price" : 5768.00,
    "dma50" : 5926.31,
    "dma100" : null,
    "dma200" : 7433.73,
    "volume" : 88604.00
  }, {
    "date" : "2025-05-08",
    "price" : 6031.00,
    "dma50" : 5930.41,
    "dma100" : null,
    "dma200" : 7419.78,
    "volume" : 785924.00
  }, {
    "date" : "2025-05-09",
    "price" : 6092.00,
    "dma50" : 5936.75,
    "dma100" : null,
    "dma200" : 7406.56,
    "volume" : 176670.00
  }, {
    "date" : "2025-05-12",
    "price" : 6300.50,
    "dma50" : 5951.01,
    "dma100" : null,
    "dma200" : 7395.56,
    "volume" : 224311.00
  }, {
    "date" : "2025-05-13",
    "price" : 6511.00,
    "dma50" : 5972.97,
    "dma100" : null,
    "dma200" : 7386.76,
    "volume" : 175667.00
  }, {
    "date" : "2025-05-14",
    "price" : 6927.50,
    "dma50" : 6010.41,
    "dma100" : null,
    "dma200" : 7382.19,
    "volume" : 385763.00
  }, {
    "date" : "2025-05-15",
    "price" : 7941.00,
    "dma50" : 6086.12,
    "dma100" : null,
    "dma200" : 7387.75,
    "volume" : 731642.00
  }, {
    "date" : "2025-05-16",
    "price" : 8228.00,
    "dma50" : 6170.11,
    "dma100" : null,
    "dma200" : 7396.11,
    "volume" : 364557.00
  }, {
    "date" : "2025-05-19",
    "price" : 7816.00,
    "dma50" : 6234.66,
    "dma100" : null,
    "dma200" : 7400.29,
    "volume" : 170616.00
  }, {
    "date" : "2025-05-20",
    "price" : 7437.00,
    "dma50" : 6281.81,
    "dma100" : null,
    "dma200" : 7400.65,
    "volume" : 159132.00
  }, {
    "date" : "2025-05-21",
    "price" : 7491.00,
    "dma50" : 6329.23,
    "dma100" : null,
    "dma200" : 7401.55,
    "volume" : 86457.00
  }, {
    "date" : "2025-05-22",
    "price" : 7645.00,
    "dma50" : 6380.82,
    "dma100" : null,
    "dma200" : 7403.97,
    "volume" : 58430.00
  }, {
    "date" : "2025-05-23",
    "price" : 7757.50,
    "dma50" : 6434.81,
    "dma100" : null,
    "dma200" : 7407.49,
    "volume" : 125703.00
  }, {
    "date" : "2025-05-26",
    "price" : 7622.00,
    "dma50" : 6481.37,
    "dma100" : null,
    "dma200" : 7409.62,
    "volume" : 78814.00
  }, {
    "date" : "2025-05-27",
    "price" : 7646.00,
    "dma50" : 6527.04,
    "dma100" : 7012.61,
    "dma200" : 7411.98,
    "volume" : 34505.00
  }, {
    "date" : "2025-05-28",
    "price" : 7839.00,
    "dma50" : 6578.49,
    "dma100" : 6987.82,
    "dma200" : 7416.23,
    "volume" : 84857.00
  }, {
    "date" : "2025-05-29",
    "price" : 8001.50,
    "dma50" : 6634.29,
    "dma100" : 6963.77,
    "dma200" : 7422.05,
    "volume" : 66995.00
  }, {
    "date" : "2025-05-30",
    "price" : 8114.00,
    "dma50" : 6692.32,
    "dma100" : 6939.72,
    "dma200" : 7428.93,
    "volume" : 76664.00
  }, {
    "date" : "2025-06-02",
    "price" : 8060.50,
    "dma50" : 6745.98,
    "dma100" : 6910.81,
    "dma200" : 7435.22,
    "volume" : 42212.00
  }, {
    "date" : "2025-06-03",
    "price" : 7963.50,
    "dma50" : 6793.72,
    "dma100" : 6878.91,
    "dma200" : 7440.48,
    "volume" : 61381.00
  }, {
    "date" : "2025-06-04",
    "price" : 7946.00,
    "dma50" : 6838.91,
    "dma100" : 6841.71,
    "dma200" : 7445.51,
    "volume" : 38300.00
  }, {
    "date" : "2025-06-05",
    "price" : 8050.50,
    "dma50" : 6886.42,
    "dma100" : 6814.36,
    "dma200" : 7451.53,
    "volume" : 43943.00
  }, {
    "date" : "2025-06-06",
    "price" : 8104.00,
    "dma50" : 6934.17,
    "dma100" : 6790.26,
    "dma200" : 7458.02,
    "volume" : 61883.00
  }, {
    "date" : "2025-06-09",
    "price" : 8186.00,
    "dma50" : 6983.26,
    "dma100" : 6766.16,
    "dma200" : 7465.26,
    "volume" : 63852.00
  }, {
    "date" : "2025-06-10",
    "price" : 8157.50,
    "dma50" : 7029.31,
    "dma100" : 6745.42,
    "dma200" : 7472.15,
    "volume" : 49727.00
  }, {
    "date" : "2025-06-11",
    "price" : 8131.50,
    "dma50" : 7072.53,
    "dma100" : 6723.26,
    "dma200" : 7478.71,
    "volume" : 48536.00
  }, {
    "date" : "2025-06-12",
    "price" : 7990.50,
    "dma50" : 7108.53,
    "dma100" : 6700.14,
    "dma200" : 7483.80,
    "volume" : 66590.00
  }, {
    "date" : "2025-06-13",
    "price" : 7895.50,
    "dma50" : 7139.39,
    "dma100" : 6678.67,
    "dma200" : 7487.90,
    "volume" : 95834.00
  }, {
    "date" : "2025-06-16",
    "price" : 7736.50,
    "dma50" : 7162.81,
    "dma100" : 6655.24,
    "dma200" : 7490.37,
    "volume" : 45047.00
  }, {
    "date" : "2025-06-17",
    "price" : 7981.50,
    "dma50" : 7194.92,
    "dma100" : 6634.03,
    "dma200" : 7495.26,
    "volume" : 103745.00
  }, {
    "date" : "2025-06-18",
    "price" : 7969.50,
    "dma50" : 7225.29,
    "dma100" : 6612.02,
    "dma200" : 7499.98,
    "volume" : 49631.00
  }, {
    "date" : "2025-06-19",
    "price" : 7761.50,
    "dma50" : 7246.32,
    "dma100" : 6590.65,
    "dma200" : 7502.58,
    "volume" : 47409.00
  }, {
    "date" : "2025-06-20",
    "price" : 7919.00,
    "dma50" : 7272.70,
    "dma100" : 6572.84,
    "dma200" : 7506.72,
    "volume" : 54421.00
  }, {
    "date" : "2025-06-23",
    "price" : 7848.50,
    "dma50" : 7295.28,
    "dma100" : 6558.21,
    "dma200" : 7510.12,
    "volume" : 41527.00
  }, {
    "date" : "2025-06-24",
    "price" : 7877.00,
    "dma50" : 7318.09,
    "dma100" : 6547.34,
    "dma200" : 7513.78,
    "volume" : 50247.00
  }, {
    "date" : "2025-06-25",
    "price" : 8083.00,
    "dma50" : 7348.09,
    "dma100" : 6556.43,
    "dma200" : 7519.44,
    "volume" : 88520.00
  }, {
    "date" : "2025-06-26",
    "price" : 8672.00,
    "dma50" : 7400.01,
    "dma100" : 6570.33,
    "dma200" : 7530.91,
    "volume" : 557025.00
  }, {
    "date" : "2025-06-27",
    "price" : 8438.00,
    "dma50" : 7440.71,
    "dma100" : 6580.41,
    "dma200" : 7539.93,
    "volume" : 374854.00
  }, {
    "date" : "2025-06-30",
    "price" : 8721.50,
    "dma50" : 7490.94,
    "dma100" : 6592.71,
    "dma200" : 7551.69,
    "volume" : 135023.00
  }, {
    "date" : "2025-07-01",
    "price" : 8760.50,
    "dma50" : 7540.73,
    "dma100" : 6606.31,
    "dma200" : 7563.72,
    "volume" : 105277.00
  }, {
    "date" : "2025-07-02",
    "price" : 8841.00,
    "dma50" : 7591.72,
    "dma100" : 6622.32,
    "dma200" : 7576.43,
    "volume" : 86622.00
  }, {
    "date" : "2025-07-03",
    "price" : 8921.00,
    "dma50" : 7643.85,
    "dma100" : 6640.20,
    "dma200" : 7589.81,
    "volume" : 84458.00
  }, {
    "date" : "2025-07-04",
    "price" : 8624.50,
    "dma50" : 7682.30,
    "dma100" : 6653.39,
    "dma200" : 7600.10,
    "volume" : 94080.00
  }, {
    "date" : "2025-07-07",
    "price" : 8543.50,
    "dma50" : 7716.07,
    "dma100" : 6665.87,
    "dma200" : 7609.49,
    "volume" : 47932.00
  }, {
    "date" : "2025-07-08",
    "price" : 8620.00,
    "dma50" : 7751.52,
    "dma100" : 6681.04,
    "dma200" : 7619.54,
    "volume" : 50511.00
  }, {
    "date" : "2025-07-09",
    "price" : 8808.00,
    "dma50" : 7792.95,
    "dma100" : 6701.83,
    "dma200" : 7631.37,
    "volume" : 71898.00
  }, {
    "date" : "2025-07-10",
    "price" : 8900.00,
    "dma50" : 7836.37,
    "dma100" : 6724.05,
    "dma200" : 7643.99,
    "volume" : 55229.00
  }, {
    "date" : "2025-07-11",
    "price" : 8671.50,
    "dma50" : 7869.12,
    "dma100" : 6743.02,
    "dma200" : 7654.22,
    "volume" : 68827.00
  }, {
    "date" : "2025-07-14",
    "price" : 8736.00,
    "dma50" : 7903.11,
    "dma100" : 6762.92,
    "dma200" : 7664.98,
    "volume" : 31133.00
  }, {
    "date" : "2025-07-15",
    "price" : 9040.50,
    "dma50" : 7947.72,
    "dma100" : 6789.65,
    "dma200" : 7678.67,
    "volume" : 86302.00
  }, {
    "date" : "2025-07-16",
    "price" : 9013.00,
    "dma50" : 7989.49,
    "dma100" : 6815.06,
    "dma200" : 7691.94,
    "volume" : 103840.00
  }, {
    "date" : "2025-07-17",
    "price" : 8859.50,
    "dma50" : 8023.61,
    "dma100" : 6842.05,
    "dma200" : 7703.56,
    "volume" : 50107.00
  }, {
    "date" : "2025-07-18",
    "price" : 8902.00,
    "dma50" : 8058.06,
    "dma100" : 6867.44,
    "dma200" : 7715.49,
    "volume" : 55504.00
  }, {
    "date" : "2025-07-21",
    "price" : 9258.00,
    "dma50" : 8105.11,
    "dma100" : 6896.26,
    "dma200" : 7730.83,
    "volume" : 167244.00
  }, {
    "date" : "2025-07-22",
    "price" : 9188.00,
    "dma50" : 8147.58,
    "dma100" : 6923.80,
    "dma200" : 7745.33,
    "volume" : 92052.00
  }, {
    "date" : "2025-07-23",
    "price" : 9135.00,
    "dma50" : 8186.30,
    "dma100" : 6950.67,
    "dma200" : 7759.16,
    "volume" : 64632.00
  }, {
    "date" : "2025-07-24",
    "price" : 9146.00,
    "dma50" : 8223.94,
    "dma100" : 6978.71,
    "dma200" : 7772.96,
    "volume" : 39539.00
  }, {
    "date" : "2025-07-25",
    "price" : 8981.50,
    "dma50" : 8253.65,
    "dma100" : 7009.67,
    "dma200" : 7784.99,
    "volume" : 63570.00
  }, {
    "date" : "2025-07-28",
    "price" : 8665.00,
    "dma50" : 8269.78,
    "dma100" : 7038.35,
    "dma200" : 7793.74,
    "volume" : 78865.00
  }, {
    "date" : "2025-07-29",
    "price" : 9681.50,
    "dma50" : 8325.14,
    "dma100" : 7077.07,
    "dma200" : 7812.53,
    "volume" : 1100668.00
  }, {
    "date" : "2025-07-30",
    "price" : 9669.50,
    "dma50" : 8377.86,
    "dma100" : 7116.10,
    "dma200" : 7831.00,
    "volume" : 444308.00
  }, {
    "date" : "2025-07-31",
    "price" : 8907.50,
    "dma50" : 8398.63,
    "dma100" : 7147.18,
    "dma200" : 7841.71,
    "volume" : 355897.00
  }, {
    "date" : "2025-08-01",
    "price" : 8782.50,
    "dma50" : 8413.68,
    "dma100" : 7177.78,
    "dma200" : 7851.08,
    "volume" : 124724.00
  }, {
    "date" : "2025-08-04",
    "price" : 8965.00,
    "dma50" : 8435.30,
    "dma100" : 7206.37,
    "dma200" : 7862.16,
    "volume" : 129713.00
  }, {
    "date" : "2025-08-05",
    "price" : 8949.50,
    "dma50" : 8455.47,
    "dma100" : 7238.95,
    "dma200" : 7872.98,
    "volume" : 69632.00
  }, {
    "date" : "2025-08-06",
    "price" : 8887.50,
    "dma50" : 8472.41,
    "dma100" : 7272.86,
    "dma200" : 7883.07,
    "volume" : 64311.00
  }, {
    "date" : "2025-08-07",
    "price" : 8689.00,
    "dma50" : 8480.90,
    "dma100" : 7304.42,
    "dma200" : 7891.09,
    "volume" : 109499.00
  }, {
    "date" : "2025-08-08",
    "price" : 8696.50,
    "dma50" : 8489.36,
    "dma100" : 7336.57,
    "dma200" : 7899.11,
    "volume" : 61546.00
  }, {
    "date" : "2025-08-11",
    "price" : 8719.50,
    "dma50" : 8498.38,
    "dma100" : 7370.55,
    "dma200" : 7907.27,
    "volume" : 47955.00
  }, {
    "date" : "2025-08-12",
    "price" : 8813.50,
    "dma50" : 8510.74,
    "dma100" : 7401.16,
    "dma200" : 7916.29,
    "volume" : 51796.00
  }, {
    "date" : "2025-08-13",
    "price" : 8748.50,
    "dma50" : 8520.06,
    "dma100" : 7430.62,
    "dma200" : 7924.57,
    "volume" : 35381.00
  }, {
    "date" : "2025-08-14",
    "price" : 8565.50,
    "dma50" : 8521.85,
    "dma100" : 7459.10,
    "dma200" : 7930.95,
    "volume" : 55566.00
  }, {
    "date" : "2025-08-18",
    "price" : 8476.50,
    "dma50" : 8520.07,
    "dma100" : 7484.59,
    "dma200" : 7936.37,
    "volume" : 67281.00
  }, {
    "date" : "2025-08-19",
    "price" : 8428.50,
    "dma50" : 8516.48,
    "dma100" : 7507.42,
    "dma200" : 7941.27,
    "volume" : 48529.00
  }, {
    "date" : "2025-08-20",
    "price" : 8353.50,
    "dma50" : 8510.09,
    "dma100" : 7531.74,
    "dma200" : 7945.37,
    "volume" : 164852.00
  }, {
    "date" : "2025-08-21",
    "price" : 8225.50,
    "dma50" : 8498.93,
    "dma100" : 7556.10,
    "dma200" : 7948.16,
    "volume" : 100154.00
  }, {
    "date" : "2025-08-22",
    "price" : 8194.50,
    "dma50" : 8486.99,
    "dma100" : 7580.97,
    "dma200" : 7950.61,
    "volume" : 65708.00
  }, {
    "date" : "2025-08-25",
    "price" : 8095.50,
    "dma50" : 8471.64,
    "dma100" : 7606.53,
    "dma200" : 7952.05,
    "volume" : 66847.00
  }, {
    "date" : "2025-08-26",
    "price" : 7881.50,
    "dma50" : 8448.49,
    "dma100" : 7630.51,
    "dma200" : 7951.35,
    "volume" : 60441.00
  }, {
    "date" : "2025-08-28",
    "price" : 7730.50,
    "dma50" : 8420.34,
    "dma100" : 7653.05,
    "dma200" : 7949.15,
    "volume" : 74626.00
  }, {
    "date" : "2025-08-29",
    "price" : 7732.00,
    "dma50" : 8393.34,
    "dma100" : 7676.69,
    "dma200" : 7946.99,
    "volume" : 45354.00
  }, {
    "date" : "2025-09-01",
    "price" : 7802.00,
    "dma50" : 8370.15,
    "dma100" : 7703.55,
    "dma200" : 7945.55,
    "volume" : 37144.00
  }, {
    "date" : "2025-09-02",
    "price" : 7875.50,
    "dma50" : 8350.75,
    "dma100" : 7732.56,
    "dma200" : 7944.85,
    "volume" : 54093.00
  }, {
    "date" : "2025-09-03",
    "price" : 7862.50,
    "dma50" : 8331.61,
    "dma100" : 7761.75,
    "dma200" : 7944.03,
    "volume" : 54217.00
  }, {
    "date" : "2025-09-04",
    "price" : 7897.00,
    "dma50" : 8314.56,
    "dma100" : 7792.54,
    "dma200" : 7943.56,
    "volume" : 52704.00
  }, {
    "date" : "2025-09-05",
    "price" : 7775.00,
    "dma50" : 8293.40,
    "dma100" : 7820.01,
    "dma200" : 7941.89,
    "volume" : 32444.00
  }, {
    "date" : "2025-09-08",
    "price" : 7822.00,
    "dma50" : 8274.92,
    "dma100" : 7847.67,
    "dma200" : 7940.69,
    "volume" : 42540.00
  }, {
    "date" : "2025-09-09",
    "price" : 7949.50,
    "dma50" : 8262.16,
    "dma100" : 7877.21,
    "dma200" : 7940.78,
    "volume" : 70998.00
  }, {
    "date" : "2025-09-10",
    "price" : 8493.00,
    "dma50" : 8271.21,
    "dma100" : 7913.11,
    "dma200" : 7946.28,
    "volume" : 342758.00
  }, {
    "date" : "2025-09-11",
    "price" : 8471.50,
    "dma50" : 8279.06,
    "dma100" : 7948.06,
    "dma200" : 7951.50,
    "volume" : 81570.00
  }, {
    "date" : "2025-09-12",
    "price" : 8630.00,
    "dma50" : 8292.83,
    "dma100" : 7981.62,
    "dma200" : 7958.25,
    "volume" : 136083.00
  }, {
    "date" : "2025-09-15",
    "price" : 8575.50,
    "dma50" : 8303.91,
    "dma100" : 8013.95,
    "dma200" : 7964.40,
    "volume" : 38635.00
  }, {
    "date" : "2025-09-16",
    "price" : 8632.50,
    "dma50" : 8316.80,
    "dma100" : 8045.24,
    "dma200" : 7971.04,
    "volume" : 25255.00
  }, {
    "date" : "2025-09-17",
    "price" : 8943.00,
    "dma50" : 8341.35,
    "dma100" : 8079.27,
    "dma200" : 7980.72,
    "volume" : 123032.00
  }, {
    "date" : "2025-09-18",
    "price" : 8943.00,
    "dma50" : 8364.95,
    "dma100" : 8112.67,
    "dma200" : 7990.29,
    "volume" : 42039.00
  }, {
    "date" : "2025-09-19",
    "price" : 8847.00,
    "dma50" : 8383.85,
    "dma100" : 8145.10,
    "dma200" : 7998.81,
    "volume" : 65222.00
  }, {
    "date" : "2025-09-22",
    "price" : 8715.50,
    "dma50" : 8396.86,
    "dma100" : 8176.23,
    "dma200" : 8005.95,
    "volume" : 66274.00
  }, {
    "date" : "2025-09-23",
    "price" : 8676.00,
    "dma50" : 8407.80,
    "dma100" : 8207.68,
    "dma200" : 8012.61,
    "volume" : 26345.00
  }, {
    "date" : "2025-09-24",
    "price" : 8758.50,
    "dma50" : 8421.56,
    "dma100" : 8237.29,
    "dma200" : 8020.03,
    "volume" : 33327.00
  }, {
    "date" : "2025-09-25",
    "price" : 8734.50,
    "dma50" : 8433.83,
    "dma100" : 8268.73,
    "dma200" : 8027.14,
    "volume" : 29676.00
  }, {
    "date" : "2025-09-26",
    "price" : 8360.50,
    "dma50" : 8430.95,
    "dma100" : 8294.65,
    "dma200" : 8030.46,
    "volume" : 69544.00
  }, {
    "date" : "2025-09-29",
    "price" : 8357.00,
    "dma50" : 8428.05,
    "dma100" : 8317.91,
    "dma200" : 8033.71,
    "volume" : 48268.00
  }, {
    "date" : "2025-09-30",
    "price" : 8186.00,
    "dma50" : 8418.56,
    "dma100" : 8338.85,
    "dma200" : 8035.23,
    "volume" : 110706.00
  }, {
    "date" : "2025-10-01",
    "price" : 8216.00,
    "dma50" : 8410.62,
    "dma100" : 8358.01,
    "dma200" : 8037.02,
    "volume" : 21650.00
  }, {
    "date" : "2025-10-03",
    "price" : 8411.50,
    "dma50" : 8410.65,
    "dma100" : 8377.01,
    "dma200" : 8040.75,
    "volume" : 34142.00
  }, {
    "date" : "2025-10-06",
    "price" : 8474.50,
    "dma50" : 8413.16,
    "dma100" : 8392.48,
    "dma200" : 8045.07,
    "volume" : 26916.00
  }, {
    "date" : "2025-10-07",
    "price" : 8530.50,
    "dma50" : 8417.76,
    "dma100" : 8398.38,
    "dma200" : 8049.90,
    "volume" : 33083.00
  }, {
    "date" : "2025-10-08",
    "price" : 8549.50,
    "dma50" : 8422.92,
    "dma100" : 8401.59,
    "dma200" : 8054.87,
    "volume" : 34731.00
  }, {
    "date" : "2025-10-09",
    "price" : 8469.00,
    "dma50" : 8424.73,
    "dma100" : 8408.12,
    "dma200" : 8058.99,
    "volume" : 50839.00
  }, {
    "date" : "2025-10-10",
    "price" : 8385.00,
    "dma50" : 8423.17,
    "dma100" : 8417.60,
    "dma200" : 8062.23,
    "volume" : 27365.00
  }, {
    "date" : "2025-10-13",
    "price" : 8509.00,
    "dma50" : 8426.54,
    "dma100" : 8427.78,
    "dma200" : 8066.68,
    "volume" : 40613.00
  }, {
    "date" : "2025-10-14",
    "price" : 8505.00,
    "dma50" : 8429.62,
    "dma100" : 8436.38,
    "dma200" : 8071.04,
    "volume" : 46874.00
  }, {
    "date" : "2025-10-15",
    "price" : 8355.50,
    "dma50" : 8426.71,
    "dma100" : 8442.36,
    "dma200" : 8073.87,
    "volume" : 204810.00
  }, {
    "date" : "2025-10-16",
    "price" : 8784.50,
    "dma50" : 8440.74,
    "dma100" : 8453.99,
    "dma200" : 8080.94,
    "volume" : 207581.00
  }, {
    "date" : "2025-10-17",
    "price" : 8690.00,
    "dma50" : 8450.52,
    "dma100" : 8464.43,
    "dma200" : 8087.00,
    "volume" : 52318.00
  }, {
    "date" : "2025-10-20",
    "price" : 8566.00,
    "dma50" : 8455.04,
    "dma100" : 8471.70,
    "dma200" : 8091.77,
    "volume" : 46884.00
  }, {
    "date" : "2025-10-21",
    "price" : 8584.00,
    "dma50" : 8460.10,
    "dma100" : 8477.52,
    "dma200" : 8096.66,
    "volume" : 10207.00
  }, {
    "date" : "2025-10-23",
    "price" : 8642.50,
    "dma50" : 8467.25,
    "dma100" : 8482.81,
    "dma200" : 8102.10,
    "volume" : 62906.00
  }, {
    "date" : "2025-10-24",
    "price" : 8733.50,
    "dma50" : 8477.70,
    "dma100" : 8489.54,
    "dma200" : 8108.38,
    "volume" : 43803.00
  }, {
    "date" : "2025-10-27",
    "price" : 8991.00,
    "dma50" : 8497.82,
    "dma100" : 8499.81,
    "dma200" : 8117.16,
    "volume" : 139590.00
  }, {
    "date" : "2025-10-28",
    "price" : 9107.50,
    "dma50" : 8521.73,
    "dma100" : 8511.43,
    "dma200" : 8127.01,
    "volume" : 168786.00
  }, {
    "date" : "2025-10-29",
    "price" : 9462.00,
    "dma50" : 8558.61,
    "dma100" : 8525.54,
    "dma200" : 8140.30,
    "volume" : 740000.00
  }, {
    "date" : "2025-10-30",
    "price" : 9251.50,
    "dma50" : 8585.78,
    "dma100" : 8537.02,
    "dma200" : 8151.36,
    "volume" : 172879.00
  }, {
    "date" : "2025-10-31",
    "price" : 8671.00,
    "dma50" : 8589.12,
    "dma100" : 8541.87,
    "dma200" : 8156.53,
    "volume" : 320889.00
  }, {
    "date" : "2025-11-03",
    "price" : 8539.50,
    "dma50" : 8587.18,
    "dma100" : 8545.69,
    "dma200" : 8160.34,
    "volume" : 215988.00
  }, {
    "date" : "2025-11-04",
    "price" : 8338.50,
    "dma50" : 8577.42,
    "dma100" : 8547.76,
    "dma200" : 8162.11,
    "volume" : 92564.00
  }, {
    "date" : "2025-11-06",
    "price" : 8404.00,
    "dma50" : 8570.62,
    "dma100" : 8551.89,
    "dma200" : 8164.52,
    "volume" : 70010.00
  }, {
    "date" : "2025-11-07",
    "price" : 8280.50,
    "dma50" : 8559.24,
    "dma100" : 8555.74,
    "dma200" : 8165.67,
    "volume" : 96501.00
  }, {
    "date" : "2025-11-10",
    "price" : 8280.00,
    "dma50" : 8548.29,
    "dma100" : 8561.18,
    "dma200" : 8166.81,
    "volume" : 41110.00
  }, {
    "date" : "2025-11-11",
    "price" : 8531.00,
    "dma50" : 8547.62,
    "dma100" : 8566.67,
    "dma200" : 8170.43,
    "volume" : 109974.00
  }, {
    "date" : "2025-11-12",
    "price" : 8980.00,
    "dma50" : 8564.57,
    "dma100" : 8576.78,
    "dma200" : 8178.49,
    "volume" : 342087.00
  }, {
    "date" : "2025-11-13",
    "price" : 8874.50,
    "dma50" : 8576.73,
    "dma100" : 8587.91,
    "dma200" : 8185.41,
    "volume" : 76006.00
  }, {
    "date" : "2025-11-14",
    "price" : 9071.00,
    "dma50" : 8596.11,
    "dma100" : 8599.43,
    "dma200" : 8194.22,
    "volume" : 96116.00
  }, {
    "date" : "2025-11-17",
    "price" : 9230.50,
    "dma50" : 8620.99,
    "dma100" : 8613.25,
    "dma200" : 8204.54,
    "volume" : 67481.00
  }, {
    "date" : "2025-11-18",
    "price" : 9317.00,
    "dma50" : 8648.28,
    "dma100" : 8627.65,
    "dma200" : 8215.60,
    "volume" : 95310.00
  }, {
    "date" : "2025-11-19",
    "price" : 9335.00,
    "dma50" : 8675.21,
    "dma100" : 8640.17,
    "dma200" : 8226.74,
    "volume" : 56023.00
  }, {
    "date" : "2025-11-20",
    "price" : 9231.50,
    "dma50" : 8697.03,
    "dma100" : 8645.76,
    "dma200" : 8236.74,
    "volume" : 51890.00
  }, {
    "date" : "2025-11-21",
    "price" : 9163.00,
    "dma50" : 8715.30,
    "dma100" : 8653.01,
    "dma200" : 8245.96,
    "volume" : 81982.00
  }, {
    "date" : "2025-11-24",
    "price" : 8892.50,
    "dma50" : 8722.25,
    "dma100" : 8654.72,
    "dma200" : 8252.39,
    "volume" : 72809.00
  }, {
    "date" : "2025-11-25",
    "price" : 8932.00,
    "dma50" : 8730.48,
    "dma100" : 8656.44,
    "dma200" : 8259.15,
    "volume" : 34295.00
  }, {
    "date" : "2025-11-26",
    "price" : 9156.50,
    "dma50" : 8747.18,
    "dma100" : 8659.59,
    "dma200" : 8268.08,
    "volume" : 35737.00
  }, {
    "date" : "2025-11-27",
    "price" : 9145.50,
    "dma50" : 8762.80,
    "dma100" : 8661.84,
    "dma200" : 8276.81,
    "volume" : 45749.00
  }, {
    "date" : "2025-11-28",
    "price" : 9159.50,
    "dma50" : 8778.36,
    "dma100" : 8667.19,
    "dma200" : 8285.59,
    "volume" : 97097.00
  }, {
    "date" : "2025-12-01",
    "price" : 8975.00,
    "dma50" : 8786.07,
    "dma100" : 8671.50,
    "dma200" : 8292.45,
    "volume" : 36920.00
  }, {
    "date" : "2025-12-02",
    "price" : 8901.00,
    "dma50" : 8790.58,
    "dma100" : 8674.31,
    "dma200" : 8298.51,
    "volume" : 60033.00
  }, {
    "date" : "2025-12-03",
    "price" : 8719.00,
    "dma50" : 8787.77,
    "dma100" : 8673.42,
    "dma200" : 8302.69,
    "volume" : 66236.00
  }, {
    "date" : "2025-12-04",
    "price" : 8847.50,
    "dma50" : 8790.11,
    "dma100" : 8672.90,
    "dma200" : 8308.11,
    "volume" : 39830.00
  }, {
    "date" : "2025-12-05",
    "price" : 8899.00,
    "dma50" : 8794.38,
    "dma100" : 8675.17,
    "dma200" : 8313.99,
    "volume" : 29605.00
  }, {
    "date" : "2025-12-08",
    "price" : 8643.00,
    "dma50" : 8788.45,
    "dma100" : 8674.24,
    "dma200" : 8317.27,
    "volume" : 52806.00
  }, {
    "date" : "2025-12-09",
    "price" : 8783.50,
    "dma50" : 8788.25,
    "dma100" : 8671.67,
    "dma200" : 8321.91,
    "volume" : 34536.00
  }, {
    "date" : "2025-12-10",
    "price" : 8815.50,
    "dma50" : 8789.32,
    "dma100" : 8669.70,
    "dma200" : 8326.82,
    "volume" : 32656.00
  }, {
    "date" : "2025-12-11",
    "price" : 8987.00,
    "dma50" : 8797.07,
    "dma100" : 8670.97,
    "dma200" : 8333.39,
    "volume" : 50265.00
  }, {
    "date" : "2025-12-12",
    "price" : 9023.50,
    "dma50" : 8805.95,
    "dma100" : 8672.19,
    "dma200" : 8340.25,
    "volume" : 31999.00
  }, {
    "date" : "2025-12-15",
    "price" : 9090.50,
    "dma50" : 8817.11,
    "dma100" : 8670.51,
    "dma200" : 8347.72,
    "volume" : 23783.00
  }, {
    "date" : "2025-12-16",
    "price" : 8937.50,
    "dma50" : 8821.83,
    "dma100" : 8668.01,
    "dma200" : 8353.59,
    "volume" : 41807.00
  }, {
    "date" : "2025-12-17",
    "price" : 8794.00,
    "dma50" : 8820.74,
    "dma100" : 8664.60,
    "dma200" : 8357.97,
    "volume" : 36353.00
  }, {
    "date" : "2025-12-18",
    "price" : 8608.50,
    "dma50" : 8812.42,
    "dma100" : 8659.22,
    "dma200" : 8360.46,
    "volume" : 36479.00
  }, {
    "date" : "2025-12-19",
    "price" : 8757.50,
    "dma50" : 8810.26,
    "dma100" : 8656.98,
    "dma200" : 8364.41,
    "volume" : 110007.00
  }, {
    "date" : "2025-12-22",
    "price" : 8870.50,
    "dma50" : 8812.63,
    "dma100" : 8659.04,
    "dma200" : 8369.45,
    "volume" : 56607.00
  }, {
    "date" : "2025-12-23",
    "price" : 8891.50,
    "dma50" : 8815.72,
    "dma100" : 8651.14,
    "dma200" : 8374.64,
    "volume" : 44438.00
  }, {
    "date" : "2025-12-24",
    "price" : 8690.00,
    "dma50" : 8810.79,
    "dma100" : 8641.34,
    "dma200" : 8377.78,
    "volume" : 62323.00
  }, {
    "date" : "2025-12-26",
    "price" : 8625.00,
    "dma50" : 8803.50,
    "dma100" : 8638.52,
    "dma200" : 8380.24,
    "volume" : 34155.00
  }, {
    "date" : "2025-12-29",
    "price" : 8562.50,
    "dma50" : 8794.05,
    "dma100" : 8636.32,
    "dma200" : 8382.05,
    "volume" : 39286.00
  } ],
  "latestTechnicalAttributes" : {
    "date" : "2025-12-29",
    "price" : 8562.50,
    "dma50" : 8794.05,
    "dma100" : 8636.32,
    "dma200" : 8382.05,
    "volume" : 39286.00
  },
  "quarterlyResults" : [ {
    "date" : "2005-03-31",
    "sales" : 218.90,
    "salesGrowthYoY" : null,
    "grossProfitMargin" : 21.08,
    "grossProfit" : 46.14,
    "operatingProfitMargin" : 5.07,
    "operatingProfit" : 11.10,
    "netProfitMargin" : 4.27,
    "netProfit" : 9.35
  }, {
    "date" : "2005-06-30",
    "sales" : 201.42,
    "salesGrowthYoY" : null,
    "grossProfitMargin" : 20.64,
    "grossProfit" : 41.57,
    "operatingProfitMargin" : 5.73,
    "operatingProfit" : 11.54,
    "netProfitMargin" : 3.26,
    "netProfit" : 6.57
  }, {
    "date" : "2005-09-30",
    "sales" : 283.86,
    "salesGrowthYoY" : null,
    "grossProfitMargin" : 20.87,
    "grossProfit" : 59.24,
    "operatingProfitMargin" : 6.21,
    "operatingProfit" : 17.63,
    "netProfitMargin" : 2.79,
    "netProfit" : 7.92
  }, {
    "date" : "2005-12-31",
    "sales" : 277.76,
    "salesGrowthYoY" : null,
    "grossProfitMargin" : 23.72,
    "grossProfit" : 65.88,
    "operatingProfitMargin" : 6.22,
    "operatingProfit" : 17.28,
    "netProfitMargin" : 3.69,
    "netProfit" : 10.25
  }, {
    "date" : "2006-03-31",
    "sales" : 327.99,
    "salesGrowthYoY" : 49.84,
    "grossProfitMargin" : 22.65,
    "grossProfit" : 74.29,
    "operatingProfitMargin" : 8.29,
    "operatingProfit" : 27.19,
    "netProfitMargin" : 5.07,
    "netProfit" : 16.63
  }, {
    "date" : "2006-06-30",
    "sales" : 331.31,
    "salesGrowthYoY" : 64.49,
    "grossProfitMargin" : 23.19,
    "grossProfit" : 76.83,
    "operatingProfitMargin" : 7.25,
    "operatingProfit" : 24.02,
    "netProfitMargin" : 3.49,
    "netProfit" : 11.56
  }, {
    "date" : "2006-09-30",
    "sales" : 360.66,
    "salesGrowthYoY" : 27.06,
    "grossProfitMargin" : 21.34,
    "grossProfit" : 76.96,
    "operatingProfitMargin" : 7.99,
    "operatingProfit" : 28.82,
    "netProfitMargin" : 3.91,
    "netProfit" : 14.10
  }, {
    "date" : "2006-12-31",
    "sales" : 359.44,
    "salesGrowthYoY" : 29.41,
    "grossProfitMargin" : 19.87,
    "grossProfit" : 71.42,
    "operatingProfitMargin" : 7.33,
    "operatingProfit" : 26.35,
    "netProfitMargin" : 3.43,
    "netProfit" : 12.33
  }, {
    "date" : "2007-03-31",
    "sales" : 414.24,
    "salesGrowthYoY" : 26.30,
    "grossProfitMargin" : 18.35,
    "grossProfit" : 76.01,
    "operatingProfitMargin" : 5.76,
    "operatingProfit" : 23.86,
    "netProfitMargin" : 2.59,
    "netProfit" : 10.73
  }, {
    "date" : "2007-06-30",
    "sales" : 341.12,
    "salesGrowthYoY" : 2.96,
    "grossProfitMargin" : 24.69,
    "grossProfit" : 84.22,
    "operatingProfitMargin" : 9.86,
    "operatingProfit" : 33.63,
    "netProfitMargin" : 4.75,
    "netProfit" : 16.20
  }, {
    "date" : "2007-09-30",
    "sales" : 418.41,
    "salesGrowthYoY" : 16.01,
    "grossProfitMargin" : 20.52,
    "grossProfit" : 85.86,
    "operatingProfitMargin" : 6.42,
    "operatingProfit" : 26.86,
    "netProfitMargin" : 3.05,
    "netProfit" : 12.76
  }, {
    "date" : "2007-12-31",
    "sales" : 472.90,
    "salesGrowthYoY" : 31.57,
    "grossProfitMargin" : 19.75,
    "grossProfit" : 93.40,
    "operatingProfitMargin" : 5.77,
    "operatingProfit" : 27.29,
    "netProfitMargin" : 2.98,
    "netProfit" : 14.09
  }, {
    "date" : "2008-03-31",
    "sales" : 477.86,
    "salesGrowthYoY" : 15.36,
    "grossProfitMargin" : 20.54,
    "grossProfit" : 98.15,
    "operatingProfitMargin" : 4.64,
    "operatingProfit" : 22.17,
    "netProfitMargin" : 2.58,
    "netProfit" : 12.33
  }, {
    "date" : "2008-06-30",
    "sales" : 539.74,
    "salesGrowthYoY" : 58.23,
    "grossProfitMargin" : 18.32,
    "grossProfit" : 98.88,
    "operatingProfitMargin" : 5.82,
    "operatingProfit" : 31.41,
    "netProfitMargin" : 3.62,
    "netProfit" : 19.54
  }, {
    "date" : "2008-09-30",
    "sales" : 638.83,
    "salesGrowthYoY" : 52.68,
    "grossProfitMargin" : 15.00,
    "grossProfit" : 95.82,
    "operatingProfitMargin" : 1.95,
    "operatingProfit" : 12.46,
    "netProfitMargin" : 0.93,
    "netProfit" : 5.94
  }, {
    "date" : "2008-12-31",
    "sales" : 631.52,
    "salesGrowthYoY" : 33.54,
    "grossProfitMargin" : 16.76,
    "grossProfit" : 105.84,
    "operatingProfitMargin" : 4.80,
    "operatingProfit" : 30.31,
    "netProfitMargin" : 2.97,
    "netProfit" : 18.76
  }, {
    "date" : "2009-03-31",
    "sales" : 659.06,
    "salesGrowthYoY" : 37.92,
    "grossProfitMargin" : 8.17,
    "grossProfit" : 53.85,
    "operatingProfitMargin" : -3.39,
    "operatingProfit" : -22.34,
    "netProfitMargin" : -5.68,
    "netProfit" : -37.43
  }, {
    "date" : "2009-06-30",
    "sales" : 504.53,
    "salesGrowthYoY" : -6.52,
    "grossProfitMargin" : 21.74,
    "grossProfit" : 109.68,
    "operatingProfitMargin" : 6.51,
    "operatingProfit" : 32.84,
    "netProfitMargin" : 4.91,
    "netProfit" : 24.77
  }, {
    "date" : "2009-09-30",
    "sales" : 488.13,
    "salesGrowthYoY" : -23.59,
    "grossProfitMargin" : 26.00,
    "grossProfit" : 126.91,
    "operatingProfitMargin" : 8.35,
    "operatingProfit" : 40.76,
    "netProfitMargin" : 4.82,
    "netProfit" : 23.53
  }, {
    "date" : "2009-12-31",
    "sales" : 521.34,
    "salesGrowthYoY" : -17.45,
    "grossProfitMargin" : 21.76,
    "grossProfit" : 113.44,
    "operatingProfitMargin" : 7.80,
    "operatingProfit" : 40.66,
    "netProfitMargin" : 4.30,
    "netProfit" : 22.42
  }, {
    "date" : "2010-03-31",
    "sales" : 500.52,
    "salesGrowthYoY" : -24.06,
    "grossProfitMargin" : 20.53,
    "grossProfit" : 102.76,
    "operatingProfitMargin" : 4.80,
    "operatingProfit" : 24.02,
    "netProfitMargin" : 3.45,
    "netProfit" : 17.27
  }, {
    "date" : "2010-06-30",
    "sales" : 624.90,
    "salesGrowthYoY" : 23.86,
    "grossProfitMargin" : 20.11,
    "grossProfit" : 125.67,
    "operatingProfitMargin" : 5.90,
    "operatingProfit" : 36.87,
    "netProfitMargin" : 3.84,
    "netProfit" : 24.00
  }, {
    "date" : "2010-09-30",
    "sales" : 667.88,
    "salesGrowthYoY" : 36.82,
    "grossProfitMargin" : 21.10,
    "grossProfit" : 140.92,
    "operatingProfitMargin" : 7.77,
    "operatingProfit" : 51.89,
    "netProfitMargin" : 5.15,
    "netProfit" : 34.40
  }, {
    "date" : "2010-12-31",
    "sales" : 649.37,
    "salesGrowthYoY" : 24.56,
    "grossProfitMargin" : 20.47,
    "grossProfit" : 132.93,
    "operatingProfitMargin" : 5.96,
    "operatingProfit" : 38.70,
    "netProfitMargin" : 3.84,
    "netProfit" : 24.94
  }, {
    "date" : "2011-03-31",
    "sales" : 782.93,
    "salesGrowthYoY" : 56.42,
    "grossProfitMargin" : 19.20,
    "grossProfit" : 150.32,
    "operatingProfitMargin" : 6.70,
    "operatingProfit" : 52.46,
    "netProfitMargin" : 2.89,
    "netProfit" : 22.63
  }, {
    "date" : "2011-06-30",
    "sales" : 735.45,
    "salesGrowthYoY" : 17.69,
    "grossProfitMargin" : 19.52,
    "grossProfit" : 143.56,
    "operatingProfitMargin" : 5.91,
    "operatingProfit" : 43.47,
    "netProfitMargin" : 2.38,
    "netProfit" : 17.50
  }, {
    "date" : "2011-09-30",
    "sales" : 799.04,
    "salesGrowthYoY" : 19.64,
    "grossProfitMargin" : 19.88,
    "grossProfit" : 158.85,
    "operatingProfitMargin" : 5.73,
    "operatingProfit" : 45.78,
    "netProfitMargin" : -0.02,
    "netProfit" : -0.16
  }, {
    "date" : "2011-12-31",
    "sales" : 895.26,
    "salesGrowthYoY" : 37.87,
    "grossProfitMargin" : 16.37,
    "grossProfit" : 146.55,
    "operatingProfitMargin" : 4.81,
    "operatingProfit" : 43.06,
    "netProfitMargin" : -0.97,
    "netProfit" : -8.68
  }, {
    "date" : "2012-03-31",
    "sales" : 1024.79,
    "salesGrowthYoY" : 30.89,
    "grossProfitMargin" : 20.15,
    "grossProfit" : 206.50,
    "operatingProfitMargin" : 6.24,
    "operatingProfit" : 63.95,
    "netProfitMargin" : 5.13,
    "netProfit" : 52.57
  }, {
    "date" : "2012-06-30",
    "sales" : 1125.84,
    "salesGrowthYoY" : 53.08,
    "grossProfitMargin" : 20.43,
    "grossProfit" : 230.01,
    "operatingProfitMargin" : 6.21,
    "operatingProfit" : 69.91,
    "netProfitMargin" : 1.00,
    "netProfit" : 11.26
  }, {
    "date" : "2012-09-30",
    "sales" : 1103.79,
    "salesGrowthYoY" : 38.14,
    "grossProfitMargin" : 19.53,
    "grossProfit" : 215.57,
    "operatingProfitMargin" : 4.22,
    "operatingProfit" : 46.58,
    "netProfitMargin" : 2.58,
    "netProfit" : 28.48
  }, {
    "date" : "2012-12-31",
    "sales" : 1138.05,
    "salesGrowthYoY" : 27.12,
    "grossProfitMargin" : 21.90,
    "grossProfit" : 249.23,
    "operatingProfitMargin" : 8.68,
    "operatingProfit" : 98.78,
    "netProfitMargin" : 2.90,
    "netProfit" : 33.00
  }, {
    "date" : "2013-03-31",
    "sales" : 1164.51,
    "salesGrowthYoY" : 13.63,
    "grossProfitMargin" : 23.40,
    "grossProfit" : 272.50,
    "operatingProfitMargin" : 6.79,
    "operatingProfit" : 79.07,
    "netProfitMargin" : 2.84,
    "netProfit" : 33.07
  }, {
    "date" : "2013-06-30",
    "sales" : 945.40,
    "salesGrowthYoY" : -16.03,
    "grossProfitMargin" : 22.66,
    "grossProfit" : 214.23,
    "operatingProfitMargin" : 7.99,
    "operatingProfit" : 75.54,
    "netProfitMargin" : 1.11,
    "netProfit" : 10.49
  }, {
    "date" : "2013-09-30",
    "sales" : 1140.16,
    "salesGrowthYoY" : 3.30,
    "grossProfitMargin" : 23.30,
    "grossProfit" : 265.66,
    "operatingProfitMargin" : 8.73,
    "operatingProfit" : 99.54,
    "netProfitMargin" : 2.84,
    "netProfit" : 32.38
  }, {
    "date" : "2013-12-31",
    "sales" : 1079.92,
    "salesGrowthYoY" : -5.11,
    "grossProfitMargin" : 19.85,
    "grossProfit" : 214.36,
    "operatingProfitMargin" : 5.04,
    "operatingProfit" : 54.43,
    "netProfitMargin" : 1.35,
    "netProfit" : 14.58
  }, {
    "date" : "2014-03-31",
    "sales" : 1317.72,
    "salesGrowthYoY" : 13.16,
    "grossProfitMargin" : 16.61,
    "grossProfit" : 218.87,
    "operatingProfitMargin" : 3.15,
    "operatingProfit" : 41.51,
    "netProfitMargin" : 0.90,
    "netProfit" : 11.86
  }, {
    "date" : "2014-06-30",
    "sales" : 1130.57,
    "salesGrowthYoY" : 19.59,
    "grossProfitMargin" : 21.95,
    "grossProfit" : 248.16,
    "operatingProfitMargin" : 5.60,
    "operatingProfit" : 63.31,
    "netProfitMargin" : 1.78,
    "netProfit" : 20.12
  }, {
    "date" : "2014-09-30",
    "sales" : 1243.64,
    "salesGrowthYoY" : 9.08,
    "grossProfitMargin" : 22.66,
    "grossProfit" : 281.81,
    "operatingProfitMargin" : 6.22,
    "operatingProfit" : 77.35,
    "netProfitMargin" : 1.28,
    "netProfit" : 15.92
  }, {
    "date" : "2014-12-31",
    "sales" : 1298.79,
    "salesGrowthYoY" : 20.27,
    "grossProfitMargin" : 19.52,
    "grossProfit" : 253.52,
    "operatingProfitMargin" : 4.32,
    "operatingProfit" : 56.11,
    "netProfitMargin" : 0.20,
    "netProfit" : 2.60
  }, {
    "date" : "2015-03-31",
    "sales" : 1337.97,
    "salesGrowthYoY" : 1.54,
    "grossProfitMargin" : 18.05,
    "grossProfit" : 241.50,
    "operatingProfitMargin" : 3.32,
    "operatingProfit" : 44.42,
    "netProfitMargin" : 0.70,
    "netProfit" : 9.37
  }, {
    "date" : "2015-06-30",
    "sales" : 1243.93,
    "salesGrowthYoY" : 10.03,
    "grossProfitMargin" : 22.11,
    "grossProfit" : 275.03,
    "operatingProfitMargin" : 7.25,
    "operatingProfit" : 90.18,
    "netProfitMargin" : 2.07,
    "netProfit" : 25.75
  }, {
    "date" : "2015-09-30",
    "sales" : 1244.22,
    "salesGrowthYoY" : 0.05,
    "grossProfitMargin" : 22.72,
    "grossProfit" : 282.69,
    "operatingProfitMargin" : 7.17,
    "operatingProfit" : 89.21,
    "netProfitMargin" : 2.01,
    "netProfit" : 25.01
  }, {
    "date" : "2015-12-31",
    "sales" : 1187.17,
    "salesGrowthYoY" : -8.59,
    "grossProfitMargin" : 25.62,
    "grossProfit" : 304.15,
    "operatingProfitMargin" : 7.09,
    "operatingProfit" : 84.17,
    "netProfitMargin" : 2.36,
    "netProfit" : 28.02
  }, {
    "date" : "2016-03-31",
    "sales" : 1349.05,
    "salesGrowthYoY" : 0.83,
    "grossProfitMargin" : 22.61,
    "grossProfit" : 305.02,
    "operatingProfitMargin" : 6.98,
    "operatingProfit" : 94.16,
    "netProfitMargin" : 2.73,
    "netProfit" : 36.83
  }, {
    "date" : "2016-06-30",
    "sales" : 1081.90,
    "salesGrowthYoY" : -13.03,
    "grossProfitMargin" : 29.83,
    "grossProfit" : 322.73,
    "operatingProfitMargin" : 10.19,
    "operatingProfit" : 110.25,
    "netProfitMargin" : 4.22,
    "netProfit" : 45.66
  }, {
    "date" : "2016-09-30",
    "sales" : 1264.29,
    "salesGrowthYoY" : 1.61,
    "grossProfitMargin" : 23.22,
    "grossProfit" : 293.57,
    "operatingProfitMargin" : 7.93,
    "operatingProfit" : 100.26,
    "netProfitMargin" : 3.61,
    "netProfit" : 45.64
  }, {
    "date" : "2016-12-31",
    "sales" : 1132.62,
    "salesGrowthYoY" : -4.59,
    "grossProfitMargin" : 27.30,
    "grossProfit" : 309.21,
    "operatingProfitMargin" : 9.39,
    "operatingProfit" : 106.35,
    "netProfitMargin" : 3.82,
    "netProfit" : 43.27
  }, {
    "date" : "2017-03-31",
    "sales" : 1296.77,
    "salesGrowthYoY" : -3.88,
    "grossProfitMargin" : 26.00,
    "grossProfit" : 337.16,
    "operatingProfitMargin" : 8.01,
    "operatingProfit" : 103.87,
    "netProfitMargin" : 3.68,
    "netProfit" : 47.72
  }, {
    "date" : "2017-06-30",
    "sales" : 1236.42,
    "salesGrowthYoY" : 14.28,
    "grossProfitMargin" : 24.30,
    "grossProfit" : 300.45,
    "operatingProfitMargin" : 7.57,
    "operatingProfit" : 93.60,
    "netProfitMargin" : 3.23,
    "netProfit" : 39.94
  }, {
    "date" : "2017-09-30",
    "sales" : 1175.99,
    "salesGrowthYoY" : -6.98,
    "grossProfitMargin" : 23.87,
    "grossProfit" : 280.71,
    "operatingProfitMargin" : 7.38,
    "operatingProfit" : 86.79,
    "netProfitMargin" : 2.34,
    "netProfit" : 27.52
  }, {
    "date" : "2017-12-31",
    "sales" : 1407.94,
    "salesGrowthYoY" : 24.31,
    "grossProfitMargin" : 21.20,
    "grossProfit" : 298.48,
    "operatingProfitMargin" : 6.84,
    "operatingProfit" : 96.30,
    "netProfitMargin" : 2.92,
    "netProfit" : 41.11
  }, {
    "date" : "2018-03-31",
    "sales" : 1695.37,
    "salesGrowthYoY" : 30.74,
    "grossProfitMargin" : 22.54,
    "grossProfit" : 382.14,
    "operatingProfitMargin" : 6.98,
    "operatingProfit" : 118.34,
    "netProfitMargin" : 2.10,
    "netProfit" : 35.60
  }, {
    "date" : "2018-06-30",
    "sales" : 1404.63,
    "salesGrowthYoY" : 13.60,
    "grossProfitMargin" : 23.51,
    "grossProfit" : 330.23,
    "operatingProfitMargin" : 7.44,
    "operatingProfit" : 104.50,
    "netProfitMargin" : 1.94,
    "netProfit" : 27.25
  }, {
    "date" : "2018-09-30",
    "sales" : 1805.49,
    "salesGrowthYoY" : 53.53,
    "grossProfitMargin" : 20.02,
    "grossProfit" : 361.46,
    "operatingProfitMargin" : 5.75,
    "operatingProfit" : 103.82,
    "netProfitMargin" : 1.48,
    "netProfit" : 26.72
  }, {
    "date" : "2018-12-31",
    "sales" : 2002.26,
    "salesGrowthYoY" : 42.21,
    "grossProfitMargin" : 20.59,
    "grossProfit" : 412.27,
    "operatingProfitMargin" : 6.00,
    "operatingProfit" : 120.14,
    "netProfitMargin" : 2.20,
    "netProfit" : 44.05
  }, {
    "date" : "2019-03-31",
    "sales" : 2373.89,
    "salesGrowthYoY" : 40.02,
    "grossProfitMargin" : 19.66,
    "grossProfit" : 466.71,
    "operatingProfitMargin" : 5.76,
    "operatingProfit" : 136.74,
    "netProfitMargin" : 2.06,
    "netProfit" : 48.90
  }, {
    "date" : "2019-06-30",
    "sales" : 1867.53,
    "salesGrowthYoY" : 32.96,
    "grossProfitMargin" : 22.50,
    "grossProfit" : 420.19,
    "operatingProfitMargin" : 7.17,
    "operatingProfit" : 133.90,
    "netProfitMargin" : 2.26,
    "netProfit" : 42.21
  }, {
    "date" : "2019-09-30",
    "sales" : 1735.04,
    "salesGrowthYoY" : -3.90,
    "grossProfitMargin" : 22.56,
    "grossProfit" : 391.43,
    "operatingProfitMargin" : 6.23,
    "operatingProfit" : 108.09,
    "netProfitMargin" : 2.12,
    "netProfit" : 36.78
  }, {
    "date" : "2019-12-31",
    "sales" : 1741.73,
    "salesGrowthYoY" : -13.01,
    "grossProfitMargin" : 23.99,
    "grossProfit" : 417.84,
    "operatingProfitMargin" : 6.58,
    "operatingProfit" : 114.61,
    "netProfitMargin" : 1.94,
    "netProfit" : 33.79
  }, {
    "date" : "2020-03-31",
    "sales" : 1691.42,
    "salesGrowthYoY" : -28.75,
    "grossProfitMargin" : 24.22,
    "grossProfit" : 409.66,
    "operatingProfitMargin" : 6.03,
    "operatingProfit" : 101.99,
    "netProfitMargin" : 1.55,
    "netProfit" : 26.22
  }, {
    "date" : "2020-06-30",
    "sales" : 1218.23,
    "salesGrowthYoY" : -34.77,
    "grossProfitMargin" : 19.38,
    "grossProfit" : 236.09,
    "operatingProfitMargin" : 2.91,
    "operatingProfit" : 35.45,
    "netProfitMargin" : -1.70,
    "netProfit" : -20.71
  }, {
    "date" : "2020-09-30",
    "sales" : 1367.64,
    "salesGrowthYoY" : -21.18,
    "grossProfitMargin" : 27.09,
    "grossProfit" : 370.49,
    "operatingProfitMargin" : 7.61,
    "operatingProfit" : 104.08,
    "netProfitMargin" : 3.34,
    "netProfit" : 45.68
  }, {
    "date" : "2020-12-31",
    "sales" : 1583.91,
    "salesGrowthYoY" : -9.06,
    "grossProfitMargin" : 27.62,
    "grossProfit" : 437.48,
    "operatingProfitMargin" : 8.93,
    "operatingProfit" : 141.44,
    "netProfitMargin" : 4.21,
    "netProfit" : 66.68
  }, {
    "date" : "2021-03-31",
    "sales" : 1791.04,
    "salesGrowthYoY" : 5.89,
    "grossProfitMargin" : 23.72,
    "grossProfit" : 424.83,
    "operatingProfitMargin" : 5.35,
    "operatingProfit" : 95.82,
    "netProfitMargin" : 2.52,
    "netProfit" : 45.13
  }, {
    "date" : "2021-06-30",
    "sales" : 1609.62,
    "salesGrowthYoY" : 32.13,
    "grossProfitMargin" : 24.83,
    "grossProfit" : 399.67,
    "operatingProfitMargin" : 6.88,
    "operatingProfit" : 110.74,
    "netProfitMargin" : 3.02,
    "netProfit" : 48.61
  }, {
    "date" : "2021-09-30",
    "sales" : 2094.11,
    "salesGrowthYoY" : 53.12,
    "grossProfitMargin" : 21.85,
    "grossProfit" : 457.56,
    "operatingProfitMargin" : 5.77,
    "operatingProfit" : 120.83,
    "netProfitMargin" : 2.68,
    "netProfit" : 56.12
  }, {
    "date" : "2021-12-31",
    "sales" : 2071.31,
    "salesGrowthYoY" : 30.77,
    "grossProfitMargin" : 22.34,
    "grossProfit" : 462.73,
    "operatingProfitMargin" : 5.21,
    "operatingProfit" : 107.92,
    "netProfitMargin" : 2.55,
    "netProfit" : 52.82
  }, {
    "date" : "2022-03-31",
    "sales" : 2820.71,
    "salesGrowthYoY" : 57.49,
    "grossProfitMargin" : 21.94,
    "grossProfit" : 618.86,
    "operatingProfitMargin" : 5.68,
    "operatingProfit" : 160.22,
    "netProfitMargin" : 2.70,
    "netProfit" : 76.16
  }, {
    "date" : "2022-06-30",
    "sales" : 2826.97,
    "salesGrowthYoY" : 75.63,
    "grossProfitMargin" : 24.21,
    "grossProfit" : 684.41,
    "operatingProfitMargin" : 7.30,
    "operatingProfit" : 206.37,
    "netProfitMargin" : 3.48,
    "netProfit" : 98.38
  }, {
    "date" : "2022-09-30",
    "sales" : 2910.71,
    "salesGrowthYoY" : 39.00,
    "grossProfitMargin" : 25.26,
    "grossProfit" : 735.25,
    "operatingProfitMargin" : 7.81,
    "operatingProfit" : 227.33,
    "netProfitMargin" : 3.83,
    "netProfit" : 111.48
  }, {
    "date" : "2022-12-31",
    "sales" : 3623.78,
    "salesGrowthYoY" : 74.95,
    "grossProfitMargin" : 26.21,
    "grossProfit" : 949.79,
    "operatingProfitMargin" : 8.78,
    "operatingProfit" : 318.17,
    "netProfitMargin" : 4.36,
    "netProfit" : 158.00
  }, {
    "date" : "2023-03-31",
    "sales" : 3806.15,
    "salesGrowthYoY" : 34.94,
    "grossProfitMargin" : 25.48,
    "grossProfit" : 969.81,
    "operatingProfitMargin" : 10.53,
    "operatingProfit" : 400.79,
    "netProfitMargin" : 6.17,
    "netProfit" : 234.84
  }, {
    "date" : "2023-06-30",
    "sales" : 3500.28,
    "salesGrowthYoY" : 23.82,
    "grossProfitMargin" : 22.35,
    "grossProfit" : 782.31,
    "operatingProfitMargin" : 9.46,
    "operatingProfit" : 331.13,
    "netProfitMargin" : 5.52,
    "netProfit" : 193.22
  }, {
    "date" : "2023-09-30",
    "sales" : 3644.36,
    "salesGrowthYoY" : 25.21,
    "grossProfitMargin" : 25.14,
    "grossProfit" : 916.19,
    "operatingProfitMargin" : 9.60,
    "operatingProfit" : 349.86,
    "netProfitMargin" : 5.09,
    "netProfit" : 185.50
  }, {
    "date" : "2023-12-31",
    "sales" : 3742.25,
    "salesGrowthYoY" : 3.27,
    "grossProfitMargin" : 23.82,
    "grossProfit" : 891.40,
    "operatingProfitMargin" : 10.19,
    "operatingProfit" : 381.34,
    "netProfitMargin" : 5.50,
    "netProfit" : 205.82
  }, {
    "date" : "2024-03-31",
    "sales" : 4225.59,
    "salesGrowthYoY" : 11.02,
    "grossProfitMargin" : 23.55,
    "grossProfit" : 995.13,
    "operatingProfitMargin" : 9.88,
    "operatingProfit" : 417.49,
    "netProfitMargin" : 5.64,
    "netProfit" : 238.32
  }, {
    "date" : "2024-06-30",
    "sales" : 3746.54,
    "salesGrowthYoY" : 7.04,
    "grossProfitMargin" : 21.95,
    "grossProfit" : 822.37,
    "operatingProfitMargin" : 9.54,
    "operatingProfit" : 357.42,
    "netProfitMargin" : 5.22,
    "netProfit" : 195.57
  }, {
    "date" : "2024-09-30",
    "sales" : 4315.58,
    "salesGrowthYoY" : 18.42,
    "grossProfitMargin" : 19.75,
    "grossProfit" : 852.33,
    "operatingProfitMargin" : 7.61,
    "operatingProfit" : 328.42,
    "netProfitMargin" : 4.12,
    "netProfit" : 177.80
  }, {
    "date" : "2024-12-31",
    "sales" : 4509.50,
    "salesGrowthYoY" : 20.50,
    "grossProfitMargin" : 20.38,
    "grossProfit" : 919.04,
    "operatingProfitMargin" : 7.68,
    "operatingProfit" : 346.33,
    "netProfitMargin" : 3.90,
    "netProfit" : 175.87
  }, {
    "date" : "2025-03-31",
    "sales" : 4980.63,
    "salesGrowthYoY" : 17.87,
    "grossProfitMargin" : 21.83,
    "grossProfit" : 1087.27,
    "operatingProfitMargin" : 8.95,
    "operatingProfit" : 445.77,
    "netProfitMargin" : 4.90,
    "netProfit" : 244.05
  }, {
    "date" : "2025-06-30",
    "sales" : 4881.09,
    "salesGrowthYoY" : 30.28,
    "grossProfitMargin" : 21.18,
    "grossProfit" : 1033.81,
    "operatingProfitMargin" : 8.98,
    "operatingProfit" : 438.32,
    "netProfitMargin" : 5.28,
    "netProfit" : 257.72
  }, {
    "date" : "2025-09-30",
    "sales" : 5462.93,
    "salesGrowthYoY" : 26.59,
    "grossProfitMargin" : 22.02,
    "grossProfit" : 1202.94,
    "operatingProfitMargin" : 8.40,
    "operatingProfit" : 458.89,
    "netProfitMargin" : 4.65,
    "netProfit" : 254.03
  } ],
  "latestQuarterlyResult" : {
    "date" : "2025-09-30",
    "sales" : 5462.93,
    "salesGrowthYoY" : 26.59,
    "grossProfitMargin" : 22.02,
    "grossProfit" : 1202.94,
    "operatingProfitMargin" : 8.40,
    "operatingProfit" : 458.89,
    "netProfitMargin" : 4.65,
    "netProfit" : 254.03
  },
  "companyScore" : {
    "priceHigherThanDma50" : 0.00,
    "priceHigherThanDma100" : 0.00,
    "priceHigherThanDma200" : 5.00,
    "dma50HigherThanDma100" : 5.00,
    "dma50HigherThanDma200" : 5.00,
    "dma100HigherThanDma200" : 5.00,
    "pricePercentageAboveDma50" : 5.13,
    "pricePercentageAboveDma100" : 5.04,
    "pricePercentageAboveDma200" : 4.89,
    "weeklyVolumeHigherThanYearlyVolume" : 0.00,
    "salesGrowthPercentile" : 12.41,
    "operatingProfitMarginPercentile" : 16.94,
    "netProfitMarginPercentile" : 8.72,
    "totalTechnicalScore" : 35.07,
    "totalFundamentalScore" : 38.06,
    "totalScore" : 73.13
  }
}