{
  "metadata" : {
    "screenerCompanyId" : "212",
    "companyCode" : "APCOTEXIND",
    "companyName" : "Apcotex Industri",
    "screenerCompanyLink" : "https://www.screener.in/company/APCOTEXIND/",
    "screenerTechnicalHistoryLink" : "https://www.screener.in/api/company/212/chart/?q=Price-DMA50-DMA200-Volume&days=365",
    "screenerQuarterlyResultsLink" : "https://www.screener.in/api/company/212/chart/?q=GPM-OPM-NPM-Quarter+Sales&days=10000",
    "attributes" : {
      "companyCode" : "APCOTEXIND",
      "companyName" : "Apcotex Industri",
      "marketCap" : 1932.00,
      "peRatio" : 28.10,
      "description" : "Apcotex Industries Ltd is a leading producer of Synthetic Rubber (Nitrile Rubber, High Styrene Rubber, Nitrile Polyblends and Nitrile Powder) and Synthetic Latex (XSB Latex, VP Latex, Styrene Acrylics, and Nitrile Latex) in India.[1]"
    },
    "companyScore" : {
      "priceHigherThanDma50" : 0.00,
      "priceHigherThanDma100" : 0.00,
      "priceHigherThanDma200" : 0.00,
      "dma50HigherThanDma100" : 0.00,
      "dma50HigherThanDma200" : 5.00,
      "dma100HigherThanDma200" : 5.00,
      "pricePercentageAboveDma50" : 5.19,
      "pricePercentageAboveDma100" : 5.25,
      "pricePercentageAboveDma200" : 5.16,
      "weeklyVolumeHigherThanYearlyVolume" : 0.00,
      "salesGrowthPercentile" : 4.56,
      "operatingProfitMarginPercentile" : 16.22,
      "netProfitMarginPercentile" : 7.35,
      "totalTechnicalScore" : 25.59,
      "totalFundamentalScore" : 28.12,
      "totalScore" : 53.72
    }
  },
  "attributes" : {
    "companyCode" : "APCOTEXIND",
    "companyName" : "Apcotex Industri",
    "marketCap" : 1932.00,
    "peRatio" : 28.10,
    "description" : "Apcotex Industries Ltd is a leading producer of Synthetic Rubber (Nitrile Rubber, High Styrene Rubber, Nitrile Polyblends and Nitrile Powder) and Synthetic Latex (XSB Latex, VP Latex, Styrene Acrylics, and Nitrile Latex) in India.[1]"
  },
  "technicalHistory" : [ {
    "date" : "2024-12-16",
    "price" : 379.65,
    "dma50" : 394.93,
    "dma100" : null,
    "dma200" : 428.63,
    "volume" : 29680.00
  }, {
    "date" : "2024-12-17",
    "price" : 379.45,
    "dma50" : 394.32,
    "dma100" : null,
    "dma200" : 428.14,
    "volume" : 22160.00
  }, {
    "date" : "2024-12-18",
    "price" : 408.75,
    "dma50" : 394.89,
    "dma100" : null,
    "dma200" : 427.95,
    "volume" : 322764.00
  }, {
    "date" : "2024-12-19",
    "price" : 393.75,
    "dma50" : 394.84,
    "dma100" : null,
    "dma200" : 427.61,
    "volume" : 79741.00
  }, {
    "date" : "2024-12-20",
    "price" : 380.20,
    "dma50" : 394.27,
    "dma100" : null,
    "dma200" : 427.13,
    "volume" : 40185.00
  }, {
    "date" : "2024-12-23",
    "price" : 391.60,
    "dma50" : 394.17,
    "dma100" : null,
    "dma200" : 426.78,
    "volume" : 35800.00
  }, {
    "date" : "2024-12-24",
    "price" : 375.40,
    "dma50" : 393.43,
    "dma100" : null,
    "dma200" : 426.27,
    "volume" : 83708.00
  }, {
    "date" : "2024-12-26",
    "price" : 372.55,
    "dma50" : 392.61,
    "dma100" : null,
    "dma200" : 425.74,
    "volume" : 22408.00
  }, {
    "date" : "2024-12-27",
    "price" : 372.05,
    "dma50" : 391.80,
    "dma100" : null,
    "dma200" : 425.20,
    "volume" : 18967.00
  }, {
    "date" : "2024-12-30",
    "price" : 370.25,
    "dma50" : 390.96,
    "dma100" : null,
    "dma200" : 424.65,
    "volume" : 46128.00
  }, {
    "date" : "2024-12-31",
    "price" : 373.75,
    "dma50" : 390.28,
    "dma100" : null,
    "dma200" : 424.15,
    "volume" : 37501.00
  }, {
    "date" : "2025-01-01",
    "price" : 372.50,
    "dma50" : 389.59,
    "dma100" : null,
    "dma200" : 423.63,
    "volume" : 14875.00
  }, {
    "date" : "2025-01-02",
    "price" : 380.85,
    "dma50" : 389.24,
    "dma100" : null,
    "dma200" : 423.21,
    "volume" : 23960.00
  }, {
    "date" : "2025-01-03",
    "price" : 380.30,
    "dma50" : 388.89,
    "dma100" : null,
    "dma200" : 422.78,
    "volume" : 11194.00
  }, {
    "date" : "2025-01-06",
    "price" : 365.90,
    "dma50" : 387.99,
    "dma100" : null,
    "dma200" : 422.22,
    "volume" : 32355.00
  }, {
    "date" : "2025-01-07",
    "price" : 369.20,
    "dma50" : 387.25,
    "dma100" : null,
    "dma200" : 421.69,
    "volume" : 11770.00
  }, {
    "date" : "2025-01-08",
    "price" : 367.70,
    "dma50" : 386.49,
    "dma100" : null,
    "dma200" : 421.15,
    "volume" : 11428.00
  }, {
    "date" : "2025-01-09",
    "price" : 377.05,
    "dma50" : 386.12,
    "dma100" : null,
    "dma200" : 420.71,
    "volume" : 34481.00
  }, {
    "date" : "2025-01-10",
    "price" : 366.50,
    "dma50" : 385.35,
    "dma100" : null,
    "dma200" : 420.17,
    "volume" : 35898.00
  }, {
    "date" : "2025-01-13",
    "price" : 363.25,
    "dma50" : 384.48,
    "dma100" : null,
    "dma200" : 419.61,
    "volume" : 32918.00
  }, {
    "date" : "2025-01-14",
    "price" : 363.20,
    "dma50" : 383.65,
    "dma100" : null,
    "dma200" : 419.04,
    "volume" : 12849.00
  }, {
    "date" : "2025-01-15",
    "price" : 361.80,
    "dma50" : 382.79,
    "dma100" : null,
    "dma200" : 418.48,
    "volume" : 20140.00
  }, {
    "date" : "2025-01-16",
    "price" : 364.45,
    "dma50" : 382.07,
    "dma100" : null,
    "dma200" : 417.94,
    "volume" : 10720.00
  }, {
    "date" : "2025-01-17",
    "price" : 363.20,
    "dma50" : 381.33,
    "dma100" : null,
    "dma200" : 417.39,
    "volume" : 9628.00
  }, {
    "date" : "2025-01-20",
    "price" : 360.70,
    "dma50" : 380.52,
    "dma100" : null,
    "dma200" : 416.83,
    "volume" : 19868.00
  }, {
    "date" : "2025-01-21",
    "price" : 353.20,
    "dma50" : 379.45,
    "dma100" : null,
    "dma200" : 416.20,
    "volume" : 26935.00
  }, {
    "date" : "2025-01-22",
    "price" : 361.05,
    "dma50" : 378.73,
    "dma100" : null,
    "dma200" : 415.65,
    "volume" : 27999.00
  }, {
    "date" : "2025-01-23",
    "price" : 355.20,
    "dma50" : 377.81,
    "dma100" : null,
    "dma200" : 415.05,
    "volume" : 18006.00
  }, {
    "date" : "2025-01-24",
    "price" : 354.95,
    "dma50" : 376.91,
    "dma100" : null,
    "dma200" : 414.45,
    "volume" : 25561.00
  }, {
    "date" : "2025-01-27",
    "price" : 350.40,
    "dma50" : 375.87,
    "dma100" : null,
    "dma200" : 413.81,
    "volume" : 26415.00
  }, {
    "date" : "2025-01-28",
    "price" : 344.15,
    "dma50" : 374.63,
    "dma100" : null,
    "dma200" : 413.12,
    "volume" : 63370.00
  }, {
    "date" : "2025-01-29",
    "price" : 341.15,
    "dma50" : 373.31,
    "dma100" : null,
    "dma200" : 412.40,
    "volume" : 25034.00
  }, {
    "date" : "2025-01-30",
    "price" : 338.35,
    "dma50" : 371.94,
    "dma100" : null,
    "dma200" : 411.66,
    "volume" : 47473.00
  }, {
    "date" : "2025-01-31",
    "price" : 342.15,
    "dma50" : 370.77,
    "dma100" : null,
    "dma200" : 410.97,
    "volume" : 28201.00
  }, {
    "date" : "2025-02-01",
    "price" : 360.00,
    "dma50" : 370.35,
    "dma100" : null,
    "dma200" : 410.47,
    "volume" : 40195.00
  }, {
    "date" : "2025-02-03",
    "price" : 350.40,
    "dma50" : 369.57,
    "dma100" : null,
    "dma200" : 409.87,
    "volume" : 27515.00
  }, {
    "date" : "2025-02-04",
    "price" : 347.85,
    "dma50" : 368.72,
    "dma100" : null,
    "dma200" : 409.25,
    "volume" : 16930.00
  }, {
    "date" : "2025-02-05",
    "price" : 356.75,
    "dma50" : 368.25,
    "dma100" : null,
    "dma200" : 408.73,
    "volume" : 60958.00
  }, {
    "date" : "2025-02-06",
    "price" : 354.50,
    "dma50" : 367.71,
    "dma100" : null,
    "dma200" : 408.19,
    "volume" : 19334.00
  }, {
    "date" : "2025-02-07",
    "price" : 345.30,
    "dma50" : 366.83,
    "dma100" : null,
    "dma200" : 407.56,
    "volume" : 17605.00
  }, {
    "date" : "2025-02-10",
    "price" : 338.55,
    "dma50" : 365.72,
    "dma100" : null,
    "dma200" : 406.88,
    "volume" : 19893.00
  }, {
    "date" : "2025-02-11",
    "price" : 331.70,
    "dma50" : 364.39,
    "dma100" : null,
    "dma200" : 406.13,
    "volume" : 19639.00
  }, {
    "date" : "2025-02-12",
    "price" : 344.30,
    "dma50" : 363.60,
    "dma100" : null,
    "dma200" : 405.51,
    "volume" : 36242.00
  }, {
    "date" : "2025-02-13",
    "price" : 345.45,
    "dma50" : 362.89,
    "dma100" : null,
    "dma200" : 404.92,
    "volume" : 11482.00
  }, {
    "date" : "2025-02-14",
    "price" : 330.85,
    "dma50" : 361.63,
    "dma100" : null,
    "dma200" : 404.18,
    "volume" : 14292.00
  }, {
    "date" : "2025-02-17",
    "price" : 334.55,
    "dma50" : 360.57,
    "dma100" : null,
    "dma200" : 403.49,
    "volume" : 22597.00
  }, {
    "date" : "2025-02-18",
    "price" : 319.85,
    "dma50" : 358.97,
    "dma100" : null,
    "dma200" : 402.65,
    "volume" : 20203.00
  }, {
    "date" : "2025-02-19",
    "price" : 320.10,
    "dma50" : 357.45,
    "dma100" : null,
    "dma200" : 401.83,
    "volume" : 15858.00
  }, {
    "date" : "2025-02-20",
    "price" : 329.80,
    "dma50" : 356.36,
    "dma100" : null,
    "dma200" : 401.12,
    "volume" : 37751.00
  }, {
    "date" : "2025-02-21",
    "price" : 326.05,
    "dma50" : 355.17,
    "dma100" : null,
    "dma200" : 400.37,
    "volume" : 14798.00
  }, {
    "date" : "2025-02-24",
    "price" : 320.85,
    "dma50" : 353.83,
    "dma100" : null,
    "dma200" : 399.58,
    "volume" : 21770.00
  }, {
    "date" : "2025-02-25",
    "price" : 322.40,
    "dma50" : 352.60,
    "dma100" : null,
    "dma200" : 398.81,
    "volume" : 28982.00
  }, {
    "date" : "2025-02-27",
    "price" : 329.30,
    "dma50" : 351.68,
    "dma100" : null,
    "dma200" : 398.12,
    "volume" : 25557.00
  }, {
    "date" : "2025-02-28",
    "price" : 328.70,
    "dma50" : 350.78,
    "dma100" : null,
    "dma200" : 397.43,
    "volume" : 47623.00
  }, {
    "date" : "2025-03-03",
    "price" : 320.75,
    "dma50" : 349.60,
    "dma100" : null,
    "dma200" : 396.66,
    "volume" : 59635.00
  }, {
    "date" : "2025-03-04",
    "price" : 308.70,
    "dma50" : 348.00,
    "dma100" : null,
    "dma200" : 395.79,
    "volume" : 49657.00
  }, {
    "date" : "2025-03-05",
    "price" : 310.25,
    "dma50" : 346.52,
    "dma100" : null,
    "dma200" : 394.94,
    "volume" : 49585.00
  }, {
    "date" : "2025-03-06",
    "price" : 313.80,
    "dma50" : 345.24,
    "dma100" : null,
    "dma200" : 394.13,
    "volume" : 63365.00
  }, {
    "date" : "2025-03-07",
    "price" : 319.80,
    "dma50" : 344.24,
    "dma100" : null,
    "dma200" : 393.39,
    "volume" : 40206.00
  }, {
    "date" : "2025-03-10",
    "price" : 312.95,
    "dma50" : 343.01,
    "dma100" : null,
    "dma200" : 392.59,
    "volume" : 170523.00
  }, {
    "date" : "2025-03-11",
    "price" : 311.45,
    "dma50" : 341.77,
    "dma100" : null,
    "dma200" : 391.78,
    "volume" : 168552.00
  }, {
    "date" : "2025-03-12",
    "price" : 309.55,
    "dma50" : 340.51,
    "dma100" : null,
    "dma200" : 390.96,
    "volume" : 217653.00
  }, {
    "date" : "2025-03-13",
    "price" : 298.65,
    "dma50" : 338.87,
    "dma100" : null,
    "dma200" : 390.05,
    "volume" : 68449.00
  }, {
    "date" : "2025-03-17",
    "price" : 288.90,
    "dma50" : 336.91,
    "dma100" : null,
    "dma200" : 389.04,
    "volume" : 334603.00
  }, {
    "date" : "2025-03-18",
    "price" : 297.60,
    "dma50" : 335.37,
    "dma100" : null,
    "dma200" : 388.13,
    "volume" : 71381.00
  }, {
    "date" : "2025-03-19",
    "price" : 317.15,
    "dma50" : 334.65,
    "dma100" : null,
    "dma200" : 387.42,
    "volume" : 106578.00
  }, {
    "date" : "2025-03-20",
    "price" : 321.35,
    "dma50" : 334.13,
    "dma100" : null,
    "dma200" : 386.77,
    "volume" : 55196.00
  }, {
    "date" : "2025-03-21",
    "price" : 318.45,
    "dma50" : 333.52,
    "dma100" : null,
    "dma200" : 386.09,
    "volume" : 58551.00
  }, {
    "date" : "2025-03-24",
    "price" : 321.10,
    "dma50" : 333.03,
    "dma100" : null,
    "dma200" : 385.44,
    "volume" : 73513.00
  }, {
    "date" : "2025-03-25",
    "price" : 324.10,
    "dma50" : 332.68,
    "dma100" : null,
    "dma200" : 384.83,
    "volume" : 80201.00
  }, {
    "date" : "2025-03-26",
    "price" : 313.25,
    "dma50" : 331.92,
    "dma100" : null,
    "dma200" : 384.12,
    "volume" : 227598.00
  }, {
    "date" : "2025-03-27",
    "price" : 321.20,
    "dma50" : 331.50,
    "dma100" : null,
    "dma200" : 383.49,
    "volume" : 145111.00
  }, {
    "date" : "2025-03-28",
    "price" : 333.75,
    "dma50" : 331.59,
    "dma100" : null,
    "dma200" : 383.00,
    "volume" : 119542.00
  }, {
    "date" : "2025-04-01",
    "price" : 323.20,
    "dma50" : 331.26,
    "dma100" : null,
    "dma200" : 382.40,
    "volume" : 36357.00
  }, {
    "date" : "2025-04-02",
    "price" : 327.95,
    "dma50" : 331.13,
    "dma100" : null,
    "dma200" : 381.86,
    "volume" : 27125.00
  }, {
    "date" : "2025-04-03",
    "price" : 329.85,
    "dma50" : 331.08,
    "dma100" : null,
    "dma200" : 381.34,
    "volume" : 24065.00
  }, {
    "date" : "2025-04-04",
    "price" : 333.75,
    "dma50" : 331.18,
    "dma100" : null,
    "dma200" : 380.87,
    "volume" : 45651.00
  }, {
    "date" : "2025-04-07",
    "price" : 327.75,
    "dma50" : 331.05,
    "dma100" : null,
    "dma200" : 380.34,
    "volume" : 46344.00
  }, {
    "date" : "2025-04-08",
    "price" : 329.30,
    "dma50" : 330.98,
    "dma100" : null,
    "dma200" : 379.83,
    "volume" : 20896.00
  }, {
    "date" : "2025-04-09",
    "price" : 328.35,
    "dma50" : 330.88,
    "dma100" : null,
    "dma200" : 379.32,
    "volume" : 11227.00
  }, {
    "date" : "2025-04-11",
    "price" : 331.65,
    "dma50" : 330.91,
    "dma100" : null,
    "dma200" : 378.85,
    "volume" : 25133.00
  }, {
    "date" : "2025-04-15",
    "price" : 328.00,
    "dma50" : 330.79,
    "dma100" : null,
    "dma200" : 378.34,
    "volume" : 20884.00
  }, {
    "date" : "2025-04-16",
    "price" : 329.40,
    "dma50" : 330.74,
    "dma100" : null,
    "dma200" : 377.85,
    "volume" : 25117.00
  }, {
    "date" : "2025-04-17",
    "price" : 331.10,
    "dma50" : 330.75,
    "dma100" : null,
    "dma200" : 377.39,
    "volume" : 18859.00
  }, {
    "date" : "2025-04-21",
    "price" : 330.00,
    "dma50" : 330.72,
    "dma100" : null,
    "dma200" : 376.92,
    "volume" : 31887.00
  }, {
    "date" : "2025-04-22",
    "price" : 330.65,
    "dma50" : 330.72,
    "dma100" : null,
    "dma200" : 376.46,
    "volume" : 59738.00
  }, {
    "date" : "2025-04-23",
    "price" : 329.75,
    "dma50" : 330.68,
    "dma100" : null,
    "dma200" : 375.99,
    "volume" : 20251.00
  }, {
    "date" : "2025-04-24",
    "price" : 324.35,
    "dma50" : 330.43,
    "dma100" : null,
    "dma200" : 375.48,
    "volume" : 40759.00
  }, {
    "date" : "2025-04-25",
    "price" : 314.20,
    "dma50" : 329.80,
    "dma100" : null,
    "dma200" : 374.87,
    "volume" : 21859.00
  }, {
    "date" : "2025-04-28",
    "price" : 312.50,
    "dma50" : 329.12,
    "dma100" : null,
    "dma200" : 374.25,
    "volume" : 15870.00
  }, {
    "date" : "2025-04-29",
    "price" : 310.35,
    "dma50" : 328.38,
    "dma100" : null,
    "dma200" : 373.61,
    "volume" : 12235.00
  }, {
    "date" : "2025-04-30",
    "price" : 306.45,
    "dma50" : 327.52,
    "dma100" : null,
    "dma200" : 372.94,
    "volume" : 13179.00
  }, {
    "date" : "2025-05-02",
    "price" : 309.30,
    "dma50" : 326.81,
    "dma100" : null,
    "dma200" : 372.31,
    "volume" : 14449.00
  }, {
    "date" : "2025-05-05",
    "price" : 312.25,
    "dma50" : 326.24,
    "dma100" : null,
    "dma200" : 371.71,
    "volume" : 15121.00
  }, {
    "date" : "2025-05-06",
    "price" : 305.35,
    "dma50" : 325.42,
    "dma100" : null,
    "dma200" : 371.05,
    "volume" : 17293.00
  }, {
    "date" : "2025-05-07",
    "price" : 331.15,
    "dma50" : 325.64,
    "dma100" : null,
    "dma200" : 370.65,
    "volume" : 290379.00
  }, {
    "date" : "2025-05-08",
    "price" : 328.15,
    "dma50" : 325.74,
    "dma100" : null,
    "dma200" : 370.23,
    "volume" : 46239.00
  }, {
    "date" : "2025-05-09",
    "price" : 327.70,
    "dma50" : 325.82,
    "dma100" : null,
    "dma200" : 369.81,
    "volume" : 20554.00
  }, {
    "date" : "2025-05-12",
    "price" : 333.55,
    "dma50" : 326.12,
    "dma100" : null,
    "dma200" : 369.45,
    "volume" : 44839.00
  }, {
    "date" : "2025-05-13",
    "price" : 330.85,
    "dma50" : 326.31,
    "dma100" : null,
    "dma200" : 369.06,
    "volume" : 33566.00
  }, {
    "date" : "2025-05-14",
    "price" : 336.25,
    "dma50" : 326.70,
    "dma100" : 339.08,
    "dma200" : 368.74,
    "volume" : 27104.00
  }, {
    "date" : "2025-05-15",
    "price" : 342.75,
    "dma50" : 327.33,
    "dma100" : 338.71,
    "dma200" : 368.48,
    "volume" : 22054.00
  }, {
    "date" : "2025-05-16",
    "price" : 340.60,
    "dma50" : 327.85,
    "dma100" : 338.03,
    "dma200" : 368.20,
    "volume" : 34440.00
  }, {
    "date" : "2025-05-19",
    "price" : 342.70,
    "dma50" : 328.43,
    "dma100" : 337.52,
    "dma200" : 367.95,
    "volume" : 30918.00
  }, {
    "date" : "2025-05-20",
    "price" : 344.35,
    "dma50" : 329.05,
    "dma100" : 337.16,
    "dma200" : 367.71,
    "volume" : 26580.00
  }, {
    "date" : "2025-05-21",
    "price" : 347.65,
    "dma50" : 329.78,
    "dma100" : 336.72,
    "dma200" : 367.51,
    "volume" : 28720.00
  }, {
    "date" : "2025-05-22",
    "price" : 353.45,
    "dma50" : 330.71,
    "dma100" : 336.50,
    "dma200" : 367.37,
    "volume" : 46703.00
  }, {
    "date" : "2025-05-23",
    "price" : 351.05,
    "dma50" : 331.51,
    "dma100" : 336.29,
    "dma200" : 367.21,
    "volume" : 26327.00
  }, {
    "date" : "2025-05-26",
    "price" : 358.05,
    "dma50" : 332.55,
    "dma100" : 336.15,
    "dma200" : 367.12,
    "volume" : 24269.00
  }, {
    "date" : "2025-05-27",
    "price" : 359.40,
    "dma50" : 333.60,
    "dma100" : 336.04,
    "dma200" : 367.04,
    "volume" : 21072.00
  }, {
    "date" : "2025-05-28",
    "price" : 353.95,
    "dma50" : 334.40,
    "dma100" : 335.84,
    "dma200" : 366.91,
    "volume" : 15544.00
  }, {
    "date" : "2025-05-29",
    "price" : 373.30,
    "dma50" : 335.93,
    "dma100" : 335.85,
    "dma200" : 366.98,
    "volume" : 53053.00
  }, {
    "date" : "2025-05-30",
    "price" : 365.95,
    "dma50" : 337.10,
    "dma100" : 335.70,
    "dma200" : 366.97,
    "volume" : 21352.00
  }, {
    "date" : "2025-06-02",
    "price" : 378.70,
    "dma50" : 338.73,
    "dma100" : 335.69,
    "dma200" : 367.08,
    "volume" : 58888.00
  }, {
    "date" : "2025-06-03",
    "price" : 380.85,
    "dma50" : 340.39,
    "dma100" : 335.83,
    "dma200" : 367.22,
    "volume" : 53862.00
  }, {
    "date" : "2025-06-04",
    "price" : 386.95,
    "dma50" : 342.21,
    "dma100" : 336.01,
    "dma200" : 367.42,
    "volume" : 28002.00
  }, {
    "date" : "2025-06-05",
    "price" : 383.65,
    "dma50" : 343.84,
    "dma100" : 336.17,
    "dma200" : 367.58,
    "volume" : 24420.00
  }, {
    "date" : "2025-06-06",
    "price" : 375.10,
    "dma50" : 345.06,
    "dma100" : 336.15,
    "dma200" : 367.65,
    "volume" : 21036.00
  }, {
    "date" : "2025-06-09",
    "price" : 384.15,
    "dma50" : 346.60,
    "dma100" : 336.33,
    "dma200" : 367.82,
    "volume" : 44167.00
  }, {
    "date" : "2025-06-10",
    "price" : 389.60,
    "dma50" : 348.28,
    "dma100" : 336.59,
    "dma200" : 368.03,
    "volume" : 35986.00
  }, {
    "date" : "2025-06-11",
    "price" : 382.75,
    "dma50" : 349.63,
    "dma100" : 336.79,
    "dma200" : 368.18,
    "volume" : 40009.00
  }, {
    "date" : "2025-06-12",
    "price" : 387.20,
    "dma50" : 351.11,
    "dma100" : 337.04,
    "dma200" : 368.37,
    "volume" : 49343.00
  }, {
    "date" : "2025-06-13",
    "price" : 383.40,
    "dma50" : 352.37,
    "dma100" : 337.23,
    "dma200" : 368.52,
    "volume" : 41363.00
  }, {
    "date" : "2025-06-16",
    "price" : 380.75,
    "dma50" : 353.49,
    "dma100" : 337.41,
    "dma200" : 368.64,
    "volume" : 19905.00
  }, {
    "date" : "2025-06-17",
    "price" : 381.70,
    "dma50" : 354.59,
    "dma100" : 337.62,
    "dma200" : 368.77,
    "volume" : 15377.00
  }, {
    "date" : "2025-06-18",
    "price" : 386.20,
    "dma50" : 355.83,
    "dma100" : 337.95,
    "dma200" : 368.94,
    "volume" : 45760.00
  }, {
    "date" : "2025-06-19",
    "price" : 383.70,
    "dma50" : 356.92,
    "dma100" : 338.17,
    "dma200" : 369.09,
    "volume" : 61824.00
  }, {
    "date" : "2025-06-20",
    "price" : 387.85,
    "dma50" : 358.14,
    "dma100" : 338.50,
    "dma200" : 369.28,
    "volume" : 25078.00
  }, {
    "date" : "2025-06-23",
    "price" : 385.80,
    "dma50" : 359.22,
    "dma100" : 338.81,
    "dma200" : 369.44,
    "volume" : 41738.00
  }, {
    "date" : "2025-06-24",
    "price" : 388.55,
    "dma50" : 360.37,
    "dma100" : 339.19,
    "dma200" : 369.63,
    "volume" : 20557.00
  }, {
    "date" : "2025-06-25",
    "price" : 390.60,
    "dma50" : 361.56,
    "dma100" : 339.65,
    "dma200" : 369.84,
    "volume" : 30227.00
  }, {
    "date" : "2025-06-26",
    "price" : 393.55,
    "dma50" : 362.81,
    "dma100" : 340.18,
    "dma200" : 370.08,
    "volume" : 39228.00
  }, {
    "date" : "2025-06-27",
    "price" : 393.55,
    "dma50" : 364.02,
    "dma100" : 340.73,
    "dma200" : 370.31,
    "volume" : 42874.00
  }, {
    "date" : "2025-06-30",
    "price" : 399.55,
    "dma50" : 365.41,
    "dma100" : 341.30,
    "dma200" : 370.60,
    "volume" : 37289.00
  }, {
    "date" : "2025-07-01",
    "price" : 396.80,
    "dma50" : 366.64,
    "dma100" : 341.67,
    "dma200" : 370.86,
    "volume" : 21176.00
  }, {
    "date" : "2025-07-02",
    "price" : 395.05,
    "dma50" : 367.76,
    "dma100" : 342.12,
    "dma200" : 371.10,
    "volume" : 26225.00
  }, {
    "date" : "2025-07-03",
    "price" : 396.00,
    "dma50" : 368.86,
    "dma100" : 342.60,
    "dma200" : 371.35,
    "volume" : 15168.00
  }, {
    "date" : "2025-07-04",
    "price" : 399.45,
    "dma50" : 370.06,
    "dma100" : 343.03,
    "dma200" : 371.63,
    "volume" : 39988.00
  }, {
    "date" : "2025-07-07",
    "price" : 399.30,
    "dma50" : 371.21,
    "dma100" : 343.48,
    "dma200" : 371.90,
    "volume" : 12418.00
  }, {
    "date" : "2025-07-08",
    "price" : 401.20,
    "dma50" : 372.39,
    "dma100" : 344.03,
    "dma200" : 372.20,
    "volume" : 53447.00
  }, {
    "date" : "2025-07-09",
    "price" : 400.90,
    "dma50" : 373.50,
    "dma100" : 344.66,
    "dma200" : 372.48,
    "volume" : 15485.00
  }, {
    "date" : "2025-07-10",
    "price" : 397.55,
    "dma50" : 374.45,
    "dma100" : 345.32,
    "dma200" : 372.73,
    "volume" : 13730.00
  }, {
    "date" : "2025-07-11",
    "price" : 400.35,
    "dma50" : 375.46,
    "dma100" : 345.88,
    "dma200" : 373.01,
    "volume" : 17619.00
  }, {
    "date" : "2025-07-14",
    "price" : 403.95,
    "dma50" : 376.58,
    "dma100" : 346.46,
    "dma200" : 373.31,
    "volume" : 41841.00
  }, {
    "date" : "2025-07-15",
    "price" : 406.05,
    "dma50" : 377.74,
    "dma100" : 347.21,
    "dma200" : 373.64,
    "volume" : 48109.00
  }, {
    "date" : "2025-07-16",
    "price" : 399.25,
    "dma50" : 378.58,
    "dma100" : 347.86,
    "dma200" : 373.89,
    "volume" : 37550.00
  }, {
    "date" : "2025-07-17",
    "price" : 393.60,
    "dma50" : 379.17,
    "dma100" : 348.60,
    "dma200" : 374.09,
    "volume" : 62099.00
  }, {
    "date" : "2025-07-18",
    "price" : 393.45,
    "dma50" : 379.73,
    "dma100" : 349.33,
    "dma200" : 374.28,
    "volume" : 20847.00
  }, {
    "date" : "2025-07-21",
    "price" : 393.95,
    "dma50" : 380.29,
    "dma100" : 349.97,
    "dma200" : 374.48,
    "volume" : 17663.00
  }, {
    "date" : "2025-07-22",
    "price" : 394.20,
    "dma50" : 380.83,
    "dma100" : 350.65,
    "dma200" : 374.67,
    "volume" : 17206.00
  }, {
    "date" : "2025-07-23",
    "price" : 396.85,
    "dma50" : 381.46,
    "dma100" : 351.41,
    "dma200" : 374.90,
    "volume" : 12423.00
  }, {
    "date" : "2025-07-24",
    "price" : 399.60,
    "dma50" : 382.17,
    "dma100" : 352.19,
    "dma200" : 375.14,
    "volume" : 12019.00
  }, {
    "date" : "2025-07-25",
    "price" : 395.80,
    "dma50" : 382.71,
    "dma100" : 352.85,
    "dma200" : 375.35,
    "volume" : 12869.00
  }, {
    "date" : "2025-07-28",
    "price" : 396.55,
    "dma50" : 383.25,
    "dma100" : 353.53,
    "dma200" : 375.56,
    "volume" : 27103.00
  }, {
    "date" : "2025-07-29",
    "price" : 418.75,
    "dma50" : 384.64,
    "dma100" : 354.51,
    "dma200" : 375.99,
    "volume" : 129932.00
  }, {
    "date" : "2025-07-30",
    "price" : 427.65,
    "dma50" : 386.33,
    "dma100" : 355.70,
    "dma200" : 376.50,
    "volume" : 217829.00
  }, {
    "date" : "2025-07-31",
    "price" : 427.50,
    "dma50" : 387.94,
    "dma100" : 356.87,
    "dma200" : 377.01,
    "volume" : 151555.00
  }, {
    "date" : "2025-08-01",
    "price" : 424.25,
    "dma50" : 389.37,
    "dma100" : 357.98,
    "dma200" : 377.48,
    "volume" : 76195.00
  }, {
    "date" : "2025-08-04",
    "price" : 426.15,
    "dma50" : 390.81,
    "dma100" : 359.04,
    "dma200" : 377.96,
    "volume" : 24994.00
  }, {
    "date" : "2025-08-05",
    "price" : 422.15,
    "dma50" : 392.04,
    "dma100" : 360.13,
    "dma200" : 378.40,
    "volume" : 36175.00
  }, {
    "date" : "2025-08-06",
    "price" : 408.15,
    "dma50" : 392.67,
    "dma100" : 361.10,
    "dma200" : 378.70,
    "volume" : 19020.00
  }, {
    "date" : "2025-08-07",
    "price" : 400.95,
    "dma50" : 392.99,
    "dma100" : 362.01,
    "dma200" : 378.92,
    "volume" : 17021.00
  }, {
    "date" : "2025-08-08",
    "price" : 406.60,
    "dma50" : 393.53,
    "dma100" : 363.09,
    "dma200" : 379.20,
    "volume" : 13795.00
  }, {
    "date" : "2025-08-11",
    "price" : 404.25,
    "dma50" : 393.95,
    "dma100" : 364.25,
    "dma200" : 379.45,
    "volume" : 21166.00
  }, {
    "date" : "2025-08-12",
    "price" : 408.25,
    "dma50" : 394.51,
    "dma100" : 365.35,
    "dma200" : 379.73,
    "volume" : 29568.00
  }, {
    "date" : "2025-08-13",
    "price" : 406.45,
    "dma50" : 394.98,
    "dma100" : 366.25,
    "dma200" : 380.00,
    "volume" : 28178.00
  }, {
    "date" : "2025-08-14",
    "price" : 405.35,
    "dma50" : 395.38,
    "dma100" : 367.09,
    "dma200" : 380.25,
    "volume" : 10475.00
  }, {
    "date" : "2025-08-18",
    "price" : 411.90,
    "dma50" : 396.03,
    "dma100" : 368.02,
    "dma200" : 380.56,
    "volume" : 21722.00
  }, {
    "date" : "2025-08-19",
    "price" : 403.45,
    "dma50" : 396.32,
    "dma100" : 368.84,
    "dma200" : 380.79,
    "volume" : 9644.00
  }, {
    "date" : "2025-08-20",
    "price" : 397.50,
    "dma50" : 396.37,
    "dma100" : 369.58,
    "dma200" : 380.96,
    "volume" : 36865.00
  }, {
    "date" : "2025-08-21",
    "price" : 400.00,
    "dma50" : 396.51,
    "dma100" : 370.45,
    "dma200" : 381.15,
    "volume" : 12468.00
  }, {
    "date" : "2025-08-22",
    "price" : 393.70,
    "dma50" : 396.40,
    "dma100" : 371.17,
    "dma200" : 381.27,
    "volume" : 17406.00
  }, {
    "date" : "2025-08-25",
    "price" : 388.05,
    "dma50" : 396.07,
    "dma100" : 371.71,
    "dma200" : 381.34,
    "volume" : 35903.00
  }, {
    "date" : "2025-08-26",
    "price" : 386.20,
    "dma50" : 395.69,
    "dma100" : 372.34,
    "dma200" : 381.39,
    "volume" : 22369.00
  }, {
    "date" : "2025-08-28",
    "price" : 382.15,
    "dma50" : 395.16,
    "dma100" : 372.89,
    "dma200" : 381.40,
    "volume" : 9368.00
  }, {
    "date" : "2025-08-29",
    "price" : 388.30,
    "dma50" : 394.89,
    "dma100" : 373.47,
    "dma200" : 381.47,
    "volume" : 8642.00
  }, {
    "date" : "2025-09-01",
    "price" : 396.95,
    "dma50" : 394.97,
    "dma100" : 374.10,
    "dma200" : 381.62,
    "volume" : 23292.00
  }, {
    "date" : "2025-09-02",
    "price" : 398.65,
    "dma50" : 395.11,
    "dma100" : 374.81,
    "dma200" : 381.79,
    "volume" : 12187.00
  }, {
    "date" : "2025-09-03",
    "price" : 407.50,
    "dma50" : 395.60,
    "dma100" : 375.59,
    "dma200" : 382.04,
    "volume" : 14700.00
  }, {
    "date" : "2025-09-04",
    "price" : 402.00,
    "dma50" : 395.85,
    "dma100" : 376.33,
    "dma200" : 382.24,
    "volume" : 7736.00
  }, {
    "date" : "2025-09-05",
    "price" : 399.90,
    "dma50" : 396.01,
    "dma100" : 377.01,
    "dma200" : 382.42,
    "volume" : 49754.00
  }, {
    "date" : "2025-09-08",
    "price" : 406.90,
    "dma50" : 396.43,
    "dma100" : 377.80,
    "dma200" : 382.66,
    "volume" : 10878.00
  }, {
    "date" : "2025-09-09",
    "price" : 403.80,
    "dma50" : 396.72,
    "dma100" : 378.55,
    "dma200" : 382.87,
    "volume" : 17014.00
  }, {
    "date" : "2025-09-10",
    "price" : 409.35,
    "dma50" : 397.22,
    "dma100" : 379.33,
    "dma200" : 383.14,
    "volume" : 15232.00
  }, {
    "date" : "2025-09-11",
    "price" : 415.75,
    "dma50" : 397.95,
    "dma100" : 380.19,
    "dma200" : 383.46,
    "volume" : 49857.00
  }, {
    "date" : "2025-09-12",
    "price" : 417.60,
    "dma50" : 398.72,
    "dma100" : 381.05,
    "dma200" : 383.80,
    "volume" : 29303.00
  }, {
    "date" : "2025-09-15",
    "price" : 405.00,
    "dma50" : 398.96,
    "dma100" : 381.81,
    "dma200" : 384.01,
    "volume" : 277588.00
  }, {
    "date" : "2025-09-16",
    "price" : 401.55,
    "dma50" : 399.06,
    "dma100" : 382.58,
    "dma200" : 384.19,
    "volume" : 166910.00
  }, {
    "date" : "2025-09-17",
    "price" : 408.35,
    "dma50" : 399.43,
    "dma100" : 383.52,
    "dma200" : 384.43,
    "volume" : 69484.00
  }, {
    "date" : "2025-09-18",
    "price" : 408.25,
    "dma50" : 399.77,
    "dma100" : 384.48,
    "dma200" : 384.66,
    "volume" : 26650.00
  }, {
    "date" : "2025-09-19",
    "price" : 418.40,
    "dma50" : 400.50,
    "dma100" : 385.56,
    "dma200" : 385.00,
    "volume" : 45509.00
  }, {
    "date" : "2025-09-22",
    "price" : 411.55,
    "dma50" : 400.94,
    "dma100" : 386.61,
    "dma200" : 385.26,
    "volume" : 24996.00
  }, {
    "date" : "2025-09-23",
    "price" : 406.50,
    "dma50" : 401.16,
    "dma100" : 387.58,
    "dma200" : 385.47,
    "volume" : 23254.00
  }, {
    "date" : "2025-09-24",
    "price" : 405.75,
    "dma50" : 401.34,
    "dma100" : 388.52,
    "dma200" : 385.68,
    "volume" : 20156.00
  }, {
    "date" : "2025-09-25",
    "price" : 400.75,
    "dma50" : 401.31,
    "dma100" : 389.47,
    "dma200" : 385.83,
    "volume" : 21721.00
  }, {
    "date" : "2025-09-26",
    "price" : 393.15,
    "dma50" : 400.99,
    "dma100" : 390.09,
    "dma200" : 385.90,
    "volume" : 53584.00
  }, {
    "date" : "2025-09-29",
    "price" : 385.40,
    "dma50" : 400.38,
    "dma100" : 390.66,
    "dma200" : 385.89,
    "volume" : 35822.00
  }, {
    "date" : "2025-09-30",
    "price" : 396.65,
    "dma50" : 400.24,
    "dma100" : 391.35,
    "dma200" : 386.00,
    "volume" : 53582.00
  }, {
    "date" : "2025-10-01",
    "price" : 387.00,
    "dma50" : 399.72,
    "dma100" : 391.89,
    "dma200" : 386.01,
    "volume" : 20521.00
  }, {
    "date" : "2025-10-03",
    "price" : 378.95,
    "dma50" : 398.90,
    "dma100" : 392.37,
    "dma200" : 385.94,
    "volume" : 48341.00
  }, {
    "date" : "2025-10-06",
    "price" : 374.80,
    "dma50" : 397.96,
    "dma100" : 392.75,
    "dma200" : 385.83,
    "volume" : 13353.00
  }, {
    "date" : "2025-10-07",
    "price" : 371.05,
    "dma50" : 396.90,
    "dma100" : 393.04,
    "dma200" : 385.68,
    "volume" : 52270.00
  }, {
    "date" : "2025-10-08",
    "price" : 371.60,
    "dma50" : 395.91,
    "dma100" : 393.35,
    "dma200" : 385.54,
    "volume" : 18900.00
  }, {
    "date" : "2025-10-09",
    "price" : 360.70,
    "dma50" : 394.53,
    "dma100" : 393.53,
    "dma200" : 385.30,
    "volume" : 45489.00
  }, {
    "date" : "2025-10-10",
    "price" : 363.65,
    "dma50" : 393.32,
    "dma100" : 393.72,
    "dma200" : 385.08,
    "volume" : 10587.00
  }, {
    "date" : "2025-10-13",
    "price" : 362.05,
    "dma50" : 392.09,
    "dma100" : 393.86,
    "dma200" : 384.85,
    "volume" : 21288.00
  }, {
    "date" : "2025-10-14",
    "price" : 355.55,
    "dma50" : 390.66,
    "dma100" : 393.88,
    "dma200" : 384.56,
    "volume" : 22818.00
  }, {
    "date" : "2025-10-15",
    "price" : 351.65,
    "dma50" : 389.13,
    "dma100" : 393.89,
    "dma200" : 384.23,
    "volume" : 17771.00
  }, {
    "date" : "2025-10-16",
    "price" : 365.10,
    "dma50" : 388.19,
    "dma100" : 393.96,
    "dma200" : 384.04,
    "volume" : 35652.00
  }, {
    "date" : "2025-10-17",
    "price" : 362.10,
    "dma50" : 387.16,
    "dma100" : 393.99,
    "dma200" : 383.82,
    "volume" : 16440.00
  }, {
    "date" : "2025-10-20",
    "price" : 357.45,
    "dma50" : 386.00,
    "dma100" : 394.02,
    "dma200" : 383.56,
    "volume" : 13768.00
  }, {
    "date" : "2025-10-21",
    "price" : 359.55,
    "dma50" : 384.96,
    "dma100" : 393.89,
    "dma200" : 383.32,
    "volume" : 3794.00
  }, {
    "date" : "2025-10-23",
    "price" : 353.30,
    "dma50" : 383.72,
    "dma100" : 393.76,
    "dma200" : 383.02,
    "volume" : 9021.00
  }, {
    "date" : "2025-10-24",
    "price" : 355.90,
    "dma50" : 382.63,
    "dma100" : 393.53,
    "dma200" : 382.75,
    "volume" : 6224.00
  }, {
    "date" : "2025-10-27",
    "price" : 356.20,
    "dma50" : 381.59,
    "dma100" : 393.28,
    "dma200" : 382.49,
    "volume" : 7359.00
  }, {
    "date" : "2025-10-28",
    "price" : 355.30,
    "dma50" : 380.56,
    "dma100" : 392.97,
    "dma200" : 382.22,
    "volume" : 19411.00
  }, {
    "date" : "2025-10-29",
    "price" : 353.30,
    "dma50" : 379.49,
    "dma100" : 392.66,
    "dma200" : 381.93,
    "volume" : 11158.00
  }, {
    "date" : "2025-10-30",
    "price" : 349.05,
    "dma50" : 378.30,
    "dma100" : 392.40,
    "dma200" : 381.60,
    "volume" : 17311.00
  }, {
    "date" : "2025-10-31",
    "price" : 354.90,
    "dma50" : 377.38,
    "dma100" : 392.11,
    "dma200" : 381.34,
    "volume" : 7626.00
  }, {
    "date" : "2025-11-03",
    "price" : 351.20,
    "dma50" : 376.35,
    "dma100" : 391.73,
    "dma200" : 381.04,
    "volume" : 11103.00
  }, {
    "date" : "2025-11-04",
    "price" : 354.90,
    "dma50" : 375.51,
    "dma100" : 391.45,
    "dma200" : 380.78,
    "volume" : 12183.00
  }, {
    "date" : "2025-11-06",
    "price" : 392.60,
    "dma50" : 376.18,
    "dma100" : 391.50,
    "dma200" : 380.90,
    "volume" : 385798.00
  }, {
    "date" : "2025-11-07",
    "price" : 394.05,
    "dma50" : 376.88,
    "dma100" : 391.61,
    "dma200" : 381.03,
    "volume" : 104236.00
  }, {
    "date" : "2025-11-10",
    "price" : 397.15,
    "dma50" : 377.68,
    "dma100" : 391.77,
    "dma200" : 381.19,
    "volume" : 69222.00
  }, {
    "date" : "2025-11-11",
    "price" : 402.35,
    "dma50" : 378.65,
    "dma100" : 391.98,
    "dma200" : 381.40,
    "volume" : 30954.00
  }, {
    "date" : "2025-11-12",
    "price" : 406.65,
    "dma50" : 379.74,
    "dma100" : 392.18,
    "dma200" : 381.65,
    "volume" : 48033.00
  }, {
    "date" : "2025-11-13",
    "price" : 404.70,
    "dma50" : 380.72,
    "dma100" : 392.39,
    "dma200" : 381.88,
    "volume" : 36772.00
  }, {
    "date" : "2025-11-14",
    "price" : 399.85,
    "dma50" : 381.47,
    "dma100" : 392.51,
    "dma200" : 382.06,
    "volume" : 11824.00
  }, {
    "date" : "2025-11-17",
    "price" : 399.80,
    "dma50" : 382.19,
    "dma100" : 392.65,
    "dma200" : 382.23,
    "volume" : 17154.00
  }, {
    "date" : "2025-11-18",
    "price" : 398.95,
    "dma50" : 382.85,
    "dma100" : 392.76,
    "dma200" : 382.40,
    "volume" : 14013.00
  }, {
    "date" : "2025-11-19",
    "price" : 395.75,
    "dma50" : 383.35,
    "dma100" : 392.81,
    "dma200" : 382.53,
    "volume" : 13668.00
  }, {
    "date" : "2025-11-20",
    "price" : 403.80,
    "dma50" : 384.16,
    "dma100" : 392.91,
    "dma200" : 382.74,
    "volume" : 37816.00
  }, {
    "date" : "2025-11-21",
    "price" : 402.30,
    "dma50" : 384.87,
    "dma100" : 393.00,
    "dma200" : 382.94,
    "volume" : 19540.00
  }, {
    "date" : "2025-11-24",
    "price" : 403.15,
    "dma50" : 385.58,
    "dma100" : 393.04,
    "dma200" : 383.14,
    "volume" : 18146.00
  }, {
    "date" : "2025-11-25",
    "price" : 403.35,
    "dma50" : 386.28,
    "dma100" : 393.10,
    "dma200" : 383.34,
    "volume" : 20578.00
  }, {
    "date" : "2025-11-26",
    "price" : 403.85,
    "dma50" : 386.97,
    "dma100" : 393.19,
    "dma200" : 383.55,
    "volume" : 28500.00
  }, {
    "date" : "2025-11-27",
    "price" : 409.10,
    "dma50" : 387.84,
    "dma100" : 393.32,
    "dma200" : 383.80,
    "volume" : 27599.00
  }, {
    "date" : "2025-11-28",
    "price" : 413.45,
    "dma50" : 388.84,
    "dma100" : 393.46,
    "dma200" : 384.09,
    "volume" : 47131.00
  }, {
    "date" : "2025-12-01",
    "price" : 408.05,
    "dma50" : 389.60,
    "dma100" : 393.55,
    "dma200" : 384.33,
    "volume" : 18374.00
  }, {
    "date" : "2025-12-02",
    "price" : 403.65,
    "dma50" : 390.15,
    "dma100" : 393.57,
    "dma200" : 384.53,
    "volume" : 20916.00
  }, {
    "date" : "2025-12-03",
    "price" : 391.65,
    "dma50" : 390.21,
    "dma100" : 393.48,
    "dma200" : 384.60,
    "volume" : 58180.00
  }, {
    "date" : "2025-12-04",
    "price" : 390.40,
    "dma50" : 390.21,
    "dma100" : 393.41,
    "dma200" : 384.65,
    "volume" : 11853.00
  }, {
    "date" : "2025-12-05",
    "price" : 383.90,
    "dma50" : 389.97,
    "dma100" : 393.24,
    "dma200" : 384.65,
    "volume" : 10934.00
  }, {
    "date" : "2025-12-08",
    "price" : 372.60,
    "dma50" : 389.28,
    "dma100" : 392.93,
    "dma200" : 384.53,
    "volume" : 17135.00
  }, {
    "date" : "2025-12-09",
    "price" : 378.45,
    "dma50" : 388.86,
    "dma100" : 392.65,
    "dma200" : 384.47,
    "volume" : 10362.00
  }, {
    "date" : "2025-12-10",
    "price" : 372.00,
    "dma50" : 388.20,
    "dma100" : 392.38,
    "dma200" : 384.34,
    "volume" : 6308.00
  }, {
    "date" : "2025-12-11",
    "price" : 368.50,
    "dma50" : 387.43,
    "dma100" : 392.13,
    "dma200" : 384.18,
    "volume" : 9152.00
  }, {
    "date" : "2025-12-12",
    "price" : 371.60,
    "dma50" : 386.81,
    "dma100" : 391.91,
    "dma200" : 384.06,
    "volume" : 4370.00
  }, {
    "date" : "2025-12-15",
    "price" : 371.90,
    "dma50" : 386.22,
    "dma100" : 391.69,
    "dma200" : 383.94,
    "volume" : 6102.00
  } ],
  "latestTechnicalAttributes" : {
    "date" : "2025-12-15",
    "price" : 371.90,
    "dma50" : 386.22,
    "dma100" : 391.69,
    "dma200" : 383.94,
    "volume" : 6102.00
  },
  "quarterlyResults" : [ {
    "date" : "2005-03-31",
    "sales" : 25.98,
    "salesGrowthYoY" : null,
    "grossProfitMargin" : 23.79,
    "grossProfit" : 6.18,
    "operatingProfitMargin" : 7.47,
    "operatingProfit" : 1.94,
    "netProfitMargin" : 3.70,
    "netProfit" : 0.96
  }, {
    "date" : "2005-06-30",
    "sales" : 19.06,
    "salesGrowthYoY" : null,
    "grossProfitMargin" : 24.76,
    "grossProfit" : 4.72,
    "operatingProfitMargin" : 6.51,
    "operatingProfit" : 1.24,
    "netProfitMargin" : 2.05,
    "netProfit" : 0.39
  }, {
    "date" : "2005-09-30",
    "sales" : 18.36,
    "salesGrowthYoY" : null,
    "grossProfitMargin" : 20.81,
    "grossProfit" : 3.82,
    "operatingProfitMargin" : -0.05,
    "operatingProfit" : -0.01,
    "netProfitMargin" : 0.76,
    "netProfit" : 0.14
  }, {
    "date" : "2005-12-31",
    "sales" : 16.49,
    "salesGrowthYoY" : null,
    "grossProfitMargin" : 20.44,
    "grossProfit" : 3.37,
    "operatingProfitMargin" : -2.24,
    "operatingProfit" : -0.37,
    "netProfitMargin" : -0.49,
    "netProfit" : -0.08
  }, {
    "date" : "2006-03-31",
    "sales" : 20.08,
    "salesGrowthYoY" : -22.71,
    "grossProfitMargin" : 25.30,
    "grossProfit" : 5.08,
    "operatingProfitMargin" : 6.03,
    "operatingProfit" : 1.21,
    "netProfitMargin" : 5.33,
    "netProfit" : 1.07
  }, {
    "date" : "2006-06-30",
    "sales" : 20.11,
    "salesGrowthYoY" : 5.51,
    "grossProfitMargin" : 21.58,
    "grossProfit" : 4.34,
    "operatingProfitMargin" : 0.70,
    "operatingProfit" : 0.14,
    "netProfitMargin" : 3.13,
    "netProfit" : 0.63
  }, {
    "date" : "2006-09-30",
    "sales" : 17.43,
    "salesGrowthYoY" : -5.07,
    "grossProfitMargin" : 22.09,
    "grossProfit" : 3.85,
    "operatingProfitMargin" : -0.17,
    "operatingProfit" : -0.03,
    "netProfitMargin" : -0.92,
    "netProfit" : -0.16
  }, {
    "date" : "2006-12-31",
    "sales" : 20.30,
    "salesGrowthYoY" : 23.10,
    "grossProfitMargin" : 16.11,
    "grossProfit" : 3.27,
    "operatingProfitMargin" : -1.82,
    "operatingProfit" : -0.37,
    "netProfitMargin" : -3.74,
    "netProfit" : -0.76
  }, {
    "date" : "2007-03-31",
    "sales" : 19.81,
    "salesGrowthYoY" : -1.34,
    "grossProfitMargin" : 20.85,
    "grossProfit" : 4.13,
    "operatingProfitMargin" : 2.83,
    "operatingProfit" : 0.56,
    "netProfitMargin" : 1.51,
    "netProfit" : 0.30
  }, {
    "date" : "2007-06-30",
    "sales" : 25.27,
    "salesGrowthYoY" : 25.66,
    "grossProfitMargin" : 22.79,
    "grossProfit" : 5.76,
    "operatingProfitMargin" : 5.70,
    "operatingProfit" : 1.44,
    "netProfitMargin" : 2.73,
    "netProfit" : 0.69
  }, {
    "date" : "2007-09-30",
    "sales" : 22.44,
    "salesGrowthYoY" : 28.74,
    "grossProfitMargin" : 27.14,
    "grossProfit" : 6.09,
    "operatingProfitMargin" : 6.02,
    "operatingProfit" : 1.35,
    "netProfitMargin" : 6.15,
    "netProfit" : 1.38
  }, {
    "date" : "2007-12-31",
    "sales" : 24.94,
    "salesGrowthYoY" : 22.86,
    "grossProfitMargin" : 24.78,
    "grossProfit" : 6.18,
    "operatingProfitMargin" : 6.78,
    "operatingProfit" : 1.69,
    "netProfitMargin" : 7.42,
    "netProfit" : 1.85
  }, {
    "date" : "2008-03-31",
    "sales" : 28.97,
    "salesGrowthYoY" : 46.24,
    "grossProfitMargin" : 23.58,
    "grossProfit" : 6.83,
    "operatingProfitMargin" : 6.66,
    "operatingProfit" : 1.93,
    "netProfitMargin" : 6.35,
    "netProfit" : 1.84
  }, {
    "date" : "2008-06-30",
    "sales" : 28.51,
    "salesGrowthYoY" : 12.82,
    "grossProfitMargin" : 25.08,
    "grossProfit" : 7.15,
    "operatingProfitMargin" : 5.96,
    "operatingProfit" : 1.70,
    "netProfitMargin" : 4.21,
    "netProfit" : 1.20
  }, {
    "date" : "2008-09-30",
    "sales" : 27.07,
    "salesGrowthYoY" : 20.63,
    "grossProfitMargin" : 36.35,
    "grossProfit" : 9.84,
    "operatingProfitMargin" : 6.76,
    "operatingProfit" : 1.83,
    "netProfitMargin" : 3.92,
    "netProfit" : 1.06
  }, {
    "date" : "2008-12-31",
    "sales" : 18.39,
    "salesGrowthYoY" : -26.26,
    "grossProfitMargin" : 23.16,
    "grossProfit" : 4.26,
    "operatingProfitMargin" : 6.09,
    "operatingProfit" : 1.12,
    "netProfitMargin" : 2.01,
    "netProfit" : 0.37
  }, {
    "date" : "2009-03-31",
    "sales" : 25.65,
    "salesGrowthYoY" : -11.46,
    "grossProfitMargin" : 35.75,
    "grossProfit" : 9.17,
    "operatingProfitMargin" : 16.14,
    "operatingProfit" : 4.14,
    "netProfitMargin" : 7.21,
    "netProfit" : 1.85
  }, {
    "date" : "2009-06-30",
    "sales" : 26.64,
    "salesGrowthYoY" : -6.56,
    "grossProfitMargin" : 34.53,
    "grossProfit" : 9.20,
    "operatingProfitMargin" : 11.75,
    "operatingProfit" : 3.13,
    "netProfitMargin" : 5.26,
    "netProfit" : 1.40
  }, {
    "date" : "2009-09-30",
    "sales" : 33.99,
    "salesGrowthYoY" : 25.56,
    "grossProfitMargin" : 28.36,
    "grossProfit" : 9.64,
    "operatingProfitMargin" : 9.65,
    "operatingProfit" : 3.28,
    "netProfitMargin" : 5.74,
    "netProfit" : 1.95
  }, {
    "date" : "2009-12-31",
    "sales" : 36.39,
    "salesGrowthYoY" : 97.88,
    "grossProfitMargin" : 28.47,
    "grossProfit" : 10.36,
    "operatingProfitMargin" : 10.03,
    "operatingProfit" : 3.65,
    "netProfitMargin" : 8.71,
    "netProfit" : 3.17
  }, {
    "date" : "2010-03-31",
    "sales" : 46.62,
    "salesGrowthYoY" : 81.75,
    "grossProfitMargin" : 26.04,
    "grossProfit" : 12.14,
    "operatingProfitMargin" : 8.54,
    "operatingProfit" : 3.98,
    "netProfitMargin" : 3.88,
    "netProfit" : 1.81
  }, {
    "date" : "2010-06-30",
    "sales" : 41.26,
    "salesGrowthYoY" : 54.88,
    "grossProfitMargin" : 26.32,
    "grossProfit" : 10.86,
    "operatingProfitMargin" : 9.43,
    "operatingProfit" : 3.89,
    "netProfitMargin" : 4.22,
    "netProfit" : 1.74
  }, {
    "date" : "2010-09-30",
    "sales" : 44.15,
    "salesGrowthYoY" : 29.89,
    "grossProfitMargin" : 25.78,
    "grossProfit" : 11.38,
    "operatingProfitMargin" : 9.58,
    "operatingProfit" : 4.23,
    "netProfitMargin" : 6.80,
    "netProfit" : 3.00
  }, {
    "date" : "2010-12-31",
    "sales" : 54.88,
    "salesGrowthYoY" : 50.81,
    "grossProfitMargin" : 24.47,
    "grossProfit" : 13.43,
    "operatingProfitMargin" : 8.38,
    "operatingProfit" : 4.60,
    "netProfitMargin" : 5.43,
    "netProfit" : 2.98
  }, {
    "date" : "2011-03-31",
    "sales" : 60.89,
    "salesGrowthYoY" : 30.61,
    "grossProfitMargin" : 24.32,
    "grossProfit" : 14.81,
    "operatingProfitMargin" : 8.47,
    "operatingProfit" : 5.16,
    "netProfitMargin" : 4.93,
    "netProfit" : 3.00
  }, {
    "date" : "2011-06-30",
    "sales" : 65.23,
    "salesGrowthYoY" : 58.10,
    "grossProfitMargin" : 25.30,
    "grossProfit" : 16.50,
    "operatingProfitMargin" : 8.20,
    "operatingProfit" : 5.35,
    "netProfitMargin" : 4.32,
    "netProfit" : 2.82
  }, {
    "date" : "2011-09-30",
    "sales" : 62.81,
    "salesGrowthYoY" : 42.27,
    "grossProfitMargin" : 23.18,
    "grossProfit" : 14.56,
    "operatingProfitMargin" : 7.91,
    "operatingProfit" : 4.97,
    "netProfitMargin" : 4.68,
    "netProfit" : 2.94
  }, {
    "date" : "2011-12-31",
    "sales" : 60.10,
    "salesGrowthYoY" : 9.51,
    "grossProfitMargin" : 23.38,
    "grossProfit" : 14.05,
    "operatingProfitMargin" : 8.64,
    "operatingProfit" : 5.19,
    "netProfitMargin" : 4.24,
    "netProfit" : 2.55
  }, {
    "date" : "2012-03-31",
    "sales" : 67.23,
    "salesGrowthYoY" : 10.41,
    "grossProfitMargin" : 25.26,
    "grossProfit" : 16.98,
    "operatingProfitMargin" : 9.04,
    "operatingProfit" : 6.08,
    "netProfitMargin" : 5.16,
    "netProfit" : 3.47
  }, {
    "date" : "2012-06-30",
    "sales" : 71.97,
    "salesGrowthYoY" : 10.33,
    "grossProfitMargin" : 21.93,
    "grossProfit" : 15.78,
    "operatingProfitMargin" : 8.34,
    "operatingProfit" : 6.00,
    "netProfitMargin" : 3.32,
    "netProfit" : 2.39
  }, {
    "date" : "2012-09-30",
    "sales" : 70.37,
    "salesGrowthYoY" : 12.04,
    "grossProfitMargin" : 26.20,
    "grossProfit" : 18.44,
    "operatingProfitMargin" : 9.00,
    "operatingProfit" : 6.33,
    "netProfitMargin" : 5.07,
    "netProfit" : 3.57
  }, {
    "date" : "2012-12-31",
    "sales" : 60.98,
    "salesGrowthYoY" : 1.46,
    "grossProfitMargin" : 26.43,
    "grossProfit" : 16.12,
    "operatingProfitMargin" : 9.33,
    "operatingProfit" : 5.69,
    "netProfitMargin" : 5.48,
    "netProfit" : 3.34
  }, {
    "date" : "2013-03-31",
    "sales" : 70.32,
    "salesGrowthYoY" : 4.60,
    "grossProfitMargin" : 24.19,
    "grossProfit" : 17.01,
    "operatingProfitMargin" : 8.25,
    "operatingProfit" : 5.80,
    "netProfitMargin" : 4.99,
    "netProfit" : 3.51
  }, {
    "date" : "2013-06-30",
    "sales" : 75.00,
    "salesGrowthYoY" : 4.21,
    "grossProfitMargin" : 24.69,
    "grossProfit" : 18.52,
    "operatingProfitMargin" : 7.95,
    "operatingProfit" : 5.96,
    "netProfitMargin" : 5.17,
    "netProfit" : 3.88
  }, {
    "date" : "2013-09-30",
    "sales" : 70.50,
    "salesGrowthYoY" : 0.18,
    "grossProfitMargin" : 25.52,
    "grossProfit" : 17.99,
    "operatingProfitMargin" : 9.16,
    "operatingProfit" : 6.46,
    "netProfitMargin" : 3.55,
    "netProfit" : 2.50
  }, {
    "date" : "2013-12-31",
    "sales" : 71.20,
    "salesGrowthYoY" : 16.76,
    "grossProfitMargin" : 23.62,
    "grossProfit" : 16.82,
    "operatingProfitMargin" : 8.50,
    "operatingProfit" : 6.05,
    "netProfitMargin" : 4.35,
    "netProfit" : 3.10
  }, {
    "date" : "2014-03-31",
    "sales" : 80.90,
    "salesGrowthYoY" : 15.05,
    "grossProfitMargin" : 21.79,
    "grossProfit" : 17.63,
    "operatingProfitMargin" : 8.22,
    "operatingProfit" : 6.65,
    "netProfitMargin" : 4.54,
    "netProfit" : 3.67
  }, {
    "date" : "2014-06-30",
    "sales" : 102.79,
    "salesGrowthYoY" : 37.05,
    "grossProfitMargin" : 26.18,
    "grossProfit" : 26.91,
    "operatingProfitMargin" : 9.95,
    "operatingProfit" : 10.23,
    "netProfitMargin" : 5.60,
    "netProfit" : 5.76
  }, {
    "date" : "2014-09-30",
    "sales" : 90.23,
    "salesGrowthYoY" : 27.99,
    "grossProfitMargin" : 26.68,
    "grossProfit" : 24.07,
    "operatingProfitMargin" : 11.40,
    "operatingProfit" : 10.29,
    "netProfitMargin" : 7.87,
    "netProfit" : 7.10
  }, {
    "date" : "2014-12-31",
    "sales" : 84.94,
    "salesGrowthYoY" : 19.30,
    "grossProfitMargin" : 29.50,
    "grossProfit" : 25.06,
    "operatingProfitMargin" : 11.77,
    "operatingProfit" : 10.00,
    "netProfitMargin" : 7.12,
    "netProfit" : 6.05
  }, {
    "date" : "2015-03-31",
    "sales" : 77.13,
    "salesGrowthYoY" : -4.66,
    "grossProfitMargin" : 37.39,
    "grossProfit" : 28.84,
    "operatingProfitMargin" : 14.20,
    "operatingProfit" : 10.95,
    "netProfitMargin" : 7.48,
    "netProfit" : 5.77
  }, {
    "date" : "2015-06-30",
    "sales" : 66.86,
    "salesGrowthYoY" : -34.95,
    "grossProfitMargin" : 34.04,
    "grossProfit" : 22.76,
    "operatingProfitMargin" : 14.24,
    "operatingProfit" : 9.52,
    "netProfitMargin" : 9.12,
    "netProfit" : 6.10
  }, {
    "date" : "2015-09-30",
    "sales" : 67.84,
    "salesGrowthYoY" : -24.81,
    "grossProfitMargin" : 32.62,
    "grossProfit" : 22.13,
    "operatingProfitMargin" : 14.05,
    "operatingProfit" : 9.53,
    "netProfitMargin" : 7.86,
    "netProfit" : 5.33
  }, {
    "date" : "2015-12-31",
    "sales" : 65.69,
    "salesGrowthYoY" : -22.66,
    "grossProfitMargin" : 35.82,
    "grossProfit" : 23.53,
    "operatingProfitMargin" : 14.51,
    "operatingProfit" : 9.53,
    "netProfitMargin" : 7.12,
    "netProfit" : 4.68
  }, {
    "date" : "2016-03-31",
    "sales" : 67.95,
    "salesGrowthYoY" : -11.90,
    "grossProfitMargin" : 35.89,
    "grossProfit" : 24.39,
    "operatingProfitMargin" : 13.08,
    "operatingProfit" : 8.89,
    "netProfitMargin" : 12.60,
    "netProfit" : 8.56
  }, {
    "date" : "2016-06-30",
    "sales" : 116.93,
    "salesGrowthYoY" : 74.89,
    "grossProfitMargin" : 36.87,
    "grossProfit" : 43.11,
    "operatingProfitMargin" : 9.17,
    "operatingProfit" : 10.72,
    "netProfitMargin" : 7.11,
    "netProfit" : 8.31
  }, {
    "date" : "2016-09-30",
    "sales" : 92.37,
    "salesGrowthYoY" : 36.16,
    "grossProfitMargin" : 29.28,
    "grossProfit" : 27.05,
    "operatingProfitMargin" : 5.03,
    "operatingProfit" : 4.65,
    "netProfitMargin" : 5.08,
    "netProfit" : 4.69
  }, {
    "date" : "2016-12-31",
    "sales" : 114.78,
    "salesGrowthYoY" : 74.73,
    "grossProfitMargin" : 35.66,
    "grossProfit" : 40.93,
    "operatingProfitMargin" : 5.40,
    "operatingProfit" : 6.20,
    "netProfitMargin" : 4.37,
    "netProfit" : 5.02
  }, {
    "date" : "2017-03-31",
    "sales" : 87.17,
    "salesGrowthYoY" : 28.29,
    "grossProfitMargin" : 35.49,
    "grossProfit" : 30.94,
    "operatingProfitMargin" : 8.64,
    "operatingProfit" : 7.53,
    "netProfitMargin" : 3.38,
    "netProfit" : 2.95
  }, {
    "date" : "2017-06-30",
    "sales" : 120.07,
    "salesGrowthYoY" : 2.69,
    "grossProfitMargin" : 25.69,
    "grossProfit" : 30.85,
    "operatingProfitMargin" : 7.14,
    "operatingProfit" : 8.57,
    "netProfitMargin" : 4.36,
    "netProfit" : 5.24
  }, {
    "date" : "2017-09-30",
    "sales" : 128.96,
    "salesGrowthYoY" : 39.61,
    "grossProfitMargin" : 30.80,
    "grossProfit" : 39.72,
    "operatingProfitMargin" : 11.58,
    "operatingProfit" : 14.93,
    "netProfitMargin" : 6.64,
    "netProfit" : 8.56
  }, {
    "date" : "2017-12-31",
    "sales" : 137.92,
    "salesGrowthYoY" : 20.16,
    "grossProfitMargin" : 33.72,
    "grossProfit" : 46.51,
    "operatingProfitMargin" : 12.51,
    "operatingProfit" : 17.25,
    "netProfitMargin" : 9.61,
    "netProfit" : 13.25
  }, {
    "date" : "2018-03-31",
    "sales" : 139.22,
    "salesGrowthYoY" : 59.71,
    "grossProfitMargin" : 34.84,
    "grossProfit" : 48.50,
    "operatingProfitMargin" : 16.55,
    "operatingProfit" : 23.04,
    "netProfitMargin" : 8.99,
    "netProfit" : 12.52
  }, {
    "date" : "2018-06-30",
    "sales" : 149.70,
    "salesGrowthYoY" : 24.68,
    "grossProfitMargin" : 29.96,
    "grossProfit" : 44.85,
    "operatingProfitMargin" : 11.46,
    "operatingProfit" : 17.16,
    "netProfitMargin" : 7.52,
    "netProfit" : 11.26
  }, {
    "date" : "2018-09-30",
    "sales" : 160.09,
    "salesGrowthYoY" : 24.14,
    "grossProfitMargin" : 29.43,
    "grossProfit" : 47.11,
    "operatingProfitMargin" : 12.27,
    "operatingProfit" : 19.64,
    "netProfitMargin" : 6.32,
    "netProfit" : 10.12
  }, {
    "date" : "2018-12-31",
    "sales" : 164.13,
    "salesGrowthYoY" : 19.00,
    "grossProfitMargin" : 28.12,
    "grossProfit" : 46.15,
    "operatingProfitMargin" : 10.25,
    "operatingProfit" : 16.82,
    "netProfitMargin" : 6.08,
    "netProfit" : 9.98
  }, {
    "date" : "2019-03-31",
    "sales" : 151.74,
    "salesGrowthYoY" : 8.99,
    "grossProfitMargin" : 29.35,
    "grossProfit" : 44.54,
    "operatingProfitMargin" : 9.19,
    "operatingProfit" : 13.94,
    "netProfitMargin" : 10.07,
    "netProfit" : 15.28
  }, {
    "date" : "2019-06-30",
    "sales" : 146.73,
    "salesGrowthYoY" : -1.98,
    "grossProfitMargin" : 33.35,
    "grossProfit" : 48.93,
    "operatingProfitMargin" : 12.34,
    "operatingProfit" : 18.11,
    "netProfitMargin" : 7.74,
    "netProfit" : 11.36
  }, {
    "date" : "2019-09-30",
    "sales" : 124.06,
    "salesGrowthYoY" : -22.51,
    "grossProfitMargin" : 29.35,
    "grossProfit" : 36.41,
    "operatingProfitMargin" : 5.56,
    "operatingProfit" : 6.90,
    "netProfitMargin" : 2.92,
    "netProfit" : 3.62
  }, {
    "date" : "2019-12-31",
    "sales" : 109.56,
    "salesGrowthYoY" : -33.25,
    "grossProfitMargin" : 24.33,
    "grossProfit" : 26.66,
    "operatingProfitMargin" : 0.44,
    "operatingProfit" : 0.48,
    "netProfitMargin" : -1.30,
    "netProfit" : -1.42
  }, {
    "date" : "2020-03-31",
    "sales" : 115.63,
    "salesGrowthYoY" : -23.80,
    "grossProfitMargin" : 31.78,
    "grossProfit" : 36.75,
    "operatingProfitMargin" : 6.83,
    "operatingProfit" : 7.90,
    "netProfitMargin" : 2.66,
    "netProfit" : 3.08
  }, {
    "date" : "2020-06-30",
    "sales" : 59.86,
    "salesGrowthYoY" : -59.20,
    "grossProfitMargin" : 30.67,
    "grossProfit" : 18.36,
    "operatingProfitMargin" : -7.18,
    "operatingProfit" : -4.30,
    "netProfitMargin" : -11.14,
    "netProfit" : -6.67
  }, {
    "date" : "2020-09-30",
    "sales" : 129.28,
    "salesGrowthYoY" : 4.21,
    "grossProfitMargin" : 38.17,
    "grossProfit" : 49.35,
    "operatingProfitMargin" : 14.62,
    "operatingProfit" : 18.90,
    "netProfitMargin" : 9.00,
    "netProfit" : 11.64
  }, {
    "date" : "2020-12-31",
    "sales" : 164.57,
    "salesGrowthYoY" : 50.21,
    "grossProfitMargin" : 38.41,
    "grossProfit" : 63.21,
    "operatingProfitMargin" : 14.75,
    "operatingProfit" : 24.27,
    "netProfitMargin" : 10.09,
    "netProfit" : 16.61
  }, {
    "date" : "2021-03-31",
    "sales" : 186.92,
    "salesGrowthYoY" : 61.65,
    "grossProfitMargin" : 37.63,
    "grossProfit" : 70.34,
    "operatingProfitMargin" : 16.07,
    "operatingProfit" : 30.04,
    "netProfitMargin" : 12.09,
    "netProfit" : 22.60
  }, {
    "date" : "2021-06-30",
    "sales" : 185.23,
    "salesGrowthYoY" : 209.44,
    "grossProfitMargin" : 36.96,
    "grossProfit" : 68.46,
    "operatingProfitMargin" : 15.81,
    "operatingProfit" : 29.28,
    "netProfitMargin" : 11.80,
    "netProfit" : 21.86
  }, {
    "date" : "2021-09-30",
    "sales" : 243.41,
    "salesGrowthYoY" : 88.28,
    "grossProfitMargin" : 28.91,
    "grossProfit" : 70.37,
    "operatingProfitMargin" : 12.90,
    "operatingProfit" : 31.40,
    "netProfitMargin" : 9.15,
    "netProfit" : 22.27
  }, {
    "date" : "2021-12-31",
    "sales" : 250.80,
    "salesGrowthYoY" : 52.40,
    "grossProfitMargin" : 35.06,
    "grossProfit" : 87.93,
    "operatingProfitMargin" : 13.52,
    "operatingProfit" : 33.91,
    "netProfitMargin" : 9.48,
    "netProfit" : 23.78
  }, {
    "date" : "2022-03-31",
    "sales" : 277.46,
    "salesGrowthYoY" : 48.44,
    "grossProfitMargin" : 38.38,
    "grossProfit" : 106.49,
    "operatingProfitMargin" : 16.30,
    "operatingProfit" : 45.23,
    "netProfitMargin" : 11.14,
    "netProfit" : 30.91
  }, {
    "date" : "2022-06-30",
    "sales" : 306.50,
    "salesGrowthYoY" : 65.47,
    "grossProfitMargin" : 34.66,
    "grossProfit" : 106.23,
    "operatingProfitMargin" : 15.84,
    "operatingProfit" : 48.55,
    "netProfitMargin" : 10.95,
    "netProfit" : 33.56
  }, {
    "date" : "2022-09-30",
    "sales" : 283.20,
    "salesGrowthYoY" : 16.35,
    "grossProfitMargin" : 34.75,
    "grossProfit" : 98.41,
    "operatingProfitMargin" : 15.95,
    "operatingProfit" : 45.17,
    "netProfitMargin" : 10.88,
    "netProfit" : 30.81
  }, {
    "date" : "2022-12-31",
    "sales" : 234.13,
    "salesGrowthYoY" : -6.65,
    "grossProfitMargin" : 33.93,
    "grossProfit" : 79.44,
    "operatingProfitMargin" : 13.11,
    "operatingProfit" : 30.69,
    "netProfitMargin" : 8.70,
    "netProfit" : 20.37
  }, {
    "date" : "2023-03-31",
    "sales" : 256.10,
    "salesGrowthYoY" : -7.70,
    "grossProfitMargin" : 34.31,
    "grossProfit" : 87.87,
    "operatingProfitMargin" : 13.31,
    "operatingProfit" : 34.09,
    "netProfitMargin" : 9.06,
    "netProfit" : 23.20
  }, {
    "date" : "2023-06-30",
    "sales" : 277.73,
    "salesGrowthYoY" : -9.39,
    "grossProfitMargin" : 29.11,
    "grossProfit" : 80.85,
    "operatingProfitMargin" : 9.18,
    "operatingProfit" : 25.50,
    "netProfitMargin" : 4.36,
    "netProfit" : 12.11
  }, {
    "date" : "2023-09-30",
    "sales" : 279.24,
    "salesGrowthYoY" : -1.40,
    "grossProfitMargin" : 32.62,
    "grossProfit" : 91.09,
    "operatingProfitMargin" : 11.34,
    "operatingProfit" : 31.67,
    "netProfitMargin" : 5.48,
    "netProfit" : 15.30
  }, {
    "date" : "2023-12-31",
    "sales" : 257.00,
    "salesGrowthYoY" : 9.77,
    "grossProfitMargin" : 31.50,
    "grossProfit" : 80.95,
    "operatingProfitMargin" : 9.91,
    "operatingProfit" : 25.47,
    "netProfitMargin" : 4.33,
    "netProfit" : 11.13
  }, {
    "date" : "2024-03-31",
    "sales" : 310.58,
    "salesGrowthYoY" : 21.27,
    "grossProfitMargin" : 30.31,
    "grossProfit" : 94.14,
    "operatingProfitMargin" : 10.08,
    "operatingProfit" : 31.31,
    "netProfitMargin" : 4.93,
    "netProfit" : 15.31
  }, {
    "date" : "2024-06-30",
    "sales" : 336.63,
    "salesGrowthYoY" : 21.21,
    "grossProfitMargin" : 26.72,
    "grossProfit" : 89.95,
    "operatingProfitMargin" : 9.43,
    "operatingProfit" : 31.74,
    "netProfitMargin" : 4.40,
    "netProfit" : 14.81
  }, {
    "date" : "2024-09-30",
    "sales" : 351.06,
    "salesGrowthYoY" : 25.72,
    "grossProfitMargin" : 24.30,
    "grossProfit" : 85.31,
    "operatingProfitMargin" : 7.83,
    "operatingProfit" : 27.49,
    "netProfitMargin" : 3.12,
    "netProfit" : 10.95
  }, {
    "date" : "2024-12-31",
    "sales" : 355.27,
    "salesGrowthYoY" : 38.24,
    "grossProfitMargin" : 22.82,
    "grossProfit" : 81.07,
    "operatingProfitMargin" : 7.62,
    "operatingProfit" : 27.07,
    "netProfitMargin" : 3.25,
    "netProfit" : 11.55
  }, {
    "date" : "2025-03-31",
    "sales" : 349.40,
    "salesGrowthYoY" : 12.50,
    "grossProfitMargin" : 30.31,
    "grossProfit" : 105.90,
    "operatingProfitMargin" : 11.00,
    "operatingProfit" : 38.43,
    "netProfitMargin" : 4.80,
    "netProfit" : 16.77
  }, {
    "date" : "2025-06-30",
    "sales" : 375.76,
    "salesGrowthYoY" : 11.62,
    "grossProfitMargin" : 26.25,
    "grossProfit" : 98.64,
    "operatingProfitMargin" : 10.28,
    "operatingProfit" : 38.63,
    "netProfitMargin" : 5.10,
    "netProfit" : 19.16
  }, {
    "date" : "2025-09-30",
    "sales" : 336.69,
    "salesGrowthYoY" : -4.09,
    "grossProfitMargin" : 30.66,
    "grossProfit" : 103.23,
    "operatingProfitMargin" : 12.06,
    "operatingProfit" : 40.60,
    "netProfitMargin" : 6.31,
    "netProfit" : 21.25
  } ],
  "latestQuarterlyResult" : {
    "date" : "2025-09-30",
    "sales" : 336.69,
    "salesGrowthYoY" : -4.09,
    "grossProfitMargin" : 30.66,
    "grossProfit" : 103.23,
    "operatingProfitMargin" : 12.06,
    "operatingProfit" : 40.60,
    "netProfitMargin" : 6.31,
    "netProfit" : 21.25
  },
  "companyScore" : {
    "priceHigherThanDma50" : 0.00,
    "priceHigherThanDma100" : 0.00,
    "priceHigherThanDma200" : 0.00,
    "dma50HigherThanDma100" : 0.00,
    "dma50HigherThanDma200" : 5.00,
    "dma100HigherThanDma200" : 5.00,
    "pricePercentageAboveDma50" : 5.19,
    "pricePercentageAboveDma100" : 5.25,
    "pricePercentageAboveDma200" : 5.16,
    "weeklyVolumeHigherThanYearlyVolume" : 0.00,
    "salesGrowthPercentile" : 4.56,
    "operatingProfitMarginPercentile" : 16.22,
    "netProfitMarginPercentile" : 7.35,
    "totalTechnicalScore" : 25.59,
    "totalFundamentalScore" : 28.12,
    "totalScore" : 53.72
  }
}