{
  "metadata" : {
    "screenerCompanyId" : "214",
    "companyCode" : "APLAPOLLO",
    "companyName" : "APL Apollo Tubes",
    "screenerCompanyLink" : "https://www.screener.in/company/APLAPOLLO/consolidated/",
    "screenerTechnicalHistoryLink" : "https://www.screener.in/api/company/214/chart/?q=Price-DMA50-DMA200-Volume&days=365",
    "screenerQuarterlyResultsLink" : "https://www.screener.in/api/company/214/chart/?q=GPM-OPM-NPM-Quarter+Sales&days=10000",
    "attributes" : {
      "companyCode" : "APLAPOLLO",
      "companyName" : "APL Apollo Tubes",
      "marketCap" : 53148.00,
      "peRatio" : 50.70,
      "description" : "APL Apollo Tubes Limited (APL Apollo) is one of India’s leading branded steel products manufacturers. Headquartered at Delhi NCR, the Company runs 10 manufacturing facilities churning out over 1,500 varieties of MS Black Pipes, Galvanised Tubes, Pre-Galvanised Tubes, Structural ERW Steel Tubes and Hollow Sections to serve industry applications like urban infrastructures, housing, irrigation, solar plants, greenhouses and engineering. [1]"
    },
    "companyScore" : {
      "priceHigherThanDma50" : 5.00,
      "priceHigherThanDma100" : 5.00,
      "priceHigherThanDma200" : 5.00,
      "dma50HigherThanDma100" : 5.00,
      "dma50HigherThanDma200" : 5.00,
      "dma100HigherThanDma200" : 5.00,
      "pricePercentageAboveDma50" : 4.72,
      "pricePercentageAboveDma100" : 4.52,
      "pricePercentageAboveDma200" : 4.41,
      "weeklyVolumeHigherThanYearlyVolume" : 0.00,
      "salesGrowthPercentile" : 5.48,
      "operatingProfitMarginPercentile" : 13.54,
      "netProfitMarginPercentile" : 7.36,
      "totalTechnicalScore" : 43.65,
      "totalFundamentalScore" : 26.38,
      "totalScore" : 70.03
    }
  },
  "attributes" : {
    "companyCode" : "APLAPOLLO",
    "companyName" : "APL Apollo Tubes",
    "marketCap" : 53148.00,
    "peRatio" : 50.70,
    "description" : "APL Apollo Tubes Limited (APL Apollo) is one of India’s leading branded steel products manufacturers. Headquartered at Delhi NCR, the Company runs 10 manufacturing facilities churning out over 1,500 varieties of MS Black Pipes, Galvanised Tubes, Pre-Galvanised Tubes, Structural ERW Steel Tubes and Hollow Sections to serve industry applications like urban infrastructures, housing, irrigation, solar plants, greenhouses and engineering. [1]"
  },
  "technicalHistory" : [ {
    "date" : "2025-01-09",
    "price" : 1550.80,
    "dma50" : 1545.54,
    "dma100" : null,
    "dma200" : 1520.61,
    "volume" : 227578.00
  }, {
    "date" : "2025-01-10",
    "price" : 1520.70,
    "dma50" : 1544.57,
    "dma100" : null,
    "dma200" : 1520.62,
    "volume" : 425557.00
  }, {
    "date" : "2025-01-13",
    "price" : 1424.10,
    "dma50" : 1539.84,
    "dma100" : null,
    "dma200" : 1519.66,
    "volume" : 1035107.00
  }, {
    "date" : "2025-01-14",
    "price" : 1466.90,
    "dma50" : 1536.98,
    "dma100" : null,
    "dma200" : 1519.13,
    "volume" : 742373.00
  }, {
    "date" : "2025-01-15",
    "price" : 1513.30,
    "dma50" : 1536.05,
    "dma100" : null,
    "dma200" : 1519.07,
    "volume" : 894764.00
  }, {
    "date" : "2025-01-16",
    "price" : 1548.80,
    "dma50" : 1536.55,
    "dma100" : null,
    "dma200" : 1519.37,
    "volume" : 478744.00
  }, {
    "date" : "2025-01-17",
    "price" : 1570.15,
    "dma50" : 1537.87,
    "dma100" : null,
    "dma200" : 1519.87,
    "volume" : 454340.00
  }, {
    "date" : "2025-01-20",
    "price" : 1590.05,
    "dma50" : 1539.92,
    "dma100" : null,
    "dma200" : 1520.57,
    "volume" : 1313425.00
  }, {
    "date" : "2025-01-21",
    "price" : 1584.20,
    "dma50" : 1541.65,
    "dma100" : null,
    "dma200" : 1521.20,
    "volume" : 1363924.00
  }, {
    "date" : "2025-01-22",
    "price" : 1559.55,
    "dma50" : 1542.36,
    "dma100" : null,
    "dma200" : 1521.59,
    "volume" : 565798.00
  }, {
    "date" : "2025-01-23",
    "price" : 1582.85,
    "dma50" : 1543.94,
    "dma100" : null,
    "dma200" : 1522.20,
    "volume" : 407530.00
  }, {
    "date" : "2025-01-24",
    "price" : 1561.40,
    "dma50" : 1544.63,
    "dma100" : null,
    "dma200" : 1522.59,
    "volume" : 548576.00
  }, {
    "date" : "2025-01-27",
    "price" : 1515.95,
    "dma50" : 1543.50,
    "dma100" : null,
    "dma200" : 1522.52,
    "volume" : 388519.00
  }, {
    "date" : "2025-01-28",
    "price" : 1488.80,
    "dma50" : 1541.36,
    "dma100" : null,
    "dma200" : 1522.18,
    "volume" : 316437.00
  }, {
    "date" : "2025-01-29",
    "price" : 1521.95,
    "dma50" : 1540.60,
    "dma100" : null,
    "dma200" : 1522.18,
    "volume" : 161324.00
  }, {
    "date" : "2025-01-30",
    "price" : 1475.90,
    "dma50" : 1538.06,
    "dma100" : null,
    "dma200" : 1521.72,
    "volume" : 381529.00
  }, {
    "date" : "2025-01-31",
    "price" : 1509.55,
    "dma50" : 1536.94,
    "dma100" : null,
    "dma200" : 1521.60,
    "volume" : 265826.00
  }, {
    "date" : "2025-02-01",
    "price" : 1506.20,
    "dma50" : 1535.74,
    "dma100" : null,
    "dma200" : 1521.45,
    "volume" : 169906.00
  }, {
    "date" : "2025-02-03",
    "price" : 1442.30,
    "dma50" : 1532.07,
    "dma100" : null,
    "dma200" : 1520.66,
    "volume" : 529288.00
  }, {
    "date" : "2025-02-04",
    "price" : 1437.60,
    "dma50" : 1528.37,
    "dma100" : null,
    "dma200" : 1519.83,
    "volume" : 888544.00
  }, {
    "date" : "2025-02-05",
    "price" : 1428.20,
    "dma50" : 1524.44,
    "dma100" : null,
    "dma200" : 1518.92,
    "volume" : 417865.00
  }, {
    "date" : "2025-02-06",
    "price" : 1420.60,
    "dma50" : 1520.37,
    "dma100" : null,
    "dma200" : 1517.94,
    "volume" : 326547.00
  }, {
    "date" : "2025-02-07",
    "price" : 1427.85,
    "dma50" : 1516.74,
    "dma100" : null,
    "dma200" : 1517.05,
    "volume" : 601839.00
  }, {
    "date" : "2025-02-10",
    "price" : 1406.60,
    "dma50" : 1512.42,
    "dma100" : null,
    "dma200" : 1515.95,
    "volume" : 389131.00
  }, {
    "date" : "2025-02-11",
    "price" : 1377.90,
    "dma50" : 1507.15,
    "dma100" : null,
    "dma200" : 1514.57,
    "volume" : 406439.00
  }, {
    "date" : "2025-02-12",
    "price" : 1339.95,
    "dma50" : 1500.59,
    "dma100" : null,
    "dma200" : 1512.84,
    "volume" : 454091.00
  }, {
    "date" : "2025-02-13",
    "price" : 1374.20,
    "dma50" : 1495.63,
    "dma100" : null,
    "dma200" : 1511.46,
    "volume" : 491610.00
  }, {
    "date" : "2025-02-14",
    "price" : 1303.05,
    "dma50" : 1488.08,
    "dma100" : null,
    "dma200" : 1509.38,
    "volume" : 583377.00
  }, {
    "date" : "2025-02-17",
    "price" : 1333.75,
    "dma50" : 1482.03,
    "dma100" : null,
    "dma200" : 1507.64,
    "volume" : 663211.00
  }, {
    "date" : "2025-02-18",
    "price" : 1324.90,
    "dma50" : 1475.87,
    "dma100" : null,
    "dma200" : 1505.82,
    "volume" : 368652.00
  }, {
    "date" : "2025-02-19",
    "price" : 1380.65,
    "dma50" : 1472.13,
    "dma100" : null,
    "dma200" : 1504.57,
    "volume" : 2582990.00
  }, {
    "date" : "2025-02-20",
    "price" : 1476.60,
    "dma50" : 1472.31,
    "dma100" : null,
    "dma200" : 1504.29,
    "volume" : 1708202.00
  }, {
    "date" : "2025-02-21",
    "price" : 1489.20,
    "dma50" : 1472.97,
    "dma100" : null,
    "dma200" : 1504.14,
    "volume" : 1759417.00
  }, {
    "date" : "2025-02-24",
    "price" : 1471.80,
    "dma50" : 1472.92,
    "dma100" : null,
    "dma200" : 1503.82,
    "volume" : 445515.00
  }, {
    "date" : "2025-02-25",
    "price" : 1464.65,
    "dma50" : 1472.60,
    "dma100" : null,
    "dma200" : 1503.43,
    "volume" : 1169918.00
  }, {
    "date" : "2025-02-27",
    "price" : 1438.30,
    "dma50" : 1471.25,
    "dma100" : null,
    "dma200" : 1502.78,
    "volume" : 443815.00
  }, {
    "date" : "2025-02-28",
    "price" : 1438.95,
    "dma50" : 1469.99,
    "dma100" : null,
    "dma200" : 1502.15,
    "volume" : 1259619.00
  }, {
    "date" : "2025-03-03",
    "price" : 1428.05,
    "dma50" : 1468.34,
    "dma100" : null,
    "dma200" : 1501.41,
    "volume" : 976832.00
  }, {
    "date" : "2025-03-04",
    "price" : 1425.65,
    "dma50" : 1466.67,
    "dma100" : null,
    "dma200" : 1500.66,
    "volume" : 710361.00
  }, {
    "date" : "2025-03-05",
    "price" : 1474.60,
    "dma50" : 1466.98,
    "dma100" : null,
    "dma200" : 1500.40,
    "volume" : 591874.00
  }, {
    "date" : "2025-03-06",
    "price" : 1463.15,
    "dma50" : 1466.83,
    "dma100" : null,
    "dma200" : 1500.03,
    "volume" : 238184.00
  }, {
    "date" : "2025-03-07",
    "price" : 1458.25,
    "dma50" : 1466.49,
    "dma100" : null,
    "dma200" : 1499.61,
    "volume" : 308859.00
  }, {
    "date" : "2025-03-10",
    "price" : 1434.60,
    "dma50" : 1465.24,
    "dma100" : null,
    "dma200" : 1498.97,
    "volume" : 389051.00
  }, {
    "date" : "2025-03-11",
    "price" : 1449.00,
    "dma50" : 1464.61,
    "dma100" : null,
    "dma200" : 1498.47,
    "volume" : 416899.00
  }, {
    "date" : "2025-03-12",
    "price" : 1402.95,
    "dma50" : 1462.19,
    "dma100" : null,
    "dma200" : 1497.52,
    "volume" : 627214.00
  }, {
    "date" : "2025-03-13",
    "price" : 1372.80,
    "dma50" : 1458.68,
    "dma100" : null,
    "dma200" : 1496.28,
    "volume" : 872527.00
  }, {
    "date" : "2025-03-17",
    "price" : 1411.40,
    "dma50" : 1456.83,
    "dma100" : null,
    "dma200" : 1495.43,
    "volume" : 666477.00
  }, {
    "date" : "2025-03-18",
    "price" : 1432.80,
    "dma50" : 1455.89,
    "dma100" : null,
    "dma200" : 1494.81,
    "volume" : 1205939.00
  }, {
    "date" : "2025-03-19",
    "price" : 1492.80,
    "dma50" : 1457.33,
    "dma100" : null,
    "dma200" : 1494.79,
    "volume" : 1033608.00
  }, {
    "date" : "2025-03-20",
    "price" : 1510.30,
    "dma50" : 1459.41,
    "dma100" : null,
    "dma200" : 1494.94,
    "volume" : 537315.00
  }, {
    "date" : "2025-03-21",
    "price" : 1511.55,
    "dma50" : 1461.45,
    "dma100" : null,
    "dma200" : 1495.11,
    "volume" : 563767.00
  }, {
    "date" : "2025-03-24",
    "price" : 1535.60,
    "dma50" : 1464.36,
    "dma100" : null,
    "dma200" : 1495.51,
    "volume" : 539571.00
  }, {
    "date" : "2025-03-25",
    "price" : 1509.05,
    "dma50" : 1466.12,
    "dma100" : null,
    "dma200" : 1495.65,
    "volume" : 393081.00
  }, {
    "date" : "2025-03-26",
    "price" : 1498.05,
    "dma50" : 1467.37,
    "dma100" : null,
    "dma200" : 1495.67,
    "volume" : 348075.00
  }, {
    "date" : "2025-03-27",
    "price" : 1531.10,
    "dma50" : 1469.87,
    "dma100" : null,
    "dma200" : 1496.02,
    "volume" : 705600.00
  }, {
    "date" : "2025-03-28",
    "price" : 1525.25,
    "dma50" : 1472.04,
    "dma100" : null,
    "dma200" : 1496.31,
    "volume" : 609191.00
  }, {
    "date" : "2025-04-01",
    "price" : 1529.20,
    "dma50" : 1474.28,
    "dma100" : null,
    "dma200" : 1496.64,
    "volume" : 834475.00
  }, {
    "date" : "2025-04-02",
    "price" : 1562.20,
    "dma50" : 1477.73,
    "dma100" : null,
    "dma200" : 1497.29,
    "volume" : 572429.00
  }, {
    "date" : "2025-04-03",
    "price" : 1565.85,
    "dma50" : 1481.18,
    "dma100" : null,
    "dma200" : 1497.98,
    "volume" : 277859.00
  }, {
    "date" : "2025-04-04",
    "price" : 1519.15,
    "dma50" : 1482.67,
    "dma100" : null,
    "dma200" : 1498.19,
    "volume" : 485702.00
  }, {
    "date" : "2025-04-07",
    "price" : 1440.00,
    "dma50" : 1481.00,
    "dma100" : null,
    "dma200" : 1497.61,
    "volume" : 800667.00
  }, {
    "date" : "2025-04-08",
    "price" : 1469.60,
    "dma50" : 1480.55,
    "dma100" : null,
    "dma200" : 1497.33,
    "volume" : 782191.00
  }, {
    "date" : "2025-04-09",
    "price" : 1474.40,
    "dma50" : 1480.31,
    "dma100" : null,
    "dma200" : 1497.10,
    "volume" : 603023.00
  }, {
    "date" : "2025-04-11",
    "price" : 1517.35,
    "dma50" : 1481.76,
    "dma100" : null,
    "dma200" : 1497.30,
    "volume" : 637345.00
  }, {
    "date" : "2025-04-15",
    "price" : 1564.80,
    "dma50" : 1485.02,
    "dma100" : null,
    "dma200" : 1497.97,
    "volume" : 435089.00
  }, {
    "date" : "2025-04-16",
    "price" : 1568.10,
    "dma50" : 1488.28,
    "dma100" : null,
    "dma200" : 1498.67,
    "volume" : 291412.00
  }, {
    "date" : "2025-04-17",
    "price" : 1589.40,
    "dma50" : 1492.24,
    "dma100" : null,
    "dma200" : 1499.57,
    "volume" : 874408.00
  }, {
    "date" : "2025-04-21",
    "price" : 1599.50,
    "dma50" : 1496.45,
    "dma100" : null,
    "dma200" : 1500.57,
    "volume" : 819892.00
  }, {
    "date" : "2025-04-22",
    "price" : 1621.60,
    "dma50" : 1501.36,
    "dma100" : null,
    "dma200" : 1501.77,
    "volume" : 965819.00
  }, {
    "date" : "2025-04-23",
    "price" : 1623.80,
    "dma50" : 1506.16,
    "dma100" : null,
    "dma200" : 1502.99,
    "volume" : 453084.00
  }, {
    "date" : "2025-04-24",
    "price" : 1629.90,
    "dma50" : 1511.01,
    "dma100" : null,
    "dma200" : 1504.25,
    "volume" : 384359.00
  }, {
    "date" : "2025-04-25",
    "price" : 1616.90,
    "dma50" : 1515.16,
    "dma100" : null,
    "dma200" : 1505.37,
    "volume" : 602930.00
  }, {
    "date" : "2025-04-28",
    "price" : 1618.20,
    "dma50" : 1519.20,
    "dma100" : null,
    "dma200" : 1506.49,
    "volume" : 197702.00
  }, {
    "date" : "2025-04-29",
    "price" : 1600.20,
    "dma50" : 1522.38,
    "dma100" : null,
    "dma200" : 1507.43,
    "volume" : 319871.00
  }, {
    "date" : "2025-04-30",
    "price" : 1619.80,
    "dma50" : 1526.20,
    "dma100" : null,
    "dma200" : 1508.54,
    "volume" : 507835.00
  }, {
    "date" : "2025-05-02",
    "price" : 1598.80,
    "dma50" : 1529.05,
    "dma100" : null,
    "dma200" : 1509.44,
    "volume" : 413624.00
  }, {
    "date" : "2025-05-05",
    "price" : 1618.30,
    "dma50" : 1532.55,
    "dma100" : null,
    "dma200" : 1510.52,
    "volume" : 257117.00
  }, {
    "date" : "2025-05-06",
    "price" : 1614.00,
    "dma50" : 1535.74,
    "dma100" : null,
    "dma200" : 1511.55,
    "volume" : 380810.00
  }, {
    "date" : "2025-05-07",
    "price" : 1663.00,
    "dma50" : 1540.73,
    "dma100" : null,
    "dma200" : 1513.06,
    "volume" : 1242637.00
  }, {
    "date" : "2025-05-08",
    "price" : 1663.30,
    "dma50" : 1545.54,
    "dma100" : null,
    "dma200" : 1514.56,
    "volume" : 2091891.00
  }, {
    "date" : "2025-05-09",
    "price" : 1655.70,
    "dma50" : 1549.86,
    "dma100" : null,
    "dma200" : 1515.96,
    "volume" : 430937.00
  }, {
    "date" : "2025-05-12",
    "price" : 1712.80,
    "dma50" : 1556.25,
    "dma100" : null,
    "dma200" : 1517.92,
    "volume" : 927868.00
  }, {
    "date" : "2025-05-13",
    "price" : 1725.10,
    "dma50" : 1562.87,
    "dma100" : null,
    "dma200" : 1519.98,
    "volume" : 776545.00
  }, {
    "date" : "2025-05-14",
    "price" : 1745.10,
    "dma50" : 1570.02,
    "dma100" : null,
    "dma200" : 1522.22,
    "volume" : 876906.00
  }, {
    "date" : "2025-05-15",
    "price" : 1775.90,
    "dma50" : 1578.09,
    "dma100" : null,
    "dma200" : 1524.74,
    "volume" : 812343.00
  }, {
    "date" : "2025-05-16",
    "price" : 1785.40,
    "dma50" : 1586.22,
    "dma100" : null,
    "dma200" : 1527.34,
    "volume" : 781320.00
  }, {
    "date" : "2025-05-19",
    "price" : 1805.90,
    "dma50" : 1594.84,
    "dma100" : null,
    "dma200" : 1530.11,
    "volume" : 742698.00
  }, {
    "date" : "2025-05-20",
    "price" : 1794.50,
    "dma50" : 1602.67,
    "dma100" : null,
    "dma200" : 1532.74,
    "volume" : 582751.00
  }, {
    "date" : "2025-05-21",
    "price" : 1814.40,
    "dma50" : 1610.97,
    "dma100" : null,
    "dma200" : 1535.54,
    "volume" : 620637.00
  }, {
    "date" : "2025-05-22",
    "price" : 1829.50,
    "dma50" : 1619.54,
    "dma100" : null,
    "dma200" : 1538.47,
    "volume" : 543179.00
  }, {
    "date" : "2025-05-23",
    "price" : 1830.20,
    "dma50" : 1627.80,
    "dma100" : null,
    "dma200" : 1541.37,
    "volume" : 429428.00
  }, {
    "date" : "2025-05-26",
    "price" : 1838.30,
    "dma50" : 1636.06,
    "dma100" : null,
    "dma200" : 1544.33,
    "volume" : 438565.00
  }, {
    "date" : "2025-05-27",
    "price" : 1843.50,
    "dma50" : 1644.19,
    "dma100" : null,
    "dma200" : 1547.30,
    "volume" : 604549.00
  }, {
    "date" : "2025-05-28",
    "price" : 1835.30,
    "dma50" : 1651.68,
    "dma100" : null,
    "dma200" : 1550.17,
    "volume" : 425322.00
  }, {
    "date" : "2025-05-29",
    "price" : 1827.00,
    "dma50" : 1658.56,
    "dma100" : null,
    "dma200" : 1552.92,
    "volume" : 564679.00
  }, {
    "date" : "2025-05-30",
    "price" : 1811.70,
    "dma50" : 1664.57,
    "dma100" : null,
    "dma200" : 1555.50,
    "volume" : 1796606.00
  }, {
    "date" : "2025-06-02",
    "price" : 1808.90,
    "dma50" : 1670.23,
    "dma100" : null,
    "dma200" : 1558.02,
    "volume" : 388780.00
  }, {
    "date" : "2025-06-03",
    "price" : 1815.60,
    "dma50" : 1675.93,
    "dma100" : null,
    "dma200" : 1560.58,
    "volume" : 522733.00
  }, {
    "date" : "2025-06-04",
    "price" : 1894.40,
    "dma50" : 1684.49,
    "dma100" : null,
    "dma200" : 1563.90,
    "volume" : 1368436.00
  }, {
    "date" : "2025-06-05",
    "price" : 1914.90,
    "dma50" : 1693.53,
    "dma100" : null,
    "dma200" : 1567.40,
    "volume" : 945701.00
  }, {
    "date" : "2025-06-06",
    "price" : 1920.90,
    "dma50" : 1702.45,
    "dma100" : 1564.57,
    "dma200" : 1570.91,
    "volume" : 253444.00
  }, {
    "date" : "2025-06-09",
    "price" : 1883.00,
    "dma50" : 1709.53,
    "dma100" : 1568.19,
    "dma200" : 1574.02,
    "volume" : 402995.00
  }, {
    "date" : "2025-06-10",
    "price" : 1892.10,
    "dma50" : 1716.69,
    "dma100" : 1572.87,
    "dma200" : 1577.18,
    "volume" : 361026.00
  }, {
    "date" : "2025-06-11",
    "price" : 1887.20,
    "dma50" : 1723.37,
    "dma100" : 1577.07,
    "dma200" : 1580.27,
    "volume" : 391166.00
  }, {
    "date" : "2025-06-12",
    "price" : 1836.10,
    "dma50" : 1727.79,
    "dma100" : 1580.30,
    "dma200" : 1582.81,
    "volume" : 368243.00
  }, {
    "date" : "2025-06-13",
    "price" : 1846.00,
    "dma50" : 1732.43,
    "dma100" : 1583.27,
    "dma200" : 1585.43,
    "volume" : 434508.00
  }, {
    "date" : "2025-06-16",
    "price" : 1852.90,
    "dma50" : 1737.15,
    "dma100" : 1586.10,
    "dma200" : 1588.09,
    "volume" : 325710.00
  }, {
    "date" : "2025-06-17",
    "price" : 1833.40,
    "dma50" : 1740.93,
    "dma100" : 1588.53,
    "dma200" : 1590.54,
    "volume" : 338986.00
  }, {
    "date" : "2025-06-18",
    "price" : 1798.80,
    "dma50" : 1743.20,
    "dma100" : 1590.68,
    "dma200" : 1592.61,
    "volume" : 475962.00
  }, {
    "date" : "2025-06-19",
    "price" : 1771.90,
    "dma50" : 1744.32,
    "dma100" : 1592.80,
    "dma200" : 1594.39,
    "volume" : 451188.00
  }, {
    "date" : "2025-06-20",
    "price" : 1769.80,
    "dma50" : 1745.32,
    "dma100" : 1594.67,
    "dma200" : 1596.14,
    "volume" : 1592720.00
  }, {
    "date" : "2025-06-23",
    "price" : 1792.10,
    "dma50" : 1747.16,
    "dma100" : 1596.98,
    "dma200" : 1598.09,
    "volume" : 344298.00
  }, {
    "date" : "2025-06-24",
    "price" : 1793.20,
    "dma50" : 1748.96,
    "dma100" : 1599.75,
    "dma200" : 1600.03,
    "volume" : 490857.00
  }, {
    "date" : "2025-06-25",
    "price" : 1795.90,
    "dma50" : 1750.80,
    "dma100" : 1602.82,
    "dma200" : 1601.98,
    "volume" : 937470.00
  }, {
    "date" : "2025-06-26",
    "price" : 1795.90,
    "dma50" : 1752.57,
    "dma100" : 1605.56,
    "dma200" : 1603.91,
    "volume" : 964466.00
  }, {
    "date" : "2025-06-27",
    "price" : 1755.90,
    "dma50" : 1752.70,
    "dma100" : 1608.36,
    "dma200" : 1605.42,
    "volume" : 1154483.00
  }, {
    "date" : "2025-06-30",
    "price" : 1739.10,
    "dma50" : 1752.17,
    "dma100" : 1610.66,
    "dma200" : 1606.75,
    "volume" : 1168587.00
  }, {
    "date" : "2025-07-01",
    "price" : 1759.50,
    "dma50" : 1752.46,
    "dma100" : 1613.19,
    "dma200" : 1608.27,
    "volume" : 957714.00
  }, {
    "date" : "2025-07-02",
    "price" : 1743.20,
    "dma50" : 1752.09,
    "dma100" : 1616.20,
    "dma200" : 1609.61,
    "volume" : 1057437.00
  }, {
    "date" : "2025-07-03",
    "price" : 1729.20,
    "dma50" : 1751.20,
    "dma100" : 1619.12,
    "dma200" : 1610.80,
    "volume" : 905017.00
  }, {
    "date" : "2025-07-04",
    "price" : 1717.60,
    "dma50" : 1749.88,
    "dma100" : 1622.01,
    "dma200" : 1611.86,
    "volume" : 789145.00
  }, {
    "date" : "2025-07-07",
    "price" : 1734.10,
    "dma50" : 1749.26,
    "dma100" : 1625.15,
    "dma200" : 1613.08,
    "volume" : 291680.00
  }, {
    "date" : "2025-07-08",
    "price" : 1741.40,
    "dma50" : 1748.95,
    "dma100" : 1628.28,
    "dma200" : 1614.36,
    "volume" : 302963.00
  }, {
    "date" : "2025-07-09",
    "price" : 1708.30,
    "dma50" : 1747.36,
    "dma100" : 1631.30,
    "dma200" : 1615.29,
    "volume" : 1185350.00
  }, {
    "date" : "2025-07-10",
    "price" : 1719.20,
    "dma50" : 1746.25,
    "dma100" : 1634.71,
    "dma200" : 1616.33,
    "volume" : 846081.00
  }, {
    "date" : "2025-07-11",
    "price" : 1701.80,
    "dma50" : 1744.51,
    "dma100" : 1638.33,
    "dma200" : 1617.18,
    "volume" : 408120.00
  }, {
    "date" : "2025-07-14",
    "price" : 1692.50,
    "dma50" : 1742.47,
    "dma100" : 1641.51,
    "dma200" : 1617.93,
    "volume" : 620038.00
  }, {
    "date" : "2025-07-15",
    "price" : 1723.50,
    "dma50" : 1741.73,
    "dma100" : 1645.72,
    "dma200" : 1618.98,
    "volume" : 527241.00
  }, {
    "date" : "2025-07-16",
    "price" : 1714.80,
    "dma50" : 1740.67,
    "dma100" : 1649.53,
    "dma200" : 1619.93,
    "volume" : 458351.00
  }, {
    "date" : "2025-07-17",
    "price" : 1694.80,
    "dma50" : 1738.87,
    "dma100" : 1653.23,
    "dma200" : 1620.68,
    "volume" : 414399.00
  }, {
    "date" : "2025-07-18",
    "price" : 1666.40,
    "dma50" : 1736.03,
    "dma100" : 1656.08,
    "dma200" : 1621.13,
    "volume" : 606341.00
  }, {
    "date" : "2025-07-21",
    "price" : 1692.50,
    "dma50" : 1734.32,
    "dma100" : 1658.24,
    "dma200" : 1621.84,
    "volume" : 413899.00
  }, {
    "date" : "2025-07-22",
    "price" : 1660.40,
    "dma50" : 1731.42,
    "dma100" : 1659.95,
    "dma200" : 1622.22,
    "volume" : 463418.00
  }, {
    "date" : "2025-07-23",
    "price" : 1679.30,
    "dma50" : 1729.38,
    "dma100" : 1662.03,
    "dma200" : 1622.79,
    "volume" : 306048.00
  }, {
    "date" : "2025-07-24",
    "price" : 1686.40,
    "dma50" : 1727.69,
    "dma100" : 1664.25,
    "dma200" : 1623.42,
    "volume" : 1034789.00
  }, {
    "date" : "2025-07-25",
    "price" : 1543.10,
    "dma50" : 1720.45,
    "dma100" : 1665.30,
    "dma200" : 1622.63,
    "volume" : 2475288.00
  }, {
    "date" : "2025-07-28",
    "price" : 1504.80,
    "dma50" : 1712.00,
    "dma100" : 1665.95,
    "dma200" : 1621.45,
    "volume" : 2553182.00
  }, {
    "date" : "2025-07-29",
    "price" : 1514.90,
    "dma50" : 1704.27,
    "dma100" : 1666.82,
    "dma200" : 1620.39,
    "volume" : 829665.00
  }, {
    "date" : "2025-07-30",
    "price" : 1566.30,
    "dma50" : 1698.86,
    "dma100" : 1668.23,
    "dma200" : 1619.85,
    "volume" : 1282818.00
  }, {
    "date" : "2025-07-31",
    "price" : 1601.20,
    "dma50" : 1695.03,
    "dma100" : 1669.49,
    "dma200" : 1619.67,
    "volume" : 1736273.00
  }, {
    "date" : "2025-08-01",
    "price" : 1594.10,
    "dma50" : 1691.07,
    "dma100" : 1670.80,
    "dma200" : 1619.41,
    "volume" : 1281353.00
  }, {
    "date" : "2025-08-04",
    "price" : 1586.40,
    "dma50" : 1686.97,
    "dma100" : 1672.09,
    "dma200" : 1619.09,
    "volume" : 430957.00
  }, {
    "date" : "2025-08-05",
    "price" : 1603.50,
    "dma50" : 1683.69,
    "dma100" : 1673.77,
    "dma200" : 1618.93,
    "volume" : 2007095.00
  }, {
    "date" : "2025-08-06",
    "price" : 1569.10,
    "dma50" : 1679.20,
    "dma100" : 1674.98,
    "dma200" : 1618.44,
    "volume" : 1106647.00
  }, {
    "date" : "2025-08-07",
    "price" : 1595.20,
    "dma50" : 1675.90,
    "dma100" : 1676.90,
    "dma200" : 1618.20,
    "volume" : 650130.00
  }, {
    "date" : "2025-08-08",
    "price" : 1582.60,
    "dma50" : 1672.25,
    "dma100" : 1679.00,
    "dma200" : 1617.85,
    "volume" : 262861.00
  }, {
    "date" : "2025-08-11",
    "price" : 1587.90,
    "dma50" : 1668.94,
    "dma100" : 1680.76,
    "dma200" : 1617.55,
    "volume" : 217375.00
  }, {
    "date" : "2025-08-12",
    "price" : 1582.30,
    "dma50" : 1665.54,
    "dma100" : 1682.26,
    "dma200" : 1617.20,
    "volume" : 294673.00
  }, {
    "date" : "2025-08-13",
    "price" : 1582.60,
    "dma50" : 1662.29,
    "dma100" : 1683.15,
    "dma200" : 1616.86,
    "volume" : 325064.00
  }, {
    "date" : "2025-08-14",
    "price" : 1608.50,
    "dma50" : 1660.18,
    "dma100" : 1684.14,
    "dma200" : 1616.77,
    "volume" : 805102.00
  }, {
    "date" : "2025-08-18",
    "price" : 1607.00,
    "dma50" : 1658.09,
    "dma100" : 1685.09,
    "dma200" : 1616.68,
    "volume" : 343634.00
  }, {
    "date" : "2025-08-19",
    "price" : 1626.30,
    "dma50" : 1656.85,
    "dma100" : 1686.00,
    "dma200" : 1616.77,
    "volume" : 272240.00
  }, {
    "date" : "2025-08-20",
    "price" : 1628.30,
    "dma50" : 1655.73,
    "dma100" : 1687.19,
    "dma200" : 1616.89,
    "volume" : 359116.00
  }, {
    "date" : "2025-08-21",
    "price" : 1653.20,
    "dma50" : 1655.63,
    "dma100" : 1688.74,
    "dma200" : 1617.25,
    "volume" : 612818.00
  }, {
    "date" : "2025-08-22",
    "price" : 1649.50,
    "dma50" : 1655.39,
    "dma100" : 1689.93,
    "dma200" : 1617.57,
    "volume" : 232073.00
  }, {
    "date" : "2025-08-25",
    "price" : 1645.20,
    "dma50" : 1654.99,
    "dma100" : 1691.13,
    "dma200" : 1617.84,
    "volume" : 330475.00
  }, {
    "date" : "2025-08-26",
    "price" : 1628.90,
    "dma50" : 1653.96,
    "dma100" : 1692.12,
    "dma200" : 1617.95,
    "volume" : 690117.00
  }, {
    "date" : "2025-08-28",
    "price" : 1600.30,
    "dma50" : 1651.86,
    "dma100" : 1692.50,
    "dma200" : 1617.78,
    "volume" : 516882.00
  }, {
    "date" : "2025-08-29",
    "price" : 1604.70,
    "dma50" : 1650.01,
    "dma100" : 1692.89,
    "dma200" : 1617.65,
    "volume" : 745644.00
  }, {
    "date" : "2025-09-01",
    "price" : 1639.80,
    "dma50" : 1649.61,
    "dma100" : 1694.10,
    "dma200" : 1617.87,
    "volume" : 257667.00
  }, {
    "date" : "2025-09-02",
    "price" : 1653.70,
    "dma50" : 1649.77,
    "dma100" : 1696.24,
    "dma200" : 1618.23,
    "volume" : 416206.00
  }, {
    "date" : "2025-09-03",
    "price" : 1674.80,
    "dma50" : 1650.75,
    "dma100" : 1698.29,
    "dma200" : 1618.79,
    "volume" : 454850.00
  }, {
    "date" : "2025-09-04",
    "price" : 1672.90,
    "dma50" : 1651.62,
    "dma100" : 1700.27,
    "dma200" : 1619.33,
    "volume" : 260000.00
  }, {
    "date" : "2025-09-05",
    "price" : 1664.70,
    "dma50" : 1652.13,
    "dma100" : 1701.75,
    "dma200" : 1619.78,
    "volume" : 157005.00
  }, {
    "date" : "2025-09-08",
    "price" : 1691.30,
    "dma50" : 1653.67,
    "dma100" : 1703.01,
    "dma200" : 1620.49,
    "volume" : 460301.00
  }, {
    "date" : "2025-09-09",
    "price" : 1694.90,
    "dma50" : 1655.29,
    "dma100" : 1704.28,
    "dma200" : 1621.23,
    "volume" : 299813.00
  }, {
    "date" : "2025-09-10",
    "price" : 1695.70,
    "dma50" : 1656.87,
    "dma100" : 1705.34,
    "dma200" : 1621.97,
    "volume" : 447819.00
  }, {
    "date" : "2025-09-11",
    "price" : 1681.70,
    "dma50" : 1657.85,
    "dma100" : 1706.16,
    "dma200" : 1622.57,
    "volume" : 277360.00
  }, {
    "date" : "2025-09-12",
    "price" : 1703.30,
    "dma50" : 1659.63,
    "dma100" : 1706.98,
    "dma200" : 1623.37,
    "volume" : 226015.00
  }, {
    "date" : "2025-09-15",
    "price" : 1700.60,
    "dma50" : 1661.23,
    "dma100" : 1707.75,
    "dma200" : 1624.14,
    "volume" : 671507.00
  }, {
    "date" : "2025-09-16",
    "price" : 1697.60,
    "dma50" : 1662.66,
    "dma100" : 1708.43,
    "dma200" : 1624.87,
    "volume" : 1022434.00
  }, {
    "date" : "2025-09-17",
    "price" : 1689.20,
    "dma50" : 1663.70,
    "dma100" : 1709.15,
    "dma200" : 1625.51,
    "volume" : 311769.00
  }, {
    "date" : "2025-09-18",
    "price" : 1696.90,
    "dma50" : 1665.00,
    "dma100" : 1709.94,
    "dma200" : 1626.22,
    "volume" : 464871.00
  }, {
    "date" : "2025-09-19",
    "price" : 1691.10,
    "dma50" : 1666.03,
    "dma100" : 1710.85,
    "dma200" : 1626.86,
    "volume" : 702463.00
  }, {
    "date" : "2025-09-22",
    "price" : 1679.30,
    "dma50" : 1666.55,
    "dma100" : 1711.44,
    "dma200" : 1627.39,
    "volume" : 265303.00
  }, {
    "date" : "2025-09-23",
    "price" : 1683.00,
    "dma50" : 1667.19,
    "dma100" : 1712.28,
    "dma200" : 1627.94,
    "volume" : 439826.00
  }, {
    "date" : "2025-09-24",
    "price" : 1676.20,
    "dma50" : 1667.55,
    "dma100" : 1712.86,
    "dma200" : 1628.42,
    "volume" : 578500.00
  }, {
    "date" : "2025-09-25",
    "price" : 1688.30,
    "dma50" : 1668.36,
    "dma100" : 1713.60,
    "dma200" : 1629.02,
    "volume" : 1247816.00
  }, {
    "date" : "2025-09-26",
    "price" : 1660.10,
    "dma50" : 1668.04,
    "dma100" : 1713.58,
    "dma200" : 1629.32,
    "volume" : 847374.00
  }, {
    "date" : "2025-09-29",
    "price" : 1696.00,
    "dma50" : 1669.13,
    "dma100" : 1713.90,
    "dma200" : 1629.99,
    "volume" : 862628.00
  }, {
    "date" : "2025-09-30",
    "price" : 1686.10,
    "dma50" : 1669.80,
    "dma100" : 1714.21,
    "dma200" : 1630.55,
    "volume" : 331001.00
  }, {
    "date" : "2025-10-01",
    "price" : 1731.10,
    "dma50" : 1672.20,
    "dma100" : 1714.39,
    "dma200" : 1631.55,
    "volume" : 1079276.00
  }, {
    "date" : "2025-10-03",
    "price" : 1738.20,
    "dma50" : 1674.79,
    "dma100" : 1714.52,
    "dma200" : 1632.61,
    "volume" : 696849.00
  }, {
    "date" : "2025-10-06",
    "price" : 1742.00,
    "dma50" : 1677.43,
    "dma100" : 1714.49,
    "dma200" : 1633.70,
    "volume" : 193728.00
  }, {
    "date" : "2025-10-07",
    "price" : 1736.30,
    "dma50" : 1679.73,
    "dma100" : 1714.09,
    "dma200" : 1634.72,
    "volume" : 420508.00
  }, {
    "date" : "2025-10-08",
    "price" : 1724.90,
    "dma50" : 1681.51,
    "dma100" : 1713.49,
    "dma200" : 1635.61,
    "volume" : 384524.00
  }, {
    "date" : "2025-10-09",
    "price" : 1735.00,
    "dma50" : 1683.60,
    "dma100" : 1712.78,
    "dma200" : 1636.60,
    "volume" : 322342.00
  }, {
    "date" : "2025-10-10",
    "price" : 1738.60,
    "dma50" : 1685.76,
    "dma100" : 1712.22,
    "dma200" : 1637.62,
    "volume" : 124188.00
  }, {
    "date" : "2025-10-13",
    "price" : 1742.20,
    "dma50" : 1687.97,
    "dma100" : 1711.50,
    "dma200" : 1638.66,
    "volume" : 160515.00
  }, {
    "date" : "2025-10-14",
    "price" : 1725.00,
    "dma50" : 1689.43,
    "dma100" : 1710.45,
    "dma200" : 1639.52,
    "volume" : 429725.00
  }, {
    "date" : "2025-10-15",
    "price" : 1734.10,
    "dma50" : 1691.18,
    "dma100" : 1709.49,
    "dma200" : 1640.46,
    "volume" : 333447.00
  }, {
    "date" : "2025-10-16",
    "price" : 1728.00,
    "dma50" : 1692.62,
    "dma100" : 1708.39,
    "dma200" : 1641.33,
    "volume" : 440368.00
  }, {
    "date" : "2025-10-17",
    "price" : 1754.10,
    "dma50" : 1695.03,
    "dma100" : 1707.50,
    "dma200" : 1642.45,
    "volume" : 713180.00
  }, {
    "date" : "2025-10-20",
    "price" : 1749.10,
    "dma50" : 1697.15,
    "dma100" : 1706.63,
    "dma200" : 1643.51,
    "volume" : 308759.00
  }, {
    "date" : "2025-10-21",
    "price" : 1752.10,
    "dma50" : 1699.31,
    "dma100" : 1705.88,
    "dma200" : 1644.59,
    "volume" : 42985.00
  }, {
    "date" : "2025-10-23",
    "price" : 1753.60,
    "dma50" : 1701.44,
    "dma100" : 1705.30,
    "dma200" : 1645.68,
    "volume" : 208914.00
  }, {
    "date" : "2025-10-24",
    "price" : 1754.40,
    "dma50" : 1703.51,
    "dma100" : 1704.76,
    "dma200" : 1646.76,
    "volume" : 308679.00
  }, {
    "date" : "2025-10-27",
    "price" : 1767.00,
    "dma50" : 1706.00,
    "dma100" : 1704.27,
    "dma200" : 1647.96,
    "volume" : 287317.00
  }, {
    "date" : "2025-10-28",
    "price" : 1777.00,
    "dma50" : 1708.79,
    "dma100" : 1703.10,
    "dma200" : 1649.24,
    "volume" : 443343.00
  }, {
    "date" : "2025-10-29",
    "price" : 1804.80,
    "dma50" : 1712.55,
    "dma100" : 1702.00,
    "dma200" : 1650.79,
    "volume" : 1719543.00
  }, {
    "date" : "2025-10-30",
    "price" : 1784.60,
    "dma50" : 1715.38,
    "dma100" : 1700.63,
    "dma200" : 1652.12,
    "volume" : 1511337.00
  }, {
    "date" : "2025-10-31",
    "price" : 1791.50,
    "dma50" : 1718.36,
    "dma100" : 1699.72,
    "dma200" : 1653.51,
    "volume" : 1060852.00
  }, {
    "date" : "2025-11-03",
    "price" : 1796.20,
    "dma50" : 1721.42,
    "dma100" : 1698.76,
    "dma200" : 1654.93,
    "volume" : 1213781.00
  }, {
    "date" : "2025-11-04",
    "price" : 1779.20,
    "dma50" : 1723.68,
    "dma100" : 1697.68,
    "dma200" : 1656.16,
    "volume" : 554227.00
  }, {
    "date" : "2025-11-06",
    "price" : 1785.70,
    "dma50" : 1726.11,
    "dma100" : 1697.18,
    "dma200" : 1657.45,
    "volume" : 917112.00
  }, {
    "date" : "2025-11-07",
    "price" : 1800.50,
    "dma50" : 1729.03,
    "dma100" : 1696.72,
    "dma200" : 1658.88,
    "volume" : 687109.00
  }, {
    "date" : "2025-11-10",
    "price" : 1799.10,
    "dma50" : 1731.78,
    "dma100" : 1696.18,
    "dma200" : 1660.27,
    "volume" : 503739.00
  }, {
    "date" : "2025-11-11",
    "price" : 1791.00,
    "dma50" : 1734.10,
    "dma100" : 1695.76,
    "dma200" : 1661.57,
    "volume" : 325695.00
  }, {
    "date" : "2025-11-12",
    "price" : 1796.40,
    "dma50" : 1736.54,
    "dma100" : 1695.74,
    "dma200" : 1662.91,
    "volume" : 643318.00
  }, {
    "date" : "2025-11-13",
    "price" : 1765.40,
    "dma50" : 1737.68,
    "dma100" : 1695.67,
    "dma200" : 1663.93,
    "volume" : 538870.00
  }, {
    "date" : "2025-11-14",
    "price" : 1763.30,
    "dma50" : 1738.68,
    "dma100" : 1695.61,
    "dma200" : 1664.92,
    "volume" : 279351.00
  }, {
    "date" : "2025-11-17",
    "price" : 1777.70,
    "dma50" : 1740.21,
    "dma100" : 1695.46,
    "dma200" : 1666.04,
    "volume" : 233970.00
  }, {
    "date" : "2025-11-18",
    "price" : 1763.80,
    "dma50" : 1741.14,
    "dma100" : 1695.17,
    "dma200" : 1667.02,
    "volume" : 251083.00
  }, {
    "date" : "2025-11-19",
    "price" : 1720.90,
    "dma50" : 1740.34,
    "dma100" : 1694.42,
    "dma200" : 1667.55,
    "volume" : 822947.00
  }, {
    "date" : "2025-11-20",
    "price" : 1721.20,
    "dma50" : 1739.59,
    "dma100" : 1693.67,
    "dma200" : 1668.09,
    "volume" : 1114903.00
  }, {
    "date" : "2025-11-21",
    "price" : 1727.80,
    "dma50" : 1739.13,
    "dma100" : 1693.39,
    "dma200" : 1668.68,
    "volume" : 613932.00
  }, {
    "date" : "2025-11-24",
    "price" : 1716.20,
    "dma50" : 1738.23,
    "dma100" : 1693.16,
    "dma200" : 1669.15,
    "volume" : 845532.00
  }, {
    "date" : "2025-11-25",
    "price" : 1698.40,
    "dma50" : 1736.67,
    "dma100" : 1692.55,
    "dma200" : 1669.44,
    "volume" : 224529.00
  }, {
    "date" : "2025-11-26",
    "price" : 1732.80,
    "dma50" : 1736.52,
    "dma100" : 1692.45,
    "dma200" : 1670.08,
    "volume" : 236576.00
  }, {
    "date" : "2025-11-27",
    "price" : 1734.90,
    "dma50" : 1736.45,
    "dma100" : 1692.50,
    "dma200" : 1670.72,
    "volume" : 388959.00
  }, {
    "date" : "2025-11-28",
    "price" : 1718.90,
    "dma50" : 1735.76,
    "dma100" : 1692.52,
    "dma200" : 1671.20,
    "volume" : 295793.00
  }, {
    "date" : "2025-12-01",
    "price" : 1734.30,
    "dma50" : 1735.71,
    "dma100" : 1692.52,
    "dma200" : 1671.83,
    "volume" : 223703.00
  }, {
    "date" : "2025-12-02",
    "price" : 1734.60,
    "dma50" : 1735.66,
    "dma100" : 1692.45,
    "dma200" : 1672.45,
    "volume" : 305795.00
  }, {
    "date" : "2025-12-03",
    "price" : 1752.10,
    "dma50" : 1736.31,
    "dma100" : 1692.89,
    "dma200" : 1673.24,
    "volume" : 429555.00
  }, {
    "date" : "2025-12-04",
    "price" : 1772.90,
    "dma50" : 1737.74,
    "dma100" : 1693.42,
    "dma200" : 1674.24,
    "volume" : 675817.00
  }, {
    "date" : "2025-12-05",
    "price" : 1771.00,
    "dma50" : 1739.05,
    "dma100" : 1694.12,
    "dma200" : 1675.20,
    "volume" : 291794.00
  }, {
    "date" : "2025-12-08",
    "price" : 1736.10,
    "dma50" : 1738.93,
    "dma100" : 1694.55,
    "dma200" : 1675.81,
    "volume" : 912575.00
  }, {
    "date" : "2025-12-09",
    "price" : 1740.80,
    "dma50" : 1739.01,
    "dma100" : 1694.73,
    "dma200" : 1676.45,
    "volume" : 451883.00
  }, {
    "date" : "2025-12-10",
    "price" : 1736.00,
    "dma50" : 1738.89,
    "dma100" : 1694.94,
    "dma200" : 1677.04,
    "volume" : 415524.00
  }, {
    "date" : "2025-12-11",
    "price" : 1723.00,
    "dma50" : 1738.26,
    "dma100" : 1695.22,
    "dma200" : 1677.50,
    "volume" : 340085.00
  }, {
    "date" : "2025-12-12",
    "price" : 1737.90,
    "dma50" : 1738.25,
    "dma100" : 1695.93,
    "dma200" : 1678.10,
    "volume" : 560279.00
  }, {
    "date" : "2025-12-15",
    "price" : 1739.10,
    "dma50" : 1738.28,
    "dma100" : 1696.40,
    "dma200" : 1678.71,
    "volume" : 568338.00
  }, {
    "date" : "2025-12-16",
    "price" : 1732.90,
    "dma50" : 1738.07,
    "dma100" : 1697.13,
    "dma200" : 1679.25,
    "volume" : 601766.00
  }, {
    "date" : "2025-12-17",
    "price" : 1764.50,
    "dma50" : 1739.11,
    "dma100" : 1697.98,
    "dma200" : 1680.10,
    "volume" : 768856.00
  }, {
    "date" : "2025-12-18",
    "price" : 1795.70,
    "dma50" : 1741.33,
    "dma100" : 1699.07,
    "dma200" : 1681.25,
    "volume" : 591813.00
  }, {
    "date" : "2025-12-19",
    "price" : 1820.10,
    "dma50" : 1744.42,
    "dma100" : 1701.84,
    "dma200" : 1682.63,
    "volume" : 547900.00
  }, {
    "date" : "2025-12-22",
    "price" : 1863.30,
    "dma50" : 1749.08,
    "dma100" : 1705.43,
    "dma200" : 1684.43,
    "volume" : 516130.00
  }, {
    "date" : "2025-12-23",
    "price" : 1867.90,
    "dma50" : 1753.74,
    "dma100" : 1708.96,
    "dma200" : 1686.25,
    "volume" : 355766.00
  }, {
    "date" : "2025-12-24",
    "price" : 1858.60,
    "dma50" : 1757.85,
    "dma100" : 1711.88,
    "dma200" : 1687.97,
    "volume" : 261791.00
  }, {
    "date" : "2025-12-26",
    "price" : 1886.10,
    "dma50" : 1762.88,
    "dma100" : 1714.73,
    "dma200" : 1689.94,
    "volume" : 366497.00
  }, {
    "date" : "2025-12-29",
    "price" : 1888.60,
    "dma50" : 1767.81,
    "dma100" : 1717.67,
    "dma200" : 1691.92,
    "volume" : 511344.00
  }, {
    "date" : "2025-12-30",
    "price" : 1883.20,
    "dma50" : 1772.34,
    "dma100" : 1720.64,
    "dma200" : 1693.82,
    "volume" : 1014270.00
  }, {
    "date" : "2025-12-31",
    "price" : 1914.00,
    "dma50" : 1777.89,
    "dma100" : 1723.75,
    "dma200" : 1696.01,
    "volume" : 366321.00
  }, {
    "date" : "2026-01-01",
    "price" : 1970.00,
    "dma50" : 1785.42,
    "dma100" : 1727.75,
    "dma200" : 1698.74,
    "volume" : 1920767.00
  }, {
    "date" : "2026-01-02",
    "price" : 1931.90,
    "dma50" : 1791.17,
    "dma100" : 1731.12,
    "dma200" : 1701.06,
    "volume" : 771777.00
  }, {
    "date" : "2026-01-05",
    "price" : 1966.20,
    "dma50" : 1798.03,
    "dma100" : 1734.96,
    "dma200" : 1703.69,
    "volume" : 673863.00
  }, {
    "date" : "2026-01-06",
    "price" : 1947.90,
    "dma50" : 1803.91,
    "dma100" : 1738.56,
    "dma200" : 1706.12,
    "volume" : 534243.00
  }, {
    "date" : "2026-01-07",
    "price" : 1949.80,
    "dma50" : 1809.63,
    "dma100" : 1742.23,
    "dma200" : 1708.55,
    "volume" : 327527.00
  }, {
    "date" : "2026-01-08",
    "price" : 1913.90,
    "dma50" : 1813.72,
    "dma100" : 1745.55,
    "dma200" : 1710.59,
    "volume" : 351957.00
  } ],
  "latestTechnicalAttributes" : {
    "date" : "2026-01-08",
    "price" : 1913.90,
    "dma50" : 1813.72,
    "dma100" : 1745.55,
    "dma200" : 1710.59,
    "volume" : 351957.00
  },
  "quarterlyResults" : [ {
    "date" : "2005-03-31",
    "sales" : 37.66,
    "salesGrowthYoY" : null,
    "grossProfitMargin" : 100.00,
    "grossProfit" : 37.66,
    "operatingProfitMargin" : 1.96,
    "operatingProfit" : 0.74,
    "netProfitMargin" : 0.56,
    "netProfit" : 0.21
  }, {
    "date" : "2005-06-30",
    "sales" : 43.82,
    "salesGrowthYoY" : null,
    "grossProfitMargin" : 100.00,
    "grossProfit" : 43.82,
    "operatingProfitMargin" : 2.40,
    "operatingProfit" : 1.05,
    "netProfitMargin" : 0.68,
    "netProfit" : 0.30
  }, {
    "date" : "2005-09-30",
    "sales" : 38.69,
    "salesGrowthYoY" : null,
    "grossProfitMargin" : 100.00,
    "grossProfit" : 38.69,
    "operatingProfitMargin" : 3.62,
    "operatingProfit" : 1.40,
    "netProfitMargin" : 1.24,
    "netProfit" : 0.48
  }, {
    "date" : "2005-12-31",
    "sales" : 40.63,
    "salesGrowthYoY" : null,
    "grossProfitMargin" : 100.00,
    "grossProfit" : 40.63,
    "operatingProfitMargin" : 2.49,
    "operatingProfit" : 1.01,
    "netProfitMargin" : 0.54,
    "netProfit" : 0.22
  }, {
    "date" : "2006-03-31",
    "sales" : 37.52,
    "salesGrowthYoY" : -0.37,
    "grossProfitMargin" : 100.00,
    "grossProfit" : 37.52,
    "operatingProfitMargin" : 3.94,
    "operatingProfit" : 1.48,
    "netProfitMargin" : 1.49,
    "netProfit" : 0.56
  }, {
    "date" : "2006-06-30",
    "sales" : 50.07,
    "salesGrowthYoY" : 14.26,
    "grossProfitMargin" : 100.00,
    "grossProfit" : 50.07,
    "operatingProfitMargin" : 3.08,
    "operatingProfit" : 1.54,
    "netProfitMargin" : 1.32,
    "netProfit" : 0.66
  }, {
    "date" : "2006-09-30",
    "sales" : 51.92,
    "salesGrowthYoY" : 34.19,
    "grossProfitMargin" : 100.00,
    "grossProfit" : 51.92,
    "operatingProfitMargin" : 3.87,
    "operatingProfit" : 2.01,
    "netProfitMargin" : 1.29,
    "netProfit" : 0.67
  }, {
    "date" : "2006-12-31",
    "sales" : 49.88,
    "salesGrowthYoY" : 22.77,
    "grossProfitMargin" : 14.84,
    "grossProfit" : 7.40,
    "operatingProfitMargin" : 8.12,
    "operatingProfit" : 4.05,
    "netProfitMargin" : 4.01,
    "netProfit" : 2.00
  }, {
    "date" : "2007-03-31",
    "sales" : 56.90,
    "salesGrowthYoY" : 51.65,
    "grossProfitMargin" : 21.48,
    "grossProfit" : 12.22,
    "operatingProfitMargin" : 11.70,
    "operatingProfit" : 6.66,
    "netProfitMargin" : 6.47,
    "netProfit" : 3.68
  }, {
    "date" : "2007-06-30",
    "sales" : 56.90,
    "salesGrowthYoY" : 13.64,
    "grossProfitMargin" : 17.43,
    "grossProfit" : 9.92,
    "operatingProfitMargin" : 11.14,
    "operatingProfit" : 6.34,
    "netProfitMargin" : 6.24,
    "netProfit" : 3.55
  }, {
    "date" : "2007-09-30",
    "sales" : 62.20,
    "salesGrowthYoY" : 19.80,
    "grossProfitMargin" : 17.30,
    "grossProfit" : 10.76,
    "operatingProfitMargin" : 9.98,
    "operatingProfit" : 6.21,
    "netProfitMargin" : 6.41,
    "netProfit" : 3.99
  }, {
    "date" : "2007-12-31",
    "sales" : 66.79,
    "salesGrowthYoY" : 33.90,
    "grossProfitMargin" : 17.92,
    "grossProfit" : 11.97,
    "operatingProfitMargin" : 10.21,
    "operatingProfit" : 6.82,
    "netProfitMargin" : 6.20,
    "netProfit" : 4.14
  }, {
    "date" : "2008-03-31",
    "sales" : 96.28,
    "salesGrowthYoY" : 69.21,
    "grossProfitMargin" : 14.24,
    "grossProfit" : 13.71,
    "operatingProfitMargin" : 9.82,
    "operatingProfit" : 9.45,
    "netProfitMargin" : 5.81,
    "netProfit" : 5.59
  }, {
    "date" : "2008-06-30",
    "sales" : 127.64,
    "salesGrowthYoY" : 124.32,
    "grossProfitMargin" : 16.68,
    "grossProfit" : 21.29,
    "operatingProfitMargin" : 10.37,
    "operatingProfit" : 13.24,
    "netProfitMargin" : 5.99,
    "netProfit" : 7.65
  }, {
    "date" : "2008-09-30",
    "sales" : 101.00,
    "salesGrowthYoY" : 62.38,
    "grossProfitMargin" : 15.03,
    "grossProfit" : 15.18,
    "operatingProfitMargin" : 8.22,
    "operatingProfit" : 8.30,
    "netProfitMargin" : 5.32,
    "netProfit" : 5.37
  }, {
    "date" : "2008-12-31",
    "sales" : 76.04,
    "salesGrowthYoY" : 13.85,
    "grossProfitMargin" : -0.87,
    "grossProfit" : -0.66,
    "operatingProfitMargin" : -6.77,
    "operatingProfit" : -5.15,
    "netProfitMargin" : -5.43,
    "netProfit" : -4.13
  }, {
    "date" : "2009-03-31",
    "sales" : 81.57,
    "salesGrowthYoY" : -15.28,
    "grossProfitMargin" : 4.92,
    "grossProfit" : 4.01,
    "operatingProfitMargin" : 0.04,
    "operatingProfit" : 0.03,
    "netProfitMargin" : -2.94,
    "netProfit" : -2.40
  }, {
    "date" : "2009-06-30",
    "sales" : 74.85,
    "salesGrowthYoY" : -41.36,
    "grossProfitMargin" : 13.60,
    "grossProfit" : 10.18,
    "operatingProfitMargin" : 8.16,
    "operatingProfit" : 6.11,
    "netProfitMargin" : 4.15,
    "netProfit" : 3.11
  }, {
    "date" : "2009-09-30",
    "sales" : 85.12,
    "salesGrowthYoY" : -15.72,
    "grossProfitMargin" : 16.84,
    "grossProfit" : 14.33,
    "operatingProfitMargin" : 9.00,
    "operatingProfit" : 7.66,
    "netProfitMargin" : 5.56,
    "netProfit" : 4.73
  }, {
    "date" : "2009-12-31",
    "sales" : 85.47,
    "salesGrowthYoY" : 12.40,
    "grossProfitMargin" : 17.33,
    "grossProfit" : 14.81,
    "operatingProfitMargin" : 8.99,
    "operatingProfit" : 7.68,
    "netProfitMargin" : 5.60,
    "netProfit" : 4.79
  }, {
    "date" : "2010-03-31",
    "sales" : 131.96,
    "salesGrowthYoY" : 61.78,
    "grossProfitMargin" : 15.99,
    "grossProfit" : 21.10,
    "operatingProfitMargin" : 7.24,
    "operatingProfit" : 9.55,
    "netProfitMargin" : 5.49,
    "netProfit" : 7.24
  }, {
    "date" : "2010-06-30",
    "sales" : 107.90,
    "salesGrowthYoY" : 44.15,
    "grossProfitMargin" : 15.07,
    "grossProfit" : 16.26,
    "operatingProfitMargin" : 7.95,
    "operatingProfit" : 8.58,
    "netProfitMargin" : 3.86,
    "netProfit" : 4.16
  }, {
    "date" : "2010-09-30",
    "sales" : 148.02,
    "salesGrowthYoY" : 73.90,
    "grossProfitMargin" : 16.90,
    "grossProfit" : 25.02,
    "operatingProfitMargin" : 9.02,
    "operatingProfit" : 13.35,
    "netProfitMargin" : 4.13,
    "netProfit" : 6.11
  }, {
    "date" : "2010-12-31",
    "sales" : 165.10,
    "salesGrowthYoY" : 93.17,
    "grossProfitMargin" : 17.49,
    "grossProfit" : 28.88,
    "operatingProfitMargin" : 10.10,
    "operatingProfit" : 16.68,
    "netProfitMargin" : 4.77,
    "netProfit" : 7.88
  }, {
    "date" : "2011-03-31",
    "sales" : 165.97,
    "salesGrowthYoY" : 25.77,
    "grossProfitMargin" : 18.05,
    "grossProfit" : 29.96,
    "operatingProfitMargin" : 9.39,
    "operatingProfit" : 15.58,
    "netProfitMargin" : 4.15,
    "netProfit" : 6.89
  }, {
    "date" : "2011-06-30",
    "sales" : 227.56,
    "salesGrowthYoY" : 110.90,
    "grossProfitMargin" : 14.32,
    "grossProfit" : 32.59,
    "operatingProfitMargin" : 7.51,
    "operatingProfit" : 17.09,
    "netProfitMargin" : 3.34,
    "netProfit" : 7.60
  }, {
    "date" : "2011-09-30",
    "sales" : 241.34,
    "salesGrowthYoY" : 63.05,
    "grossProfitMargin" : 13.48,
    "grossProfit" : 32.53,
    "operatingProfitMargin" : 6.12,
    "operatingProfit" : 14.77,
    "netProfitMargin" : 2.09,
    "netProfit" : 5.04
  }, {
    "date" : "2011-12-31",
    "sales" : 266.79,
    "salesGrowthYoY" : 61.59,
    "grossProfitMargin" : 14.44,
    "grossProfit" : 38.52,
    "operatingProfitMargin" : 6.80,
    "operatingProfit" : 18.14,
    "netProfitMargin" : 2.73,
    "netProfit" : 7.28
  }, {
    "date" : "2012-03-31",
    "sales" : 348.62,
    "salesGrowthYoY" : 110.05,
    "grossProfitMargin" : 10.34,
    "grossProfit" : 36.05,
    "operatingProfitMargin" : 6.39,
    "operatingProfit" : 22.28,
    "netProfitMargin" : 2.68,
    "netProfit" : 9.34
  }, {
    "date" : "2012-06-30",
    "sales" : 351.33,
    "salesGrowthYoY" : 54.39,
    "grossProfitMargin" : 13.53,
    "grossProfit" : 47.53,
    "operatingProfitMargin" : 6.60,
    "operatingProfit" : 23.19,
    "netProfitMargin" : 2.83,
    "netProfit" : 9.94
  }, {
    "date" : "2012-09-30",
    "sales" : 375.58,
    "salesGrowthYoY" : 55.62,
    "grossProfitMargin" : 12.05,
    "grossProfit" : 45.26,
    "operatingProfitMargin" : 6.01,
    "operatingProfit" : 22.57,
    "netProfitMargin" : 2.69,
    "netProfit" : 10.10
  }, {
    "date" : "2012-12-31",
    "sales" : 440.37,
    "salesGrowthYoY" : 65.06,
    "grossProfitMargin" : 12.01,
    "grossProfit" : 52.89,
    "operatingProfitMargin" : 6.17,
    "operatingProfit" : 27.17,
    "netProfitMargin" : 2.36,
    "netProfit" : 10.39
  }, {
    "date" : "2013-03-31",
    "sales" : 441.83,
    "salesGrowthYoY" : 26.74,
    "grossProfitMargin" : 10.08,
    "grossProfit" : 44.54,
    "operatingProfitMargin" : 4.71,
    "operatingProfit" : 20.81,
    "netProfitMargin" : 0.99,
    "netProfit" : 4.37
  }, {
    "date" : "2013-06-30",
    "sales" : 504.17,
    "salesGrowthYoY" : 43.50,
    "grossProfitMargin" : 10.70,
    "grossProfit" : 53.95,
    "operatingProfitMargin" : 5.02,
    "operatingProfit" : 25.31,
    "netProfitMargin" : 1.67,
    "netProfit" : 8.42
  }, {
    "date" : "2013-09-30",
    "sales" : 511.13,
    "salesGrowthYoY" : 36.09,
    "grossProfitMargin" : 10.48,
    "grossProfit" : 53.57,
    "operatingProfitMargin" : 4.43,
    "operatingProfit" : 22.64,
    "netProfitMargin" : 1.21,
    "netProfit" : 6.18
  }, {
    "date" : "2013-12-31",
    "sales" : 483.89,
    "salesGrowthYoY" : 9.88,
    "grossProfitMargin" : 11.00,
    "grossProfit" : 53.23,
    "operatingProfitMargin" : 4.57,
    "operatingProfit" : 22.11,
    "netProfitMargin" : 1.08,
    "netProfit" : 5.23
  }, {
    "date" : "2014-03-31",
    "sales" : 545.53,
    "salesGrowthYoY" : 23.47,
    "grossProfitMargin" : 9.11,
    "grossProfit" : 49.70,
    "operatingProfitMargin" : 4.26,
    "operatingProfit" : 23.24,
    "netProfitMargin" : 1.18,
    "netProfit" : 6.44
  }, {
    "date" : "2014-06-30",
    "sales" : 542.81,
    "salesGrowthYoY" : 7.66,
    "grossProfitMargin" : 8.55,
    "grossProfit" : 46.41,
    "operatingProfitMargin" : 3.84,
    "operatingProfit" : 20.84,
    "netProfitMargin" : 1.01,
    "netProfit" : 5.48
  }, {
    "date" : "2014-09-30",
    "sales" : 484.59,
    "salesGrowthYoY" : -5.19,
    "grossProfitMargin" : 8.01,
    "grossProfit" : 38.82,
    "operatingProfitMargin" : 5.18,
    "operatingProfit" : 25.10,
    "netProfitMargin" : 1.37,
    "netProfit" : 6.64
  }, {
    "date" : "2014-12-31",
    "sales" : 498.20,
    "salesGrowthYoY" : 2.96,
    "grossProfitMargin" : 9.33,
    "grossProfit" : 46.48,
    "operatingProfitMargin" : 5.18,
    "operatingProfit" : 25.81,
    "netProfitMargin" : 3.44,
    "netProfit" : 17.14
  }, {
    "date" : "2015-03-31",
    "sales" : 512.20,
    "salesGrowthYoY" : -6.11,
    "grossProfitMargin" : 11.63,
    "grossProfit" : 59.57,
    "operatingProfitMargin" : 4.45,
    "operatingProfit" : 22.79,
    "netProfitMargin" : 0.43,
    "netProfit" : 2.20
  }, {
    "date" : "2015-06-30",
    "sales" : 634.37,
    "salesGrowthYoY" : 16.87,
    "grossProfitMargin" : 9.95,
    "grossProfit" : 63.12,
    "operatingProfitMargin" : 3.52,
    "operatingProfit" : 22.33,
    "netProfitMargin" : 0.74,
    "netProfit" : 4.69
  }, {
    "date" : "2015-09-30",
    "sales" : 686.67,
    "salesGrowthYoY" : 41.70,
    "grossProfitMargin" : 10.18,
    "grossProfit" : 69.90,
    "operatingProfitMargin" : 3.43,
    "operatingProfit" : 23.55,
    "netProfitMargin" : 3.79,
    "netProfit" : 26.02
  }, {
    "date" : "2015-12-31",
    "sales" : 827.12,
    "salesGrowthYoY" : 66.02,
    "grossProfitMargin" : 9.69,
    "grossProfit" : 80.15,
    "operatingProfitMargin" : 2.67,
    "operatingProfit" : 22.08,
    "netProfitMargin" : 0.45,
    "netProfit" : 3.72
  }, {
    "date" : "2016-03-31",
    "sales" : 847.44,
    "salesGrowthYoY" : 65.45,
    "grossProfitMargin" : 13.79,
    "grossProfit" : 116.86,
    "operatingProfitMargin" : 5.30,
    "operatingProfit" : 44.91,
    "netProfitMargin" : 2.13,
    "netProfit" : 18.05
  }, {
    "date" : "2016-06-30",
    "sales" : 577.79,
    "salesGrowthYoY" : -8.92,
    "grossProfitMargin" : 11.84,
    "grossProfit" : 68.41,
    "operatingProfitMargin" : 4.70,
    "operatingProfit" : 27.16,
    "netProfitMargin" : 1.12,
    "netProfit" : 6.47
  }, {
    "date" : "2016-09-30",
    "sales" : 537.84,
    "salesGrowthYoY" : -21.67,
    "grossProfitMargin" : 15.04,
    "grossProfit" : 80.89,
    "operatingProfitMargin" : 5.34,
    "operatingProfit" : 28.72,
    "netProfitMargin" : 1.20,
    "netProfit" : 6.45
  }, {
    "date" : "2016-12-31",
    "sales" : 751.16,
    "salesGrowthYoY" : -9.18,
    "grossProfitMargin" : 15.88,
    "grossProfit" : 119.28,
    "operatingProfitMargin" : 6.60,
    "operatingProfit" : 49.58,
    "netProfitMargin" : 2.07,
    "netProfit" : 15.55
  }, {
    "date" : "2017-03-31",
    "sales" : 852.91,
    "salesGrowthYoY" : 0.65,
    "grossProfitMargin" : 13.62,
    "grossProfit" : 116.17,
    "operatingProfitMargin" : 6.80,
    "operatingProfit" : 58.00,
    "netProfitMargin" : 3.75,
    "netProfit" : 31.98
  }, {
    "date" : "2017-06-30",
    "sales" : 897.02,
    "salesGrowthYoY" : 55.25,
    "grossProfitMargin" : 14.45,
    "grossProfit" : 129.62,
    "operatingProfitMargin" : 5.91,
    "operatingProfit" : 53.01,
    "netProfitMargin" : 2.69,
    "netProfit" : 24.13
  }, {
    "date" : "2017-09-30",
    "sales" : 1077.03,
    "salesGrowthYoY" : 100.25,
    "grossProfitMargin" : 13.72,
    "grossProfit" : 147.77,
    "operatingProfitMargin" : 5.50,
    "operatingProfit" : 59.24,
    "netProfitMargin" : 4.26,
    "netProfit" : 45.88
  }, {
    "date" : "2017-12-31",
    "sales" : 1084.78,
    "salesGrowthYoY" : 44.41,
    "grossProfitMargin" : 12.40,
    "grossProfit" : 134.51,
    "operatingProfitMargin" : 5.27,
    "operatingProfit" : 57.17,
    "netProfitMargin" : 1.71,
    "netProfit" : 18.55
  }, {
    "date" : "2018-03-31",
    "sales" : 1276.26,
    "salesGrowthYoY" : 49.64,
    "grossProfitMargin" : 10.40,
    "grossProfit" : 132.73,
    "operatingProfitMargin" : 5.07,
    "operatingProfit" : 64.71,
    "netProfitMargin" : 1.87,
    "netProfit" : 23.87
  }, {
    "date" : "2018-06-30",
    "sales" : 1373.62,
    "salesGrowthYoY" : 53.13,
    "grossProfitMargin" : 11.23,
    "grossProfit" : 154.26,
    "operatingProfitMargin" : 5.52,
    "operatingProfit" : 75.82,
    "netProfitMargin" : 1.97,
    "netProfit" : 27.06
  }, {
    "date" : "2018-09-30",
    "sales" : 1371.02,
    "salesGrowthYoY" : 27.30,
    "grossProfitMargin" : 10.50,
    "grossProfit" : 143.96,
    "operatingProfitMargin" : 4.71,
    "operatingProfit" : 64.58,
    "netProfitMargin" : 3.60,
    "netProfit" : 49.36
  }, {
    "date" : "2018-12-31",
    "sales" : 1375.72,
    "salesGrowthYoY" : 26.82,
    "grossProfitMargin" : 8.26,
    "grossProfit" : 113.63,
    "operatingProfitMargin" : 2.80,
    "operatingProfit" : 38.52,
    "netProfitMargin" : 0.21,
    "netProfit" : 2.89
  }, {
    "date" : "2019-03-31",
    "sales" : 1748.11,
    "salesGrowthYoY" : 36.97,
    "grossProfitMargin" : 12.08,
    "grossProfit" : 211.17,
    "operatingProfitMargin" : 6.20,
    "operatingProfit" : 108.38,
    "netProfitMargin" : 2.69,
    "netProfit" : 47.02
  }, {
    "date" : "2019-06-30",
    "sales" : 1652.25,
    "salesGrowthYoY" : 20.28,
    "grossProfitMargin" : 10.68,
    "grossProfit" : 176.46,
    "operatingProfitMargin" : 4.00,
    "operatingProfit" : 66.09,
    "netProfitMargin" : 1.25,
    "netProfit" : 20.65
  }, {
    "date" : "2019-09-30",
    "sales" : 1292.81,
    "salesGrowthYoY" : -5.70,
    "grossProfitMargin" : 9.84,
    "grossProfit" : 127.21,
    "operatingProfitMargin" : 2.23,
    "operatingProfit" : 28.83,
    "netProfitMargin" : 2.07,
    "netProfit" : 26.76
  }, {
    "date" : "2019-12-31",
    "sales" : 1603.26,
    "salesGrowthYoY" : 16.54,
    "grossProfitMargin" : 13.58,
    "grossProfit" : 217.72,
    "operatingProfitMargin" : 5.53,
    "operatingProfit" : 88.66,
    "netProfitMargin" : 2.64,
    "netProfit" : 42.33
  }, {
    "date" : "2020-03-31",
    "sales" : 1382.49,
    "salesGrowthYoY" : -20.92,
    "grossProfitMargin" : 12.48,
    "grossProfit" : 172.53,
    "operatingProfitMargin" : 3.90,
    "operatingProfit" : 53.92,
    "netProfitMargin" : 1.84,
    "netProfit" : 25.44
  }, {
    "date" : "2020-06-30",
    "sales" : 783.70,
    "salesGrowthYoY" : -52.57,
    "grossProfitMargin" : 11.60,
    "grossProfit" : 90.91,
    "operatingProfitMargin" : 3.53,
    "operatingProfit" : 27.66,
    "netProfitMargin" : 0.13,
    "netProfit" : 1.02
  }, {
    "date" : "2020-09-30",
    "sales" : 1581.59,
    "salesGrowthYoY" : 22.34,
    "grossProfitMargin" : 11.65,
    "grossProfit" : 184.26,
    "operatingProfitMargin" : 4.78,
    "operatingProfit" : 75.60,
    "netProfitMargin" : 2.71,
    "netProfit" : 42.86
  }, {
    "date" : "2020-12-31",
    "sales" : 1801.59,
    "salesGrowthYoY" : 12.37,
    "grossProfitMargin" : 11.10,
    "grossProfit" : 199.98,
    "operatingProfitMargin" : 5.22,
    "operatingProfit" : 94.04,
    "netProfitMargin" : 3.09,
    "netProfit" : 55.67
  }, {
    "date" : "2021-03-31",
    "sales" : 1841.08,
    "salesGrowthYoY" : 33.17,
    "grossProfitMargin" : 9.99,
    "grossProfit" : 183.92,
    "operatingProfitMargin" : 4.70,
    "operatingProfit" : 86.53,
    "netProfitMargin" : 2.95,
    "netProfit" : 54.31
  }, {
    "date" : "2021-06-30",
    "sales" : 1677.54,
    "salesGrowthYoY" : 114.05,
    "grossProfitMargin" : 11.44,
    "grossProfit" : 191.91,
    "operatingProfitMargin" : 4.81,
    "operatingProfit" : 80.69,
    "netProfitMargin" : 2.74,
    "netProfit" : 45.96
  }, {
    "date" : "2021-09-30",
    "sales" : 2670.07,
    "salesGrowthYoY" : 68.82,
    "grossProfitMargin" : 12.48,
    "grossProfit" : 333.22,
    "operatingProfitMargin" : 6.73,
    "operatingProfit" : 179.70,
    "netProfitMargin" : 4.32,
    "netProfit" : 115.35
  }, {
    "date" : "2021-12-31",
    "sales" : 2895.39,
    "salesGrowthYoY" : 60.71,
    "grossProfitMargin" : 11.84,
    "grossProfit" : 342.81,
    "operatingProfitMargin" : 5.69,
    "operatingProfit" : 164.75,
    "netProfitMargin" : 3.56,
    "netProfit" : 103.08
  }, {
    "date" : "2022-03-31",
    "sales" : 3767.05,
    "salesGrowthYoY" : 104.61,
    "grossProfitMargin" : 11.79,
    "grossProfit" : 444.14,
    "operatingProfitMargin" : 6.10,
    "operatingProfit" : 229.79,
    "netProfitMargin" : 4.11,
    "netProfit" : 154.83
  }, {
    "date" : "2022-06-30",
    "sales" : 3060.68,
    "salesGrowthYoY" : 82.45,
    "grossProfitMargin" : 11.86,
    "grossProfit" : 363.00,
    "operatingProfitMargin" : 5.43,
    "operatingProfit" : 166.19,
    "netProfitMargin" : 3.44,
    "netProfit" : 105.29
  }, {
    "date" : "2022-09-30",
    "sales" : 3771.36,
    "salesGrowthYoY" : 41.25,
    "grossProfitMargin" : 10.68,
    "grossProfit" : 402.78,
    "operatingProfitMargin" : 4.95,
    "operatingProfit" : 186.68,
    "netProfitMargin" : 3.22,
    "netProfit" : 121.44
  }, {
    "date" : "2022-12-31",
    "sales" : 3761.18,
    "salesGrowthYoY" : 29.90,
    "grossProfitMargin" : 11.17,
    "grossProfit" : 420.12,
    "operatingProfitMargin" : 5.55,
    "operatingProfit" : 208.75,
    "netProfitMargin" : 3.54,
    "netProfit" : 133.15
  }, {
    "date" : "2023-03-31",
    "sales" : 3686.07,
    "salesGrowthYoY" : -2.15,
    "grossProfitMargin" : 12.19,
    "grossProfit" : 449.33,
    "operatingProfitMargin" : 6.39,
    "operatingProfit" : 235.54,
    "netProfitMargin" : 4.12,
    "netProfit" : 151.87
  }, {
    "date" : "2023-06-30",
    "sales" : 3648.91,
    "salesGrowthYoY" : 19.22,
    "grossProfitMargin" : 12.00,
    "grossProfit" : 437.87,
    "operatingProfitMargin" : 6.39,
    "operatingProfit" : 233.17,
    "netProfitMargin" : 4.40,
    "netProfit" : 160.55
  }, {
    "date" : "2023-09-30",
    "sales" : 3724.91,
    "salesGrowthYoY" : -1.23,
    "grossProfitMargin" : 11.14,
    "grossProfit" : 414.95,
    "operatingProfitMargin" : 5.58,
    "operatingProfit" : 207.85,
    "netProfitMargin" : 3.57,
    "netProfit" : 132.98
  }, {
    "date" : "2023-12-31",
    "sales" : 3145.52,
    "salesGrowthYoY" : -16.37,
    "grossProfitMargin" : 11.20,
    "grossProfit" : 352.30,
    "operatingProfitMargin" : 5.37,
    "operatingProfit" : 168.91,
    "netProfitMargin" : 3.27,
    "netProfit" : 102.86
  }, {
    "date" : "2024-03-31",
    "sales" : 3339.47,
    "salesGrowthYoY" : -9.40,
    "grossProfitMargin" : 8.42,
    "grossProfit" : 281.18,
    "operatingProfitMargin" : 2.87,
    "operatingProfit" : 95.84,
    "netProfitMargin" : 1.72,
    "netProfit" : 57.44
  }, {
    "date" : "2024-06-30",
    "sales" : 3501.34,
    "salesGrowthYoY" : -4.04,
    "grossProfitMargin" : 10.10,
    "grossProfit" : 353.64,
    "operatingProfitMargin" : 4.09,
    "operatingProfit" : 143.20,
    "netProfitMargin" : 2.64,
    "netProfit" : 92.44
  }, {
    "date" : "2024-09-30",
    "sales" : 3321.37,
    "salesGrowthYoY" : -10.83,
    "grossProfitMargin" : 7.45,
    "grossProfit" : 247.44,
    "operatingProfitMargin" : 1.50,
    "operatingProfit" : 49.82,
    "netProfitMargin" : 0.18,
    "netProfit" : 5.98
  }, {
    "date" : "2024-12-31",
    "sales" : 3781.49,
    "salesGrowthYoY" : 20.22,
    "grossProfitMargin" : 9.60,
    "grossProfit" : 363.02,
    "operatingProfitMargin" : 3.87,
    "operatingProfit" : 146.34,
    "netProfitMargin" : 2.28,
    "netProfit" : 86.22
  }, {
    "date" : "2025-03-31",
    "sales" : 3756.51,
    "salesGrowthYoY" : 12.49,
    "grossProfitMargin" : 10.65,
    "grossProfit" : 400.07,
    "operatingProfitMargin" : 5.38,
    "operatingProfit" : 202.10,
    "netProfitMargin" : 4.02,
    "netProfit" : 151.01
  }, {
    "date" : "2025-06-30",
    "sales" : 3372.54,
    "salesGrowthYoY" : -3.68,
    "grossProfitMargin" : 11.74,
    "grossProfit" : 395.94,
    "operatingProfitMargin" : 5.74,
    "operatingProfit" : 193.58,
    "netProfitMargin" : 3.44,
    "netProfit" : 116.02
  }, {
    "date" : "2025-09-30",
    "sales" : 3186.19,
    "salesGrowthYoY" : -4.07,
    "grossProfitMargin" : 11.75,
    "grossProfit" : 374.38,
    "operatingProfitMargin" : 5.73,
    "operatingProfit" : 182.57,
    "netProfitMargin" : 3.33,
    "netProfit" : 106.10
  } ],
  "latestQuarterlyResult" : {
    "date" : "2025-09-30",
    "sales" : 3186.19,
    "salesGrowthYoY" : -4.07,
    "grossProfitMargin" : 11.75,
    "grossProfit" : 374.38,
    "operatingProfitMargin" : 5.73,
    "operatingProfit" : 182.57,
    "netProfitMargin" : 3.33,
    "netProfit" : 106.10
  },
  "companyScore" : {
    "priceHigherThanDma50" : 5.00,
    "priceHigherThanDma100" : 5.00,
    "priceHigherThanDma200" : 5.00,
    "dma50HigherThanDma100" : 5.00,
    "dma50HigherThanDma200" : 5.00,
    "dma100HigherThanDma200" : 5.00,
    "pricePercentageAboveDma50" : 4.72,
    "pricePercentageAboveDma100" : 4.52,
    "pricePercentageAboveDma200" : 4.41,
    "weeklyVolumeHigherThanYearlyVolume" : 0.00,
    "salesGrowthPercentile" : 5.48,
    "operatingProfitMarginPercentile" : 13.54,
    "netProfitMarginPercentile" : 7.36,
    "totalTechnicalScore" : 43.65,
    "totalFundamentalScore" : 26.38,
    "totalScore" : 70.03
  }
}