{
  "metadata" : {
    "screenerCompanyId" : "219",
    "companyCode" : "APOLLOTYRE",
    "companyName" : "Apollo Tyres",
    "screenerCompanyLink" : "https://www.screener.in/company/APOLLOTYRE",
    "screenerTechnicalHistoryLink" : "https://www.screener.in/api/company/219/chart/?q=Price-DMA50-DMA200-Volume&days=365",
    "screenerQuarterlyResultsLink" : "https://www.screener.in/api/company/219/chart/?q=GPM-OPM-NPM-Quarter+Sales&days=10000",
    "attributes" : {
      "companyCode" : "APOLLOTYRE",
      "companyName" : "Apollo Tyres",
      "marketCap" : 33556.00,
      "peRatio" : 43.50,
      "description" : "Apollo, established in 1972, manufactures automatic bias and radial tyres, and tubes. It has plants in Kochi, Vadodara, Pune, and Chennai. The product profile includes prominent tyre brands in the T&B, light truck, passenger car, and farm vehicle segments in India, catering to both original equipment manufacturers, and the replacement market. [1]"
    },
    "companyScore" : {
      "priceHigherThanDma50" : 5.00,
      "priceHigherThanDma100" : 5.00,
      "priceHigherThanDma200" : 5.00,
      "dma50HigherThanDma100" : 5.00,
      "dma50HigherThanDma200" : 5.00,
      "dma100HigherThanDma200" : 5.00,
      "pricePercentageAboveDma50" : 4.73,
      "pricePercentageAboveDma100" : 4.48,
      "pricePercentageAboveDma200" : 4.47,
      "weeklyVolumeHigherThanYearlyVolume" : 0.00,
      "salesGrowthPercentile" : 8.10,
      "operatingProfitMarginPercentile" : 15.42,
      "netProfitMarginPercentile" : 6.66,
      "totalTechnicalScore" : 43.67,
      "totalFundamentalScore" : 30.18,
      "totalScore" : 73.86
    }
  },
  "attributes" : {
    "companyCode" : "APOLLOTYRE",
    "companyName" : "Apollo Tyres",
    "marketCap" : 33556.00,
    "peRatio" : 43.50,
    "description" : "Apollo, established in 1972, manufactures automatic bias and radial tyres, and tubes. It has plants in Kochi, Vadodara, Pune, and Chennai. The product profile includes prominent tyre brands in the T&B, light truck, passenger car, and farm vehicle segments in India, catering to both original equipment manufacturers, and the replacement market. [1]"
  },
  "technicalHistory" : [ {
    "date" : "2024-11-25",
    "price" : 503.80,
    "dma50" : 498.41,
    "dma100" : null,
    "dma200" : 491.15,
    "volume" : 1388021.00
  }, {
    "date" : "2024-11-26",
    "price" : 519.95,
    "dma50" : 499.25,
    "dma100" : null,
    "dma200" : 491.43,
    "volume" : 1645826.00
  }, {
    "date" : "2024-11-27",
    "price" : 513.15,
    "dma50" : 499.80,
    "dma100" : null,
    "dma200" : 491.65,
    "volume" : 1068568.00
  }, {
    "date" : "2024-11-28",
    "price" : 510.40,
    "dma50" : 500.22,
    "dma100" : null,
    "dma200" : 491.84,
    "volume" : 837583.00
  }, {
    "date" : "2024-11-29",
    "price" : 509.65,
    "dma50" : 500.59,
    "dma100" : null,
    "dma200" : 492.01,
    "volume" : 844685.00
  }, {
    "date" : "2024-12-02",
    "price" : 513.75,
    "dma50" : 501.10,
    "dma100" : null,
    "dma200" : 492.23,
    "volume" : 748566.00
  }, {
    "date" : "2024-12-03",
    "price" : 521.45,
    "dma50" : 501.90,
    "dma100" : null,
    "dma200" : 492.52,
    "volume" : 751117.00
  }, {
    "date" : "2024-12-04",
    "price" : 534.45,
    "dma50" : 503.18,
    "dma100" : null,
    "dma200" : 492.94,
    "volume" : 1567027.00
  }, {
    "date" : "2024-12-05",
    "price" : 540.45,
    "dma50" : 504.64,
    "dma100" : null,
    "dma200" : 493.41,
    "volume" : 1750623.00
  }, {
    "date" : "2024-12-06",
    "price" : 541.80,
    "dma50" : 506.09,
    "dma100" : null,
    "dma200" : 493.89,
    "volume" : 1092002.00
  }, {
    "date" : "2024-12-09",
    "price" : 549.10,
    "dma50" : 507.78,
    "dma100" : null,
    "dma200" : 494.44,
    "volume" : 1802342.00
  }, {
    "date" : "2024-12-10",
    "price" : 541.20,
    "dma50" : 509.09,
    "dma100" : null,
    "dma200" : 494.91,
    "volume" : 1719934.00
  }, {
    "date" : "2024-12-11",
    "price" : 541.35,
    "dma50" : 510.36,
    "dma100" : null,
    "dma200" : 495.37,
    "volume" : 911221.00
  }, {
    "date" : "2024-12-12",
    "price" : 541.00,
    "dma50" : 511.56,
    "dma100" : null,
    "dma200" : 495.82,
    "volume" : 1164163.00
  }, {
    "date" : "2024-12-13",
    "price" : 547.80,
    "dma50" : 512.98,
    "dma100" : null,
    "dma200" : 496.34,
    "volume" : 2222703.00
  }, {
    "date" : "2024-12-16",
    "price" : 540.10,
    "dma50" : 514.04,
    "dma100" : null,
    "dma200" : 496.78,
    "volume" : 1037279.00
  }, {
    "date" : "2024-12-17",
    "price" : 532.85,
    "dma50" : 514.78,
    "dma100" : null,
    "dma200" : 497.13,
    "volume" : 1834069.00
  }, {
    "date" : "2024-12-18",
    "price" : 530.75,
    "dma50" : 515.41,
    "dma100" : null,
    "dma200" : 497.47,
    "volume" : 1222000.00
  }, {
    "date" : "2024-12-19",
    "price" : 530.00,
    "dma50" : 515.98,
    "dma100" : null,
    "dma200" : 497.79,
    "volume" : 722535.00
  }, {
    "date" : "2024-12-20",
    "price" : 531.95,
    "dma50" : 516.61,
    "dma100" : null,
    "dma200" : 498.13,
    "volume" : 2720708.00
  }, {
    "date" : "2024-12-23",
    "price" : 532.10,
    "dma50" : 517.21,
    "dma100" : null,
    "dma200" : 498.47,
    "volume" : 675736.00
  }, {
    "date" : "2024-12-24",
    "price" : 534.80,
    "dma50" : 517.90,
    "dma100" : null,
    "dma200" : 498.83,
    "volume" : 1453225.00
  }, {
    "date" : "2024-12-26",
    "price" : 542.25,
    "dma50" : 518.86,
    "dma100" : null,
    "dma200" : 499.26,
    "volume" : 1507539.00
  }, {
    "date" : "2024-12-27",
    "price" : 540.70,
    "dma50" : 519.71,
    "dma100" : null,
    "dma200" : 499.68,
    "volume" : 2311616.00
  }, {
    "date" : "2024-12-30",
    "price" : 536.65,
    "dma50" : 520.38,
    "dma100" : null,
    "dma200" : 500.04,
    "volume" : 1354029.00
  }, {
    "date" : "2024-12-31",
    "price" : 529.40,
    "dma50" : 520.73,
    "dma100" : null,
    "dma200" : 500.34,
    "volume" : 484403.00
  }, {
    "date" : "2025-01-01",
    "price" : 527.55,
    "dma50" : 521.00,
    "dma100" : null,
    "dma200" : 500.61,
    "volume" : 481994.00
  }, {
    "date" : "2025-01-02",
    "price" : 526.55,
    "dma50" : 521.22,
    "dma100" : null,
    "dma200" : 500.87,
    "volume" : 974571.00
  }, {
    "date" : "2025-01-03",
    "price" : 511.95,
    "dma50" : 520.85,
    "dma100" : null,
    "dma200" : 500.98,
    "volume" : 1571798.00
  }, {
    "date" : "2025-01-06",
    "price" : 500.75,
    "dma50" : 520.07,
    "dma100" : null,
    "dma200" : 500.97,
    "volume" : 1050536.00
  }, {
    "date" : "2025-01-07",
    "price" : 498.10,
    "dma50" : 519.20,
    "dma100" : null,
    "dma200" : 500.94,
    "volume" : 2141037.00
  }, {
    "date" : "2025-01-08",
    "price" : 482.90,
    "dma50" : 517.78,
    "dma100" : null,
    "dma200" : 500.77,
    "volume" : 1127487.00
  }, {
    "date" : "2025-01-09",
    "price" : 475.60,
    "dma50" : 516.13,
    "dma100" : null,
    "dma200" : 500.52,
    "volume" : 1454858.00
  }, {
    "date" : "2025-01-10",
    "price" : 462.00,
    "dma50" : 514.00,
    "dma100" : null,
    "dma200" : 500.13,
    "volume" : 3486137.00
  }, {
    "date" : "2025-01-13",
    "price" : 443.15,
    "dma50" : 511.23,
    "dma100" : null,
    "dma200" : 499.56,
    "volume" : 1250190.00
  }, {
    "date" : "2025-01-14",
    "price" : 452.80,
    "dma50" : 508.93,
    "dma100" : null,
    "dma200" : 499.10,
    "volume" : 973487.00
  }, {
    "date" : "2025-01-15",
    "price" : 454.75,
    "dma50" : 506.81,
    "dma100" : null,
    "dma200" : 498.66,
    "volume" : 1893743.00
  }, {
    "date" : "2025-01-16",
    "price" : 455.60,
    "dma50" : 504.80,
    "dma100" : null,
    "dma200" : 498.23,
    "volume" : 1581254.00
  }, {
    "date" : "2025-01-17",
    "price" : 452.80,
    "dma50" : 502.76,
    "dma100" : null,
    "dma200" : 497.78,
    "volume" : 729898.00
  }, {
    "date" : "2025-01-20",
    "price" : 451.30,
    "dma50" : 500.74,
    "dma100" : null,
    "dma200" : 497.32,
    "volume" : 2425842.00
  }, {
    "date" : "2025-01-21",
    "price" : 447.60,
    "dma50" : 498.66,
    "dma100" : null,
    "dma200" : 496.82,
    "volume" : 1509178.00
  }, {
    "date" : "2025-01-22",
    "price" : 439.00,
    "dma50" : 496.32,
    "dma100" : null,
    "dma200" : 496.25,
    "volume" : 1451934.00
  }, {
    "date" : "2025-01-23",
    "price" : 438.90,
    "dma50" : 494.07,
    "dma100" : null,
    "dma200" : 495.67,
    "volume" : 992314.00
  }, {
    "date" : "2025-01-24",
    "price" : 423.40,
    "dma50" : 491.30,
    "dma100" : null,
    "dma200" : 494.96,
    "volume" : 1283455.00
  }, {
    "date" : "2025-01-27",
    "price" : 419.55,
    "dma50" : 488.48,
    "dma100" : null,
    "dma200" : 494.21,
    "volume" : 3237919.00
  }, {
    "date" : "2025-01-28",
    "price" : 423.75,
    "dma50" : 485.94,
    "dma100" : null,
    "dma200" : 493.50,
    "volume" : 3154294.00
  }, {
    "date" : "2025-01-29",
    "price" : 423.95,
    "dma50" : 483.51,
    "dma100" : null,
    "dma200" : 492.81,
    "volume" : 1842382.00
  }, {
    "date" : "2025-01-30",
    "price" : 432.80,
    "dma50" : 481.52,
    "dma100" : null,
    "dma200" : 492.21,
    "volume" : 2867840.00
  }, {
    "date" : "2025-01-31",
    "price" : 437.30,
    "dma50" : 479.79,
    "dma100" : null,
    "dma200" : 491.67,
    "volume" : 1141699.00
  }, {
    "date" : "2025-02-01",
    "price" : 426.35,
    "dma50" : 477.69,
    "dma100" : null,
    "dma200" : 491.02,
    "volume" : 1215534.00
  }, {
    "date" : "2025-02-03",
    "price" : 414.65,
    "dma50" : 475.22,
    "dma100" : null,
    "dma200" : 490.26,
    "volume" : 1163908.00
  }, {
    "date" : "2025-02-04",
    "price" : 421.95,
    "dma50" : 473.13,
    "dma100" : null,
    "dma200" : 489.58,
    "volume" : 1113640.00
  }, {
    "date" : "2025-02-05",
    "price" : 420.10,
    "dma50" : 471.05,
    "dma100" : null,
    "dma200" : 488.89,
    "volume" : 964213.00
  }, {
    "date" : "2025-02-06",
    "price" : 416.40,
    "dma50" : 468.91,
    "dma100" : null,
    "dma200" : 488.17,
    "volume" : 1022876.00
  }, {
    "date" : "2025-02-07",
    "price" : 426.15,
    "dma50" : 467.23,
    "dma100" : null,
    "dma200" : 487.55,
    "volume" : 6094447.00
  }, {
    "date" : "2025-02-10",
    "price" : 422.70,
    "dma50" : 465.49,
    "dma100" : null,
    "dma200" : 486.90,
    "volume" : 2860063.00
  }, {
    "date" : "2025-02-11",
    "price" : 417.55,
    "dma50" : 463.61,
    "dma100" : null,
    "dma200" : 486.21,
    "volume" : 1554256.00
  }, {
    "date" : "2025-02-12",
    "price" : 412.80,
    "dma50" : 461.61,
    "dma100" : null,
    "dma200" : 485.48,
    "volume" : 1427605.00
  }, {
    "date" : "2025-02-13",
    "price" : 420.70,
    "dma50" : 460.01,
    "dma100" : null,
    "dma200" : 484.84,
    "volume" : 1589690.00
  }, {
    "date" : "2025-02-14",
    "price" : 413.20,
    "dma50" : 458.17,
    "dma100" : null,
    "dma200" : 484.13,
    "volume" : 853457.00
  }, {
    "date" : "2025-02-17",
    "price" : 416.30,
    "dma50" : 456.53,
    "dma100" : null,
    "dma200" : 483.45,
    "volume" : 747581.00
  }, {
    "date" : "2025-02-18",
    "price" : 412.10,
    "dma50" : 454.79,
    "dma100" : null,
    "dma200" : 482.74,
    "volume" : 735243.00
  }, {
    "date" : "2025-02-19",
    "price" : 413.40,
    "dma50" : 453.17,
    "dma100" : null,
    "dma200" : 482.05,
    "volume" : 749280.00
  }, {
    "date" : "2025-02-20",
    "price" : 418.40,
    "dma50" : 451.80,
    "dma100" : null,
    "dma200" : 481.42,
    "volume" : 694301.00
  }, {
    "date" : "2025-02-21",
    "price" : 408.65,
    "dma50" : 450.11,
    "dma100" : null,
    "dma200" : 480.69,
    "volume" : 1192767.00
  }, {
    "date" : "2025-02-24",
    "price" : 401.35,
    "dma50" : 448.20,
    "dma100" : null,
    "dma200" : 479.90,
    "volume" : 1767141.00
  }, {
    "date" : "2025-02-25",
    "price" : 398.95,
    "dma50" : 446.27,
    "dma100" : null,
    "dma200" : 479.10,
    "volume" : 2935851.00
  }, {
    "date" : "2025-02-27",
    "price" : 389.95,
    "dma50" : 444.06,
    "dma100" : null,
    "dma200" : 478.21,
    "volume" : 1396664.00
  }, {
    "date" : "2025-02-28",
    "price" : 374.30,
    "dma50" : 441.32,
    "dma100" : null,
    "dma200" : 477.18,
    "volume" : 1542639.00
  }, {
    "date" : "2025-03-03",
    "price" : 387.30,
    "dma50" : 439.20,
    "dma100" : null,
    "dma200" : 476.28,
    "volume" : 1722789.00
  }, {
    "date" : "2025-03-04",
    "price" : 378.70,
    "dma50" : 436.83,
    "dma100" : null,
    "dma200" : 475.31,
    "volume" : 1483522.00
  }, {
    "date" : "2025-03-05",
    "price" : 389.45,
    "dma50" : 434.97,
    "dma100" : null,
    "dma200" : 474.46,
    "volume" : 1575619.00
  }, {
    "date" : "2025-03-06",
    "price" : 400.85,
    "dma50" : 433.64,
    "dma100" : null,
    "dma200" : 473.73,
    "volume" : 2620023.00
  }, {
    "date" : "2025-03-07",
    "price" : 411.70,
    "dma50" : 432.78,
    "dma100" : null,
    "dma200" : 473.11,
    "volume" : 2758612.00
  }, {
    "date" : "2025-03-10",
    "price" : 408.80,
    "dma50" : 431.84,
    "dma100" : null,
    "dma200" : 472.47,
    "volume" : 1483227.00
  }, {
    "date" : "2025-03-11",
    "price" : 402.10,
    "dma50" : 430.67,
    "dma100" : null,
    "dma200" : 471.77,
    "volume" : 914484.00
  }, {
    "date" : "2025-03-12",
    "price" : 407.35,
    "dma50" : 429.75,
    "dma100" : null,
    "dma200" : 471.13,
    "volume" : 1047852.00
  }, {
    "date" : "2025-03-13",
    "price" : 400.95,
    "dma50" : 428.63,
    "dma100" : null,
    "dma200" : 470.43,
    "volume" : 522257.00
  }, {
    "date" : "2025-03-17",
    "price" : 402.30,
    "dma50" : 427.59,
    "dma100" : null,
    "dma200" : 469.75,
    "volume" : 696547.00
  }, {
    "date" : "2025-03-18",
    "price" : 410.10,
    "dma50" : 426.91,
    "dma100" : null,
    "dma200" : 469.16,
    "volume" : 1920158.00
  }, {
    "date" : "2025-03-19",
    "price" : 425.05,
    "dma50" : 426.83,
    "dma100" : null,
    "dma200" : 468.72,
    "volume" : 1660720.00
  }, {
    "date" : "2025-03-20",
    "price" : 427.00,
    "dma50" : 426.84,
    "dma100" : null,
    "dma200" : 468.30,
    "volume" : 1473857.00
  }, {
    "date" : "2025-03-21",
    "price" : 425.85,
    "dma50" : 426.80,
    "dma100" : null,
    "dma200" : 467.88,
    "volume" : 1345042.00
  }, {
    "date" : "2025-03-24",
    "price" : 432.95,
    "dma50" : 427.04,
    "dma100" : null,
    "dma200" : 467.53,
    "volume" : 1397920.00
  }, {
    "date" : "2025-03-25",
    "price" : 432.20,
    "dma50" : 427.24,
    "dma100" : null,
    "dma200" : 467.18,
    "volume" : 2055705.00
  }, {
    "date" : "2025-03-26",
    "price" : 429.60,
    "dma50" : 427.34,
    "dma100" : null,
    "dma200" : 466.81,
    "volume" : 1727688.00
  }, {
    "date" : "2025-03-27",
    "price" : 428.00,
    "dma50" : 427.36,
    "dma100" : null,
    "dma200" : 466.42,
    "volume" : 1991535.00
  }, {
    "date" : "2025-03-28",
    "price" : 426.05,
    "dma50" : 427.31,
    "dma100" : null,
    "dma200" : 466.02,
    "volume" : 1667484.00
  }, {
    "date" : "2025-04-01",
    "price" : 422.55,
    "dma50" : 427.13,
    "dma100" : null,
    "dma200" : 465.59,
    "volume" : 583612.00
  }, {
    "date" : "2025-04-02",
    "price" : 428.25,
    "dma50" : 427.17,
    "dma100" : null,
    "dma200" : 465.22,
    "volume" : 405807.00
  }, {
    "date" : "2025-04-03",
    "price" : 423.25,
    "dma50" : 427.02,
    "dma100" : null,
    "dma200" : 464.80,
    "volume" : 1910749.00
  }, {
    "date" : "2025-04-04",
    "price" : 407.95,
    "dma50" : 426.27,
    "dma100" : null,
    "dma200" : 464.23,
    "volume" : 781716.00
  }, {
    "date" : "2025-04-07",
    "price" : 397.45,
    "dma50" : 425.14,
    "dma100" : null,
    "dma200" : 463.57,
    "volume" : 1638157.00
  }, {
    "date" : "2025-04-08",
    "price" : 401.45,
    "dma50" : 424.21,
    "dma100" : null,
    "dma200" : 462.95,
    "volume" : 1213054.00
  }, {
    "date" : "2025-04-09",
    "price" : 407.80,
    "dma50" : 423.57,
    "dma100" : null,
    "dma200" : 462.40,
    "volume" : 882931.00
  }, {
    "date" : "2025-04-11",
    "price" : 427.75,
    "dma50" : 423.73,
    "dma100" : null,
    "dma200" : 462.06,
    "volume" : 2976241.00
  }, {
    "date" : "2025-04-15",
    "price" : 439.10,
    "dma50" : 424.33,
    "dma100" : null,
    "dma200" : 461.83,
    "volume" : 2572461.00
  }, {
    "date" : "2025-04-16",
    "price" : 448.20,
    "dma50" : 425.27,
    "dma100" : null,
    "dma200" : 461.69,
    "volume" : 1680365.00
  }, {
    "date" : "2025-04-17",
    "price" : 451.75,
    "dma50" : 426.31,
    "dma100" : null,
    "dma200" : 461.59,
    "volume" : 1384256.00
  }, {
    "date" : "2025-04-21",
    "price" : 460.80,
    "dma50" : 427.66,
    "dma100" : null,
    "dma200" : 461.59,
    "volume" : 1458982.00
  }, {
    "date" : "2025-04-22",
    "price" : 462.40,
    "dma50" : 429.02,
    "dma100" : 455.40,
    "dma200" : 461.59,
    "volume" : 820033.00
  }, {
    "date" : "2025-04-23",
    "price" : 460.15,
    "dma50" : 430.24,
    "dma100" : 454.80,
    "dma200" : 461.58,
    "volume" : 839527.00
  }, {
    "date" : "2025-04-24",
    "price" : 470.45,
    "dma50" : 431.82,
    "dma100" : 454.38,
    "dma200" : 461.67,
    "volume" : 1569114.00
  }, {
    "date" : "2025-04-25",
    "price" : 461.40,
    "dma50" : 432.98,
    "dma100" : 453.89,
    "dma200" : 461.67,
    "volume" : 1618462.00
  }, {
    "date" : "2025-04-28",
    "price" : 459.45,
    "dma50" : 434.02,
    "dma100" : 453.38,
    "dma200" : 461.64,
    "volume" : 973075.00
  }, {
    "date" : "2025-04-29",
    "price" : 455.95,
    "dma50" : 434.88,
    "dma100" : 452.81,
    "dma200" : 461.59,
    "volume" : 912218.00
  }, {
    "date" : "2025-04-30",
    "price" : 471.90,
    "dma50" : 436.33,
    "dma100" : 452.31,
    "dma200" : 461.69,
    "volume" : 4643469.00
  }, {
    "date" : "2025-05-02",
    "price" : 478.30,
    "dma50" : 437.98,
    "dma100" : 451.75,
    "dma200" : 461.85,
    "volume" : 3017426.00
  }, {
    "date" : "2025-05-05",
    "price" : 487.80,
    "dma50" : 439.93,
    "dma100" : 451.22,
    "dma200" : 462.11,
    "volume" : 2736694.00
  }, {
    "date" : "2025-05-06",
    "price" : 482.85,
    "dma50" : 441.61,
    "dma100" : 450.63,
    "dma200" : 462.32,
    "volume" : 1684154.00
  }, {
    "date" : "2025-05-07",
    "price" : 494.75,
    "dma50" : 443.70,
    "dma100" : 450.09,
    "dma200" : 462.64,
    "volume" : 2482827.00
  }, {
    "date" : "2025-05-08",
    "price" : 484.60,
    "dma50" : 445.30,
    "dma100" : 449.52,
    "dma200" : 462.86,
    "volume" : 1629723.00
  }, {
    "date" : "2025-05-09",
    "price" : 466.60,
    "dma50" : 446.14,
    "dma100" : 448.78,
    "dma200" : 462.90,
    "volume" : 2869358.00
  }, {
    "date" : "2025-05-12",
    "price" : 481.00,
    "dma50" : 447.50,
    "dma100" : 448.18,
    "dma200" : 463.08,
    "volume" : 1583902.00
  }, {
    "date" : "2025-05-13",
    "price" : 472.40,
    "dma50" : 448.48,
    "dma100" : 447.42,
    "dma200" : 463.17,
    "volume" : 1853057.00
  }, {
    "date" : "2025-05-14",
    "price" : 475.35,
    "dma50" : 449.53,
    "dma100" : 446.77,
    "dma200" : 463.29,
    "volume" : 1326136.00
  }, {
    "date" : "2025-05-15",
    "price" : 480.45,
    "dma50" : 450.75,
    "dma100" : 446.25,
    "dma200" : 463.46,
    "volume" : 3990343.00
  }, {
    "date" : "2025-05-16",
    "price" : 494.25,
    "dma50" : 452.45,
    "dma100" : 445.88,
    "dma200" : 463.77,
    "volume" : 4793038.00
  }, {
    "date" : "2025-05-19",
    "price" : 488.55,
    "dma50" : 453.87,
    "dma100" : 445.47,
    "dma200" : 464.02,
    "volume" : 1182220.00
  }, {
    "date" : "2025-05-20",
    "price" : 489.35,
    "dma50" : 455.26,
    "dma100" : 445.04,
    "dma200" : 464.27,
    "volume" : 2132618.00
  }, {
    "date" : "2025-05-21",
    "price" : 488.10,
    "dma50" : 456.55,
    "dma100" : 444.60,
    "dma200" : 464.50,
    "volume" : 1305067.00
  }, {
    "date" : "2025-05-22",
    "price" : 491.85,
    "dma50" : 457.93,
    "dma100" : 444.17,
    "dma200" : 464.78,
    "volume" : 760953.00
  }, {
    "date" : "2025-05-23",
    "price" : 494.70,
    "dma50" : 459.37,
    "dma100" : 443.70,
    "dma200" : 465.07,
    "volume" : 963787.00
  }, {
    "date" : "2025-05-26",
    "price" : 495.15,
    "dma50" : 460.78,
    "dma100" : 443.24,
    "dma200" : 465.37,
    "volume" : 1323082.00
  }, {
    "date" : "2025-05-27",
    "price" : 494.00,
    "dma50" : 462.08,
    "dma100" : 442.82,
    "dma200" : 465.66,
    "volume" : 1134125.00
  }, {
    "date" : "2025-05-28",
    "price" : 493.85,
    "dma50" : 463.32,
    "dma100" : 442.46,
    "dma200" : 465.94,
    "volume" : 921877.00
  }, {
    "date" : "2025-05-29",
    "price" : 479.35,
    "dma50" : 463.95,
    "dma100" : 441.98,
    "dma200" : 466.07,
    "volume" : 2118287.00
  }, {
    "date" : "2025-05-30",
    "price" : 470.55,
    "dma50" : 464.21,
    "dma100" : 441.42,
    "dma200" : 466.12,
    "volume" : 1097677.00
  }, {
    "date" : "2025-06-02",
    "price" : 471.50,
    "dma50" : 464.50,
    "dma100" : 441.02,
    "dma200" : 466.17,
    "volume" : 958181.00
  }, {
    "date" : "2025-06-03",
    "price" : 465.50,
    "dma50" : 464.54,
    "dma100" : 440.66,
    "dma200" : 466.16,
    "volume" : 1261193.00
  }, {
    "date" : "2025-06-04",
    "price" : 458.15,
    "dma50" : 464.29,
    "dma100" : 440.26,
    "dma200" : 466.08,
    "volume" : 967310.00
  }, {
    "date" : "2025-06-05",
    "price" : 462.65,
    "dma50" : 464.22,
    "dma100" : 440.06,
    "dma200" : 466.05,
    "volume" : 692948.00
  }, {
    "date" : "2025-06-06",
    "price" : 471.20,
    "dma50" : 464.50,
    "dma100" : 440.02,
    "dma200" : 466.10,
    "volume" : 1537455.00
  }, {
    "date" : "2025-06-09",
    "price" : 472.45,
    "dma50" : 464.81,
    "dma100" : 440.12,
    "dma200" : 466.16,
    "volume" : 1212079.00
  }, {
    "date" : "2025-06-10",
    "price" : 467.90,
    "dma50" : 464.93,
    "dma100" : 440.37,
    "dma200" : 466.18,
    "volume" : 1268460.00
  }, {
    "date" : "2025-06-11",
    "price" : 462.45,
    "dma50" : 464.83,
    "dma100" : 440.47,
    "dma200" : 466.14,
    "volume" : 750471.00
  }, {
    "date" : "2025-06-12",
    "price" : 457.15,
    "dma50" : 464.53,
    "dma100" : 440.49,
    "dma200" : 466.05,
    "volume" : 983685.00
  }, {
    "date" : "2025-06-13",
    "price" : 451.95,
    "dma50" : 464.04,
    "dma100" : 440.45,
    "dma200" : 465.91,
    "volume" : 856968.00
  }, {
    "date" : "2025-06-16",
    "price" : 447.55,
    "dma50" : 463.39,
    "dma100" : 440.40,
    "dma200" : 465.73,
    "volume" : 548501.00
  }, {
    "date" : "2025-06-17",
    "price" : 445.20,
    "dma50" : 462.68,
    "dma100" : 440.34,
    "dma200" : 465.53,
    "volume" : 543490.00
  }, {
    "date" : "2025-06-18",
    "price" : 445.40,
    "dma50" : 462.00,
    "dma100" : 440.32,
    "dma200" : 465.33,
    "volume" : 390690.00
  }, {
    "date" : "2025-06-19",
    "price" : 447.10,
    "dma50" : 461.42,
    "dma100" : 440.40,
    "dma200" : 465.15,
    "volume" : 588120.00
  }, {
    "date" : "2025-06-20",
    "price" : 439.80,
    "dma50" : 460.57,
    "dma100" : 440.41,
    "dma200" : 464.89,
    "volume" : 2392700.00
  }, {
    "date" : "2025-06-23",
    "price" : 443.50,
    "dma50" : 459.90,
    "dma100" : 440.61,
    "dma200" : 464.68,
    "volume" : 705962.00
  }, {
    "date" : "2025-06-24",
    "price" : 446.45,
    "dma50" : 459.37,
    "dma100" : 440.88,
    "dma200" : 464.50,
    "volume" : 936280.00
  }, {
    "date" : "2025-06-25",
    "price" : 451.05,
    "dma50" : 459.04,
    "dma100" : 441.15,
    "dma200" : 464.37,
    "volume" : 1431468.00
  }, {
    "date" : "2025-06-26",
    "price" : 446.60,
    "dma50" : 458.56,
    "dma100" : 441.38,
    "dma200" : 464.19,
    "volume" : 1242788.00
  }, {
    "date" : "2025-06-27",
    "price" : 447.35,
    "dma50" : 458.12,
    "dma100" : 441.52,
    "dma200" : 464.02,
    "volume" : 1415560.00
  }, {
    "date" : "2025-06-30",
    "price" : 448.80,
    "dma50" : 457.75,
    "dma100" : 441.64,
    "dma200" : 463.87,
    "volume" : 453886.00
  }, {
    "date" : "2025-07-01",
    "price" : 447.70,
    "dma50" : 457.36,
    "dma100" : 441.85,
    "dma200" : 463.71,
    "volume" : 449500.00
  }, {
    "date" : "2025-07-02",
    "price" : 466.80,
    "dma50" : 457.73,
    "dma100" : 442.37,
    "dma200" : 463.74,
    "volume" : 7791220.00
  }, {
    "date" : "2025-07-03",
    "price" : 462.60,
    "dma50" : 457.92,
    "dma100" : 442.78,
    "dma200" : 463.73,
    "volume" : 2482265.00
  }, {
    "date" : "2025-07-04",
    "price" : 459.15,
    "dma50" : 457.97,
    "dma100" : 443.17,
    "dma200" : 463.68,
    "volume" : 599703.00
  }, {
    "date" : "2025-07-07",
    "price" : 460.40,
    "dma50" : 458.06,
    "dma100" : 443.61,
    "dma200" : 463.65,
    "volume" : 508817.00
  }, {
    "date" : "2025-07-08",
    "price" : 471.75,
    "dma50" : 458.60,
    "dma100" : 444.07,
    "dma200" : 463.73,
    "volume" : 2065546.00
  }, {
    "date" : "2025-07-09",
    "price" : 473.90,
    "dma50" : 459.20,
    "dma100" : 444.58,
    "dma200" : 463.83,
    "volume" : 2131414.00
  }, {
    "date" : "2025-07-10",
    "price" : 472.25,
    "dma50" : 459.71,
    "dma100" : 445.12,
    "dma200" : 463.92,
    "volume" : 959499.00
  }, {
    "date" : "2025-07-11",
    "price" : 458.60,
    "dma50" : 459.67,
    "dma100" : 445.58,
    "dma200" : 463.86,
    "volume" : 1142584.00
  }, {
    "date" : "2025-07-14",
    "price" : 453.50,
    "dma50" : 459.43,
    "dma100" : 445.91,
    "dma200" : 463.76,
    "volume" : 814423.00
  }, {
    "date" : "2025-07-15",
    "price" : 459.45,
    "dma50" : 459.43,
    "dma100" : 446.37,
    "dma200" : 463.72,
    "volume" : 940545.00
  }, {
    "date" : "2025-07-16",
    "price" : 455.20,
    "dma50" : 459.26,
    "dma100" : 446.76,
    "dma200" : 463.63,
    "volume" : 740835.00
  }, {
    "date" : "2025-07-17",
    "price" : 458.15,
    "dma50" : 459.22,
    "dma100" : 447.22,
    "dma200" : 463.58,
    "volume" : 3165487.00
  }, {
    "date" : "2025-07-18",
    "price" : 455.15,
    "dma50" : 459.06,
    "dma100" : 447.64,
    "dma200" : 463.49,
    "volume" : 551517.00
  }, {
    "date" : "2025-07-21",
    "price" : 450.55,
    "dma50" : 458.72,
    "dma100" : 447.96,
    "dma200" : 463.36,
    "volume" : 808175.00
  }, {
    "date" : "2025-07-22",
    "price" : 449.55,
    "dma50" : 458.36,
    "dma100" : 448.37,
    "dma200" : 463.23,
    "volume" : 392737.00
  }, {
    "date" : "2025-07-23",
    "price" : 457.95,
    "dma50" : 458.35,
    "dma100" : 448.94,
    "dma200" : 463.17,
    "volume" : 603448.00
  }, {
    "date" : "2025-07-24",
    "price" : 459.10,
    "dma50" : 458.38,
    "dma100" : 449.54,
    "dma200" : 463.13,
    "volume" : 804860.00
  }, {
    "date" : "2025-07-25",
    "price" : 455.05,
    "dma50" : 458.25,
    "dma100" : 450.19,
    "dma200" : 463.05,
    "volume" : 464532.00
  }, {
    "date" : "2025-07-28",
    "price" : 451.95,
    "dma50" : 458.00,
    "dma100" : 450.97,
    "dma200" : 462.94,
    "volume" : 559313.00
  }, {
    "date" : "2025-07-29",
    "price" : 455.90,
    "dma50" : 457.92,
    "dma100" : 451.65,
    "dma200" : 462.87,
    "volume" : 280041.00
  }, {
    "date" : "2025-07-30",
    "price" : 460.05,
    "dma50" : 458.00,
    "dma100" : 452.46,
    "dma200" : 462.85,
    "volume" : 477246.00
  }, {
    "date" : "2025-07-31",
    "price" : 449.70,
    "dma50" : 457.68,
    "dma100" : 453.07,
    "dma200" : 462.71,
    "volume" : 461480.00
  }, {
    "date" : "2025-08-01",
    "price" : 440.85,
    "dma50" : 457.02,
    "dma100" : 453.47,
    "dma200" : 462.50,
    "volume" : 253447.00
  }, {
    "date" : "2025-08-04",
    "price" : 441.45,
    "dma50" : 456.41,
    "dma100" : 453.76,
    "dma200" : 462.29,
    "volume" : 266988.00
  }, {
    "date" : "2025-08-05",
    "price" : 439.85,
    "dma50" : 455.76,
    "dma100" : 454.08,
    "dma200" : 462.06,
    "volume" : 285466.00
  }, {
    "date" : "2025-08-06",
    "price" : 435.10,
    "dma50" : 454.95,
    "dma100" : 454.41,
    "dma200" : 461.80,
    "volume" : 445110.00
  }, {
    "date" : "2025-08-07",
    "price" : 436.25,
    "dma50" : 454.21,
    "dma100" : 454.69,
    "dma200" : 461.54,
    "volume" : 252760.00
  }, {
    "date" : "2025-08-08",
    "price" : 434.20,
    "dma50" : 453.43,
    "dma100" : 455.03,
    "dma200" : 461.27,
    "volume" : 568322.00
  }, {
    "date" : "2025-08-11",
    "price" : 438.90,
    "dma50" : 452.86,
    "dma100" : 455.39,
    "dma200" : 461.05,
    "volume" : 296173.00
  }, {
    "date" : "2025-08-12",
    "price" : 446.65,
    "dma50" : 452.62,
    "dma100" : 455.76,
    "dma200" : 460.90,
    "volume" : 476658.00
  }, {
    "date" : "2025-08-13",
    "price" : 444.65,
    "dma50" : 452.30,
    "dma100" : 455.95,
    "dma200" : 460.74,
    "volume" : 517082.00
  }, {
    "date" : "2025-08-14",
    "price" : 432.30,
    "dma50" : 451.52,
    "dma100" : 456.01,
    "dma200" : 460.46,
    "volume" : 685898.00
  }, {
    "date" : "2025-08-18",
    "price" : 464.45,
    "dma50" : 452.03,
    "dma100" : 456.39,
    "dma200" : 460.50,
    "volume" : 2643094.00
  }, {
    "date" : "2025-08-19",
    "price" : 466.30,
    "dma50" : 452.59,
    "dma100" : 456.73,
    "dma200" : 460.56,
    "volume" : 1300604.00
  }, {
    "date" : "2025-08-20",
    "price" : 467.30,
    "dma50" : 453.16,
    "dma100" : 457.08,
    "dma200" : 460.62,
    "volume" : 652935.00
  }, {
    "date" : "2025-08-21",
    "price" : 464.70,
    "dma50" : 453.61,
    "dma100" : 457.43,
    "dma200" : 460.66,
    "volume" : 537794.00
  }, {
    "date" : "2025-08-22",
    "price" : 465.75,
    "dma50" : 454.09,
    "dma100" : 457.81,
    "dma200" : 460.71,
    "volume" : 611902.00
  }, {
    "date" : "2025-08-25",
    "price" : 465.80,
    "dma50" : 454.55,
    "dma100" : 458.20,
    "dma200" : 460.77,
    "volume" : 817653.00
  }, {
    "date" : "2025-08-26",
    "price" : 456.55,
    "dma50" : 454.63,
    "dma100" : 458.54,
    "dma200" : 460.72,
    "volume" : 747067.00
  }, {
    "date" : "2025-08-28",
    "price" : 457.55,
    "dma50" : 454.74,
    "dma100" : 458.84,
    "dma200" : 460.69,
    "volume" : 702670.00
  }, {
    "date" : "2025-08-29",
    "price" : 462.20,
    "dma50" : 455.04,
    "dma100" : 459.23,
    "dma200" : 460.71,
    "volume" : 768307.00
  }, {
    "date" : "2025-09-01",
    "price" : 467.60,
    "dma50" : 455.53,
    "dma100" : 459.82,
    "dma200" : 460.78,
    "volume" : 1036624.00
  }, {
    "date" : "2025-09-02",
    "price" : 487.80,
    "dma50" : 456.79,
    "dma100" : 460.73,
    "dma200" : 461.04,
    "volume" : 7432701.00
  }, {
    "date" : "2025-09-03",
    "price" : 485.65,
    "dma50" : 457.93,
    "dma100" : 461.57,
    "dma200" : 461.29,
    "volume" : 1656149.00
  }, {
    "date" : "2025-09-04",
    "price" : 485.50,
    "dma50" : 459.01,
    "dma100" : 462.35,
    "dma200" : 461.53,
    "volume" : 2597688.00
  }, {
    "date" : "2025-09-05",
    "price" : 482.80,
    "dma50" : 459.94,
    "dma100" : 462.90,
    "dma200" : 461.74,
    "volume" : 616712.00
  }, {
    "date" : "2025-09-08",
    "price" : 480.00,
    "dma50" : 460.73,
    "dma100" : 463.30,
    "dma200" : 461.92,
    "volume" : 691611.00
  }, {
    "date" : "2025-09-09",
    "price" : 481.40,
    "dma50" : 461.54,
    "dma100" : 463.64,
    "dma200" : 462.12,
    "volume" : 501400.00
  }, {
    "date" : "2025-09-10",
    "price" : 479.55,
    "dma50" : 462.24,
    "dma100" : 463.92,
    "dma200" : 462.29,
    "volume" : 997357.00
  }, {
    "date" : "2025-09-11",
    "price" : 477.80,
    "dma50" : 462.85,
    "dma100" : 464.08,
    "dma200" : 462.45,
    "volume" : 678415.00
  }, {
    "date" : "2025-09-12",
    "price" : 475.45,
    "dma50" : 463.35,
    "dma100" : 464.22,
    "dma200" : 462.57,
    "volume" : 1439113.00
  }, {
    "date" : "2025-09-15",
    "price" : 479.20,
    "dma50" : 463.97,
    "dma100" : 464.41,
    "dma200" : 462.74,
    "volume" : 1028291.00
  }, {
    "date" : "2025-09-16",
    "price" : 486.25,
    "dma50" : 464.84,
    "dma100" : 464.56,
    "dma200" : 462.97,
    "volume" : 1740652.00
  }, {
    "date" : "2025-09-17",
    "price" : 483.45,
    "dma50" : 465.57,
    "dma100" : 464.78,
    "dma200" : 463.18,
    "volume" : 2310893.00
  }, {
    "date" : "2025-09-18",
    "price" : 484.55,
    "dma50" : 466.32,
    "dma100" : 465.04,
    "dma200" : 463.39,
    "volume" : 686673.00
  }, {
    "date" : "2025-09-19",
    "price" : 480.65,
    "dma50" : 466.88,
    "dma100" : 465.28,
    "dma200" : 463.56,
    "volume" : 969160.00
  }, {
    "date" : "2025-09-22",
    "price" : 486.40,
    "dma50" : 467.64,
    "dma100" : 465.43,
    "dma200" : 463.79,
    "volume" : 1187944.00
  }, {
    "date" : "2025-09-23",
    "price" : 489.05,
    "dma50" : 468.48,
    "dma100" : 465.54,
    "dma200" : 464.04,
    "volume" : 2213789.00
  }, {
    "date" : "2025-09-24",
    "price" : 494.70,
    "dma50" : 469.51,
    "dma100" : 465.60,
    "dma200" : 464.35,
    "volume" : 1626430.00
  }, {
    "date" : "2025-09-25",
    "price" : 493.25,
    "dma50" : 470.44,
    "dma100" : 465.71,
    "dma200" : 464.63,
    "volume" : 1065351.00
  }, {
    "date" : "2025-09-26",
    "price" : 479.90,
    "dma50" : 470.81,
    "dma100" : 465.56,
    "dma200" : 464.79,
    "volume" : 838126.00
  }, {
    "date" : "2025-09-29",
    "price" : 465.55,
    "dma50" : 470.61,
    "dma100" : 465.37,
    "dma200" : 464.79,
    "volume" : 933221.00
  }, {
    "date" : "2025-09-30",
    "price" : 472.95,
    "dma50" : 470.70,
    "dma100" : 465.43,
    "dma200" : 464.87,
    "volume" : 1170207.00
  }, {
    "date" : "2025-10-01",
    "price" : 467.65,
    "dma50" : 470.58,
    "dma100" : 465.30,
    "dma200" : 464.90,
    "volume" : 852301.00
  }, {
    "date" : "2025-10-03",
    "price" : 473.15,
    "dma50" : 470.68,
    "dma100" : 465.31,
    "dma200" : 464.98,
    "volume" : 1302184.00
  }, {
    "date" : "2025-10-06",
    "price" : 474.70,
    "dma50" : 470.84,
    "dma100" : 465.30,
    "dma200" : 465.08,
    "volume" : 808079.00
  }, {
    "date" : "2025-10-07",
    "price" : 478.50,
    "dma50" : 471.14,
    "dma100" : 465.28,
    "dma200" : 465.21,
    "volume" : 428575.00
  }, {
    "date" : "2025-10-08",
    "price" : 486.90,
    "dma50" : 471.76,
    "dma100" : 465.21,
    "dma200" : 465.43,
    "volume" : 1300703.00
  }, {
    "date" : "2025-10-09",
    "price" : 484.85,
    "dma50" : 472.27,
    "dma100" : 465.17,
    "dma200" : 465.62,
    "volume" : 633643.00
  }, {
    "date" : "2025-10-10",
    "price" : 488.25,
    "dma50" : 472.90,
    "dma100" : 465.16,
    "dma200" : 465.85,
    "volume" : 649343.00
  }, {
    "date" : "2025-10-13",
    "price" : 485.35,
    "dma50" : 473.39,
    "dma100" : 465.13,
    "dma200" : 466.04,
    "volume" : 455127.00
  }, {
    "date" : "2025-10-14",
    "price" : 480.70,
    "dma50" : 473.67,
    "dma100" : 465.02,
    "dma200" : 466.19,
    "volume" : 490064.00
  }, {
    "date" : "2025-10-15",
    "price" : 486.80,
    "dma50" : 474.19,
    "dma100" : 464.94,
    "dma200" : 466.39,
    "volume" : 360313.00
  }, {
    "date" : "2025-10-16",
    "price" : 489.95,
    "dma50" : 474.80,
    "dma100" : 464.89,
    "dma200" : 466.63,
    "volume" : 787438.00
  }, {
    "date" : "2025-10-17",
    "price" : 488.45,
    "dma50" : 475.34,
    "dma100" : 464.83,
    "dma200" : 466.84,
    "volume" : 2650184.00
  }, {
    "date" : "2025-10-20",
    "price" : 507.00,
    "dma50" : 476.58,
    "dma100" : 464.96,
    "dma200" : 467.24,
    "volume" : 3657695.00
  }, {
    "date" : "2025-10-21",
    "price" : 515.15,
    "dma50" : 478.09,
    "dma100" : 465.32,
    "dma200" : 467.72,
    "volume" : 627311.00
  }, {
    "date" : "2025-10-23",
    "price" : 513.95,
    "dma50" : 479.50,
    "dma100" : 465.76,
    "dma200" : 468.18,
    "volume" : 1459274.00
  }, {
    "date" : "2025-10-24",
    "price" : 499.80,
    "dma50" : 480.30,
    "dma100" : 466.04,
    "dma200" : 468.50,
    "volume" : 1128512.00
  }, {
    "date" : "2025-10-27",
    "price" : 505.55,
    "dma50" : 481.29,
    "dma100" : 466.44,
    "dma200" : 468.86,
    "volume" : 798844.00
  }, {
    "date" : "2025-10-28",
    "price" : 504.50,
    "dma50" : 482.20,
    "dma100" : 466.90,
    "dma200" : 469.22,
    "volume" : 3649975.00
  }, {
    "date" : "2025-10-29",
    "price" : 505.55,
    "dma50" : 483.11,
    "dma100" : 467.33,
    "dma200" : 469.58,
    "volume" : 519180.00
  }, {
    "date" : "2025-10-30",
    "price" : 503.00,
    "dma50" : 483.89,
    "dma100" : 467.65,
    "dma200" : 469.91,
    "volume" : 780078.00
  }, {
    "date" : "2025-10-31",
    "price" : 501.50,
    "dma50" : 484.58,
    "dma100" : 467.94,
    "dma200" : 470.23,
    "volume" : 325445.00
  }, {
    "date" : "2025-11-03",
    "price" : 509.45,
    "dma50" : 485.56,
    "dma100" : 468.36,
    "dma200" : 470.62,
    "volume" : 906486.00
  }, {
    "date" : "2025-11-04",
    "price" : 522.35,
    "dma50" : 487.00,
    "dma100" : 468.96,
    "dma200" : 471.13,
    "volume" : 2896584.00
  }, {
    "date" : "2025-11-06",
    "price" : 505.80,
    "dma50" : 487.74,
    "dma100" : 469.44,
    "dma200" : 471.48,
    "volume" : 620592.00
  }, {
    "date" : "2025-11-07",
    "price" : 515.40,
    "dma50" : 488.82,
    "dma100" : 470.08,
    "dma200" : 471.91,
    "volume" : 940487.00
  }, {
    "date" : "2025-11-10",
    "price" : 522.00,
    "dma50" : 490.12,
    "dma100" : 470.82,
    "dma200" : 472.41,
    "volume" : 703440.00
  }, {
    "date" : "2025-11-11",
    "price" : 520.40,
    "dma50" : 491.31,
    "dma100" : 471.57,
    "dma200" : 472.89,
    "volume" : 510119.00
  }, {
    "date" : "2025-11-12",
    "price" : 532.35,
    "dma50" : 492.92,
    "dma100" : 472.44,
    "dma200" : 473.48,
    "volume" : 1800398.00
  }, {
    "date" : "2025-11-13",
    "price" : 536.90,
    "dma50" : 494.65,
    "dma100" : 473.34,
    "dma200" : 474.11,
    "volume" : 849114.00
  }, {
    "date" : "2025-11-14",
    "price" : 518.70,
    "dma50" : 495.59,
    "dma100" : 474.13,
    "dma200" : 474.56,
    "volume" : 1357557.00
  }, {
    "date" : "2025-11-17",
    "price" : 514.00,
    "dma50" : 496.31,
    "dma100" : 474.84,
    "dma200" : 474.95,
    "volume" : 1172823.00
  }, {
    "date" : "2025-11-18",
    "price" : 522.80,
    "dma50" : 497.35,
    "dma100" : 475.60,
    "dma200" : 475.42,
    "volume" : 1335581.00
  }, {
    "date" : "2025-11-19",
    "price" : 522.65,
    "dma50" : 498.34,
    "dma100" : 476.31,
    "dma200" : 475.89,
    "volume" : 926906.00
  }, {
    "date" : "2025-11-20",
    "price" : 519.25,
    "dma50" : 499.16,
    "dma100" : 477.04,
    "dma200" : 476.33,
    "volume" : 425567.00
  }, {
    "date" : "2025-11-21",
    "price" : 512.40,
    "dma50" : 499.68,
    "dma100" : 477.69,
    "dma200" : 476.69,
    "volume" : 371883.00
  }, {
    "date" : "2025-11-24",
    "price" : 528.15,
    "dma50" : 500.80,
    "dma100" : 478.49,
    "dma200" : 477.20,
    "volume" : 1308347.00
  } ],
  "latestTechnicalAttributes" : {
    "date" : "2025-11-24",
    "price" : 528.15,
    "dma50" : 500.80,
    "dma100" : 478.49,
    "dma200" : 477.20,
    "volume" : 1308347.00
  },
  "quarterlyResults" : [ {
    "date" : "2005-03-31",
    "sales" : 635.11,
    "salesGrowthYoY" : null,
    "grossProfitMargin" : 31.99,
    "grossProfit" : 203.17,
    "operatingProfitMargin" : 6.44,
    "operatingProfit" : 40.90,
    "netProfitMargin" : 3.19,
    "netProfit" : 20.26
  }, {
    "date" : "2005-06-30",
    "sales" : 568.09,
    "salesGrowthYoY" : null,
    "grossProfitMargin" : 37.23,
    "grossProfit" : 211.50,
    "operatingProfitMargin" : 9.35,
    "operatingProfit" : 53.12,
    "netProfitMargin" : 2.94,
    "netProfit" : 16.70
  }, {
    "date" : "2005-09-30",
    "sales" : 632.78,
    "salesGrowthYoY" : null,
    "grossProfitMargin" : 33.01,
    "grossProfit" : 208.88,
    "operatingProfitMargin" : 9.39,
    "operatingProfit" : 59.42,
    "netProfitMargin" : 3.36,
    "netProfit" : 21.26
  }, {
    "date" : "2005-12-31",
    "sales" : 678.80,
    "salesGrowthYoY" : null,
    "grossProfitMargin" : 30.76,
    "grossProfit" : 208.80,
    "operatingProfitMargin" : 7.91,
    "operatingProfit" : 53.69,
    "netProfitMargin" : 2.36,
    "netProfit" : 16.02
  }, {
    "date" : "2006-03-31",
    "sales" : 745.85,
    "salesGrowthYoY" : 17.44,
    "grossProfitMargin" : 30.70,
    "grossProfit" : 228.98,
    "operatingProfitMargin" : 7.56,
    "operatingProfit" : 56.39,
    "netProfitMargin" : 2.62,
    "netProfit" : 19.54
  }, {
    "date" : "2006-06-30",
    "sales" : 757.27,
    "salesGrowthYoY" : 33.30,
    "grossProfitMargin" : 31.26,
    "grossProfit" : 236.72,
    "operatingProfitMargin" : 7.49,
    "operatingProfit" : 56.72,
    "netProfitMargin" : 2.15,
    "netProfit" : 16.28
  }, {
    "date" : "2006-09-30",
    "sales" : 767.33,
    "salesGrowthYoY" : 21.26,
    "grossProfitMargin" : 28.58,
    "grossProfit" : 219.30,
    "operatingProfitMargin" : 7.79,
    "operatingProfit" : 59.78,
    "netProfitMargin" : 2.52,
    "netProfit" : 19.34
  }, {
    "date" : "2006-12-31",
    "sales" : 857.52,
    "salesGrowthYoY" : 26.33,
    "grossProfitMargin" : 30.83,
    "grossProfit" : 264.37,
    "operatingProfitMargin" : 10.78,
    "operatingProfit" : 92.44,
    "netProfitMargin" : 4.09,
    "netProfit" : 35.07
  }, {
    "date" : "2007-03-31",
    "sales" : 910.21,
    "salesGrowthYoY" : 22.04,
    "grossProfitMargin" : 30.87,
    "grossProfit" : 280.98,
    "operatingProfitMargin" : 11.03,
    "operatingProfit" : 100.40,
    "netProfitMargin" : 4.69,
    "netProfit" : 42.69
  }, {
    "date" : "2007-06-30",
    "sales" : 874.15,
    "salesGrowthYoY" : 15.43,
    "grossProfitMargin" : 33.24,
    "grossProfit" : 290.57,
    "operatingProfitMargin" : 11.49,
    "operatingProfit" : 100.44,
    "netProfitMargin" : 5.35,
    "netProfit" : 46.77
  }, {
    "date" : "2007-09-30",
    "sales" : 847.43,
    "salesGrowthYoY" : 10.44,
    "grossProfitMargin" : 35.40,
    "grossProfit" : 299.99,
    "operatingProfitMargin" : 13.11,
    "operatingProfit" : 111.10,
    "netProfitMargin" : 6.03,
    "netProfit" : 51.10
  }, {
    "date" : "2007-12-31",
    "sales" : 974.13,
    "salesGrowthYoY" : 13.60,
    "grossProfitMargin" : 35.02,
    "grossProfit" : 341.14,
    "operatingProfitMargin" : 13.45,
    "operatingProfit" : 131.02,
    "netProfitMargin" : 6.38,
    "netProfit" : 62.15
  }, {
    "date" : "2008-03-31",
    "sales" : 1001.34,
    "salesGrowthYoY" : 10.01,
    "grossProfitMargin" : 33.16,
    "grossProfit" : 332.04,
    "operatingProfitMargin" : 12.38,
    "operatingProfit" : 123.97,
    "netProfitMargin" : 5.92,
    "netProfit" : 59.28
  }, {
    "date" : "2008-06-30",
    "sales" : 1075.86,
    "salesGrowthYoY" : 23.07,
    "grossProfitMargin" : 30.18,
    "grossProfit" : 324.69,
    "operatingProfitMargin" : 10.20,
    "operatingProfit" : 109.74,
    "netProfitMargin" : 4.52,
    "netProfit" : 48.63
  }, {
    "date" : "2008-09-30",
    "sales" : 981.87,
    "salesGrowthYoY" : 15.86,
    "grossProfitMargin" : 25.41,
    "grossProfit" : 249.49,
    "operatingProfitMargin" : 5.18,
    "operatingProfit" : 50.86,
    "netProfitMargin" : 0.79,
    "netProfit" : 7.76
  }, {
    "date" : "2008-12-31",
    "sales" : 903.26,
    "salesGrowthYoY" : -7.28,
    "grossProfitMargin" : 24.82,
    "grossProfit" : 224.19,
    "operatingProfitMargin" : 5.83,
    "operatingProfit" : 52.66,
    "netProfitMargin" : 0.61,
    "netProfit" : 5.51
  }, {
    "date" : "2009-03-31",
    "sales" : 1110.56,
    "salesGrowthYoY" : 10.91,
    "grossProfitMargin" : 30.22,
    "grossProfit" : 335.61,
    "operatingProfitMargin" : 10.14,
    "operatingProfit" : 112.61,
    "netProfitMargin" : 4.16,
    "netProfit" : 46.20
  }, {
    "date" : "2009-06-30",
    "sales" : 1180.26,
    "salesGrowthYoY" : 9.70,
    "grossProfitMargin" : 41.24,
    "grossProfit" : 486.74,
    "operatingProfitMargin" : 16.46,
    "operatingProfit" : 194.27,
    "netProfitMargin" : 8.02,
    "netProfit" : 94.66
  }, {
    "date" : "2009-09-30",
    "sales" : 1220.33,
    "salesGrowthYoY" : 24.29,
    "grossProfitMargin" : 39.89,
    "grossProfit" : 486.79,
    "operatingProfitMargin" : 16.39,
    "operatingProfit" : 200.01,
    "netProfitMargin" : 8.37,
    "netProfit" : 102.14
  }, {
    "date" : "2009-12-31",
    "sales" : 1323.43,
    "salesGrowthYoY" : 46.52,
    "grossProfitMargin" : 35.27,
    "grossProfit" : 466.77,
    "operatingProfitMargin" : 15.50,
    "operatingProfit" : 205.13,
    "netProfitMargin" : 7.71,
    "netProfit" : 102.04
  }, {
    "date" : "2010-03-31",
    "sales" : 1312.78,
    "salesGrowthYoY" : 18.21,
    "grossProfitMargin" : 32.18,
    "grossProfit" : 422.45,
    "operatingProfitMargin" : 14.06,
    "operatingProfit" : 184.58,
    "netProfitMargin" : 8.85,
    "netProfit" : 116.18
  }, {
    "date" : "2010-06-30",
    "sales" : 1121.27,
    "salesGrowthYoY" : -5.00,
    "grossProfitMargin" : 31.84,
    "grossProfit" : 357.01,
    "operatingProfitMargin" : 10.42,
    "operatingProfit" : 116.84,
    "netProfitMargin" : 3.62,
    "netProfit" : 40.59
  }, {
    "date" : "2010-09-30",
    "sales" : 1175.61,
    "salesGrowthYoY" : -3.66,
    "grossProfitMargin" : 32.92,
    "grossProfit" : 387.01,
    "operatingProfitMargin" : 10.33,
    "operatingProfit" : 121.44,
    "netProfitMargin" : 3.18,
    "netProfit" : 37.38
  }, {
    "date" : "2010-12-31",
    "sales" : 1432.11,
    "salesGrowthYoY" : 8.21,
    "grossProfitMargin" : 30.69,
    "grossProfit" : 439.51,
    "operatingProfitMargin" : 10.41,
    "operatingProfit" : 149.08,
    "netProfitMargin" : 3.78,
    "netProfit" : 54.13
  }, {
    "date" : "2011-03-31",
    "sales" : 1761.63,
    "salesGrowthYoY" : 34.19,
    "grossProfitMargin" : 24.71,
    "grossProfit" : 435.30,
    "operatingProfitMargin" : 7.61,
    "operatingProfit" : 134.06,
    "netProfitMargin" : 3.76,
    "netProfit" : 66.24
  }, {
    "date" : "2011-06-30",
    "sales" : 1960.78,
    "salesGrowthYoY" : 74.87,
    "grossProfitMargin" : 23.02,
    "grossProfit" : 451.37,
    "operatingProfitMargin" : 7.59,
    "operatingProfit" : 148.82,
    "netProfitMargin" : 2.27,
    "netProfit" : 44.51
  }, {
    "date" : "2011-09-30",
    "sales" : 1844.88,
    "salesGrowthYoY" : 56.93,
    "grossProfitMargin" : 23.02,
    "grossProfit" : 424.69,
    "operatingProfitMargin" : 7.29,
    "operatingProfit" : 134.49,
    "netProfitMargin" : 1.20,
    "netProfit" : 22.14
  }, {
    "date" : "2011-12-31",
    "sales" : 2093.22,
    "salesGrowthYoY" : 46.16,
    "grossProfitMargin" : 23.54,
    "grossProfit" : 492.74,
    "operatingProfitMargin" : 8.07,
    "operatingProfit" : 168.92,
    "netProfitMargin" : 2.03,
    "netProfit" : 42.49
  }, {
    "date" : "2012-03-31",
    "sales" : 2259.00,
    "salesGrowthYoY" : 28.23,
    "grossProfitMargin" : 24.52,
    "grossProfit" : 553.91,
    "operatingProfitMargin" : 9.47,
    "operatingProfit" : 213.93,
    "netProfitMargin" : 3.20,
    "netProfit" : 72.29
  }, {
    "date" : "2012-06-30",
    "sales" : 2152.37,
    "salesGrowthYoY" : 9.77,
    "grossProfitMargin" : 27.08,
    "grossProfit" : 582.86,
    "operatingProfitMargin" : 10.29,
    "operatingProfit" : 221.48,
    "netProfitMargin" : 3.50,
    "netProfit" : 75.33
  }, {
    "date" : "2012-09-30",
    "sales" : 2282.87,
    "salesGrowthYoY" : 23.74,
    "grossProfitMargin" : 25.42,
    "grossProfit" : 580.31,
    "operatingProfitMargin" : 9.88,
    "operatingProfit" : 225.55,
    "netProfitMargin" : 3.29,
    "netProfit" : 75.11
  }, {
    "date" : "2012-12-31",
    "sales" : 2036.09,
    "salesGrowthYoY" : -2.73,
    "grossProfitMargin" : 29.07,
    "grossProfit" : 591.89,
    "operatingProfitMargin" : 10.07,
    "operatingProfit" : 205.03,
    "netProfitMargin" : 3.63,
    "netProfit" : 73.91
  }, {
    "date" : "2013-03-31",
    "sales" : 2040.41,
    "salesGrowthYoY" : -9.68,
    "grossProfitMargin" : 31.50,
    "grossProfit" : 642.73,
    "operatingProfitMargin" : 12.27,
    "operatingProfit" : 250.36,
    "netProfitMargin" : 4.32,
    "netProfit" : 88.15
  }, {
    "date" : "2013-06-30",
    "sales" : 2164.71,
    "salesGrowthYoY" : 0.57,
    "grossProfitMargin" : 31.05,
    "grossProfit" : 672.14,
    "operatingProfitMargin" : 11.74,
    "operatingProfit" : 254.14,
    "netProfitMargin" : 4.32,
    "netProfit" : 93.52
  }, {
    "date" : "2013-09-30",
    "sales" : 2107.63,
    "salesGrowthYoY" : -7.68,
    "grossProfitMargin" : 32.37,
    "grossProfit" : 682.24,
    "operatingProfitMargin" : 12.99,
    "operatingProfit" : 273.78,
    "netProfitMargin" : 5.34,
    "netProfit" : 112.55
  }, {
    "date" : "2013-12-31",
    "sales" : 2228.70,
    "salesGrowthYoY" : 9.46,
    "grossProfitMargin" : 34.98,
    "grossProfit" : 779.60,
    "operatingProfitMargin" : 13.82,
    "operatingProfit" : 308.01,
    "netProfitMargin" : 6.58,
    "netProfit" : 146.65
  }, {
    "date" : "2014-03-31",
    "sales" : 2212.42,
    "salesGrowthYoY" : 8.43,
    "grossProfitMargin" : 32.58,
    "grossProfit" : 720.81,
    "operatingProfitMargin" : 11.97,
    "operatingProfit" : 264.83,
    "netProfitMargin" : 6.31,
    "netProfit" : 139.60
  }, {
    "date" : "2014-06-30",
    "sales" : 2306.54,
    "salesGrowthYoY" : 6.55,
    "grossProfitMargin" : 33.18,
    "grossProfit" : 765.31,
    "operatingProfitMargin" : 12.49,
    "operatingProfit" : 288.09,
    "netProfitMargin" : 6.03,
    "netProfit" : 139.08
  }, {
    "date" : "2014-09-30",
    "sales" : 2249.63,
    "salesGrowthYoY" : 6.74,
    "grossProfitMargin" : 37.01,
    "grossProfit" : 832.59,
    "operatingProfitMargin" : 14.51,
    "operatingProfit" : 326.42,
    "netProfitMargin" : 7.19,
    "netProfit" : 161.75
  }, {
    "date" : "2014-12-31",
    "sales" : 2121.80,
    "salesGrowthYoY" : -4.80,
    "grossProfitMargin" : 36.59,
    "grossProfit" : 776.37,
    "operatingProfitMargin" : 15.32,
    "operatingProfit" : 325.06,
    "netProfitMargin" : 7.63,
    "netProfit" : 161.89
  }, {
    "date" : "2015-03-31",
    "sales" : 2266.42,
    "salesGrowthYoY" : 2.44,
    "grossProfitMargin" : 39.45,
    "grossProfit" : 894.10,
    "operatingProfitMargin" : 16.58,
    "operatingProfit" : 375.77,
    "netProfitMargin" : 8.05,
    "netProfit" : 182.45
  }, {
    "date" : "2015-06-30",
    "sales" : 2143.76,
    "salesGrowthYoY" : -7.06,
    "grossProfitMargin" : 43.04,
    "grossProfit" : 922.67,
    "operatingProfitMargin" : 18.80,
    "operatingProfit" : 403.03,
    "netProfitMargin" : 10.34,
    "netProfit" : 221.66
  }, {
    "date" : "2015-09-30",
    "sales" : 2264.65,
    "salesGrowthYoY" : 0.67,
    "grossProfitMargin" : 40.93,
    "grossProfit" : 926.92,
    "operatingProfitMargin" : 17.64,
    "operatingProfit" : 399.48,
    "netProfitMargin" : 9.50,
    "netProfit" : 215.14
  }, {
    "date" : "2015-12-31",
    "sales" : 2157.86,
    "salesGrowthYoY" : 1.70,
    "grossProfitMargin" : 42.50,
    "grossProfit" : 917.09,
    "operatingProfitMargin" : 17.04,
    "operatingProfit" : 367.70,
    "netProfitMargin" : 8.59,
    "netProfit" : 185.36
  }, {
    "date" : "2016-03-31",
    "sales" : 2180.44,
    "salesGrowthYoY" : -3.79,
    "grossProfitMargin" : 45.30,
    "grossProfit" : 987.74,
    "operatingProfitMargin" : 18.25,
    "operatingProfit" : 397.93,
    "netProfitMargin" : 10.39,
    "netProfit" : 226.55
  }, {
    "date" : "2016-06-30",
    "sales" : 2273.45,
    "salesGrowthYoY" : 6.05,
    "grossProfitMargin" : 45.12,
    "grossProfit" : 1025.78,
    "operatingProfitMargin" : 17.47,
    "operatingProfit" : 397.17,
    "netProfitMargin" : 10.42,
    "netProfit" : 236.89
  }, {
    "date" : "2016-09-30",
    "sales" : 2075.52,
    "salesGrowthYoY" : -8.35,
    "grossProfitMargin" : 43.22,
    "grossProfit" : 897.04,
    "operatingProfitMargin" : 15.94,
    "operatingProfit" : 330.84,
    "netProfitMargin" : 9.83,
    "netProfit" : 204.02
  }, {
    "date" : "2016-12-31",
    "sales" : 2200.96,
    "salesGrowthYoY" : 2.00,
    "grossProfitMargin" : 41.84,
    "grossProfit" : 920.88,
    "operatingProfitMargin" : 14.65,
    "operatingProfit" : 322.44,
    "netProfitMargin" : 8.43,
    "netProfit" : 185.54
  }, {
    "date" : "2017-03-31",
    "sales" : 2383.85,
    "salesGrowthYoY" : 9.33,
    "grossProfitMargin" : 36.66,
    "grossProfit" : 873.92,
    "operatingProfitMargin" : 11.61,
    "operatingProfit" : 276.76,
    "netProfitMargin" : 7.40,
    "netProfit" : 176.40
  }, {
    "date" : "2017-06-30",
    "sales" : 2308.45,
    "salesGrowthYoY" : 1.54,
    "grossProfitMargin" : 32.59,
    "grossProfit" : 752.32,
    "operatingProfitMargin" : 8.34,
    "operatingProfit" : 192.52,
    "netProfitMargin" : 2.91,
    "netProfit" : 67.18
  }, {
    "date" : "2017-09-30",
    "sales" : 2480.78,
    "salesGrowthYoY" : 19.53,
    "grossProfitMargin" : 35.60,
    "grossProfit" : 883.16,
    "operatingProfitMargin" : 11.49,
    "operatingProfit" : 285.04,
    "netProfitMargin" : 5.14,
    "netProfit" : 127.51
  }, {
    "date" : "2017-12-31",
    "sales" : 2669.16,
    "salesGrowthYoY" : 21.27,
    "grossProfitMargin" : 38.39,
    "grossProfit" : 1024.69,
    "operatingProfitMargin" : 13.74,
    "operatingProfit" : 366.74,
    "netProfitMargin" : 7.64,
    "netProfit" : 203.92
  }, {
    "date" : "2018-03-31",
    "sales" : 2843.60,
    "salesGrowthYoY" : 19.29,
    "grossProfitMargin" : 38.56,
    "grossProfit" : 1096.49,
    "operatingProfitMargin" : 14.26,
    "operatingProfit" : 405.50,
    "netProfitMargin" : 7.87,
    "netProfit" : 223.79
  }, {
    "date" : "2018-06-30",
    "sales" : 3059.80,
    "salesGrowthYoY" : 32.55,
    "grossProfitMargin" : 36.71,
    "grossProfit" : 1123.25,
    "operatingProfitMargin" : 13.51,
    "operatingProfit" : 413.38,
    "netProfitMargin" : 7.09,
    "netProfit" : 216.94
  }, {
    "date" : "2018-09-30",
    "sales" : 3109.14,
    "salesGrowthYoY" : 25.33,
    "grossProfitMargin" : 35.47,
    "grossProfit" : 1102.81,
    "operatingProfitMargin" : 11.98,
    "operatingProfit" : 372.47,
    "netProfitMargin" : 5.66,
    "netProfit" : 175.98
  }, {
    "date" : "2018-12-31",
    "sales" : 3123.32,
    "salesGrowthYoY" : 17.02,
    "grossProfitMargin" : 32.89,
    "grossProfit" : 1027.26,
    "operatingProfitMargin" : 10.96,
    "operatingProfit" : 342.32,
    "netProfitMargin" : 5.37,
    "netProfit" : 167.72
  }, {
    "date" : "2019-03-31",
    "sales" : 3061.51,
    "salesGrowthYoY" : 7.66,
    "grossProfitMargin" : 34.05,
    "grossProfit" : 1042.44,
    "operatingProfitMargin" : 11.46,
    "operatingProfit" : 350.85,
    "netProfitMargin" : 5.97,
    "netProfit" : 182.77
  }, {
    "date" : "2019-06-30",
    "sales" : 3103.71,
    "salesGrowthYoY" : 1.44,
    "grossProfitMargin" : 36.75,
    "grossProfit" : 1140.61,
    "operatingProfitMargin" : 11.63,
    "operatingProfit" : 360.96,
    "netProfitMargin" : 4.83,
    "netProfit" : 149.91
  }, {
    "date" : "2019-09-30",
    "sales" : 2774.72,
    "salesGrowthYoY" : -10.76,
    "grossProfitMargin" : 37.06,
    "grossProfit" : 1028.31,
    "operatingProfitMargin" : 11.72,
    "operatingProfit" : 325.20,
    "netProfitMargin" : 3.59,
    "netProfit" : 99.61
  }, {
    "date" : "2019-12-31",
    "sales" : 2753.60,
    "salesGrowthYoY" : -11.84,
    "grossProfitMargin" : 39.06,
    "grossProfit" : 1075.56,
    "operatingProfitMargin" : 12.97,
    "operatingProfit" : 357.14,
    "netProfitMargin" : 4.75,
    "netProfit" : 130.80
  }, {
    "date" : "2020-03-31",
    "sales" : 2431.33,
    "salesGrowthYoY" : -20.58,
    "grossProfitMargin" : 40.36,
    "grossProfit" : 981.28,
    "operatingProfitMargin" : 14.44,
    "operatingProfit" : 351.08,
    "netProfitMargin" : 5.28,
    "netProfit" : 128.37
  }, {
    "date" : "2020-06-30",
    "sales" : 1773.23,
    "salesGrowthYoY" : -42.87,
    "grossProfitMargin" : 38.53,
    "grossProfit" : 683.23,
    "operatingProfitMargin" : 10.79,
    "operatingProfit" : 191.33,
    "netProfitMargin" : -3.03,
    "netProfit" : -53.73
  }, {
    "date" : "2020-09-30",
    "sales" : 2911.57,
    "salesGrowthYoY" : 4.93,
    "grossProfitMargin" : 42.27,
    "grossProfit" : 1230.72,
    "operatingProfitMargin" : 18.88,
    "operatingProfit" : 549.70,
    "netProfitMargin" : 7.55,
    "netProfit" : 219.82
  }, {
    "date" : "2020-12-31",
    "sales" : 3419.03,
    "salesGrowthYoY" : 24.17,
    "grossProfitMargin" : 43.20,
    "grossProfit" : 1477.02,
    "operatingProfitMargin" : 21.43,
    "operatingProfit" : 732.70,
    "netProfitMargin" : 9.92,
    "netProfit" : 339.17
  }, {
    "date" : "2021-03-31",
    "sales" : 3629.57,
    "salesGrowthYoY" : 49.28,
    "grossProfitMargin" : 38.64,
    "grossProfit" : 1402.47,
    "operatingProfitMargin" : 15.45,
    "operatingProfit" : 560.77,
    "netProfitMargin" : 6.21,
    "netProfit" : 225.40
  }, {
    "date" : "2021-06-30",
    "sales" : 3219.95,
    "salesGrowthYoY" : 81.59,
    "grossProfitMargin" : 34.19,
    "grossProfit" : 1100.90,
    "operatingProfitMargin" : 10.36,
    "operatingProfit" : 333.59,
    "netProfitMargin" : 2.13,
    "netProfit" : 68.58
  }, {
    "date" : "2021-09-30",
    "sales" : 3649.71,
    "salesGrowthYoY" : 25.35,
    "grossProfitMargin" : 32.59,
    "grossProfit" : 1189.44,
    "operatingProfitMargin" : 10.31,
    "operatingProfit" : 376.29,
    "netProfitMargin" : 2.47,
    "netProfit" : 90.15
  }, {
    "date" : "2021-12-31",
    "sales" : 3791.70,
    "salesGrowthYoY" : 10.90,
    "grossProfitMargin" : 30.24,
    "grossProfit" : 1146.61,
    "operatingProfitMargin" : 9.10,
    "operatingProfit" : 345.04,
    "netProfitMargin" : 1.30,
    "netProfit" : 49.29
  }, {
    "date" : "2022-03-31",
    "sales" : 3988.05,
    "salesGrowthYoY" : 9.88,
    "grossProfitMargin" : 30.61,
    "grossProfit" : 1220.74,
    "operatingProfitMargin" : 9.43,
    "operatingProfit" : 376.07,
    "netProfitMargin" : 1.36,
    "netProfit" : 54.24
  }, {
    "date" : "2022-06-30",
    "sales" : 4436.23,
    "salesGrowthYoY" : 37.77,
    "grossProfitMargin" : 29.65,
    "grossProfit" : 1315.34,
    "operatingProfitMargin" : 9.67,
    "operatingProfit" : 428.98,
    "netProfitMargin" : 2.35,
    "netProfit" : 104.25
  }, {
    "date" : "2022-09-30",
    "sales" : 4251.94,
    "salesGrowthYoY" : 16.50,
    "grossProfitMargin" : 29.68,
    "grossProfit" : 1261.98,
    "operatingProfitMargin" : 10.29,
    "operatingProfit" : 437.52,
    "netProfitMargin" : 1.55,
    "netProfit" : 65.91
  }, {
    "date" : "2022-12-31",
    "sales" : 4246.62,
    "salesGrowthYoY" : 12.00,
    "grossProfitMargin" : 32.70,
    "grossProfit" : 1388.64,
    "operatingProfitMargin" : 12.91,
    "operatingProfit" : 548.24,
    "netProfitMargin" : 3.24,
    "netProfit" : 137.59
  }, {
    "date" : "2023-03-31",
    "sales" : 4366.23,
    "salesGrowthYoY" : 9.48,
    "grossProfitMargin" : 37.41,
    "grossProfit" : 1633.41,
    "operatingProfitMargin" : 15.95,
    "operatingProfit" : 696.41,
    "netProfitMargin" : 5.47,
    "netProfit" : 238.83
  }, {
    "date" : "2023-06-30",
    "sales" : 4413.26,
    "salesGrowthYoY" : -0.52,
    "grossProfitMargin" : 39.52,
    "grossProfit" : 1744.12,
    "operatingProfitMargin" : 17.83,
    "operatingProfit" : 786.88,
    "netProfitMargin" : 7.05,
    "netProfit" : 311.13
  }, {
    "date" : "2023-09-30",
    "sales" : 4406.70,
    "salesGrowthYoY" : 3.64,
    "grossProfitMargin" : 39.83,
    "grossProfit" : 1755.19,
    "operatingProfitMargin" : 19.09,
    "operatingProfit" : 841.24,
    "netProfitMargin" : 7.97,
    "netProfit" : 351.21
  }, {
    "date" : "2023-12-31",
    "sales" : 4331.93,
    "salesGrowthYoY" : 2.01,
    "grossProfitMargin" : 40.86,
    "grossProfit" : 1770.03,
    "operatingProfitMargin" : 18.10,
    "operatingProfit" : 784.08,
    "netProfitMargin" : 7.05,
    "netProfit" : 305.40
  }, {
    "date" : "2024-03-31",
    "sales" : 4387.44,
    "salesGrowthYoY" : 0.49,
    "grossProfitMargin" : 40.54,
    "grossProfit" : 1778.67,
    "operatingProfitMargin" : 15.60,
    "operatingProfit" : 684.44,
    "netProfitMargin" : 5.28,
    "netProfit" : 231.66
  }, {
    "date" : "2024-06-30",
    "sales" : 4591.59,
    "salesGrowthYoY" : 4.04,
    "grossProfitMargin" : 38.05,
    "grossProfit" : 1747.10,
    "operatingProfitMargin" : 13.79,
    "operatingProfit" : 633.18,
    "netProfitMargin" : 4.93,
    "netProfit" : 226.37
  }, {
    "date" : "2024-09-30",
    "sales" : 4461.74,
    "salesGrowthYoY" : 1.25,
    "grossProfitMargin" : 36.47,
    "grossProfit" : 1627.20,
    "operatingProfitMargin" : 12.08,
    "operatingProfit" : 538.98,
    "netProfitMargin" : 3.76,
    "netProfit" : 167.76
  }, {
    "date" : "2024-12-31",
    "sales" : 4539.77,
    "salesGrowthYoY" : 4.80,
    "grossProfitMargin" : 33.36,
    "grossProfit" : 1514.47,
    "operatingProfitMargin" : 11.09,
    "operatingProfit" : 503.46,
    "netProfitMargin" : 2.76,
    "netProfit" : 125.30
  }, {
    "date" : "2025-03-31",
    "sales" : 4580.51,
    "salesGrowthYoY" : 4.40,
    "grossProfitMargin" : 34.45,
    "grossProfit" : 1577.99,
    "operatingProfitMargin" : 11.25,
    "operatingProfit" : 515.31,
    "netProfitMargin" : 3.14,
    "netProfit" : 143.83
  }, {
    "date" : "2025-06-30",
    "sales" : 4725.35,
    "salesGrowthYoY" : 2.91,
    "grossProfitMargin" : 36.67,
    "grossProfit" : 1732.79,
    "operatingProfitMargin" : 13.64,
    "operatingProfit" : 644.54,
    "netProfitMargin" : 4.73,
    "netProfit" : 223.51
  }, {
    "date" : "2025-09-30",
    "sales" : 4714.91,
    "salesGrowthYoY" : 5.67,
    "grossProfitMargin" : 38.04,
    "grossProfit" : 1793.55,
    "operatingProfitMargin" : 15.28,
    "operatingProfit" : 720.44,
    "netProfitMargin" : 5.93,
    "netProfit" : 279.59
  } ],
  "latestQuarterlyResult" : {
    "date" : "2025-09-30",
    "sales" : 4714.91,
    "salesGrowthYoY" : 5.67,
    "grossProfitMargin" : 38.04,
    "grossProfit" : 1793.55,
    "operatingProfitMargin" : 15.28,
    "operatingProfit" : 720.44,
    "netProfitMargin" : 5.93,
    "netProfit" : 279.59
  },
  "companyScore" : {
    "priceHigherThanDma50" : 5.00,
    "priceHigherThanDma100" : 5.00,
    "priceHigherThanDma200" : 5.00,
    "dma50HigherThanDma100" : 5.00,
    "dma50HigherThanDma200" : 5.00,
    "dma100HigherThanDma200" : 5.00,
    "pricePercentageAboveDma50" : 4.73,
    "pricePercentageAboveDma100" : 4.48,
    "pricePercentageAboveDma200" : 4.47,
    "weeklyVolumeHigherThanYearlyVolume" : 0.00,
    "salesGrowthPercentile" : 8.10,
    "operatingProfitMarginPercentile" : 15.42,
    "netProfitMarginPercentile" : 6.66,
    "totalTechnicalScore" : 43.67,
    "totalFundamentalScore" : 30.18,
    "totalScore" : 73.86
  }
}