{
  "metadata" : {
    "screenerCompanyId" : "262",
    "companyCode" : "ARVIND",
    "companyName" : "Arvind Ltd",
    "screenerCompanyLink" : "https://www.screener.in/company/ARVIND/consolidated/",
    "screenerTechnicalHistoryLink" : "https://www.screener.in/api/company/262/chart/?q=Price-DMA50-DMA200-Volume&days=365",
    "screenerQuarterlyResultsLink" : "https://www.screener.in/api/company/262/chart/?q=GPM-OPM-NPM-Quarter+Sales&days=10000",
    "attributes" : {
      "companyCode" : "ARVIND",
      "companyName" : "Arvind Ltd",
      "marketCap" : 8339.00,
      "peRatio" : 20.30,
      "description" : "Arvind Limited (‘the Company’) is one of India’s leading vertically integrated textile company with the presence of almost eight decades in this industry. It is among the largest denim manufacturers in the world. It also manufactures a range of cotton shirting, denim, knits and bottom weights (Khakis) fabrics and Jeans and Shirts Garments. [1]"
    },
    "companyScore" : {
      "priceHigherThanDma50" : 0.00,
      "priceHigherThanDma100" : 5.00,
      "priceHigherThanDma200" : 0.00,
      "dma50HigherThanDma100" : 5.00,
      "dma50HigherThanDma200" : 0.00,
      "dma100HigherThanDma200" : 0.00,
      "pricePercentageAboveDma50" : 5.17,
      "pricePercentageAboveDma100" : 4.98,
      "pricePercentageAboveDma200" : 5.22,
      "weeklyVolumeHigherThanYearlyVolume" : 0.00,
      "salesGrowthPercentile" : 9.87,
      "operatingProfitMarginPercentile" : 9.79,
      "netProfitMarginPercentile" : 7.15,
      "totalTechnicalScore" : 25.36,
      "totalFundamentalScore" : 26.81,
      "totalScore" : 52.18
    }
  },
  "attributes" : {
    "companyCode" : "ARVIND",
    "companyName" : "Arvind Ltd",
    "marketCap" : 8339.00,
    "peRatio" : 20.30,
    "description" : "Arvind Limited (‘the Company’) is one of India’s leading vertically integrated textile company with the presence of almost eight decades in this industry. It is among the largest denim manufacturers in the world. It also manufactures a range of cotton shirting, denim, knits and bottom weights (Khakis) fabrics and Jeans and Shirts Garments. [1]"
  },
  "technicalHistory" : [ {
    "date" : "2024-12-16",
    "price" : 433.60,
    "dma50" : 380.81,
    "dma100" : null,
    "dma200" : 347.97,
    "volume" : 795520.00
  }, {
    "date" : "2024-12-17",
    "price" : 448.55,
    "dma50" : 383.46,
    "dma100" : null,
    "dma200" : 348.97,
    "volume" : 1899990.00
  }, {
    "date" : "2024-12-18",
    "price" : 439.50,
    "dma50" : 385.66,
    "dma100" : null,
    "dma200" : 349.87,
    "volume" : 667672.00
  }, {
    "date" : "2024-12-19",
    "price" : 434.30,
    "dma50" : 387.57,
    "dma100" : null,
    "dma200" : 350.71,
    "volume" : 390899.00
  }, {
    "date" : "2024-12-20",
    "price" : 413.25,
    "dma50" : 388.58,
    "dma100" : null,
    "dma200" : 351.34,
    "volume" : 716543.00
  }, {
    "date" : "2024-12-23",
    "price" : 417.25,
    "dma50" : 389.70,
    "dma100" : null,
    "dma200" : 351.99,
    "volume" : 551217.00
  }, {
    "date" : "2024-12-24",
    "price" : 406.85,
    "dma50" : 390.37,
    "dma100" : null,
    "dma200" : 352.54,
    "volume" : 332758.00
  }, {
    "date" : "2024-12-26",
    "price" : 403.60,
    "dma50" : 390.89,
    "dma100" : null,
    "dma200" : 353.05,
    "volume" : 281672.00
  }, {
    "date" : "2024-12-27",
    "price" : 402.20,
    "dma50" : 391.34,
    "dma100" : null,
    "dma200" : 353.53,
    "volume" : 185155.00
  }, {
    "date" : "2024-12-30",
    "price" : 396.75,
    "dma50" : 391.55,
    "dma100" : null,
    "dma200" : 353.96,
    "volume" : 670769.00
  }, {
    "date" : "2024-12-31",
    "price" : 410.40,
    "dma50" : 392.29,
    "dma100" : null,
    "dma200" : 354.53,
    "volume" : 385158.00
  }, {
    "date" : "2025-01-01",
    "price" : 413.50,
    "dma50" : 393.12,
    "dma100" : null,
    "dma200" : 355.11,
    "volume" : 289168.00
  }, {
    "date" : "2025-01-02",
    "price" : 417.30,
    "dma50" : 394.07,
    "dma100" : null,
    "dma200" : 355.73,
    "volume" : 526092.00
  }, {
    "date" : "2025-01-03",
    "price" : 409.25,
    "dma50" : 394.66,
    "dma100" : null,
    "dma200" : 356.26,
    "volume" : 182668.00
  }, {
    "date" : "2025-01-06",
    "price" : 397.10,
    "dma50" : 394.76,
    "dma100" : null,
    "dma200" : 356.67,
    "volume" : 428563.00
  }, {
    "date" : "2025-01-07",
    "price" : 427.95,
    "dma50" : 396.06,
    "dma100" : null,
    "dma200" : 357.38,
    "volume" : 2207746.00
  }, {
    "date" : "2025-01-08",
    "price" : 409.60,
    "dma50" : 396.59,
    "dma100" : null,
    "dma200" : 357.90,
    "volume" : 487137.00
  }, {
    "date" : "2025-01-09",
    "price" : 397.90,
    "dma50" : 396.64,
    "dma100" : null,
    "dma200" : 358.30,
    "volume" : 473627.00
  }, {
    "date" : "2025-01-10",
    "price" : 384.70,
    "dma50" : 396.17,
    "dma100" : null,
    "dma200" : 358.56,
    "volume" : 365265.00
  }, {
    "date" : "2025-01-13",
    "price" : 379.75,
    "dma50" : 395.53,
    "dma100" : null,
    "dma200" : 358.77,
    "volume" : 640720.00
  }, {
    "date" : "2025-01-14",
    "price" : 383.95,
    "dma50" : 395.08,
    "dma100" : null,
    "dma200" : 359.02,
    "volume" : 326262.00
  }, {
    "date" : "2025-01-15",
    "price" : 394.50,
    "dma50" : 395.05,
    "dma100" : null,
    "dma200" : 359.37,
    "volume" : 555689.00
  }, {
    "date" : "2025-01-16",
    "price" : 402.20,
    "dma50" : 395.33,
    "dma100" : null,
    "dma200" : 359.80,
    "volume" : 322139.00
  }, {
    "date" : "2025-01-17",
    "price" : 401.15,
    "dma50" : 395.56,
    "dma100" : null,
    "dma200" : 360.21,
    "volume" : 222402.00
  }, {
    "date" : "2025-01-20",
    "price" : 398.55,
    "dma50" : 395.68,
    "dma100" : null,
    "dma200" : 360.59,
    "volume" : 248949.00
  }, {
    "date" : "2025-01-21",
    "price" : 388.05,
    "dma50" : 395.38,
    "dma100" : null,
    "dma200" : 360.87,
    "volume" : 376515.00
  }, {
    "date" : "2025-01-22",
    "price" : 378.50,
    "dma50" : 394.72,
    "dma100" : null,
    "dma200" : 361.04,
    "volume" : 316123.00
  }, {
    "date" : "2025-01-23",
    "price" : 376.00,
    "dma50" : 393.98,
    "dma100" : null,
    "dma200" : 361.19,
    "volume" : 336450.00
  }, {
    "date" : "2025-01-24",
    "price" : 373.35,
    "dma50" : 393.17,
    "dma100" : null,
    "dma200" : 361.31,
    "volume" : 1187846.00
  }, {
    "date" : "2025-01-27",
    "price" : 358.40,
    "dma50" : 391.81,
    "dma100" : null,
    "dma200" : 361.28,
    "volume" : 370445.00
  }, {
    "date" : "2025-01-28",
    "price" : 325.95,
    "dma50" : 389.23,
    "dma100" : null,
    "dma200" : 360.93,
    "volume" : 1963926.00
  }, {
    "date" : "2025-01-29",
    "price" : 337.90,
    "dma50" : 387.22,
    "dma100" : null,
    "dma200" : 360.70,
    "volume" : 781799.00
  }, {
    "date" : "2025-01-30",
    "price" : 334.80,
    "dma50" : 385.16,
    "dma100" : null,
    "dma200" : 360.44,
    "volume" : 496115.00
  }, {
    "date" : "2025-01-31",
    "price" : 337.95,
    "dma50" : 383.31,
    "dma100" : null,
    "dma200" : 360.22,
    "volume" : 809265.00
  }, {
    "date" : "2025-02-01",
    "price" : 352.85,
    "dma50" : 382.11,
    "dma100" : null,
    "dma200" : 360.15,
    "volume" : 738236.00
  }, {
    "date" : "2025-02-03",
    "price" : 339.30,
    "dma50" : 380.43,
    "dma100" : null,
    "dma200" : 359.94,
    "volume" : 639282.00
  }, {
    "date" : "2025-02-04",
    "price" : 348.25,
    "dma50" : 379.17,
    "dma100" : null,
    "dma200" : 359.82,
    "volume" : 2415538.00
  }, {
    "date" : "2025-02-05",
    "price" : 367.10,
    "dma50" : 378.70,
    "dma100" : null,
    "dma200" : 359.90,
    "volume" : 779368.00
  }, {
    "date" : "2025-02-06",
    "price" : 359.70,
    "dma50" : 377.95,
    "dma100" : null,
    "dma200" : 359.89,
    "volume" : 328610.00
  }, {
    "date" : "2025-02-07",
    "price" : 372.40,
    "dma50" : 377.74,
    "dma100" : null,
    "dma200" : 360.02,
    "volume" : 588573.00
  }, {
    "date" : "2025-02-10",
    "price" : 347.55,
    "dma50" : 376.55,
    "dma100" : null,
    "dma200" : 359.89,
    "volume" : 413358.00
  }, {
    "date" : "2025-02-11",
    "price" : 332.70,
    "dma50" : 374.83,
    "dma100" : null,
    "dma200" : 359.62,
    "volume" : 482438.00
  }, {
    "date" : "2025-02-12",
    "price" : 335.60,
    "dma50" : 373.29,
    "dma100" : null,
    "dma200" : 359.38,
    "volume" : 465070.00
  }, {
    "date" : "2025-02-13",
    "price" : 331.70,
    "dma50" : 371.66,
    "dma100" : null,
    "dma200" : 359.11,
    "volume" : 246670.00
  }, {
    "date" : "2025-02-14",
    "price" : 322.05,
    "dma50" : 369.72,
    "dma100" : null,
    "dma200" : 358.74,
    "volume" : 364694.00
  }, {
    "date" : "2025-02-17",
    "price" : 314.25,
    "dma50" : 367.54,
    "dma100" : null,
    "dma200" : 358.30,
    "volume" : 499147.00
  }, {
    "date" : "2025-02-18",
    "price" : 318.55,
    "dma50" : 365.62,
    "dma100" : null,
    "dma200" : 357.90,
    "volume" : 749988.00
  }, {
    "date" : "2025-02-19",
    "price" : 339.70,
    "dma50" : 364.60,
    "dma100" : null,
    "dma200" : 357.72,
    "volume" : 576512.00
  }, {
    "date" : "2025-02-20",
    "price" : 335.20,
    "dma50" : 363.45,
    "dma100" : null,
    "dma200" : 357.50,
    "volume" : 432291.00
  }, {
    "date" : "2025-02-21",
    "price" : 322.00,
    "dma50" : 361.83,
    "dma100" : null,
    "dma200" : 357.14,
    "volume" : 416760.00
  }, {
    "date" : "2025-02-24",
    "price" : 327.30,
    "dma50" : 360.47,
    "dma100" : null,
    "dma200" : 356.85,
    "volume" : 453064.00
  }, {
    "date" : "2025-02-25",
    "price" : 328.25,
    "dma50" : 359.21,
    "dma100" : null,
    "dma200" : 356.56,
    "volume" : 205947.00
  }, {
    "date" : "2025-02-27",
    "price" : 327.25,
    "dma50" : 357.96,
    "dma100" : null,
    "dma200" : 356.27,
    "volume" : 272645.00
  }, {
    "date" : "2025-02-28",
    "price" : 339.15,
    "dma50" : 357.22,
    "dma100" : null,
    "dma200" : 356.10,
    "volume" : 824858.00
  }, {
    "date" : "2025-03-03",
    "price" : 337.70,
    "dma50" : 356.45,
    "dma100" : null,
    "dma200" : 355.92,
    "volume" : 523225.00
  }, {
    "date" : "2025-03-04",
    "price" : 336.25,
    "dma50" : 355.66,
    "dma100" : null,
    "dma200" : 355.72,
    "volume" : 2447757.00
  }, {
    "date" : "2025-03-05",
    "price" : 338.50,
    "dma50" : 354.99,
    "dma100" : null,
    "dma200" : 355.55,
    "volume" : 837140.00
  }, {
    "date" : "2025-03-06",
    "price" : 352.00,
    "dma50" : 354.87,
    "dma100" : null,
    "dma200" : 355.51,
    "volume" : 950501.00
  }, {
    "date" : "2025-03-07",
    "price" : 348.00,
    "dma50" : 354.60,
    "dma100" : null,
    "dma200" : 355.44,
    "volume" : 808570.00
  }, {
    "date" : "2025-03-10",
    "price" : 327.85,
    "dma50" : 353.55,
    "dma100" : null,
    "dma200" : 355.17,
    "volume" : 1978150.00
  }, {
    "date" : "2025-03-11",
    "price" : 324.60,
    "dma50" : 352.42,
    "dma100" : null,
    "dma200" : 354.86,
    "volume" : 792899.00
  }, {
    "date" : "2025-03-12",
    "price" : 319.95,
    "dma50" : 351.14,
    "dma100" : null,
    "dma200" : 354.51,
    "volume" : 357832.00
  }, {
    "date" : "2025-03-13",
    "price" : 319.00,
    "dma50" : 349.88,
    "dma100" : null,
    "dma200" : 354.16,
    "volume" : 225457.00
  }, {
    "date" : "2025-03-17",
    "price" : 319.30,
    "dma50" : 348.68,
    "dma100" : null,
    "dma200" : 353.81,
    "volume" : 261239.00
  }, {
    "date" : "2025-03-18",
    "price" : 323.60,
    "dma50" : 347.70,
    "dma100" : null,
    "dma200" : 353.51,
    "volume" : 512187.00
  }, {
    "date" : "2025-03-19",
    "price" : 332.00,
    "dma50" : 347.08,
    "dma100" : null,
    "dma200" : 353.30,
    "volume" : 475441.00
  }, {
    "date" : "2025-03-20",
    "price" : 327.25,
    "dma50" : 346.31,
    "dma100" : null,
    "dma200" : 353.04,
    "volume" : 495509.00
  }, {
    "date" : "2025-03-21",
    "price" : 335.10,
    "dma50" : 345.87,
    "dma100" : null,
    "dma200" : 352.86,
    "volume" : 613358.00
  }, {
    "date" : "2025-03-24",
    "price" : 336.40,
    "dma50" : 345.50,
    "dma100" : null,
    "dma200" : 352.70,
    "volume" : 332345.00
  }, {
    "date" : "2025-03-25",
    "price" : 331.10,
    "dma50" : 344.93,
    "dma100" : null,
    "dma200" : 352.48,
    "volume" : 344197.00
  }, {
    "date" : "2025-03-26",
    "price" : 321.30,
    "dma50" : 344.00,
    "dma100" : null,
    "dma200" : 352.17,
    "volume" : 456873.00
  }, {
    "date" : "2025-03-27",
    "price" : 323.35,
    "dma50" : 343.19,
    "dma100" : null,
    "dma200" : 351.89,
    "volume" : 404634.00
  }, {
    "date" : "2025-03-28",
    "price" : 315.15,
    "dma50" : 342.09,
    "dma100" : null,
    "dma200" : 351.52,
    "volume" : 330124.00
  }, {
    "date" : "2025-04-01",
    "price" : 318.00,
    "dma50" : 341.15,
    "dma100" : null,
    "dma200" : 351.19,
    "volume" : 398099.00
  }, {
    "date" : "2025-04-02",
    "price" : 326.45,
    "dma50" : 340.57,
    "dma100" : null,
    "dma200" : 350.94,
    "volume" : 256809.00
  }, {
    "date" : "2025-04-03",
    "price" : 346.00,
    "dma50" : 340.79,
    "dma100" : null,
    "dma200" : 350.89,
    "volume" : 1068733.00
  }, {
    "date" : "2025-04-04",
    "price" : 330.30,
    "dma50" : 340.37,
    "dma100" : null,
    "dma200" : 350.69,
    "volume" : 670253.00
  }, {
    "date" : "2025-04-07",
    "price" : 317.90,
    "dma50" : 339.49,
    "dma100" : null,
    "dma200" : 350.36,
    "volume" : 504762.00
  }, {
    "date" : "2025-04-08",
    "price" : 319.10,
    "dma50" : 338.69,
    "dma100" : null,
    "dma200" : 350.05,
    "volume" : 260680.00
  }, {
    "date" : "2025-04-09",
    "price" : 315.05,
    "dma50" : 337.77,
    "dma100" : null,
    "dma200" : 349.70,
    "volume" : 196261.00
  }, {
    "date" : "2025-04-11",
    "price" : 333.10,
    "dma50" : 337.58,
    "dma100" : null,
    "dma200" : 349.54,
    "volume" : 421539.00
  }, {
    "date" : "2025-04-15",
    "price" : 342.55,
    "dma50" : 337.78,
    "dma100" : null,
    "dma200" : 349.47,
    "volume" : 425319.00
  }, {
    "date" : "2025-04-16",
    "price" : 362.95,
    "dma50" : 338.77,
    "dma100" : null,
    "dma200" : 349.60,
    "volume" : 897181.00
  }, {
    "date" : "2025-04-17",
    "price" : 370.05,
    "dma50" : 339.99,
    "dma100" : null,
    "dma200" : 349.80,
    "volume" : 592741.00
  }, {
    "date" : "2025-04-21",
    "price" : 380.35,
    "dma50" : 341.57,
    "dma100" : null,
    "dma200" : 350.11,
    "volume" : 399103.00
  }, {
    "date" : "2025-04-22",
    "price" : 390.10,
    "dma50" : 343.48,
    "dma100" : null,
    "dma200" : 350.51,
    "volume" : 633696.00
  }, {
    "date" : "2025-04-23",
    "price" : 388.15,
    "dma50" : 345.23,
    "dma100" : null,
    "dma200" : 350.88,
    "volume" : 322653.00
  }, {
    "date" : "2025-04-24",
    "price" : 391.15,
    "dma50" : 347.03,
    "dma100" : null,
    "dma200" : 351.28,
    "volume" : 465791.00
  }, {
    "date" : "2025-04-25",
    "price" : 387.75,
    "dma50" : 348.63,
    "dma100" : null,
    "dma200" : 351.64,
    "volume" : 719168.00
  }, {
    "date" : "2025-04-28",
    "price" : 381.20,
    "dma50" : 349.90,
    "dma100" : null,
    "dma200" : 351.94,
    "volume" : 235318.00
  }, {
    "date" : "2025-04-29",
    "price" : 380.75,
    "dma50" : 351.11,
    "dma100" : null,
    "dma200" : 352.22,
    "volume" : 206727.00
  }, {
    "date" : "2025-04-30",
    "price" : 363.80,
    "dma50" : 351.61,
    "dma100" : null,
    "dma200" : 352.34,
    "volume" : 720451.00
  }, {
    "date" : "2025-05-02",
    "price" : 360.45,
    "dma50" : 351.96,
    "dma100" : null,
    "dma200" : 352.42,
    "volume" : 275496.00
  }, {
    "date" : "2025-05-05",
    "price" : 364.45,
    "dma50" : 352.45,
    "dma100" : null,
    "dma200" : 352.54,
    "volume" : 312430.00
  }, {
    "date" : "2025-05-06",
    "price" : 365.20,
    "dma50" : 352.95,
    "dma100" : null,
    "dma200" : 352.67,
    "volume" : 290025.00
  }, {
    "date" : "2025-05-07",
    "price" : 375.65,
    "dma50" : 353.84,
    "dma100" : null,
    "dma200" : 352.89,
    "volume" : 1039159.00
  }, {
    "date" : "2025-05-08",
    "price" : 382.05,
    "dma50" : 354.94,
    "dma100" : null,
    "dma200" : 353.18,
    "volume" : 1242383.00
  }, {
    "date" : "2025-05-09",
    "price" : 371.20,
    "dma50" : 355.58,
    "dma100" : null,
    "dma200" : 353.36,
    "volume" : 375520.00
  }, {
    "date" : "2025-05-12",
    "price" : 385.15,
    "dma50" : 356.74,
    "dma100" : null,
    "dma200" : 353.68,
    "volume" : 463385.00
  }, {
    "date" : "2025-05-13",
    "price" : 392.05,
    "dma50" : 358.13,
    "dma100" : null,
    "dma200" : 354.06,
    "volume" : 887671.00
  }, {
    "date" : "2025-05-14",
    "price" : 399.00,
    "dma50" : 359.73,
    "dma100" : 361.70,
    "dma200" : 354.51,
    "volume" : 727182.00
  }, {
    "date" : "2025-05-15",
    "price" : 380.55,
    "dma50" : 360.55,
    "dma100" : 361.02,
    "dma200" : 354.77,
    "volume" : 2468528.00
  }, {
    "date" : "2025-05-16",
    "price" : 378.95,
    "dma50" : 361.27,
    "dma100" : 360.42,
    "dma200" : 355.01,
    "volume" : 1701892.00
  }, {
    "date" : "2025-05-19",
    "price" : 389.70,
    "dma50" : 362.38,
    "dma100" : 359.97,
    "dma200" : 355.35,
    "volume" : 1293342.00
  }, {
    "date" : "2025-05-20",
    "price" : 383.80,
    "dma50" : 363.22,
    "dma100" : 359.67,
    "dma200" : 355.64,
    "volume" : 424115.00
  }, {
    "date" : "2025-05-21",
    "price" : 379.70,
    "dma50" : 363.87,
    "dma100" : 359.30,
    "dma200" : 355.88,
    "volume" : 440906.00
  }, {
    "date" : "2025-05-22",
    "price" : 374.75,
    "dma50" : 364.30,
    "dma100" : 358.98,
    "dma200" : 356.06,
    "volume" : 255493.00
  }, {
    "date" : "2025-05-23",
    "price" : 366.15,
    "dma50" : 364.37,
    "dma100" : 358.60,
    "dma200" : 356.16,
    "volume" : 397114.00
  }, {
    "date" : "2025-05-26",
    "price" : 354.60,
    "dma50" : 363.99,
    "dma100" : 358.13,
    "dma200" : 356.15,
    "volume" : 819116.00
  }, {
    "date" : "2025-05-27",
    "price" : 363.20,
    "dma50" : 363.95,
    "dma100" : 357.79,
    "dma200" : 356.22,
    "volume" : 585234.00
  }, {
    "date" : "2025-05-28",
    "price" : 363.50,
    "dma50" : 363.94,
    "dma100" : 357.32,
    "dma200" : 356.29,
    "volume" : 231136.00
  }, {
    "date" : "2025-05-29",
    "price" : 361.75,
    "dma50" : 363.85,
    "dma100" : 356.81,
    "dma200" : 356.35,
    "volume" : 226316.00
  }, {
    "date" : "2025-05-30",
    "price" : 357.90,
    "dma50" : 363.62,
    "dma100" : 356.21,
    "dma200" : 356.36,
    "volume" : 234120.00
  }, {
    "date" : "2025-06-02",
    "price" : 350.65,
    "dma50" : 363.11,
    "dma100" : 355.63,
    "dma200" : 356.30,
    "volume" : 325544.00
  }, {
    "date" : "2025-06-03",
    "price" : 348.85,
    "dma50" : 362.55,
    "dma100" : 355.14,
    "dma200" : 356.23,
    "volume" : 304510.00
  }, {
    "date" : "2025-06-04",
    "price" : 353.15,
    "dma50" : 362.18,
    "dma100" : 354.40,
    "dma200" : 356.20,
    "volume" : 779738.00
  }, {
    "date" : "2025-06-05",
    "price" : 350.30,
    "dma50" : 361.72,
    "dma100" : 353.80,
    "dma200" : 356.14,
    "volume" : 191308.00
  }, {
    "date" : "2025-06-06",
    "price" : 356.60,
    "dma50" : 361.51,
    "dma100" : 353.39,
    "dma200" : 356.15,
    "volume" : 323209.00
  }, {
    "date" : "2025-06-09",
    "price" : 358.80,
    "dma50" : 361.41,
    "dma100" : 353.13,
    "dma200" : 356.17,
    "volume" : 482978.00
  }, {
    "date" : "2025-06-10",
    "price" : 367.15,
    "dma50" : 361.63,
    "dma100" : 353.00,
    "dma200" : 356.28,
    "volume" : 519351.00
  }, {
    "date" : "2025-06-11",
    "price" : 362.85,
    "dma50" : 361.68,
    "dma100" : 352.79,
    "dma200" : 356.35,
    "volume" : 240507.00
  }, {
    "date" : "2025-06-12",
    "price" : 353.05,
    "dma50" : 361.34,
    "dma100" : 352.38,
    "dma200" : 356.31,
    "volume" : 294806.00
  }, {
    "date" : "2025-06-13",
    "price" : 351.90,
    "dma50" : 360.97,
    "dma100" : 351.88,
    "dma200" : 356.27,
    "volume" : 320418.00
  }, {
    "date" : "2025-06-16",
    "price" : 346.65,
    "dma50" : 360.41,
    "dma100" : 351.33,
    "dma200" : 356.17,
    "volume" : 511359.00
  }, {
    "date" : "2025-06-17",
    "price" : 346.55,
    "dma50" : 359.87,
    "dma100" : 350.81,
    "dma200" : 356.08,
    "volume" : 240006.00
  }, {
    "date" : "2025-06-18",
    "price" : 338.15,
    "dma50" : 359.02,
    "dma100" : 350.31,
    "dma200" : 355.90,
    "volume" : 338537.00
  }, {
    "date" : "2025-06-19",
    "price" : 340.15,
    "dma50" : 358.28,
    "dma100" : 349.93,
    "dma200" : 355.74,
    "volume" : 279806.00
  }, {
    "date" : "2025-06-20",
    "price" : 349.70,
    "dma50" : 357.94,
    "dma100" : 349.67,
    "dma200" : 355.68,
    "volume" : 775779.00
  }, {
    "date" : "2025-06-23",
    "price" : 354.55,
    "dma50" : 357.81,
    "dma100" : 349.48,
    "dma200" : 355.67,
    "volume" : 308508.00
  }, {
    "date" : "2025-06-24",
    "price" : 350.35,
    "dma50" : 357.51,
    "dma100" : 349.40,
    "dma200" : 355.62,
    "volume" : 445681.00
  }, {
    "date" : "2025-06-25",
    "price" : 354.65,
    "dma50" : 357.40,
    "dma100" : 349.68,
    "dma200" : 355.61,
    "volume" : 307085.00
  }, {
    "date" : "2025-06-26",
    "price" : 353.55,
    "dma50" : 357.25,
    "dma100" : 349.84,
    "dma200" : 355.59,
    "volume" : 278152.00
  }, {
    "date" : "2025-06-27",
    "price" : 354.70,
    "dma50" : 357.15,
    "dma100" : 350.04,
    "dma200" : 355.58,
    "volume" : 215168.00
  }, {
    "date" : "2025-06-30",
    "price" : 352.80,
    "dma50" : 356.98,
    "dma100" : 350.19,
    "dma200" : 355.55,
    "volume" : 240190.00
  }, {
    "date" : "2025-07-01",
    "price" : 351.00,
    "dma50" : 356.75,
    "dma100" : 350.17,
    "dma200" : 355.51,
    "volume" : 279148.00
  }, {
    "date" : "2025-07-02",
    "price" : 350.05,
    "dma50" : 356.48,
    "dma100" : 350.28,
    "dma200" : 355.45,
    "volume" : 181275.00
  }, {
    "date" : "2025-07-03",
    "price" : 348.50,
    "dma50" : 356.17,
    "dma100" : 350.28,
    "dma200" : 355.38,
    "volume" : 193228.00
  }, {
    "date" : "2025-07-04",
    "price" : 349.95,
    "dma50" : 355.93,
    "dma100" : 350.11,
    "dma200" : 355.33,
    "volume" : 188600.00
  }, {
    "date" : "2025-07-07",
    "price" : 346.45,
    "dma50" : 355.55,
    "dma100" : 349.98,
    "dma200" : 355.24,
    "volume" : 303161.00
  }, {
    "date" : "2025-07-08",
    "price" : 347.20,
    "dma50" : 355.23,
    "dma100" : 349.72,
    "dma200" : 355.16,
    "volume" : 1529396.00
  }, {
    "date" : "2025-07-09",
    "price" : 344.10,
    "dma50" : 354.79,
    "dma100" : 349.69,
    "dma200" : 355.05,
    "volume" : 231251.00
  }, {
    "date" : "2025-07-10",
    "price" : 343.35,
    "dma50" : 354.34,
    "dma100" : 349.80,
    "dma200" : 354.93,
    "volume" : 148787.00
  }, {
    "date" : "2025-07-11",
    "price" : 336.25,
    "dma50" : 353.63,
    "dma100" : 349.80,
    "dma200" : 354.75,
    "volume" : 211343.00
  }, {
    "date" : "2025-07-14",
    "price" : 338.60,
    "dma50" : 353.04,
    "dma100" : 349.87,
    "dma200" : 354.59,
    "volume" : 160701.00
  }, {
    "date" : "2025-07-15",
    "price" : 341.25,
    "dma50" : 352.58,
    "dma100" : 350.06,
    "dma200" : 354.46,
    "volume" : 264605.00
  }, {
    "date" : "2025-07-16",
    "price" : 344.05,
    "dma50" : 352.25,
    "dma100" : 350.36,
    "dma200" : 354.35,
    "volume" : 251134.00
  }, {
    "date" : "2025-07-17",
    "price" : 346.70,
    "dma50" : 352.03,
    "dma100" : 350.64,
    "dma200" : 354.28,
    "volume" : 161257.00
  }, {
    "date" : "2025-07-18",
    "price" : 342.10,
    "dma50" : 351.64,
    "dma100" : 350.67,
    "dma200" : 354.15,
    "volume" : 124410.00
  }, {
    "date" : "2025-07-21",
    "price" : 341.05,
    "dma50" : 351.22,
    "dma100" : 350.73,
    "dma200" : 354.02,
    "volume" : 122234.00
  }, {
    "date" : "2025-07-22",
    "price" : 338.65,
    "dma50" : 350.73,
    "dma100" : 350.89,
    "dma200" : 353.87,
    "volume" : 123446.00
  }, {
    "date" : "2025-07-23",
    "price" : 336.65,
    "dma50" : 350.18,
    "dma100" : 350.99,
    "dma200" : 353.70,
    "volume" : 193381.00
  }, {
    "date" : "2025-07-24",
    "price" : 340.50,
    "dma50" : 349.80,
    "dma100" : 351.11,
    "dma200" : 353.57,
    "volume" : 488711.00
  }, {
    "date" : "2025-07-25",
    "price" : 336.05,
    "dma50" : 349.26,
    "dma100" : 351.20,
    "dma200" : 353.39,
    "volume" : 502870.00
  }, {
    "date" : "2025-07-28",
    "price" : 335.30,
    "dma50" : 348.71,
    "dma100" : 351.16,
    "dma200" : 353.21,
    "volume" : 439541.00
  }, {
    "date" : "2025-07-29",
    "price" : 331.50,
    "dma50" : 348.04,
    "dma100" : 351.10,
    "dma200" : 353.00,
    "volume" : 1709793.00
  }, {
    "date" : "2025-07-30",
    "price" : 330.95,
    "dma50" : 347.37,
    "dma100" : 351.04,
    "dma200" : 352.78,
    "volume" : 761263.00
  }, {
    "date" : "2025-07-31",
    "price" : 316.05,
    "dma50" : 346.14,
    "dma100" : 350.82,
    "dma200" : 352.41,
    "volume" : 546109.00
  }, {
    "date" : "2025-08-01",
    "price" : 315.55,
    "dma50" : 344.94,
    "dma100" : 350.45,
    "dma200" : 352.05,
    "volume" : 515355.00
  }, {
    "date" : "2025-08-04",
    "price" : 315.90,
    "dma50" : 343.80,
    "dma100" : 350.13,
    "dma200" : 351.69,
    "volume" : 272164.00
  }, {
    "date" : "2025-08-05",
    "price" : 313.70,
    "dma50" : 342.62,
    "dma100" : 349.99,
    "dma200" : 351.31,
    "volume" : 453348.00
  }, {
    "date" : "2025-08-06",
    "price" : 309.10,
    "dma50" : 341.31,
    "dma100" : 349.84,
    "dma200" : 350.89,
    "volume" : 368012.00
  }, {
    "date" : "2025-08-07",
    "price" : 301.50,
    "dma50" : 339.74,
    "dma100" : 349.65,
    "dma200" : 350.40,
    "volume" : 607849.00
  }, {
    "date" : "2025-08-08",
    "price" : 298.80,
    "dma50" : 338.14,
    "dma100" : 349.45,
    "dma200" : 349.88,
    "volume" : 895933.00
  }, {
    "date" : "2025-08-11",
    "price" : 296.05,
    "dma50" : 336.49,
    "dma100" : 349.22,
    "dma200" : 349.35,
    "volume" : 317504.00
  }, {
    "date" : "2025-08-12",
    "price" : 292.65,
    "dma50" : 334.77,
    "dma100" : 348.91,
    "dma200" : 348.78,
    "volume" : 366485.00
  }, {
    "date" : "2025-08-13",
    "price" : 291.65,
    "dma50" : 333.08,
    "dma100" : 348.50,
    "dma200" : 348.22,
    "volume" : 194902.00
  }, {
    "date" : "2025-08-14",
    "price" : 287.05,
    "dma50" : 331.27,
    "dma100" : 348.10,
    "dma200" : 347.61,
    "volume" : 158140.00
  }, {
    "date" : "2025-08-18",
    "price" : 293.25,
    "dma50" : 329.78,
    "dma100" : 347.68,
    "dma200" : 347.07,
    "volume" : 251882.00
  }, {
    "date" : "2025-08-19",
    "price" : 304.85,
    "dma50" : 328.80,
    "dma100" : 347.37,
    "dma200" : 346.65,
    "volume" : 358880.00
  }, {
    "date" : "2025-08-20",
    "price" : 305.35,
    "dma50" : 327.88,
    "dma100" : 347.11,
    "dma200" : 346.24,
    "volume" : 263424.00
  }, {
    "date" : "2025-08-21",
    "price" : 301.55,
    "dma50" : 326.85,
    "dma100" : 346.91,
    "dma200" : 345.79,
    "volume" : 320003.00
  }, {
    "date" : "2025-08-22",
    "price" : 294.05,
    "dma50" : 325.57,
    "dma100" : 346.62,
    "dma200" : 345.28,
    "volume" : 171008.00
  }, {
    "date" : "2025-08-25",
    "price" : 292.55,
    "dma50" : 324.27,
    "dma100" : 346.39,
    "dma200" : 344.75,
    "volume" : 174102.00
  }, {
    "date" : "2025-08-26",
    "price" : 283.00,
    "dma50" : 322.65,
    "dma100" : 346.04,
    "dma200" : 344.14,
    "volume" : 441404.00
  }, {
    "date" : "2025-08-28",
    "price" : 284.65,
    "dma50" : 321.16,
    "dma100" : 345.63,
    "dma200" : 343.54,
    "volume" : 532320.00
  }, {
    "date" : "2025-08-29",
    "price" : 280.85,
    "dma50" : 319.58,
    "dma100" : 344.97,
    "dma200" : 342.92,
    "volume" : 205496.00
  }, {
    "date" : "2025-09-01",
    "price" : 285.60,
    "dma50" : 318.25,
    "dma100" : 344.53,
    "dma200" : 342.35,
    "volume" : 449942.00
  }, {
    "date" : "2025-09-02",
    "price" : 288.85,
    "dma50" : 317.10,
    "dma100" : 344.24,
    "dma200" : 341.82,
    "volume" : 374278.00
  }, {
    "date" : "2025-09-03",
    "price" : 289.90,
    "dma50" : 316.03,
    "dma100" : 343.94,
    "dma200" : 341.30,
    "volume" : 274196.00
  }, {
    "date" : "2025-09-04",
    "price" : 294.45,
    "dma50" : 315.18,
    "dma100" : 343.74,
    "dma200" : 340.84,
    "volume" : 293482.00
  }, {
    "date" : "2025-09-05",
    "price" : 289.00,
    "dma50" : 314.16,
    "dma100" : 343.30,
    "dma200" : 340.32,
    "volume" : 193297.00
  }, {
    "date" : "2025-09-08",
    "price" : 295.55,
    "dma50" : 313.43,
    "dma100" : 342.83,
    "dma200" : 339.87,
    "volume" : 200633.00
  }, {
    "date" : "2025-09-09",
    "price" : 298.95,
    "dma50" : 312.86,
    "dma100" : 342.19,
    "dma200" : 339.47,
    "volume" : 232415.00
  }, {
    "date" : "2025-09-10",
    "price" : 312.65,
    "dma50" : 312.85,
    "dma100" : 341.61,
    "dma200" : 339.20,
    "volume" : 708861.00
  }, {
    "date" : "2025-09-11",
    "price" : 335.85,
    "dma50" : 313.75,
    "dma100" : 341.17,
    "dma200" : 339.17,
    "volume" : 1523131.00
  }, {
    "date" : "2025-09-12",
    "price" : 326.80,
    "dma50" : 314.26,
    "dma100" : 340.54,
    "dma200" : 339.04,
    "volume" : 485619.00
  }, {
    "date" : "2025-09-15",
    "price" : 327.35,
    "dma50" : 314.78,
    "dma100" : 339.93,
    "dma200" : 338.93,
    "volume" : 201686.00
  }, {
    "date" : "2025-09-16",
    "price" : 323.80,
    "dma50" : 315.13,
    "dma100" : 339.25,
    "dma200" : 338.78,
    "volume" : 316447.00
  }, {
    "date" : "2025-09-17",
    "price" : 335.20,
    "dma50" : 315.92,
    "dma100" : 338.73,
    "dma200" : 338.74,
    "volume" : 493445.00
  }, {
    "date" : "2025-09-18",
    "price" : 327.55,
    "dma50" : 316.37,
    "dma100" : 338.19,
    "dma200" : 338.63,
    "volume" : 268798.00
  }, {
    "date" : "2025-09-19",
    "price" : 319.50,
    "dma50" : 316.50,
    "dma100" : 337.58,
    "dma200" : 338.44,
    "volume" : 570361.00
  }, {
    "date" : "2025-09-22",
    "price" : 315.85,
    "dma50" : 316.47,
    "dma100" : 337.10,
    "dma200" : 338.21,
    "volume" : 234293.00
  }, {
    "date" : "2025-09-23",
    "price" : 315.05,
    "dma50" : 316.42,
    "dma100" : 336.65,
    "dma200" : 337.98,
    "volume" : 241478.00
  }, {
    "date" : "2025-09-24",
    "price" : 316.95,
    "dma50" : 316.44,
    "dma100" : 336.17,
    "dma200" : 337.78,
    "volume" : 217119.00
  }, {
    "date" : "2025-09-25",
    "price" : 314.55,
    "dma50" : 316.36,
    "dma100" : 335.66,
    "dma200" : 337.54,
    "volume" : 237658.00
  }, {
    "date" : "2025-09-26",
    "price" : 306.15,
    "dma50" : 315.96,
    "dma100" : 334.97,
    "dma200" : 337.23,
    "volume" : 201007.00
  }, {
    "date" : "2025-09-29",
    "price" : 301.65,
    "dma50" : 315.40,
    "dma100" : 334.17,
    "dma200" : 336.88,
    "volume" : 163685.00
  }, {
    "date" : "2025-09-30",
    "price" : 303.85,
    "dma50" : 314.95,
    "dma100" : 333.49,
    "dma200" : 336.55,
    "volume" : 146115.00
  }, {
    "date" : "2025-10-01",
    "price" : 297.90,
    "dma50" : 314.28,
    "dma100" : 332.62,
    "dma200" : 336.16,
    "volume" : 637215.00
  }, {
    "date" : "2025-10-03",
    "price" : 300.35,
    "dma50" : 313.73,
    "dma100" : 331.70,
    "dma200" : 335.81,
    "volume" : 129548.00
  }, {
    "date" : "2025-10-06",
    "price" : 294.15,
    "dma50" : 312.97,
    "dma100" : 330.65,
    "dma200" : 335.39,
    "volume" : 199133.00
  }, {
    "date" : "2025-10-07",
    "price" : 297.10,
    "dma50" : 312.34,
    "dma100" : 329.82,
    "dma200" : 335.01,
    "volume" : 114924.00
  }, {
    "date" : "2025-10-08",
    "price" : 287.90,
    "dma50" : 311.38,
    "dma100" : 328.91,
    "dma200" : 334.54,
    "volume" : 356666.00
  }, {
    "date" : "2025-10-09",
    "price" : 286.35,
    "dma50" : 310.40,
    "dma100" : 327.88,
    "dma200" : 334.06,
    "volume" : 303184.00
  }, {
    "date" : "2025-10-10",
    "price" : 279.60,
    "dma50" : 309.19,
    "dma100" : 326.83,
    "dma200" : 333.52,
    "volume" : 559216.00
  }, {
    "date" : "2025-10-13",
    "price" : 284.80,
    "dma50" : 308.24,
    "dma100" : 325.88,
    "dma200" : 333.04,
    "volume" : 700951.00
  }, {
    "date" : "2025-10-14",
    "price" : 286.25,
    "dma50" : 307.38,
    "dma100" : 325.00,
    "dma200" : 332.57,
    "volume" : 796154.00
  }, {
    "date" : "2025-10-15",
    "price" : 297.15,
    "dma50" : 306.97,
    "dma100" : 324.31,
    "dma200" : 332.22,
    "volume" : 485103.00
  }, {
    "date" : "2025-10-16",
    "price" : 308.65,
    "dma50" : 307.04,
    "dma100" : 323.85,
    "dma200" : 331.98,
    "volume" : 513859.00
  }, {
    "date" : "2025-10-17",
    "price" : 307.50,
    "dma50" : 307.06,
    "dma100" : 323.29,
    "dma200" : 331.74,
    "volume" : 242883.00
  }, {
    "date" : "2025-10-20",
    "price" : 307.40,
    "dma50" : 307.07,
    "dma100" : 322.73,
    "dma200" : 331.50,
    "volume" : 154895.00
  }, {
    "date" : "2025-10-21",
    "price" : 306.95,
    "dma50" : 307.07,
    "dma100" : 322.18,
    "dma200" : 331.25,
    "volume" : 32028.00
  }, {
    "date" : "2025-10-23",
    "price" : 321.85,
    "dma50" : 307.65,
    "dma100" : 321.82,
    "dma200" : 331.16,
    "volume" : 1713995.00
  }, {
    "date" : "2025-10-24",
    "price" : 323.20,
    "dma50" : 308.26,
    "dma100" : 321.55,
    "dma200" : 331.08,
    "volume" : 451952.00
  }, {
    "date" : "2025-10-27",
    "price" : 326.15,
    "dma50" : 308.96,
    "dma100" : 321.32,
    "dma200" : 331.03,
    "volume" : 302127.00
  }, {
    "date" : "2025-10-28",
    "price" : 322.20,
    "dma50" : 309.48,
    "dma100" : 321.01,
    "dma200" : 330.95,
    "volume" : 165374.00
  }, {
    "date" : "2025-10-29",
    "price" : 327.40,
    "dma50" : 310.18,
    "dma100" : 320.78,
    "dma200" : 330.91,
    "volume" : 216919.00
  }, {
    "date" : "2025-10-30",
    "price" : 322.55,
    "dma50" : 310.67,
    "dma100" : 320.44,
    "dma200" : 330.83,
    "volume" : 167963.00
  }, {
    "date" : "2025-10-31",
    "price" : 318.80,
    "dma50" : 310.98,
    "dma100" : 320.04,
    "dma200" : 330.71,
    "volume" : 176335.00
  }, {
    "date" : "2025-11-03",
    "price" : 320.10,
    "dma50" : 311.34,
    "dma100" : 319.57,
    "dma200" : 330.60,
    "volume" : 160168.00
  }, {
    "date" : "2025-11-04",
    "price" : 316.45,
    "dma50" : 311.54,
    "dma100" : 319.11,
    "dma200" : 330.46,
    "volume" : 644281.00
  }, {
    "date" : "2025-11-06",
    "price" : 309.95,
    "dma50" : 311.48,
    "dma100" : 318.68,
    "dma200" : 330.26,
    "volume" : 279056.00
  }, {
    "date" : "2025-11-07",
    "price" : 328.30,
    "dma50" : 312.14,
    "dma100" : 318.44,
    "dma200" : 330.24,
    "volume" : 3613361.00
  }, {
    "date" : "2025-11-10",
    "price" : 331.35,
    "dma50" : 312.89,
    "dma100" : 318.29,
    "dma200" : 330.25,
    "volume" : 694242.00
  }, {
    "date" : "2025-11-11",
    "price" : 325.10,
    "dma50" : 313.37,
    "dma100" : 318.07,
    "dma200" : 330.20,
    "volume" : 815783.00
  }, {
    "date" : "2025-11-12",
    "price" : 332.55,
    "dma50" : 314.12,
    "dma100" : 318.02,
    "dma200" : 330.22,
    "volume" : 376505.00
  }, {
    "date" : "2025-11-13",
    "price" : 344.20,
    "dma50" : 315.30,
    "dma100" : 318.06,
    "dma200" : 330.36,
    "volume" : 1029795.00
  }, {
    "date" : "2025-11-14",
    "price" : 336.40,
    "dma50" : 316.13,
    "dma100" : 317.93,
    "dma200" : 330.42,
    "volume" : 330085.00
  }, {
    "date" : "2025-11-17",
    "price" : 335.05,
    "dma50" : 316.87,
    "dma100" : 317.73,
    "dma200" : 330.47,
    "volume" : 252755.00
  }, {
    "date" : "2025-11-18",
    "price" : 346.35,
    "dma50" : 318.03,
    "dma100" : 317.69,
    "dma200" : 330.62,
    "volume" : 795626.00
  }, {
    "date" : "2025-11-19",
    "price" : 356.95,
    "dma50" : 319.55,
    "dma100" : 317.71,
    "dma200" : 330.89,
    "volume" : 1312601.00
  }, {
    "date" : "2025-11-20",
    "price" : 358.50,
    "dma50" : 321.08,
    "dma100" : 317.76,
    "dma200" : 331.16,
    "volume" : 568706.00
  }, {
    "date" : "2025-11-21",
    "price" : 347.90,
    "dma50" : 322.13,
    "dma100" : 317.70,
    "dma200" : 331.33,
    "volume" : 276842.00
  }, {
    "date" : "2025-11-24",
    "price" : 359.50,
    "dma50" : 323.60,
    "dma100" : 317.76,
    "dma200" : 331.61,
    "volume" : 604493.00
  }, {
    "date" : "2025-11-25",
    "price" : 357.05,
    "dma50" : 324.91,
    "dma100" : 317.82,
    "dma200" : 331.86,
    "volume" : 255721.00
  }, {
    "date" : "2025-11-26",
    "price" : 359.90,
    "dma50" : 326.28,
    "dma100" : 317.92,
    "dma200" : 332.14,
    "volume" : 304604.00
  }, {
    "date" : "2025-11-27",
    "price" : 355.95,
    "dma50" : 327.45,
    "dma100" : 318.00,
    "dma200" : 332.38,
    "volume" : 1003544.00
  }, {
    "date" : "2025-11-28",
    "price" : 352.50,
    "dma50" : 328.43,
    "dma100" : 318.02,
    "dma200" : 332.58,
    "volume" : 378649.00
  }, {
    "date" : "2025-12-01",
    "price" : 345.45,
    "dma50" : 329.10,
    "dma100" : 318.01,
    "dma200" : 332.70,
    "volume" : 232993.00
  }, {
    "date" : "2025-12-02",
    "price" : 341.40,
    "dma50" : 329.58,
    "dma100" : 317.95,
    "dma200" : 332.79,
    "volume" : 296266.00
  }, {
    "date" : "2025-12-03",
    "price" : 342.35,
    "dma50" : 330.08,
    "dma100" : 317.94,
    "dma200" : 332.89,
    "volume" : 349082.00
  }, {
    "date" : "2025-12-04",
    "price" : 337.90,
    "dma50" : 330.39,
    "dma100" : 317.88,
    "dma200" : 332.94,
    "volume" : 171338.00
  }, {
    "date" : "2025-12-05",
    "price" : 331.80,
    "dma50" : 330.44,
    "dma100" : 317.84,
    "dma200" : 332.92,
    "volume" : 251577.00
  }, {
    "date" : "2025-12-08",
    "price" : 324.35,
    "dma50" : 330.20,
    "dma100" : 317.69,
    "dma200" : 332.84,
    "volume" : 263389.00
  }, {
    "date" : "2025-12-09",
    "price" : 327.25,
    "dma50" : 330.09,
    "dma100" : 317.55,
    "dma200" : 332.78,
    "volume" : 239864.00
  }, {
    "date" : "2025-12-10",
    "price" : 323.55,
    "dma50" : 329.83,
    "dma100" : 317.35,
    "dma200" : 332.69,
    "volume" : 228698.00
  }, {
    "date" : "2025-12-11",
    "price" : 325.25,
    "dma50" : 329.65,
    "dma100" : 317.13,
    "dma200" : 332.62,
    "volume" : 122194.00
  }, {
    "date" : "2025-12-12",
    "price" : 318.15,
    "dma50" : 329.20,
    "dma100" : 316.90,
    "dma200" : 332.47,
    "volume" : 545156.00
  } ],
  "latestTechnicalAttributes" : {
    "date" : "2025-12-12",
    "price" : 318.15,
    "dma50" : 329.20,
    "dma100" : 316.90,
    "dma200" : 332.47,
    "volume" : 545156.00
  },
  "quarterlyResults" : [ {
    "date" : "2005-03-31",
    "sales" : 438.63,
    "salesGrowthYoY" : null,
    "grossProfitMargin" : 58.00,
    "grossProfit" : 254.41,
    "operatingProfitMargin" : 24.91,
    "operatingProfit" : 109.26,
    "netProfitMargin" : 12.08,
    "netProfit" : 52.99
  }, {
    "date" : "2005-06-30",
    "sales" : 416.55,
    "salesGrowthYoY" : null,
    "grossProfitMargin" : 59.43,
    "grossProfit" : 247.56,
    "operatingProfitMargin" : 26.79,
    "operatingProfit" : 111.59,
    "netProfitMargin" : 9.61,
    "netProfit" : 40.03
  }, {
    "date" : "2005-09-30",
    "sales" : 428.69,
    "salesGrowthYoY" : null,
    "grossProfitMargin" : 56.82,
    "grossProfit" : 243.58,
    "operatingProfitMargin" : 24.91,
    "operatingProfit" : 106.79,
    "netProfitMargin" : 8.68,
    "netProfit" : 37.21
  }, {
    "date" : "2005-12-31",
    "sales" : 382.28,
    "salesGrowthYoY" : null,
    "grossProfitMargin" : 55.81,
    "grossProfit" : 213.35,
    "operatingProfitMargin" : 24.02,
    "operatingProfit" : 91.82,
    "netProfitMargin" : 6.12,
    "netProfit" : 23.40
  }, {
    "date" : "2006-03-31",
    "sales" : 357.96,
    "salesGrowthYoY" : -18.39,
    "grossProfitMargin" : 62.27,
    "grossProfit" : 222.90,
    "operatingProfitMargin" : 24.13,
    "operatingProfit" : 86.38,
    "netProfitMargin" : 6.00,
    "netProfit" : 21.48
  }, {
    "date" : "2006-06-30",
    "sales" : 420.84,
    "salesGrowthYoY" : 1.03,
    "grossProfitMargin" : 61.66,
    "grossProfit" : 259.49,
    "operatingProfitMargin" : 18.43,
    "operatingProfit" : 77.56,
    "netProfitMargin" : 0.09,
    "netProfit" : 0.38
  }, {
    "date" : "2006-09-30",
    "sales" : 493.07,
    "salesGrowthYoY" : 15.02,
    "grossProfitMargin" : 56.72,
    "grossProfit" : 279.67,
    "operatingProfitMargin" : 16.97,
    "operatingProfit" : 83.67,
    "netProfitMargin" : 0.96,
    "netProfit" : 4.73
  }, {
    "date" : "2006-12-31",
    "sales" : 447.87,
    "salesGrowthYoY" : 17.16,
    "grossProfitMargin" : 61.90,
    "grossProfit" : 277.23,
    "operatingProfitMargin" : 15.84,
    "operatingProfit" : 70.94,
    "netProfitMargin" : 0.82,
    "netProfit" : 3.67
  }, {
    "date" : "2007-03-31",
    "sales" : 486.21,
    "salesGrowthYoY" : 35.83,
    "grossProfitMargin" : 62.66,
    "grossProfit" : 304.66,
    "operatingProfitMargin" : 14.46,
    "operatingProfit" : 70.31,
    "netProfitMargin" : 2.51,
    "netProfit" : 12.20
  }, {
    "date" : "2007-06-30",
    "sales" : 514.71,
    "salesGrowthYoY" : 22.31,
    "grossProfitMargin" : 57.41,
    "grossProfit" : 295.50,
    "operatingProfitMargin" : 14.86,
    "operatingProfit" : 76.49,
    "netProfitMargin" : 1.13,
    "netProfit" : 5.82
  }, {
    "date" : "2007-09-30",
    "sales" : 547.37,
    "salesGrowthYoY" : 11.01,
    "grossProfitMargin" : 53.11,
    "grossProfit" : 290.71,
    "operatingProfitMargin" : 11.32,
    "operatingProfit" : 61.96,
    "netProfitMargin" : 1.92,
    "netProfit" : 10.51
  }, {
    "date" : "2007-12-31",
    "sales" : 509.24,
    "salesGrowthYoY" : 13.70,
    "grossProfitMargin" : 50.06,
    "grossProfit" : 254.93,
    "operatingProfitMargin" : 7.20,
    "operatingProfit" : 36.67,
    "netProfitMargin" : 1.27,
    "netProfit" : 6.47
  }, {
    "date" : "2008-03-31",
    "sales" : 666.25,
    "salesGrowthYoY" : 37.03,
    "grossProfitMargin" : 43.84,
    "grossProfit" : 292.08,
    "operatingProfitMargin" : 11.12,
    "operatingProfit" : 74.09,
    "netProfitMargin" : 2.08,
    "netProfit" : 13.86
  }, {
    "date" : "2008-06-30",
    "sales" : 546.41,
    "salesGrowthYoY" : 6.16,
    "grossProfitMargin" : 51.77,
    "grossProfit" : 282.88,
    "operatingProfitMargin" : 10.23,
    "operatingProfit" : 55.90,
    "netProfitMargin" : 0.05,
    "netProfit" : 0.27
  }, {
    "date" : "2008-09-30",
    "sales" : 598.95,
    "salesGrowthYoY" : 9.42,
    "grossProfitMargin" : 51.30,
    "grossProfit" : 307.26,
    "operatingProfitMargin" : 10.76,
    "operatingProfit" : 64.45,
    "netProfitMargin" : -4.89,
    "netProfit" : -29.29
  }, {
    "date" : "2008-12-31",
    "sales" : 591.40,
    "salesGrowthYoY" : 16.13,
    "grossProfitMargin" : 46.68,
    "grossProfit" : 276.07,
    "operatingProfitMargin" : 12.45,
    "operatingProfit" : 73.63,
    "netProfitMargin" : -5.21,
    "netProfit" : -30.81
  }, {
    "date" : "2009-03-31",
    "sales" : 611.37,
    "salesGrowthYoY" : -8.24,
    "grossProfitMargin" : 50.94,
    "grossProfit" : 311.43,
    "operatingProfitMargin" : 10.31,
    "operatingProfit" : 63.03,
    "netProfitMargin" : -2.82,
    "netProfit" : -17.24
  }, {
    "date" : "2009-06-30",
    "sales" : 575.27,
    "salesGrowthYoY" : 5.28,
    "grossProfitMargin" : 47.76,
    "grossProfit" : 274.75,
    "operatingProfitMargin" : 13.96,
    "operatingProfit" : 80.31,
    "netProfitMargin" : 1.39,
    "netProfit" : 8.00
  }, {
    "date" : "2009-09-30",
    "sales" : 600.61,
    "salesGrowthYoY" : 0.28,
    "grossProfitMargin" : 47.18,
    "grossProfit" : 283.37,
    "operatingProfitMargin" : 14.05,
    "operatingProfit" : 84.39,
    "netProfitMargin" : 2.53,
    "netProfit" : 15.20
  }, {
    "date" : "2009-12-31",
    "sales" : 565.28,
    "salesGrowthYoY" : -4.42,
    "grossProfitMargin" : 45.98,
    "grossProfit" : 259.92,
    "operatingProfitMargin" : 13.66,
    "operatingProfit" : 77.22,
    "netProfitMargin" : 1.96,
    "netProfit" : 11.08
  }, {
    "date" : "2010-03-31",
    "sales" : 575.73,
    "salesGrowthYoY" : -5.83,
    "grossProfitMargin" : 44.31,
    "grossProfit" : 255.11,
    "operatingProfitMargin" : 11.52,
    "operatingProfit" : 66.32,
    "netProfitMargin" : 2.27,
    "netProfit" : 13.07
  }, {
    "date" : "2010-06-30",
    "sales" : 577.70,
    "salesGrowthYoY" : 0.42,
    "grossProfitMargin" : 47.42,
    "grossProfit" : 273.95,
    "operatingProfitMargin" : 16.15,
    "operatingProfit" : 93.30,
    "netProfitMargin" : 1.72,
    "netProfit" : 9.94
  }, {
    "date" : "2010-09-30",
    "sales" : 654.53,
    "salesGrowthYoY" : 8.98,
    "grossProfitMargin" : 43.59,
    "grossProfit" : 285.31,
    "operatingProfitMargin" : 13.97,
    "operatingProfit" : 91.44,
    "netProfitMargin" : 2.57,
    "netProfit" : 16.82
  }, {
    "date" : "2010-12-31",
    "sales" : 648.10,
    "salesGrowthYoY" : 14.65,
    "grossProfitMargin" : 44.94,
    "grossProfit" : 291.26,
    "operatingProfitMargin" : 13.58,
    "operatingProfit" : 88.01,
    "netProfitMargin" : 3.47,
    "netProfit" : 22.49
  }, {
    "date" : "2011-03-31",
    "sales" : 808.69,
    "salesGrowthYoY" : 40.46,
    "grossProfitMargin" : 44.70,
    "grossProfit" : 361.48,
    "operatingProfitMargin" : 16.97,
    "operatingProfit" : 137.23,
    "netProfitMargin" : 6.87,
    "netProfit" : 55.56
  }, {
    "date" : "2011-06-30",
    "sales" : 819.57,
    "salesGrowthYoY" : 41.87,
    "grossProfitMargin" : 43.50,
    "grossProfit" : 356.51,
    "operatingProfitMargin" : 16.59,
    "operatingProfit" : 135.97,
    "netProfitMargin" : 6.27,
    "netProfit" : 51.39
  }, {
    "date" : "2011-09-30",
    "sales" : 763.16,
    "salesGrowthYoY" : 16.60,
    "grossProfitMargin" : 44.55,
    "grossProfit" : 339.99,
    "operatingProfitMargin" : 16.27,
    "operatingProfit" : 124.17,
    "netProfitMargin" : 4.66,
    "netProfit" : 35.56
  }, {
    "date" : "2011-12-31",
    "sales" : 829.36,
    "salesGrowthYoY" : 27.97,
    "grossProfitMargin" : 46.54,
    "grossProfit" : 385.98,
    "operatingProfitMargin" : 13.45,
    "operatingProfit" : 111.55,
    "netProfitMargin" : 5.88,
    "netProfit" : 48.77
  }, {
    "date" : "2012-03-31",
    "sales" : 847.90,
    "salesGrowthYoY" : 4.85,
    "grossProfitMargin" : 43.76,
    "grossProfit" : 371.04,
    "operatingProfitMargin" : 12.59,
    "operatingProfit" : 106.75,
    "netProfitMargin" : 3.98,
    "netProfit" : 33.75
  }, {
    "date" : "2012-06-30",
    "sales" : 852.07,
    "salesGrowthYoY" : 3.97,
    "grossProfitMargin" : 47.50,
    "grossProfit" : 404.73,
    "operatingProfitMargin" : 14.19,
    "operatingProfit" : 120.91,
    "netProfitMargin" : 3.52,
    "netProfit" : 29.99
  }, {
    "date" : "2012-09-30",
    "sales" : 959.05,
    "salesGrowthYoY" : 25.67,
    "grossProfitMargin" : 48.32,
    "grossProfit" : 463.41,
    "operatingProfitMargin" : 14.71,
    "operatingProfit" : 141.08,
    "netProfitMargin" : 6.76,
    "netProfit" : 64.83
  }, {
    "date" : "2012-12-31",
    "sales" : 970.54,
    "salesGrowthYoY" : 17.02,
    "grossProfitMargin" : 47.59,
    "grossProfit" : 461.88,
    "operatingProfitMargin" : 16.12,
    "operatingProfit" : 156.45,
    "netProfitMargin" : 6.78,
    "netProfit" : 65.80
  }, {
    "date" : "2013-03-31",
    "sales" : 998.63,
    "salesGrowthYoY" : 17.78,
    "grossProfitMargin" : 48.52,
    "grossProfit" : 484.54,
    "operatingProfitMargin" : 16.85,
    "operatingProfit" : 168.27,
    "netProfitMargin" : 8.52,
    "netProfit" : 85.08
  }, {
    "date" : "2013-06-30",
    "sales" : 1093.27,
    "salesGrowthYoY" : 28.31,
    "grossProfitMargin" : 46.98,
    "grossProfit" : 513.62,
    "operatingProfitMargin" : 16.81,
    "operatingProfit" : 183.78,
    "netProfitMargin" : 7.98,
    "netProfit" : 87.24
  }, {
    "date" : "2013-09-30",
    "sales" : 1192.89,
    "salesGrowthYoY" : 24.38,
    "grossProfitMargin" : 48.04,
    "grossProfit" : 573.06,
    "operatingProfitMargin" : 16.59,
    "operatingProfit" : 197.90,
    "netProfitMargin" : 8.05,
    "netProfit" : 96.03
  }, {
    "date" : "2013-12-31",
    "sales" : 1205.36,
    "salesGrowthYoY" : 24.19,
    "grossProfitMargin" : 47.16,
    "grossProfit" : 568.45,
    "operatingProfitMargin" : 16.65,
    "operatingProfit" : 200.69,
    "netProfitMargin" : 7.83,
    "netProfit" : 94.38
  }, {
    "date" : "2014-03-31",
    "sales" : 1283.96,
    "salesGrowthYoY" : 28.57,
    "grossProfitMargin" : 47.12,
    "grossProfit" : 605.00,
    "operatingProfitMargin" : 15.24,
    "operatingProfit" : 195.68,
    "netProfitMargin" : 7.39,
    "netProfit" : 94.88
  }, {
    "date" : "2014-06-30",
    "sales" : 1277.53,
    "salesGrowthYoY" : 16.85,
    "grossProfitMargin" : 46.96,
    "grossProfit" : 599.93,
    "operatingProfitMargin" : 15.74,
    "operatingProfit" : 201.08,
    "netProfitMargin" : 8.88,
    "netProfit" : 113.44
  }, {
    "date" : "2014-09-30",
    "sales" : 1267.67,
    "salesGrowthYoY" : 6.27,
    "grossProfitMargin" : 50.32,
    "grossProfit" : 637.89,
    "operatingProfitMargin" : 15.39,
    "operatingProfit" : 195.09,
    "netProfitMargin" : 7.88,
    "netProfit" : 99.89
  }, {
    "date" : "2014-12-31",
    "sales" : 1330.46,
    "salesGrowthYoY" : 10.38,
    "grossProfitMargin" : 51.37,
    "grossProfit" : 683.46,
    "operatingProfitMargin" : 16.69,
    "operatingProfit" : 222.05,
    "netProfitMargin" : 7.60,
    "netProfit" : 101.11
  }, {
    "date" : "2015-03-31",
    "sales" : 1349.03,
    "salesGrowthYoY" : 5.07,
    "grossProfitMargin" : 49.68,
    "grossProfit" : 670.20,
    "operatingProfitMargin" : 15.42,
    "operatingProfit" : 208.02,
    "netProfitMargin" : 6.24,
    "netProfit" : 84.18
  }, {
    "date" : "2015-06-30",
    "sales" : 1298.73,
    "salesGrowthYoY" : 1.66,
    "grossProfitMargin" : 50.61,
    "grossProfit" : 657.29,
    "operatingProfitMargin" : 15.72,
    "operatingProfit" : 204.16,
    "netProfitMargin" : 6.20,
    "netProfit" : 80.52
  }, {
    "date" : "2015-09-30",
    "sales" : 1332.67,
    "salesGrowthYoY" : 5.13,
    "grossProfitMargin" : 52.26,
    "grossProfit" : 696.45,
    "operatingProfitMargin" : 14.66,
    "operatingProfit" : 195.37,
    "netProfitMargin" : 5.48,
    "netProfit" : 73.03
  }, {
    "date" : "2015-12-31",
    "sales" : 1331.06,
    "salesGrowthYoY" : 0.05,
    "grossProfitMargin" : 52.09,
    "grossProfit" : 693.35,
    "operatingProfitMargin" : 15.14,
    "operatingProfit" : 201.52,
    "netProfitMargin" : 6.73,
    "netProfit" : 89.58
  }, {
    "date" : "2016-03-31",
    "sales" : 1402.36,
    "salesGrowthYoY" : 3.95,
    "grossProfitMargin" : 51.12,
    "grossProfit" : 716.89,
    "operatingProfitMargin" : 13.49,
    "operatingProfit" : 189.18,
    "netProfitMargin" : 5.46,
    "netProfit" : 76.57
  }, {
    "date" : "2016-06-30",
    "sales" : 1465.85,
    "salesGrowthYoY" : 12.87,
    "grossProfitMargin" : 58.90,
    "grossProfit" : 863.39,
    "operatingProfitMargin" : 14.88,
    "operatingProfit" : 218.12,
    "netProfitMargin" : 5.97,
    "netProfit" : 87.51
  }, {
    "date" : "2016-09-30",
    "sales" : 1485.88,
    "salesGrowthYoY" : 11.50,
    "grossProfitMargin" : 58.26,
    "grossProfit" : 865.67,
    "operatingProfitMargin" : 12.13,
    "operatingProfit" : 180.24,
    "netProfitMargin" : 4.82,
    "netProfit" : 71.62
  }, {
    "date" : "2016-12-31",
    "sales" : 1463.97,
    "salesGrowthYoY" : 9.99,
    "grossProfitMargin" : 58.78,
    "grossProfit" : 860.52,
    "operatingProfitMargin" : 12.71,
    "operatingProfit" : 186.07,
    "netProfitMargin" : 3.66,
    "netProfit" : 53.58
  }, {
    "date" : "2017-03-31",
    "sales" : 1542.93,
    "salesGrowthYoY" : 10.02,
    "grossProfitMargin" : 53.97,
    "grossProfit" : 832.72,
    "operatingProfitMargin" : 8.59,
    "operatingProfit" : 132.54,
    "netProfitMargin" : 3.45,
    "netProfit" : 53.23
  }, {
    "date" : "2017-06-30",
    "sales" : 1626.55,
    "salesGrowthYoY" : 10.96,
    "grossProfitMargin" : 56.17,
    "grossProfit" : 913.63,
    "operatingProfitMargin" : 11.32,
    "operatingProfit" : 184.13,
    "netProfitMargin" : 5.22,
    "netProfit" : 84.91
  }, {
    "date" : "2017-09-30",
    "sales" : 1489.29,
    "salesGrowthYoY" : 0.23,
    "grossProfitMargin" : 54.27,
    "grossProfit" : 808.24,
    "operatingProfitMargin" : 9.09,
    "operatingProfit" : 135.38,
    "netProfitMargin" : 3.37,
    "netProfit" : 50.19
  }, {
    "date" : "2017-12-31",
    "sales" : 1585.54,
    "salesGrowthYoY" : 8.30,
    "grossProfitMargin" : 53.07,
    "grossProfit" : 841.45,
    "operatingProfitMargin" : 9.63,
    "operatingProfit" : 152.69,
    "netProfitMargin" : 4.35,
    "netProfit" : 68.97
  }, {
    "date" : "2018-03-31",
    "sales" : 1649.48,
    "salesGrowthYoY" : 6.91,
    "grossProfitMargin" : 51.06,
    "grossProfit" : 842.22,
    "operatingProfitMargin" : 9.39,
    "operatingProfit" : 154.89,
    "netProfitMargin" : 4.14,
    "netProfit" : 68.29
  }, {
    "date" : "2018-06-30",
    "sales" : 1657.50,
    "salesGrowthYoY" : 1.90,
    "grossProfitMargin" : 53.01,
    "grossProfit" : 878.64,
    "operatingProfitMargin" : 10.98,
    "operatingProfit" : 181.99,
    "netProfitMargin" : 4.14,
    "netProfit" : 68.62
  }, {
    "date" : "2018-09-30",
    "sales" : 1622.46,
    "salesGrowthYoY" : 8.94,
    "grossProfitMargin" : 55.19,
    "grossProfit" : 895.44,
    "operatingProfitMargin" : 9.88,
    "operatingProfit" : 160.30,
    "netProfitMargin" : 3.69,
    "netProfit" : 59.87
  }, {
    "date" : "2018-12-31",
    "sales" : 1506.74,
    "salesGrowthYoY" : -4.97,
    "grossProfitMargin" : 52.25,
    "grossProfit" : 787.27,
    "operatingProfitMargin" : 8.55,
    "operatingProfit" : 128.83,
    "netProfitMargin" : 3.12,
    "netProfit" : 47.01
  }, {
    "date" : "2019-03-31",
    "sales" : 1649.26,
    "salesGrowthYoY" : -0.01,
    "grossProfitMargin" : 54.21,
    "grossProfit" : 894.06,
    "operatingProfitMargin" : 8.98,
    "operatingProfit" : 148.10,
    "netProfitMargin" : 4.46,
    "netProfit" : 73.56
  }, {
    "date" : "2019-06-30",
    "sales" : 1741.64,
    "salesGrowthYoY" : 5.08,
    "grossProfitMargin" : 48.86,
    "grossProfit" : 850.97,
    "operatingProfitMargin" : 8.85,
    "operatingProfit" : 154.14,
    "netProfitMargin" : 2.57,
    "netProfit" : 44.76
  }, {
    "date" : "2019-09-30",
    "sales" : 1778.41,
    "salesGrowthYoY" : 9.61,
    "grossProfitMargin" : 48.42,
    "grossProfit" : 861.11,
    "operatingProfitMargin" : 10.48,
    "operatingProfit" : 186.38,
    "netProfitMargin" : 3.24,
    "netProfit" : 57.62
  }, {
    "date" : "2019-12-31",
    "sales" : 1695.70,
    "salesGrowthYoY" : 12.54,
    "grossProfitMargin" : 47.19,
    "grossProfit" : 800.20,
    "operatingProfitMargin" : 10.77,
    "operatingProfit" : 182.63,
    "netProfitMargin" : 3.27,
    "netProfit" : 55.45
  }, {
    "date" : "2020-03-31",
    "sales" : 1489.56,
    "salesGrowthYoY" : -9.68,
    "grossProfitMargin" : 50.73,
    "grossProfit" : 755.65,
    "operatingProfitMargin" : 11.43,
    "operatingProfit" : 170.26,
    "netProfitMargin" : 2.77,
    "netProfit" : 41.26
  }, {
    "date" : "2020-06-30",
    "sales" : 493.03,
    "salesGrowthYoY" : -71.69,
    "grossProfitMargin" : 53.83,
    "grossProfit" : 265.40,
    "operatingProfitMargin" : -5.74,
    "operatingProfit" : -28.30,
    "netProfitMargin" : -15.51,
    "netProfit" : -76.47
  }, {
    "date" : "2020-09-30",
    "sales" : 1169.75,
    "salesGrowthYoY" : -34.22,
    "grossProfitMargin" : 49.56,
    "grossProfit" : 579.73,
    "operatingProfitMargin" : 10.79,
    "operatingProfit" : 126.22,
    "netProfitMargin" : 6.27,
    "netProfit" : 73.34
  }, {
    "date" : "2020-12-31",
    "sales" : 1371.79,
    "salesGrowthYoY" : -19.10,
    "grossProfitMargin" : 51.06,
    "grossProfit" : 700.44,
    "operatingProfitMargin" : 11.71,
    "operatingProfit" : 160.64,
    "netProfitMargin" : 3.40,
    "netProfit" : 46.64
  }, {
    "date" : "2021-03-31",
    "sales" : 1493.97,
    "salesGrowthYoY" : 0.30,
    "grossProfitMargin" : 52.97,
    "grossProfit" : 791.36,
    "operatingProfitMargin" : 13.78,
    "operatingProfit" : 205.87,
    "netProfitMargin" : 4.32,
    "netProfit" : 64.54
  }, {
    "date" : "2021-06-30",
    "sales" : 1335.28,
    "salesGrowthYoY" : 170.83,
    "grossProfitMargin" : 51.84,
    "grossProfit" : 692.21,
    "operatingProfitMargin" : 8.70,
    "operatingProfit" : 116.17,
    "netProfitMargin" : 0.73,
    "netProfit" : 9.75
  }, {
    "date" : "2021-09-30",
    "sales" : 1981.44,
    "salesGrowthYoY" : 69.39,
    "grossProfitMargin" : 47.02,
    "grossProfit" : 931.67,
    "operatingProfitMargin" : 11.23,
    "operatingProfit" : 222.52,
    "netProfitMargin" : 4.77,
    "netProfit" : 94.51
  }, {
    "date" : "2021-12-31",
    "sales" : 2123.88,
    "salesGrowthYoY" : 54.83,
    "grossProfitMargin" : 45.16,
    "grossProfit" : 959.14,
    "operatingProfitMargin" : 10.27,
    "operatingProfit" : 218.12,
    "netProfitMargin" : 4.25,
    "netProfit" : 90.26
  }, {
    "date" : "2022-03-31",
    "sales" : 1995.11,
    "salesGrowthYoY" : 33.54,
    "grossProfitMargin" : 53.60,
    "grossProfit" : 1069.38,
    "operatingProfitMargin" : 10.43,
    "operatingProfit" : 208.09,
    "netProfitMargin" : 2.55,
    "netProfit" : 50.88
  }, {
    "date" : "2022-06-30",
    "sales" : 2174.78,
    "salesGrowthYoY" : 62.87,
    "grossProfitMargin" : 44.40,
    "grossProfit" : 965.60,
    "operatingProfitMargin" : 8.71,
    "operatingProfit" : 189.42,
    "netProfitMargin" : 4.65,
    "netProfit" : 101.13
  }, {
    "date" : "2022-09-30",
    "sales" : 1994.53,
    "salesGrowthYoY" : 0.66,
    "grossProfitMargin" : 43.99,
    "grossProfit" : 877.39,
    "operatingProfitMargin" : 8.69,
    "operatingProfit" : 173.32,
    "netProfitMargin" : 3.23,
    "netProfit" : 64.42
  }, {
    "date" : "2022-12-31",
    "sales" : 1846.30,
    "salesGrowthYoY" : -13.07,
    "grossProfitMargin" : 46.73,
    "grossProfit" : 862.78,
    "operatingProfitMargin" : 9.11,
    "operatingProfit" : 168.20,
    "netProfitMargin" : 4.29,
    "netProfit" : 79.21
  }, {
    "date" : "2023-03-31",
    "sales" : 1707.08,
    "salesGrowthYoY" : -14.44,
    "grossProfitMargin" : 50.07,
    "grossProfit" : 854.73,
    "operatingProfitMargin" : 9.75,
    "operatingProfit" : 166.44,
    "netProfitMargin" : 4.02,
    "netProfit" : 68.62
  }, {
    "date" : "2023-06-30",
    "sales" : 1689.27,
    "salesGrowthYoY" : -22.32,
    "grossProfitMargin" : 51.36,
    "grossProfit" : 867.61,
    "operatingProfitMargin" : 9.13,
    "operatingProfit" : 154.23,
    "netProfitMargin" : 3.79,
    "netProfit" : 64.02
  }, {
    "date" : "2023-09-30",
    "sales" : 1757.38,
    "salesGrowthYoY" : -11.89,
    "grossProfitMargin" : 52.40,
    "grossProfit" : 920.87,
    "operatingProfitMargin" : 10.20,
    "operatingProfit" : 179.25,
    "netProfitMargin" : 4.45,
    "netProfit" : 78.20
  }, {
    "date" : "2023-12-31",
    "sales" : 1754.24,
    "salesGrowthYoY" : -4.99,
    "grossProfitMargin" : 52.58,
    "grossProfit" : 922.38,
    "operatingProfitMargin" : 11.19,
    "operatingProfit" : 196.30,
    "netProfitMargin" : 5.20,
    "netProfit" : 91.22
  }, {
    "date" : "2024-03-31",
    "sales" : 1899.57,
    "salesGrowthYoY" : 11.28,
    "grossProfitMargin" : 51.68,
    "grossProfit" : 981.70,
    "operatingProfitMargin" : 10.89,
    "operatingProfit" : 206.86,
    "netProfitMargin" : 4.52,
    "netProfit" : 85.86
  }, {
    "date" : "2024-06-30",
    "sales" : 1687.86,
    "salesGrowthYoY" : -0.08,
    "grossProfitMargin" : 50.58,
    "grossProfit" : 853.72,
    "operatingProfitMargin" : 7.76,
    "operatingProfit" : 130.98,
    "netProfitMargin" : 2.36,
    "netProfit" : 39.83
  }, {
    "date" : "2024-09-30",
    "sales" : 1670.27,
    "salesGrowthYoY" : -4.96,
    "grossProfitMargin" : 50.90,
    "grossProfit" : 850.17,
    "operatingProfitMargin" : 9.14,
    "operatingProfit" : 152.66,
    "netProfitMargin" : 1.93,
    "netProfit" : 32.24
  }, {
    "date" : "2024-12-31",
    "sales" : 1926.65,
    "salesGrowthYoY" : 9.83,
    "grossProfitMargin" : 53.03,
    "grossProfit" : 1021.70,
    "operatingProfitMargin" : 10.64,
    "operatingProfit" : 205.00,
    "netProfitMargin" : 5.04,
    "netProfit" : 97.10
  }, {
    "date" : "2025-03-31",
    "sales" : 1994.93,
    "salesGrowthYoY" : 5.02,
    "grossProfitMargin" : 52.74,
    "grossProfit" : 1052.13,
    "operatingProfitMargin" : 10.71,
    "operatingProfit" : 213.66,
    "netProfitMargin" : 4.74,
    "netProfit" : 94.56
  }, {
    "date" : "2025-06-30",
    "sales" : 1505.24,
    "salesGrowthYoY" : -10.82,
    "grossProfitMargin" : 52.85,
    "grossProfit" : 795.52,
    "operatingProfitMargin" : 8.33,
    "operatingProfit" : 125.39,
    "netProfitMargin" : 2.24,
    "netProfit" : 33.72
  }, {
    "date" : "2025-09-30",
    "sales" : 1801.78,
    "salesGrowthYoY" : 7.87,
    "grossProfitMargin" : 50.74,
    "grossProfit" : 914.22,
    "operatingProfitMargin" : 10.19,
    "operatingProfit" : 183.60,
    "netProfitMargin" : 4.21,
    "netProfit" : 75.85
  } ],
  "latestQuarterlyResult" : {
    "date" : "2025-09-30",
    "sales" : 1801.78,
    "salesGrowthYoY" : 7.87,
    "grossProfitMargin" : 50.74,
    "grossProfit" : 914.22,
    "operatingProfitMargin" : 10.19,
    "operatingProfit" : 183.60,
    "netProfitMargin" : 4.21,
    "netProfit" : 75.85
  },
  "companyScore" : {
    "priceHigherThanDma50" : 0.00,
    "priceHigherThanDma100" : 5.00,
    "priceHigherThanDma200" : 0.00,
    "dma50HigherThanDma100" : 5.00,
    "dma50HigherThanDma200" : 0.00,
    "dma100HigherThanDma200" : 0.00,
    "pricePercentageAboveDma50" : 5.17,
    "pricePercentageAboveDma100" : 4.98,
    "pricePercentageAboveDma200" : 5.22,
    "weeklyVolumeHigherThanYearlyVolume" : 0.00,
    "salesGrowthPercentile" : 9.87,
    "operatingProfitMarginPercentile" : 9.79,
    "netProfitMarginPercentile" : 7.15,
    "totalTechnicalScore" : 25.36,
    "totalFundamentalScore" : 26.81,
    "totalScore" : 52.18
  }
}