{
  "metadata" : {
    "screenerCompanyId" : "264",
    "companyCode" : "ASAHIINDIA",
    "companyName" : "Asahi India Glas",
    "screenerCompanyLink" : "https://www.screener.in/company/ASAHIINDIA/consolidated/",
    "screenerTechnicalHistoryLink" : "https://www.screener.in/api/company/264/chart/?q=Price-DMA50-DMA200-Volume&days=365",
    "screenerQuarterlyResultsLink" : "https://www.screener.in/api/company/264/chart/?q=GPM-OPM-NPM-Quarter+Sales&days=10000",
    "attributes" : {
      "companyCode" : "ASAHIINDIA",
      "companyName" : "Asahi India Glas",
      "marketCap" : 23897.00,
      "peRatio" : 76.20,
      "description" : "Asahi India Glass Ltd. (AIS) is India’s leading value-added and integrated glass solutions company and a dominant player both in the automotive and architectural glass segments. Established in 1984, It was formed as a Joint Venture between The Labroo Family, Asahi Glass Co. of Japan and Maruti Udyog Ltd (now Maruti Suzuki India Ltd). AIS provides end to end solutions in the entire glass value chain - from the manufacturing of float glass, processing, fabrication to installation services. As a sand-to-solutions company, AIS offers varied types of glass products and services to its customers in India and across the globe. [1]"
    },
    "companyScore" : {
      "priceHigherThanDma50" : 0.00,
      "priceHigherThanDma100" : 0.00,
      "priceHigherThanDma200" : 5.00,
      "dma50HigherThanDma100" : 5.00,
      "dma50HigherThanDma200" : 5.00,
      "dma100HigherThanDma200" : 5.00,
      "pricePercentageAboveDma50" : 5.17,
      "pricePercentageAboveDma100" : 5.14,
      "pricePercentageAboveDma200" : 4.74,
      "weeklyVolumeHigherThanYearlyVolume" : 0.00,
      "salesGrowthPercentile" : 12.25,
      "operatingProfitMarginPercentile" : 17.14,
      "netProfitMarginPercentile" : 8.57,
      "totalTechnicalScore" : 35.05,
      "totalFundamentalScore" : 37.96,
      "totalScore" : 73.02
    }
  },
  "attributes" : {
    "companyCode" : "ASAHIINDIA",
    "companyName" : "Asahi India Glas",
    "marketCap" : 23897.00,
    "peRatio" : 76.20,
    "description" : "Asahi India Glass Ltd. (AIS) is India’s leading value-added and integrated glass solutions company and a dominant player both in the automotive and architectural glass segments. Established in 1984, It was formed as a Joint Venture between The Labroo Family, Asahi Glass Co. of Japan and Maruti Udyog Ltd (now Maruti Suzuki India Ltd). AIS provides end to end solutions in the entire glass value chain - from the manufacturing of float glass, processing, fabrication to installation services. As a sand-to-solutions company, AIS offers varied types of glass products and services to its customers in India and across the globe. [1]"
  },
  "technicalHistory" : [ {
    "date" : "2025-02-17",
    "price" : 649.40,
    "dma50" : 674.19,
    "dma100" : null,
    "dma200" : 667.09,
    "volume" : 91669.00
  }, {
    "date" : "2025-02-18",
    "price" : 667.40,
    "dma50" : 673.92,
    "dma100" : null,
    "dma200" : 667.09,
    "volume" : 277449.00
  }, {
    "date" : "2025-02-19",
    "price" : 683.65,
    "dma50" : 674.30,
    "dma100" : null,
    "dma200" : 667.26,
    "volume" : 140155.00
  }, {
    "date" : "2025-02-20",
    "price" : 714.00,
    "dma50" : 675.86,
    "dma100" : null,
    "dma200" : 667.72,
    "volume" : 373481.00
  }, {
    "date" : "2025-02-21",
    "price" : 673.30,
    "dma50" : 675.76,
    "dma100" : null,
    "dma200" : 667.78,
    "volume" : 536632.00
  }, {
    "date" : "2025-02-24",
    "price" : 683.30,
    "dma50" : 676.06,
    "dma100" : null,
    "dma200" : 667.93,
    "volume" : 403727.00
  }, {
    "date" : "2025-02-25",
    "price" : 677.60,
    "dma50" : 676.12,
    "dma100" : null,
    "dma200" : 668.03,
    "volume" : 63821.00
  }, {
    "date" : "2025-02-27",
    "price" : 657.15,
    "dma50" : 675.37,
    "dma100" : null,
    "dma200" : 667.92,
    "volume" : 64863.00
  }, {
    "date" : "2025-02-28",
    "price" : 615.70,
    "dma50" : 673.03,
    "dma100" : null,
    "dma200" : 667.40,
    "volume" : 332790.00
  }, {
    "date" : "2025-03-03",
    "price" : 603.75,
    "dma50" : 670.32,
    "dma100" : null,
    "dma200" : 666.77,
    "volume" : 112931.00
  }, {
    "date" : "2025-03-04",
    "price" : 603.45,
    "dma50" : 667.69,
    "dma100" : null,
    "dma200" : 666.14,
    "volume" : 77009.00
  }, {
    "date" : "2025-03-05",
    "price" : 616.75,
    "dma50" : 665.70,
    "dma100" : null,
    "dma200" : 665.65,
    "volume" : 51489.00
  }, {
    "date" : "2025-03-06",
    "price" : 634.10,
    "dma50" : 664.46,
    "dma100" : null,
    "dma200" : 665.33,
    "volume" : 46172.00
  }, {
    "date" : "2025-03-07",
    "price" : 632.55,
    "dma50" : 663.21,
    "dma100" : null,
    "dma200" : 665.01,
    "volume" : 409039.00
  }, {
    "date" : "2025-03-10",
    "price" : 607.05,
    "dma50" : 661.00,
    "dma100" : null,
    "dma200" : 664.43,
    "volume" : 84238.00
  }, {
    "date" : "2025-03-11",
    "price" : 604.15,
    "dma50" : 658.77,
    "dma100" : null,
    "dma200" : 663.83,
    "volume" : 55843.00
  }, {
    "date" : "2025-03-12",
    "price" : 595.00,
    "dma50" : 656.27,
    "dma100" : null,
    "dma200" : 663.15,
    "volume" : 77523.00
  }, {
    "date" : "2025-03-13",
    "price" : 584.80,
    "dma50" : 653.47,
    "dma100" : null,
    "dma200" : 662.37,
    "volume" : 41217.00
  }, {
    "date" : "2025-03-17",
    "price" : 579.35,
    "dma50" : 650.56,
    "dma100" : null,
    "dma200" : 661.54,
    "volume" : 58924.00
  }, {
    "date" : "2025-03-18",
    "price" : 598.70,
    "dma50" : 648.53,
    "dma100" : null,
    "dma200" : 660.92,
    "volume" : 107466.00
  }, {
    "date" : "2025-03-19",
    "price" : 611.15,
    "dma50" : 647.06,
    "dma100" : null,
    "dma200" : 660.42,
    "volume" : 52570.00
  }, {
    "date" : "2025-03-20",
    "price" : 621.50,
    "dma50" : 646.06,
    "dma100" : null,
    "dma200" : 660.03,
    "volume" : 80198.00
  }, {
    "date" : "2025-03-21",
    "price" : 627.80,
    "dma50" : 645.35,
    "dma100" : null,
    "dma200" : 659.71,
    "volume" : 85923.00
  }, {
    "date" : "2025-03-24",
    "price" : 634.60,
    "dma50" : 644.92,
    "dma100" : null,
    "dma200" : 659.46,
    "volume" : 82030.00
  }, {
    "date" : "2025-03-25",
    "price" : 629.00,
    "dma50" : 644.30,
    "dma100" : null,
    "dma200" : 659.16,
    "volume" : 103607.00
  }, {
    "date" : "2025-03-26",
    "price" : 612.85,
    "dma50" : 643.07,
    "dma100" : null,
    "dma200" : 658.70,
    "volume" : 54651.00
  }, {
    "date" : "2025-03-27",
    "price" : 602.15,
    "dma50" : 641.46,
    "dma100" : null,
    "dma200" : 658.14,
    "volume" : 235259.00
  }, {
    "date" : "2025-03-28",
    "price" : 602.05,
    "dma50" : 639.92,
    "dma100" : null,
    "dma200" : 657.58,
    "volume" : 81082.00
  }, {
    "date" : "2025-04-01",
    "price" : 604.10,
    "dma50" : 638.51,
    "dma100" : null,
    "dma200" : 657.05,
    "volume" : 39763.00
  }, {
    "date" : "2025-04-02",
    "price" : 618.20,
    "dma50" : 637.71,
    "dma100" : null,
    "dma200" : 656.66,
    "volume" : 61185.00
  }, {
    "date" : "2025-04-03",
    "price" : 621.40,
    "dma50" : 637.08,
    "dma100" : null,
    "dma200" : 656.31,
    "volume" : 56042.00
  }, {
    "date" : "2025-04-04",
    "price" : 614.05,
    "dma50" : 636.17,
    "dma100" : null,
    "dma200" : 655.89,
    "volume" : 315086.00
  }, {
    "date" : "2025-04-07",
    "price" : 621.40,
    "dma50" : 635.59,
    "dma100" : null,
    "dma200" : 655.54,
    "volume" : 189654.00
  }, {
    "date" : "2025-04-08",
    "price" : 619.25,
    "dma50" : 634.95,
    "dma100" : null,
    "dma200" : 655.18,
    "volume" : 33339.00
  }, {
    "date" : "2025-04-09",
    "price" : 619.75,
    "dma50" : 634.36,
    "dma100" : null,
    "dma200" : 654.83,
    "volume" : 34888.00
  }, {
    "date" : "2025-04-11",
    "price" : 662.75,
    "dma50" : 635.47,
    "dma100" : null,
    "dma200" : 654.91,
    "volume" : 465929.00
  }, {
    "date" : "2025-04-15",
    "price" : 672.15,
    "dma50" : 636.91,
    "dma100" : null,
    "dma200" : 655.08,
    "volume" : 93738.00
  }, {
    "date" : "2025-04-16",
    "price" : 667.45,
    "dma50" : 638.11,
    "dma100" : null,
    "dma200" : 655.20,
    "volume" : 29035.00
  }, {
    "date" : "2025-04-17",
    "price" : 666.95,
    "dma50" : 639.24,
    "dma100" : null,
    "dma200" : 655.32,
    "volume" : 33533.00
  }, {
    "date" : "2025-04-21",
    "price" : 671.25,
    "dma50" : 640.49,
    "dma100" : null,
    "dma200" : 655.48,
    "volume" : 52631.00
  }, {
    "date" : "2025-04-22",
    "price" : 715.30,
    "dma50" : 643.43,
    "dma100" : null,
    "dma200" : 656.07,
    "volume" : 4747571.00
  }, {
    "date" : "2025-04-23",
    "price" : 705.60,
    "dma50" : 645.86,
    "dma100" : null,
    "dma200" : 656.57,
    "volume" : 263503.00
  }, {
    "date" : "2025-04-24",
    "price" : 701.85,
    "dma50" : 648.06,
    "dma100" : null,
    "dma200" : 657.02,
    "volume" : 107446.00
  }, {
    "date" : "2025-04-25",
    "price" : 704.75,
    "dma50" : 650.28,
    "dma100" : null,
    "dma200" : 657.49,
    "volume" : 417009.00
  }, {
    "date" : "2025-04-28",
    "price" : 727.85,
    "dma50" : 653.32,
    "dma100" : null,
    "dma200" : 658.19,
    "volume" : 322577.00
  }, {
    "date" : "2025-04-29",
    "price" : 743.65,
    "dma50" : 656.87,
    "dma100" : null,
    "dma200" : 659.04,
    "volume" : 223900.00
  }, {
    "date" : "2025-04-30",
    "price" : 733.90,
    "dma50" : 659.89,
    "dma100" : null,
    "dma200" : 659.79,
    "volume" : 166465.00
  }, {
    "date" : "2025-05-02",
    "price" : 733.30,
    "dma50" : 662.77,
    "dma100" : null,
    "dma200" : 660.52,
    "volume" : 114843.00
  }, {
    "date" : "2025-05-05",
    "price" : 736.70,
    "dma50" : 665.67,
    "dma100" : null,
    "dma200" : 661.28,
    "volume" : 79226.00
  }, {
    "date" : "2025-05-06",
    "price" : 726.35,
    "dma50" : 668.05,
    "dma100" : null,
    "dma200" : 661.93,
    "volume" : 89747.00
  }, {
    "date" : "2025-05-07",
    "price" : 751.90,
    "dma50" : 671.33,
    "dma100" : null,
    "dma200" : 662.82,
    "volume" : 156849.00
  }, {
    "date" : "2025-05-08",
    "price" : 723.35,
    "dma50" : 673.37,
    "dma100" : null,
    "dma200" : 663.42,
    "volume" : 60755.00
  }, {
    "date" : "2025-05-09",
    "price" : 712.55,
    "dma50" : 674.91,
    "dma100" : null,
    "dma200" : 663.91,
    "volume" : 76246.00
  }, {
    "date" : "2025-05-12",
    "price" : 742.20,
    "dma50" : 677.55,
    "dma100" : null,
    "dma200" : 664.69,
    "volume" : 68639.00
  }, {
    "date" : "2025-05-13",
    "price" : 749.15,
    "dma50" : 680.36,
    "dma100" : null,
    "dma200" : 665.53,
    "volume" : 50073.00
  }, {
    "date" : "2025-05-14",
    "price" : 770.70,
    "dma50" : 683.90,
    "dma100" : null,
    "dma200" : 666.58,
    "volume" : 263518.00
  }, {
    "date" : "2025-05-15",
    "price" : 758.90,
    "dma50" : 686.84,
    "dma100" : null,
    "dma200" : 667.50,
    "volume" : 67521.00
  }, {
    "date" : "2025-05-16",
    "price" : 750.80,
    "dma50" : 689.35,
    "dma100" : null,
    "dma200" : 668.32,
    "volume" : 52837.00
  }, {
    "date" : "2025-05-19",
    "price" : 744.45,
    "dma50" : 691.51,
    "dma100" : null,
    "dma200" : 669.08,
    "volume" : 146769.00
  }, {
    "date" : "2025-05-20",
    "price" : 735.05,
    "dma50" : 693.22,
    "dma100" : null,
    "dma200" : 669.74,
    "volume" : 34075.00
  }, {
    "date" : "2025-05-21",
    "price" : 729.05,
    "dma50" : 694.62,
    "dma100" : null,
    "dma200" : 670.33,
    "volume" : 183932.00
  }, {
    "date" : "2025-05-22",
    "price" : 711.00,
    "dma50" : 695.26,
    "dma100" : null,
    "dma200" : 670.73,
    "volume" : 132820.00
  }, {
    "date" : "2025-05-23",
    "price" : 712.55,
    "dma50" : 695.94,
    "dma100" : null,
    "dma200" : 671.15,
    "volume" : 117962.00
  }, {
    "date" : "2025-05-26",
    "price" : 728.60,
    "dma50" : 697.22,
    "dma100" : null,
    "dma200" : 671.72,
    "volume" : 86499.00
  }, {
    "date" : "2025-05-27",
    "price" : 742.80,
    "dma50" : 699.01,
    "dma100" : null,
    "dma200" : 672.43,
    "volume" : 158551.00
  }, {
    "date" : "2025-05-28",
    "price" : 721.80,
    "dma50" : 699.90,
    "dma100" : null,
    "dma200" : 672.92,
    "volume" : 84597.00
  }, {
    "date" : "2025-05-29",
    "price" : 765.40,
    "dma50" : 702.47,
    "dma100" : null,
    "dma200" : 673.84,
    "volume" : 1319684.00
  }, {
    "date" : "2025-05-30",
    "price" : 748.25,
    "dma50" : 704.27,
    "dma100" : null,
    "dma200" : 674.58,
    "volume" : 233841.00
  }, {
    "date" : "2025-06-02",
    "price" : 750.95,
    "dma50" : 706.10,
    "dma100" : null,
    "dma200" : 675.34,
    "volume" : 43573.00
  }, {
    "date" : "2025-06-03",
    "price" : 731.25,
    "dma50" : 707.09,
    "dma100" : null,
    "dma200" : 675.90,
    "volume" : 106758.00
  }, {
    "date" : "2025-06-04",
    "price" : 730.95,
    "dma50" : 708.02,
    "dma100" : null,
    "dma200" : 676.44,
    "volume" : 49022.00
  }, {
    "date" : "2025-06-05",
    "price" : 733.40,
    "dma50" : 709.02,
    "dma100" : null,
    "dma200" : 677.01,
    "volume" : 36274.00
  }, {
    "date" : "2025-06-06",
    "price" : 742.45,
    "dma50" : 710.33,
    "dma100" : null,
    "dma200" : 677.66,
    "volume" : 187564.00
  }, {
    "date" : "2025-06-09",
    "price" : 738.10,
    "dma50" : 711.42,
    "dma100" : null,
    "dma200" : 678.26,
    "volume" : 106926.00
  }, {
    "date" : "2025-06-10",
    "price" : 738.90,
    "dma50" : 712.49,
    "dma100" : null,
    "dma200" : 678.87,
    "volume" : 144215.00
  }, {
    "date" : "2025-06-11",
    "price" : 761.45,
    "dma50" : 714.41,
    "dma100" : null,
    "dma200" : 679.69,
    "volume" : 404086.00
  }, {
    "date" : "2025-06-12",
    "price" : 748.95,
    "dma50" : 715.77,
    "dma100" : null,
    "dma200" : 680.38,
    "volume" : 150555.00
  }, {
    "date" : "2025-06-13",
    "price" : 740.75,
    "dma50" : 716.75,
    "dma100" : null,
    "dma200" : 680.98,
    "volume" : 42388.00
  }, {
    "date" : "2025-06-16",
    "price" : 745.55,
    "dma50" : 717.88,
    "dma100" : null,
    "dma200" : 681.62,
    "volume" : 104614.00
  }, {
    "date" : "2025-06-17",
    "price" : 750.25,
    "dma50" : 719.15,
    "dma100" : null,
    "dma200" : 682.30,
    "volume" : 165663.00
  }, {
    "date" : "2025-06-18",
    "price" : 771.30,
    "dma50" : 721.19,
    "dma100" : null,
    "dma200" : 683.19,
    "volume" : 289463.00
  }, {
    "date" : "2025-06-19",
    "price" : 738.45,
    "dma50" : 721.87,
    "dma100" : null,
    "dma200" : 683.74,
    "volume" : 8140751.00
  }, {
    "date" : "2025-06-20",
    "price" : 711.00,
    "dma50" : 721.44,
    "dma100" : null,
    "dma200" : 684.01,
    "volume" : 1635299.00
  }, {
    "date" : "2025-06-23",
    "price" : 699.80,
    "dma50" : 720.59,
    "dma100" : null,
    "dma200" : 684.17,
    "volume" : 452233.00
  }, {
    "date" : "2025-06-24",
    "price" : 691.60,
    "dma50" : 719.46,
    "dma100" : null,
    "dma200" : 684.24,
    "volume" : 326671.00
  }, {
    "date" : "2025-06-25",
    "price" : 698.75,
    "dma50" : 718.65,
    "dma100" : null,
    "dma200" : 684.39,
    "volume" : 312416.00
  }, {
    "date" : "2025-06-26",
    "price" : 718.85,
    "dma50" : 718.65,
    "dma100" : null,
    "dma200" : 684.73,
    "volume" : 670724.00
  }, {
    "date" : "2025-06-27",
    "price" : 733.50,
    "dma50" : 719.24,
    "dma100" : null,
    "dma200" : 685.21,
    "volume" : 282548.00
  }, {
    "date" : "2025-06-30",
    "price" : 759.15,
    "dma50" : 720.80,
    "dma100" : null,
    "dma200" : 685.95,
    "volume" : 445058.00
  }, {
    "date" : "2025-07-01",
    "price" : 806.30,
    "dma50" : 724.15,
    "dma100" : null,
    "dma200" : 687.15,
    "volume" : 10739077.00
  }, {
    "date" : "2025-07-02",
    "price" : 830.55,
    "dma50" : 728.33,
    "dma100" : null,
    "dma200" : 688.57,
    "volume" : 4246754.00
  }, {
    "date" : "2025-07-03",
    "price" : 835.10,
    "dma50" : 732.51,
    "dma100" : null,
    "dma200" : 690.03,
    "volume" : 2424000.00
  }, {
    "date" : "2025-07-04",
    "price" : 847.85,
    "dma50" : 737.04,
    "dma100" : null,
    "dma200" : 691.60,
    "volume" : 1295170.00
  }, {
    "date" : "2025-07-07",
    "price" : 815.20,
    "dma50" : 740.10,
    "dma100" : null,
    "dma200" : 692.83,
    "volume" : 473171.00
  }, {
    "date" : "2025-07-08",
    "price" : 813.70,
    "dma50" : 742.99,
    "dma100" : null,
    "dma200" : 694.04,
    "volume" : 215856.00
  }, {
    "date" : "2025-07-09",
    "price" : 810.30,
    "dma50" : 745.63,
    "dma100" : null,
    "dma200" : 695.19,
    "volume" : 169728.00
  }, {
    "date" : "2025-07-10",
    "price" : 813.45,
    "dma50" : 748.29,
    "dma100" : null,
    "dma200" : 696.37,
    "volume" : 126884.00
  }, {
    "date" : "2025-07-11",
    "price" : 851.70,
    "dma50" : 752.34,
    "dma100" : null,
    "dma200" : 697.91,
    "volume" : 1689722.00
  }, {
    "date" : "2025-07-14",
    "price" : 835.85,
    "dma50" : 755.62,
    "dma100" : null,
    "dma200" : 699.29,
    "volume" : 528668.00
  }, {
    "date" : "2025-07-15",
    "price" : 843.80,
    "dma50" : 759.08,
    "dma100" : null,
    "dma200" : 700.72,
    "volume" : 326273.00
  }, {
    "date" : "2025-07-16",
    "price" : 850.70,
    "dma50" : 762.67,
    "dma100" : 705.49,
    "dma200" : 702.22,
    "volume" : 249349.00
  }, {
    "date" : "2025-07-17",
    "price" : 873.05,
    "dma50" : 767.00,
    "dma100" : 707.55,
    "dma200" : 703.92,
    "volume" : 877505.00
  }, {
    "date" : "2025-07-18",
    "price" : 842.00,
    "dma50" : 769.94,
    "dma100" : 709.13,
    "dma200" : 705.29,
    "volume" : 351978.00
  }, {
    "date" : "2025-07-21",
    "price" : 833.55,
    "dma50" : 772.43,
    "dma100" : 710.33,
    "dma200" : 706.57,
    "volume" : 133352.00
  }, {
    "date" : "2025-07-22",
    "price" : 841.20,
    "dma50" : 775.13,
    "dma100" : 712.01,
    "dma200" : 707.91,
    "volume" : 155880.00
  }, {
    "date" : "2025-07-23",
    "price" : 854.00,
    "dma50" : 778.22,
    "dma100" : 713.71,
    "dma200" : 709.36,
    "volume" : 197856.00
  }, {
    "date" : "2025-07-24",
    "price" : 848.20,
    "dma50" : 780.97,
    "dma100" : 715.42,
    "dma200" : 710.74,
    "volume" : 124669.00
  }, {
    "date" : "2025-07-25",
    "price" : 836.30,
    "dma50" : 783.14,
    "dma100" : 717.21,
    "dma200" : 711.99,
    "volume" : 135335.00
  }, {
    "date" : "2025-07-28",
    "price" : 833.70,
    "dma50" : 785.12,
    "dma100" : 719.39,
    "dma200" : 713.20,
    "volume" : 111390.00
  }, {
    "date" : "2025-07-29",
    "price" : 831.80,
    "dma50" : 786.95,
    "dma100" : 721.67,
    "dma200" : 714.38,
    "volume" : 96666.00
  }, {
    "date" : "2025-07-30",
    "price" : 849.10,
    "dma50" : 789.39,
    "dma100" : 724.13,
    "dma200" : 715.72,
    "volume" : 806853.00
  }, {
    "date" : "2025-07-31",
    "price" : 840.05,
    "dma50" : 791.37,
    "dma100" : 726.36,
    "dma200" : 716.96,
    "volume" : 146835.00
  }, {
    "date" : "2025-08-01",
    "price" : 814.80,
    "dma50" : 792.29,
    "dma100" : 728.17,
    "dma200" : 717.93,
    "volume" : 94316.00
  }, {
    "date" : "2025-08-04",
    "price" : 830.20,
    "dma50" : 793.78,
    "dma100" : 730.14,
    "dma200" : 719.05,
    "volume" : 301445.00
  }, {
    "date" : "2025-08-05",
    "price" : 839.55,
    "dma50" : 795.57,
    "dma100" : 732.47,
    "dma200" : 720.25,
    "volume" : 374985.00
  }, {
    "date" : "2025-08-06",
    "price" : 828.00,
    "dma50" : 796.85,
    "dma100" : 734.71,
    "dma200" : 721.32,
    "volume" : 83209.00
  }, {
    "date" : "2025-08-07",
    "price" : 835.85,
    "dma50" : 798.38,
    "dma100" : 737.12,
    "dma200" : 722.46,
    "volume" : 142871.00
  }, {
    "date" : "2025-08-08",
    "price" : 826.00,
    "dma50" : 799.46,
    "dma100" : 739.53,
    "dma200" : 723.49,
    "volume" : 89746.00
  }, {
    "date" : "2025-08-11",
    "price" : 820.30,
    "dma50" : 800.28,
    "dma100" : 741.94,
    "dma200" : 724.45,
    "volume" : 58436.00
  }, {
    "date" : "2025-08-12",
    "price" : 818.10,
    "dma50" : 800.98,
    "dma100" : 744.13,
    "dma200" : 725.39,
    "volume" : 37586.00
  }, {
    "date" : "2025-08-13",
    "price" : 821.80,
    "dma50" : 801.79,
    "dma100" : 746.24,
    "dma200" : 726.35,
    "volume" : 88412.00
  }, {
    "date" : "2025-08-14",
    "price" : 837.00,
    "dma50" : 803.17,
    "dma100" : 748.39,
    "dma200" : 727.45,
    "volume" : 128917.00
  }, {
    "date" : "2025-08-18",
    "price" : 867.90,
    "dma50" : 805.71,
    "dma100" : 750.79,
    "dma200" : 728.84,
    "volume" : 382552.00
  }, {
    "date" : "2025-08-19",
    "price" : 872.35,
    "dma50" : 808.32,
    "dma100" : 753.17,
    "dma200" : 730.27,
    "volume" : 181839.00
  }, {
    "date" : "2025-08-20",
    "price" : 873.55,
    "dma50" : 810.88,
    "dma100" : 755.62,
    "dma200" : 731.70,
    "volume" : 165727.00
  }, {
    "date" : "2025-08-21",
    "price" : 859.90,
    "dma50" : 812.80,
    "dma100" : 758.09,
    "dma200" : 732.97,
    "volume" : 819873.00
  }, {
    "date" : "2025-08-22",
    "price" : 882.85,
    "dma50" : 815.55,
    "dma100" : 760.89,
    "dma200" : 734.46,
    "volume" : 268063.00
  }, {
    "date" : "2025-08-25",
    "price" : 884.45,
    "dma50" : 818.25,
    "dma100" : 763.72,
    "dma200" : 735.96,
    "volume" : 223803.00
  }, {
    "date" : "2025-08-26",
    "price" : 873.45,
    "dma50" : 820.42,
    "dma100" : 766.41,
    "dma200" : 737.33,
    "volume" : 170255.00
  }, {
    "date" : "2025-08-28",
    "price" : 867.85,
    "dma50" : 822.28,
    "dma100" : 768.91,
    "dma200" : 738.62,
    "volume" : 175271.00
  }, {
    "date" : "2025-08-29",
    "price" : 836.30,
    "dma50" : 822.83,
    "dma100" : 771.06,
    "dma200" : 739.60,
    "volume" : 236469.00
  }, {
    "date" : "2025-09-01",
    "price" : 858.95,
    "dma50" : 824.24,
    "dma100" : 773.51,
    "dma200" : 740.78,
    "volume" : 579105.00
  }, {
    "date" : "2025-09-02",
    "price" : 843.65,
    "dma50" : 825.01,
    "dma100" : 775.73,
    "dma200" : 741.81,
    "volume" : 94345.00
  }, {
    "date" : "2025-09-03",
    "price" : 836.30,
    "dma50" : 825.45,
    "dma100" : 777.90,
    "dma200" : 742.75,
    "volume" : 91339.00
  }, {
    "date" : "2025-09-04",
    "price" : 815.40,
    "dma50" : 825.05,
    "dma100" : 779.86,
    "dma200" : 743.47,
    "volume" : 126780.00
  }, {
    "date" : "2025-09-05",
    "price" : 810.25,
    "dma50" : 824.47,
    "dma100" : 781.33,
    "dma200" : 744.13,
    "volume" : 82279.00
  }, {
    "date" : "2025-09-08",
    "price" : 834.25,
    "dma50" : 824.86,
    "dma100" : 782.95,
    "dma200" : 745.03,
    "volume" : 115095.00
  }, {
    "date" : "2025-09-09",
    "price" : 875.70,
    "dma50" : 826.85,
    "dma100" : 785.03,
    "dma200" : 746.33,
    "volume" : 873054.00
  }, {
    "date" : "2025-09-10",
    "price" : 859.10,
    "dma50" : 828.12,
    "dma100" : 786.96,
    "dma200" : 747.45,
    "volume" : 359088.00
  }, {
    "date" : "2025-09-11",
    "price" : 862.15,
    "dma50" : 829.45,
    "dma100" : 788.87,
    "dma200" : 748.59,
    "volume" : 101523.00
  }, {
    "date" : "2025-09-12",
    "price" : 846.90,
    "dma50" : 830.13,
    "dma100" : 790.18,
    "dma200" : 749.57,
    "volume" : 82055.00
  }, {
    "date" : "2025-09-15",
    "price" : 893.80,
    "dma50" : 832.63,
    "dma100" : 792.06,
    "dma200" : 751.01,
    "volume" : 659343.00
  }, {
    "date" : "2025-09-16",
    "price" : 887.75,
    "dma50" : 834.79,
    "dma100" : 793.92,
    "dma200" : 752.37,
    "volume" : 367565.00
  }, {
    "date" : "2025-09-17",
    "price" : 901.35,
    "dma50" : 837.40,
    "dma100" : 795.89,
    "dma200" : 753.85,
    "volume" : 294797.00
  }, {
    "date" : "2025-09-18",
    "price" : 916.75,
    "dma50" : 840.51,
    "dma100" : 797.78,
    "dma200" : 755.47,
    "volume" : 424649.00
  }, {
    "date" : "2025-09-19",
    "price" : 878.60,
    "dma50" : 842.01,
    "dma100" : 799.13,
    "dma200" : 756.70,
    "volume" : 564279.00
  }, {
    "date" : "2025-09-22",
    "price" : 885.15,
    "dma50" : 843.70,
    "dma100" : 800.64,
    "dma200" : 757.98,
    "volume" : 123178.00
  }, {
    "date" : "2025-09-23",
    "price" : 916.25,
    "dma50" : 846.54,
    "dma100" : 802.47,
    "dma200" : 759.55,
    "volume" : 508153.00
  }, {
    "date" : "2025-09-24",
    "price" : 913.50,
    "dma50" : 849.17,
    "dma100" : 804.24,
    "dma200" : 761.08,
    "volume" : 343858.00
  }, {
    "date" : "2025-09-25",
    "price" : 909.65,
    "dma50" : 851.54,
    "dma100" : 806.07,
    "dma200" : 762.56,
    "volume" : 228152.00
  }, {
    "date" : "2025-09-26",
    "price" : 906.70,
    "dma50" : 853.71,
    "dma100" : 807.62,
    "dma200" : 763.99,
    "volume" : 421293.00
  }, {
    "date" : "2025-09-29",
    "price" : 875.20,
    "dma50" : 854.55,
    "dma100" : 809.14,
    "dma200" : 765.10,
    "volume" : 381795.00
  }, {
    "date" : "2025-09-30",
    "price" : 855.70,
    "dma50" : 854.59,
    "dma100" : 810.57,
    "dma200" : 766.00,
    "volume" : 377037.00
  }, {
    "date" : "2025-10-01",
    "price" : 868.50,
    "dma50" : 855.14,
    "dma100" : 811.83,
    "dma200" : 767.02,
    "volume" : 212754.00
  }, {
    "date" : "2025-10-03",
    "price" : 895.60,
    "dma50" : 856.73,
    "dma100" : 813.30,
    "dma200" : 768.30,
    "volume" : 187440.00
  }, {
    "date" : "2025-10-06",
    "price" : 878.60,
    "dma50" : 857.58,
    "dma100" : 814.37,
    "dma200" : 769.40,
    "volume" : 89618.00
  }, {
    "date" : "2025-10-07",
    "price" : 872.35,
    "dma50" : 858.16,
    "dma100" : 815.51,
    "dma200" : 770.42,
    "volume" : 67212.00
  }, {
    "date" : "2025-10-08",
    "price" : 867.05,
    "dma50" : 858.51,
    "dma100" : 816.67,
    "dma200" : 771.39,
    "volume" : 46957.00
  }, {
    "date" : "2025-10-09",
    "price" : 865.50,
    "dma50" : 858.79,
    "dma100" : 817.88,
    "dma200" : 772.32,
    "volume" : 54562.00
  }, {
    "date" : "2025-10-10",
    "price" : 899.95,
    "dma50" : 860.40,
    "dma100" : 819.53,
    "dma200" : 773.59,
    "volume" : 401139.00
  }, {
    "date" : "2025-10-13",
    "price" : 899.15,
    "dma50" : 861.92,
    "dma100" : 821.23,
    "dma200" : 774.84,
    "volume" : 197886.00
  }, {
    "date" : "2025-10-14",
    "price" : 899.85,
    "dma50" : 863.41,
    "dma100" : 823.12,
    "dma200" : 776.08,
    "volume" : 93522.00
  }, {
    "date" : "2025-10-15",
    "price" : 901.80,
    "dma50" : 864.91,
    "dma100" : 825.01,
    "dma200" : 777.34,
    "volume" : 184799.00
  }, {
    "date" : "2025-10-16",
    "price" : 913.70,
    "dma50" : 866.83,
    "dma100" : 826.86,
    "dma200" : 778.69,
    "volume" : 1237397.00
  }, {
    "date" : "2025-10-17",
    "price" : 941.30,
    "dma50" : 869.75,
    "dma100" : 828.85,
    "dma200" : 780.31,
    "volume" : 463542.00
  }, {
    "date" : "2025-10-20",
    "price" : 926.60,
    "dma50" : 871.98,
    "dma100" : 830.90,
    "dma200" : 781.77,
    "volume" : 162721.00
  }, {
    "date" : "2025-10-21",
    "price" : 938.90,
    "dma50" : 874.60,
    "dma100" : 832.63,
    "dma200" : 783.33,
    "volume" : 33166.00
  }, {
    "date" : "2025-10-23",
    "price" : 935.15,
    "dma50" : 876.97,
    "dma100" : 834.50,
    "dma200" : 784.84,
    "volume" : 94041.00
  }, {
    "date" : "2025-10-24",
    "price" : 944.70,
    "dma50" : 879.63,
    "dma100" : 836.44,
    "dma200" : 786.43,
    "volume" : 164058.00
  }, {
    "date" : "2025-10-27",
    "price" : 953.45,
    "dma50" : 882.53,
    "dma100" : 838.66,
    "dma200" : 788.09,
    "volume" : 217400.00
  }, {
    "date" : "2025-10-28",
    "price" : 933.15,
    "dma50" : 884.51,
    "dma100" : 840.68,
    "dma200" : 789.54,
    "volume" : 87213.00
  }, {
    "date" : "2025-10-29",
    "price" : 944.50,
    "dma50" : 886.86,
    "dma100" : 842.79,
    "dma200" : 791.08,
    "volume" : 50417.00
  }, {
    "date" : "2025-10-30",
    "price" : 939.70,
    "dma50" : 888.94,
    "dma100" : 844.77,
    "dma200" : 792.56,
    "volume" : 104658.00
  }, {
    "date" : "2025-10-31",
    "price" : 922.90,
    "dma50" : 890.27,
    "dma100" : 846.61,
    "dma200" : 793.85,
    "volume" : 123652.00
  }, {
    "date" : "2025-11-03",
    "price" : 929.75,
    "dma50" : 891.82,
    "dma100" : 848.52,
    "dma200" : 795.21,
    "volume" : 120652.00
  }, {
    "date" : "2025-11-04",
    "price" : 956.75,
    "dma50" : 894.36,
    "dma100" : 850.48,
    "dma200" : 796.81,
    "volume" : 384837.00
  }, {
    "date" : "2025-11-06",
    "price" : 921.00,
    "dma50" : 895.41,
    "dma100" : 852.20,
    "dma200" : 798.05,
    "volume" : 839566.00
  }, {
    "date" : "2025-11-07",
    "price" : 934.80,
    "dma50" : 896.95,
    "dma100" : 854.14,
    "dma200" : 799.41,
    "volume" : 144773.00
  }, {
    "date" : "2025-11-10",
    "price" : 946.10,
    "dma50" : 898.88,
    "dma100" : 856.14,
    "dma200" : 800.87,
    "volume" : 103504.00
  }, {
    "date" : "2025-11-11",
    "price" : 967.85,
    "dma50" : 901.58,
    "dma100" : 858.32,
    "dma200" : 802.53,
    "volume" : 224894.00
  }, {
    "date" : "2025-11-12",
    "price" : 969.55,
    "dma50" : 904.25,
    "dma100" : 860.30,
    "dma200" : 804.19,
    "volume" : 192197.00
  }, {
    "date" : "2025-11-13",
    "price" : 971.15,
    "dma50" : 906.87,
    "dma100" : 862.63,
    "dma200" : 805.85,
    "volume" : 161076.00
  }, {
    "date" : "2025-11-14",
    "price" : 969.35,
    "dma50" : 909.32,
    "dma100" : 865.21,
    "dma200" : 807.48,
    "volume" : 91676.00
  }, {
    "date" : "2025-11-17",
    "price" : 998.50,
    "dma50" : 912.82,
    "dma100" : 868.20,
    "dma200" : 809.38,
    "volume" : 212606.00
  }, {
    "date" : "2025-11-18",
    "price" : 1001.50,
    "dma50" : 916.30,
    "dma100" : 871.30,
    "dma200" : 811.29,
    "volume" : 125392.00
  }, {
    "date" : "2025-11-19",
    "price" : 987.40,
    "dma50" : 919.09,
    "dma100" : 874.18,
    "dma200" : 813.05,
    "volume" : 63643.00
  }, {
    "date" : "2025-11-20",
    "price" : 997.35,
    "dma50" : 922.15,
    "dma100" : 876.97,
    "dma200" : 814.88,
    "volume" : 88336.00
  }, {
    "date" : "2025-11-21",
    "price" : 983.35,
    "dma50" : 924.55,
    "dma100" : 879.47,
    "dma200" : 816.56,
    "volume" : 48561.00
  }, {
    "date" : "2025-11-24",
    "price" : 1052.65,
    "dma50" : 929.58,
    "dma100" : 882.40,
    "dma200" : 818.90,
    "volume" : 4882793.00
  }, {
    "date" : "2025-11-25",
    "price" : 1029.25,
    "dma50" : 933.49,
    "dma100" : 884.63,
    "dma200" : 821.00,
    "volume" : 356563.00
  }, {
    "date" : "2025-11-26",
    "price" : 1028.30,
    "dma50" : 937.20,
    "dma100" : 886.61,
    "dma200" : 823.06,
    "volume" : 164051.00
  }, {
    "date" : "2025-11-27",
    "price" : 1024.10,
    "dma50" : 940.61,
    "dma100" : 888.50,
    "dma200" : 825.06,
    "volume" : 78354.00
  }, {
    "date" : "2025-11-28",
    "price" : 1020.70,
    "dma50" : 943.75,
    "dma100" : 890.23,
    "dma200" : 827.01,
    "volume" : 71845.00
  }, {
    "date" : "2025-12-01",
    "price" : 1057.90,
    "dma50" : 948.23,
    "dma100" : 892.65,
    "dma200" : 829.31,
    "volume" : 459445.00
  }, {
    "date" : "2025-12-02",
    "price" : 1066.40,
    "dma50" : 952.86,
    "dma100" : 895.18,
    "dma200" : 831.66,
    "volume" : 260937.00
  }, {
    "date" : "2025-12-03",
    "price" : 1043.30,
    "dma50" : 956.41,
    "dma100" : 897.51,
    "dma200" : 833.77,
    "volume" : 78348.00
  }, {
    "date" : "2025-12-04",
    "price" : 1051.90,
    "dma50" : 960.15,
    "dma100" : 899.90,
    "dma200" : 835.94,
    "volume" : 67880.00
  }, {
    "date" : "2025-12-05",
    "price" : 1027.10,
    "dma50" : 962.78,
    "dma100" : 901.65,
    "dma200" : 837.84,
    "volume" : 104958.00
  }, {
    "date" : "2025-12-08",
    "price" : 1028.30,
    "dma50" : 965.35,
    "dma100" : 903.57,
    "dma200" : 839.74,
    "volume" : 127835.00
  }, {
    "date" : "2025-12-09",
    "price" : 1005.40,
    "dma50" : 966.92,
    "dma100" : 905.19,
    "dma200" : 841.39,
    "volume" : 193831.00
  }, {
    "date" : "2025-12-10",
    "price" : 994.20,
    "dma50" : 967.99,
    "dma100" : 906.63,
    "dma200" : 842.91,
    "volume" : 77326.00
  }, {
    "date" : "2025-12-11",
    "price" : 998.80,
    "dma50" : 969.20,
    "dma100" : 907.88,
    "dma200" : 844.46,
    "volume" : 79638.00
  }, {
    "date" : "2025-12-12",
    "price" : 996.20,
    "dma50" : 970.26,
    "dma100" : 909.42,
    "dma200" : 845.97,
    "volume" : 185640.00
  }, {
    "date" : "2025-12-15",
    "price" : 1009.70,
    "dma50" : 971.80,
    "dma100" : 911.19,
    "dma200" : 847.60,
    "volume" : 62923.00
  }, {
    "date" : "2025-12-16",
    "price" : 990.50,
    "dma50" : 972.54,
    "dma100" : 912.68,
    "dma200" : 849.02,
    "volume" : 66558.00
  }, {
    "date" : "2025-12-17",
    "price" : 993.70,
    "dma50" : 973.37,
    "dma100" : 914.08,
    "dma200" : 850.46,
    "volume" : 68571.00
  }, {
    "date" : "2025-12-18",
    "price" : 982.10,
    "dma50" : 973.71,
    "dma100" : 915.42,
    "dma200" : 851.77,
    "volume" : 144396.00
  }, {
    "date" : "2025-12-19",
    "price" : 1008.70,
    "dma50" : 975.08,
    "dma100" : 917.14,
    "dma200" : 853.33,
    "volume" : 772595.00
  }, {
    "date" : "2025-12-22",
    "price" : 1007.90,
    "dma50" : 976.37,
    "dma100" : 918.88,
    "dma200" : 854.87,
    "volume" : 101898.00
  }, {
    "date" : "2025-12-23",
    "price" : 986.30,
    "dma50" : 976.76,
    "dma100" : 920.43,
    "dma200" : 856.18,
    "volume" : 93049.00
  }, {
    "date" : "2025-12-24",
    "price" : 969.90,
    "dma50" : 976.49,
    "dma100" : 921.63,
    "dma200" : 857.31,
    "volume" : 52033.00
  }, {
    "date" : "2025-12-26",
    "price" : 995.50,
    "dma50" : 977.23,
    "dma100" : 923.19,
    "dma200" : 858.68,
    "volume" : 111766.00
  }, {
    "date" : "2025-12-29",
    "price" : 963.90,
    "dma50" : 976.71,
    "dma100" : 924.68,
    "dma200" : 859.73,
    "volume" : 334553.00
  }, {
    "date" : "2025-12-30",
    "price" : 1037.60,
    "dma50" : 979.10,
    "dma100" : 926.75,
    "dma200" : 861.50,
    "volume" : 1208927.00
  }, {
    "date" : "2025-12-31",
    "price" : 1015.00,
    "dma50" : 980.51,
    "dma100" : 928.51,
    "dma200" : 863.03,
    "volume" : 316273.00
  }, {
    "date" : "2026-01-01",
    "price" : 997.60,
    "dma50" : 981.18,
    "dma100" : 930.20,
    "dma200" : 864.37,
    "volume" : 64401.00
  }, {
    "date" : "2026-01-02",
    "price" : 992.10,
    "dma50" : 981.61,
    "dma100" : 931.77,
    "dma200" : 865.64,
    "volume" : 56280.00
  }, {
    "date" : "2026-01-05",
    "price" : 972.10,
    "dma50" : 981.23,
    "dma100" : 933.23,
    "dma200" : 866.70,
    "volume" : 112381.00
  }, {
    "date" : "2026-01-06",
    "price" : 969.50,
    "dma50" : 980.77,
    "dma100" : 934.72,
    "dma200" : 867.72,
    "volume" : 52576.00
  }, {
    "date" : "2026-01-07",
    "price" : 1007.70,
    "dma50" : 981.83,
    "dma100" : 936.62,
    "dma200" : 869.11,
    "volume" : 277783.00
  }, {
    "date" : "2026-01-08",
    "price" : 976.10,
    "dma50" : 981.60,
    "dma100" : 938.16,
    "dma200" : 870.18,
    "volume" : 93392.00
  }, {
    "date" : "2026-01-09",
    "price" : 949.10,
    "dma50" : 980.33,
    "dma100" : 939.28,
    "dma200" : 870.96,
    "volume" : 65281.00
  }, {
    "date" : "2026-01-12",
    "price" : 921.40,
    "dma50" : 978.02,
    "dma100" : 939.81,
    "dma200" : 871.46,
    "volume" : 157916.00
  }, {
    "date" : "2026-01-13",
    "price" : 959.10,
    "dma50" : 977.28,
    "dma100" : 940.68,
    "dma200" : 872.34,
    "volume" : 86818.00
  }, {
    "date" : "2026-01-14",
    "price" : 951.50,
    "dma50" : 976.27,
    "dma100" : 941.46,
    "dma200" : 873.12,
    "volume" : 88003.00
  }, {
    "date" : "2026-01-16",
    "price" : 947.30,
    "dma50" : 975.13,
    "dma100" : 942.34,
    "dma200" : 873.86,
    "volume" : 54968.00
  }, {
    "date" : "2026-01-19",
    "price" : 930.60,
    "dma50" : 973.38,
    "dma100" : 942.81,
    "dma200" : 874.43,
    "volume" : 84022.00
  }, {
    "date" : "2026-01-20",
    "price" : 905.60,
    "dma50" : 970.73,
    "dma100" : 943.02,
    "dma200" : 874.74,
    "volume" : 83928.00
  }, {
    "date" : "2026-01-21",
    "price" : 939.50,
    "dma50" : 969.50,
    "dma100" : 943.69,
    "dma200" : 875.38,
    "volume" : 131802.00
  }, {
    "date" : "2026-01-22",
    "price" : 961.30,
    "dma50" : 969.18,
    "dma100" : 944.62,
    "dma200" : 876.24,
    "volume" : 63702.00
  }, {
    "date" : "2026-01-23",
    "price" : 942.90,
    "dma50" : 968.15,
    "dma100" : 945.69,
    "dma200" : 876.90,
    "volume" : 55896.00
  }, {
    "date" : "2026-01-27",
    "price" : 991.90,
    "dma50" : 969.08,
    "dma100" : 947.01,
    "dma200" : 878.04,
    "volume" : 176110.00
  }, {
    "date" : "2026-01-28",
    "price" : 970.30,
    "dma50" : 969.13,
    "dma100" : 948.28,
    "dma200" : 878.96,
    "volume" : 67868.00
  }, {
    "date" : "2026-01-29",
    "price" : 961.80,
    "dma50" : 968.84,
    "dma100" : 949.54,
    "dma200" : 879.79,
    "volume" : 60588.00
  }, {
    "date" : "2026-01-30",
    "price" : 1001.80,
    "dma50" : 970.13,
    "dma100" : 951.40,
    "dma200" : 881.00,
    "volume" : 306424.00
  }, {
    "date" : "2026-02-01",
    "price" : 994.60,
    "dma50" : 971.09,
    "dma100" : 953.24,
    "dma200" : 882.13,
    "volume" : 75772.00
  }, {
    "date" : "2026-02-02",
    "price" : 992.20,
    "dma50" : 971.92,
    "dma100" : 954.82,
    "dma200" : 883.22,
    "volume" : 97690.00
  }, {
    "date" : "2026-02-03",
    "price" : 992.80,
    "dma50" : 972.74,
    "dma100" : 955.99,
    "dma200" : 884.32,
    "volume" : 102250.00
  }, {
    "date" : "2026-02-04",
    "price" : 963.30,
    "dma50" : 972.37,
    "dma100" : 957.04,
    "dma200" : 885.10,
    "volume" : 79834.00
  }, {
    "date" : "2026-02-05",
    "price" : 968.90,
    "dma50" : 972.23,
    "dma100" : 958.10,
    "dma200" : 885.93,
    "volume" : 59718.00
  }, {
    "date" : "2026-02-06",
    "price" : 976.20,
    "dma50" : 972.39,
    "dma100" : 959.40,
    "dma200" : 886.83,
    "volume" : 80384.00
  }, {
    "date" : "2026-02-09",
    "price" : 979.20,
    "dma50" : 972.66,
    "dma100" : 960.25,
    "dma200" : 887.75,
    "volume" : 89652.00
  }, {
    "date" : "2026-02-10",
    "price" : 977.90,
    "dma50" : 972.86,
    "dma100" : 961.15,
    "dma200" : 888.65,
    "volume" : 38904.00
  }, {
    "date" : "2026-02-11",
    "price" : 979.60,
    "dma50" : 973.13,
    "dma100" : 961.94,
    "dma200" : 889.55,
    "volume" : 44437.00
  }, {
    "date" : "2026-02-12",
    "price" : 972.90,
    "dma50" : 973.12,
    "dma100" : 962.50,
    "dma200" : 890.38,
    "volume" : 20877.00
  }, {
    "date" : "2026-02-13",
    "price" : 958.10,
    "dma50" : 972.53,
    "dma100" : 963.29,
    "dma200" : 891.06,
    "volume" : 31301.00
  }, {
    "date" : "2026-02-16",
    "price" : 937.40,
    "dma50" : 971.15,
    "dma100" : 963.81,
    "dma200" : 891.52,
    "volume" : 36033.00
  } ],
  "latestTechnicalAttributes" : {
    "date" : "2026-02-16",
    "price" : 937.40,
    "dma50" : 971.15,
    "dma100" : 963.81,
    "dma200" : 891.52,
    "volume" : 36033.00
  },
  "quarterlyResults" : [ {
    "date" : "2005-03-31",
    "sales" : 156.80,
    "salesGrowthYoY" : null,
    "grossProfitMargin" : 56.47,
    "grossProfit" : 88.54,
    "operatingProfitMargin" : 20.02,
    "operatingProfit" : 31.39,
    "netProfitMargin" : 13.37,
    "netProfit" : 20.96
  }, {
    "date" : "2005-06-30",
    "sales" : 154.51,
    "salesGrowthYoY" : null,
    "grossProfitMargin" : 54.51,
    "grossProfit" : 84.22,
    "operatingProfitMargin" : 20.78,
    "operatingProfit" : 32.11,
    "netProfitMargin" : 10.28,
    "netProfit" : 15.88
  }, {
    "date" : "2005-09-30",
    "sales" : 154.57,
    "salesGrowthYoY" : null,
    "grossProfitMargin" : 49.30,
    "grossProfit" : 76.20,
    "operatingProfitMargin" : 17.01,
    "operatingProfit" : 26.29,
    "netProfitMargin" : 6.18,
    "netProfit" : 9.55
  }, {
    "date" : "2005-12-31",
    "sales" : 121.47,
    "salesGrowthYoY" : null,
    "grossProfitMargin" : 59.59,
    "grossProfit" : 72.38,
    "operatingProfitMargin" : 19.72,
    "operatingProfit" : 23.95,
    "netProfitMargin" : 4.28,
    "netProfit" : 5.20
  }, {
    "date" : "2006-03-31",
    "sales" : 157.85,
    "salesGrowthYoY" : 0.67,
    "grossProfitMargin" : 55.27,
    "grossProfit" : 87.24,
    "operatingProfitMargin" : 21.44,
    "operatingProfit" : 33.84,
    "netProfitMargin" : 42.62,
    "netProfit" : 67.28
  }, {
    "date" : "2006-06-30",
    "sales" : 172.80,
    "salesGrowthYoY" : 11.84,
    "grossProfitMargin" : 52.80,
    "grossProfit" : 91.24,
    "operatingProfitMargin" : 15.59,
    "operatingProfit" : 26.94,
    "netProfitMargin" : 2.88,
    "netProfit" : 4.98
  }, {
    "date" : "2006-09-30",
    "sales" : 173.62,
    "salesGrowthYoY" : 12.32,
    "grossProfitMargin" : 56.40,
    "grossProfit" : 97.92,
    "operatingProfitMargin" : 17.43,
    "operatingProfit" : 30.26,
    "netProfitMargin" : 4.00,
    "netProfit" : 6.94
  }, {
    "date" : "2006-12-31",
    "sales" : 185.32,
    "salesGrowthYoY" : 52.56,
    "grossProfitMargin" : 53.16,
    "grossProfit" : 98.52,
    "operatingProfitMargin" : 18.05,
    "operatingProfit" : 33.45,
    "netProfitMargin" : 7.21,
    "netProfit" : 13.36
  }, {
    "date" : "2007-03-31",
    "sales" : 230.12,
    "salesGrowthYoY" : 45.78,
    "grossProfitMargin" : 52.37,
    "grossProfit" : 120.51,
    "operatingProfitMargin" : 19.67,
    "operatingProfit" : 45.26,
    "netProfitMargin" : 3.88,
    "netProfit" : 8.93
  }, {
    "date" : "2007-06-30",
    "sales" : 225.00,
    "salesGrowthYoY" : 30.21,
    "grossProfitMargin" : 52.75,
    "grossProfit" : 118.69,
    "operatingProfitMargin" : 11.62,
    "operatingProfit" : 26.14,
    "netProfitMargin" : 9.21,
    "netProfit" : 20.72
  }, {
    "date" : "2007-09-30",
    "sales" : 246.97,
    "salesGrowthYoY" : 42.25,
    "grossProfitMargin" : 52.85,
    "grossProfit" : 130.52,
    "operatingProfitMargin" : 20.52,
    "operatingProfit" : 50.68,
    "netProfitMargin" : 2.25,
    "netProfit" : 5.56
  }, {
    "date" : "2007-12-31",
    "sales" : 258.54,
    "salesGrowthYoY" : 39.51,
    "grossProfitMargin" : 54.97,
    "grossProfit" : 142.12,
    "operatingProfitMargin" : 16.98,
    "operatingProfit" : 43.90,
    "netProfitMargin" : -1.22,
    "netProfit" : -3.15
  }, {
    "date" : "2008-03-31",
    "sales" : 263.02,
    "salesGrowthYoY" : 14.30,
    "grossProfitMargin" : 53.03,
    "grossProfit" : 139.48,
    "operatingProfitMargin" : 11.14,
    "operatingProfit" : 29.30,
    "netProfitMargin" : -4.00,
    "netProfit" : -10.52
  }, {
    "date" : "2008-06-30",
    "sales" : 321.23,
    "salesGrowthYoY" : 42.77,
    "grossProfitMargin" : 45.84,
    "grossProfit" : 147.25,
    "operatingProfitMargin" : -4.17,
    "operatingProfit" : -13.40,
    "netProfitMargin" : -12.73,
    "netProfit" : -40.89
  }, {
    "date" : "2008-09-30",
    "sales" : 307.54,
    "salesGrowthYoY" : 24.53,
    "grossProfitMargin" : 52.17,
    "grossProfit" : 160.44,
    "operatingProfitMargin" : 28.67,
    "operatingProfit" : 88.17,
    "netProfitMargin" : 6.08,
    "netProfit" : 18.70
  }, {
    "date" : "2008-12-31",
    "sales" : 279.31,
    "salesGrowthYoY" : 8.03,
    "grossProfitMargin" : 47.27,
    "grossProfit" : 132.03,
    "operatingProfitMargin" : 10.82,
    "operatingProfit" : 30.22,
    "netProfitMargin" : -7.64,
    "netProfit" : -21.34
  }, {
    "date" : "2009-03-31",
    "sales" : 316.41,
    "salesGrowthYoY" : 20.30,
    "grossProfitMargin" : 44.97,
    "grossProfit" : 142.29,
    "operatingProfitMargin" : 10.26,
    "operatingProfit" : 32.46,
    "netProfitMargin" : 0.93,
    "netProfit" : 2.94
  }, {
    "date" : "2009-06-30",
    "sales" : 305.35,
    "salesGrowthYoY" : -4.94,
    "grossProfitMargin" : 47.07,
    "grossProfit" : 143.73,
    "operatingProfitMargin" : 17.17,
    "operatingProfit" : 52.43,
    "netProfitMargin" : -2.60,
    "netProfit" : -7.94
  }, {
    "date" : "2009-09-30",
    "sales" : 320.21,
    "salesGrowthYoY" : 4.12,
    "grossProfitMargin" : 49.80,
    "grossProfit" : 159.46,
    "operatingProfitMargin" : 19.33,
    "operatingProfit" : 61.90,
    "netProfitMargin" : -0.27,
    "netProfit" : -0.86
  }, {
    "date" : "2009-12-31",
    "sales" : 328.65,
    "salesGrowthYoY" : 17.66,
    "grossProfitMargin" : 51.15,
    "grossProfit" : 168.10,
    "operatingProfitMargin" : 19.19,
    "operatingProfit" : 63.07,
    "netProfitMargin" : 0.53,
    "netProfit" : 1.74
  }, {
    "date" : "2010-03-31",
    "sales" : 333.09,
    "salesGrowthYoY" : 5.27,
    "grossProfitMargin" : 51.93,
    "grossProfit" : 172.97,
    "operatingProfitMargin" : 19.16,
    "operatingProfit" : 63.82,
    "netProfitMargin" : 2.49,
    "netProfit" : 8.29
  }, {
    "date" : "2010-06-30",
    "sales" : 326.85,
    "salesGrowthYoY" : 7.04,
    "grossProfitMargin" : 54.17,
    "grossProfit" : 177.05,
    "operatingProfitMargin" : 18.97,
    "operatingProfit" : 62.00,
    "netProfitMargin" : 0.48,
    "netProfit" : 1.57
  }, {
    "date" : "2010-09-30",
    "sales" : 378.77,
    "salesGrowthYoY" : 18.29,
    "grossProfitMargin" : 48.41,
    "grossProfit" : 183.36,
    "operatingProfitMargin" : 18.00,
    "operatingProfit" : 68.18,
    "netProfitMargin" : 1.31,
    "netProfit" : 4.96
  }, {
    "date" : "2010-12-31",
    "sales" : 391.41,
    "salesGrowthYoY" : 19.10,
    "grossProfitMargin" : 49.89,
    "grossProfit" : 195.27,
    "operatingProfitMargin" : 17.37,
    "operatingProfit" : 67.99,
    "netProfitMargin" : 1.35,
    "netProfit" : 5.28
  }, {
    "date" : "2011-03-31",
    "sales" : 429.04,
    "salesGrowthYoY" : 28.81,
    "grossProfitMargin" : 48.51,
    "grossProfit" : 208.13,
    "operatingProfitMargin" : 17.01,
    "operatingProfit" : 72.98,
    "netProfitMargin" : 0.77,
    "netProfit" : 3.30
  }, {
    "date" : "2011-06-30",
    "sales" : 392.20,
    "salesGrowthYoY" : 19.99,
    "grossProfitMargin" : 51.63,
    "grossProfit" : 202.49,
    "operatingProfitMargin" : 17.30,
    "operatingProfit" : 67.85,
    "netProfitMargin" : 0.79,
    "netProfit" : 3.10
  }, {
    "date" : "2011-09-30",
    "sales" : 399.67,
    "salesGrowthYoY" : 5.52,
    "grossProfitMargin" : 50.26,
    "grossProfit" : 200.87,
    "operatingProfitMargin" : 10.11,
    "operatingProfit" : 40.41,
    "netProfitMargin" : -4.54,
    "netProfit" : -18.15
  }, {
    "date" : "2011-12-31",
    "sales" : 413.19,
    "salesGrowthYoY" : 5.56,
    "grossProfitMargin" : 43.17,
    "grossProfit" : 178.37,
    "operatingProfitMargin" : 7.50,
    "operatingProfit" : 30.99,
    "netProfitMargin" : -6.08,
    "netProfit" : -25.12
  }, {
    "date" : "2012-03-31",
    "sales" : 450.49,
    "salesGrowthYoY" : 5.00,
    "grossProfitMargin" : 42.03,
    "grossProfit" : 189.34,
    "operatingProfitMargin" : 10.17,
    "operatingProfit" : 45.81,
    "netProfitMargin" : -4.12,
    "netProfit" : -18.56
  }, {
    "date" : "2012-06-30",
    "sales" : 484.44,
    "salesGrowthYoY" : 23.52,
    "grossProfitMargin" : 44.50,
    "grossProfit" : 215.58,
    "operatingProfitMargin" : 8.23,
    "operatingProfit" : 39.87,
    "netProfitMargin" : -5.16,
    "netProfit" : -25.00
  }, {
    "date" : "2012-09-30",
    "sales" : 428.73,
    "salesGrowthYoY" : 7.27,
    "grossProfitMargin" : 41.26,
    "grossProfit" : 176.89,
    "operatingProfitMargin" : 6.42,
    "operatingProfit" : 27.52,
    "netProfitMargin" : -6.14,
    "netProfit" : -26.32
  }, {
    "date" : "2012-12-31",
    "sales" : 508.39,
    "salesGrowthYoY" : 23.04,
    "grossProfitMargin" : 42.28,
    "grossProfit" : 214.95,
    "operatingProfitMargin" : 8.02,
    "operatingProfit" : 40.77,
    "netProfitMargin" : -4.67,
    "netProfit" : -23.74
  }, {
    "date" : "2013-03-31",
    "sales" : 496.03,
    "salesGrowthYoY" : 10.11,
    "grossProfitMargin" : 44.45,
    "grossProfit" : 220.49,
    "operatingProfitMargin" : 10.20,
    "operatingProfit" : 50.60,
    "netProfitMargin" : -3.38,
    "netProfit" : -16.77
  }, {
    "date" : "2013-06-30",
    "sales" : 496.99,
    "salesGrowthYoY" : 2.59,
    "grossProfitMargin" : 42.98,
    "grossProfit" : 213.61,
    "operatingProfitMargin" : 5.97,
    "operatingProfit" : 29.67,
    "netProfitMargin" : -5.98,
    "netProfit" : -29.72
  }, {
    "date" : "2013-09-30",
    "sales" : 534.78,
    "salesGrowthYoY" : 24.74,
    "grossProfitMargin" : 47.69,
    "grossProfit" : 255.04,
    "operatingProfitMargin" : 9.49,
    "operatingProfit" : 50.75,
    "netProfitMargin" : -3.26,
    "netProfit" : -17.43
  }, {
    "date" : "2013-12-31",
    "sales" : 528.38,
    "salesGrowthYoY" : 3.93,
    "grossProfitMargin" : 43.48,
    "grossProfit" : 229.74,
    "operatingProfitMargin" : 13.81,
    "operatingProfit" : 72.97,
    "netProfitMargin" : -0.13,
    "netProfit" : -0.69
  }, {
    "date" : "2014-03-31",
    "sales" : 545.70,
    "salesGrowthYoY" : 10.01,
    "grossProfitMargin" : 45.09,
    "grossProfit" : 246.06,
    "operatingProfitMargin" : 14.42,
    "operatingProfit" : 78.69,
    "netProfitMargin" : 1.39,
    "netProfit" : 7.59
  }, {
    "date" : "2014-06-30",
    "sales" : 517.13,
    "salesGrowthYoY" : 4.05,
    "grossProfitMargin" : 44.92,
    "grossProfit" : 232.29,
    "operatingProfitMargin" : 12.58,
    "operatingProfit" : 65.05,
    "netProfitMargin" : -0.66,
    "netProfit" : -3.41
  }, {
    "date" : "2014-09-30",
    "sales" : 536.04,
    "salesGrowthYoY" : 0.24,
    "grossProfitMargin" : 46.48,
    "grossProfit" : 249.15,
    "operatingProfitMargin" : 14.86,
    "operatingProfit" : 79.66,
    "netProfitMargin" : 4.24,
    "netProfit" : 22.73
  }, {
    "date" : "2014-12-31",
    "sales" : 485.20,
    "salesGrowthYoY" : -8.17,
    "grossProfitMargin" : 48.45,
    "grossProfit" : 235.08,
    "operatingProfitMargin" : 15.02,
    "operatingProfit" : 72.88,
    "netProfitMargin" : 2.34,
    "netProfit" : 11.35
  }, {
    "date" : "2015-03-31",
    "sales" : 519.66,
    "salesGrowthYoY" : -4.77,
    "grossProfitMargin" : 49.84,
    "grossProfit" : 259.00,
    "operatingProfitMargin" : 19.26,
    "operatingProfit" : 100.09,
    "netProfitMargin" : 4.37,
    "netProfit" : 22.71
  }, {
    "date" : "2015-06-30",
    "sales" : 526.13,
    "salesGrowthYoY" : 1.74,
    "grossProfitMargin" : 51.56,
    "grossProfit" : 271.27,
    "operatingProfitMargin" : 18.22,
    "operatingProfit" : 95.86,
    "netProfitMargin" : 4.16,
    "netProfit" : 21.89
  }, {
    "date" : "2015-09-30",
    "sales" : 549.92,
    "salesGrowthYoY" : 2.59,
    "grossProfitMargin" : 51.21,
    "grossProfit" : 281.61,
    "operatingProfitMargin" : 17.43,
    "operatingProfit" : 95.85,
    "netProfitMargin" : 4.07,
    "netProfit" : 22.38
  }, {
    "date" : "2015-12-31",
    "sales" : 524.54,
    "salesGrowthYoY" : 8.11,
    "grossProfitMargin" : 53.62,
    "grossProfit" : 281.26,
    "operatingProfitMargin" : 19.50,
    "operatingProfit" : 102.29,
    "netProfitMargin" : 5.04,
    "netProfit" : 26.44
  }, {
    "date" : "2016-03-31",
    "sales" : 570.25,
    "salesGrowthYoY" : 9.74,
    "grossProfitMargin" : 61.79,
    "grossProfit" : 352.36,
    "operatingProfitMargin" : 19.54,
    "operatingProfit" : 111.43,
    "netProfitMargin" : 4.88,
    "netProfit" : 27.83
  }, {
    "date" : "2016-06-30",
    "sales" : 563.67,
    "salesGrowthYoY" : 7.14,
    "grossProfitMargin" : 52.88,
    "grossProfit" : 298.07,
    "operatingProfitMargin" : 18.38,
    "operatingProfit" : 103.60,
    "netProfitMargin" : 5.43,
    "netProfit" : 30.61
  }, {
    "date" : "2016-09-30",
    "sales" : 604.37,
    "salesGrowthYoY" : 9.90,
    "grossProfitMargin" : 52.67,
    "grossProfit" : 318.32,
    "operatingProfitMargin" : 20.12,
    "operatingProfit" : 121.60,
    "netProfitMargin" : 6.91,
    "netProfit" : 41.76
  }, {
    "date" : "2016-12-31",
    "sales" : 568.39,
    "salesGrowthYoY" : 8.36,
    "grossProfitMargin" : 55.76,
    "grossProfit" : 316.93,
    "operatingProfitMargin" : 18.06,
    "operatingProfit" : 102.65,
    "netProfitMargin" : 8.08,
    "netProfit" : 45.93
  }, {
    "date" : "2017-03-31",
    "sales" : 588.82,
    "salesGrowthYoY" : 3.26,
    "grossProfitMargin" : 51.42,
    "grossProfit" : 302.77,
    "operatingProfitMargin" : 20.17,
    "operatingProfit" : 118.76,
    "netProfitMargin" : 5.22,
    "netProfit" : 30.74
  }, {
    "date" : "2017-06-30",
    "sales" : 595.58,
    "salesGrowthYoY" : 5.66,
    "grossProfitMargin" : 53.16,
    "grossProfit" : 316.61,
    "operatingProfitMargin" : 18.66,
    "operatingProfit" : 111.14,
    "netProfitMargin" : 6.96,
    "netProfit" : 41.45
  }, {
    "date" : "2017-09-30",
    "sales" : 616.49,
    "salesGrowthYoY" : 2.01,
    "grossProfitMargin" : 46.64,
    "grossProfit" : 287.53,
    "operatingProfitMargin" : 17.91,
    "operatingProfit" : 110.41,
    "netProfitMargin" : 6.78,
    "netProfit" : 41.80
  }, {
    "date" : "2017-12-31",
    "sales" : 632.38,
    "salesGrowthYoY" : 11.26,
    "grossProfitMargin" : 54.09,
    "grossProfit" : 342.05,
    "operatingProfitMargin" : 18.12,
    "operatingProfit" : 114.59,
    "netProfitMargin" : 7.20,
    "netProfit" : 45.53
  }, {
    "date" : "2018-03-31",
    "sales" : 728.32,
    "salesGrowthYoY" : 23.69,
    "grossProfitMargin" : 52.83,
    "grossProfit" : 384.77,
    "operatingProfitMargin" : 19.85,
    "operatingProfit" : 144.57,
    "netProfitMargin" : 8.20,
    "netProfit" : 59.72
  }, {
    "date" : "2018-06-30",
    "sales" : 731.54,
    "salesGrowthYoY" : 22.83,
    "grossProfitMargin" : 53.07,
    "grossProfit" : 388.23,
    "operatingProfitMargin" : 17.79,
    "operatingProfit" : 130.14,
    "netProfitMargin" : 6.31,
    "netProfit" : 46.16
  }, {
    "date" : "2018-09-30",
    "sales" : 753.84,
    "salesGrowthYoY" : 22.28,
    "grossProfitMargin" : 52.19,
    "grossProfit" : 393.43,
    "operatingProfitMargin" : 16.59,
    "operatingProfit" : 125.06,
    "netProfitMargin" : 5.67,
    "netProfit" : 42.74
  }, {
    "date" : "2018-12-31",
    "sales" : 666.59,
    "salesGrowthYoY" : 5.41,
    "grossProfitMargin" : 53.39,
    "grossProfit" : 355.89,
    "operatingProfitMargin" : 21.49,
    "operatingProfit" : 143.25,
    "netProfitMargin" : 8.13,
    "netProfit" : 54.19
  }, {
    "date" : "2019-03-31",
    "sales" : 707.01,
    "salesGrowthYoY" : -2.93,
    "grossProfitMargin" : 50.68,
    "grossProfit" : 358.31,
    "operatingProfitMargin" : 17.30,
    "operatingProfit" : 122.31,
    "netProfitMargin" : 6.90,
    "netProfit" : 48.78
  }, {
    "date" : "2019-06-30",
    "sales" : 699.73,
    "salesGrowthYoY" : -4.35,
    "grossProfitMargin" : 51.30,
    "grossProfit" : 358.96,
    "operatingProfitMargin" : 18.03,
    "operatingProfit" : 126.16,
    "netProfitMargin" : 5.74,
    "netProfit" : 40.16
  }, {
    "date" : "2019-09-30",
    "sales" : 634.26,
    "salesGrowthYoY" : -15.86,
    "grossProfitMargin" : 52.59,
    "grossProfit" : 333.56,
    "operatingProfitMargin" : 17.70,
    "operatingProfit" : 112.26,
    "netProfitMargin" : 4.84,
    "netProfit" : 30.70
  }, {
    "date" : "2019-12-31",
    "sales" : 675.62,
    "salesGrowthYoY" : 1.35,
    "grossProfitMargin" : 50.44,
    "grossProfit" : 340.78,
    "operatingProfitMargin" : 17.55,
    "operatingProfit" : 118.57,
    "netProfitMargin" : 5.27,
    "netProfit" : 35.61
  }, {
    "date" : "2020-03-31",
    "sales" : 591.06,
    "salesGrowthYoY" : -16.40,
    "grossProfitMargin" : 56.75,
    "grossProfit" : 335.43,
    "operatingProfitMargin" : 15.67,
    "operatingProfit" : 92.62,
    "netProfitMargin" : 9.44,
    "netProfit" : 55.80
  }, {
    "date" : "2020-06-30",
    "sales" : 222.00,
    "salesGrowthYoY" : -68.27,
    "grossProfitMargin" : 36.83,
    "grossProfit" : 81.76,
    "operatingProfitMargin" : -11.67,
    "operatingProfit" : -25.91,
    "netProfitMargin" : -25.55,
    "netProfit" : -56.72
  }, {
    "date" : "2020-09-30",
    "sales" : 629.79,
    "salesGrowthYoY" : -0.70,
    "grossProfitMargin" : 53.22,
    "grossProfit" : 335.17,
    "operatingProfitMargin" : 19.64,
    "operatingProfit" : 123.69,
    "netProfitMargin" : 5.94,
    "netProfit" : 37.41
  }, {
    "date" : "2020-12-31",
    "sales" : 738.76,
    "salesGrowthYoY" : 9.35,
    "grossProfitMargin" : 55.22,
    "grossProfit" : 407.94,
    "operatingProfitMargin" : 23.96,
    "operatingProfit" : 177.01,
    "netProfitMargin" : 9.94,
    "netProfit" : 73.43
  }, {
    "date" : "2021-03-31",
    "sales" : 803.03,
    "salesGrowthYoY" : 35.86,
    "grossProfitMargin" : 54.39,
    "grossProfit" : 436.77,
    "operatingProfitMargin" : 22.69,
    "operatingProfit" : 182.21,
    "netProfitMargin" : 10.55,
    "netProfit" : 84.72
  }, {
    "date" : "2021-06-30",
    "sales" : 593.83,
    "salesGrowthYoY" : 167.49,
    "grossProfitMargin" : 57.23,
    "grossProfit" : 339.85,
    "operatingProfitMargin" : 20.27,
    "operatingProfit" : 120.37,
    "netProfitMargin" : 6.30,
    "netProfit" : 37.41
  }, {
    "date" : "2021-09-30",
    "sales" : 781.22,
    "salesGrowthYoY" : 24.04,
    "grossProfitMargin" : 56.68,
    "grossProfit" : 442.80,
    "operatingProfitMargin" : 24.15,
    "operatingProfit" : 188.66,
    "netProfitMargin" : 10.39,
    "netProfit" : 81.17
  }, {
    "date" : "2021-12-31",
    "sales" : 811.75,
    "salesGrowthYoY" : 9.88,
    "grossProfitMargin" : 57.29,
    "grossProfit" : 465.05,
    "operatingProfitMargin" : 26.68,
    "operatingProfit" : 216.57,
    "netProfitMargin" : 12.33,
    "netProfit" : 100.09
  }, {
    "date" : "2022-03-31",
    "sales" : 925.60,
    "salesGrowthYoY" : 15.26,
    "grossProfitMargin" : 54.63,
    "grossProfit" : 505.66,
    "operatingProfitMargin" : 26.45,
    "operatingProfit" : 244.82,
    "netProfitMargin" : 13.93,
    "netProfit" : 128.94
  }, {
    "date" : "2022-06-30",
    "sales" : 903.96,
    "salesGrowthYoY" : 52.23,
    "grossProfitMargin" : 54.93,
    "grossProfit" : 496.55,
    "operatingProfitMargin" : 24.64,
    "operatingProfit" : 222.74,
    "netProfitMargin" : 11.82,
    "netProfit" : 106.85
  }, {
    "date" : "2022-09-30",
    "sales" : 994.16,
    "salesGrowthYoY" : 27.26,
    "grossProfitMargin" : 51.29,
    "grossProfit" : 509.90,
    "operatingProfitMargin" : 22.04,
    "operatingProfit" : 219.11,
    "netProfitMargin" : 10.64,
    "netProfit" : 105.78
  }, {
    "date" : "2022-12-31",
    "sales" : 987.02,
    "salesGrowthYoY" : 21.59,
    "grossProfitMargin" : 49.44,
    "grossProfit" : 487.98,
    "operatingProfitMargin" : 19.58,
    "operatingProfit" : 193.26,
    "netProfitMargin" : 8.68,
    "netProfit" : 85.67
  }, {
    "date" : "2023-03-31",
    "sales" : 1033.39,
    "salesGrowthYoY" : 11.65,
    "grossProfitMargin" : 46.22,
    "grossProfit" : 477.63,
    "operatingProfitMargin" : 16.78,
    "operatingProfit" : 173.40,
    "netProfitMargin" : 6.73,
    "netProfit" : 69.55
  }, {
    "date" : "2023-06-30",
    "sales" : 1052.56,
    "salesGrowthYoY" : 16.44,
    "grossProfitMargin" : 47.91,
    "grossProfit" : 504.28,
    "operatingProfitMargin" : 20.05,
    "operatingProfit" : 211.04,
    "netProfitMargin" : 10.07,
    "netProfit" : 105.99
  }, {
    "date" : "2023-09-30",
    "sales" : 1081.04,
    "salesGrowthYoY" : 8.74,
    "grossProfitMargin" : 47.20,
    "grossProfit" : 510.25,
    "operatingProfitMargin" : 17.18,
    "operatingProfit" : 185.72,
    "netProfitMargin" : 7.88,
    "netProfit" : 85.19
  }, {
    "date" : "2023-12-31",
    "sales" : 998.91,
    "salesGrowthYoY" : 1.20,
    "grossProfitMargin" : 47.50,
    "grossProfit" : 474.48,
    "operatingProfitMargin" : 16.42,
    "operatingProfit" : 164.02,
    "netProfitMargin" : 6.83,
    "netProfit" : 68.23
  }, {
    "date" : "2024-03-31",
    "sales" : 1029.86,
    "salesGrowthYoY" : -0.34,
    "grossProfitMargin" : 48.11,
    "grossProfit" : 495.47,
    "operatingProfitMargin" : 16.84,
    "operatingProfit" : 173.43,
    "netProfitMargin" : 7.39,
    "netProfit" : 76.11
  }, {
    "date" : "2024-06-30",
    "sales" : 1062.86,
    "salesGrowthYoY" : 0.98,
    "grossProfitMargin" : 46.66,
    "grossProfit" : 495.93,
    "operatingProfitMargin" : 16.08,
    "operatingProfit" : 170.91,
    "netProfitMargin" : 7.19,
    "netProfit" : 76.42
  }, {
    "date" : "2024-09-30",
    "sales" : 1088.52,
    "salesGrowthYoY" : 0.69,
    "grossProfitMargin" : 49.41,
    "grossProfit" : 537.84,
    "operatingProfitMargin" : 18.72,
    "operatingProfit" : 203.77,
    "netProfitMargin" : 8.52,
    "netProfit" : 92.74
  }, {
    "date" : "2024-12-31",
    "sales" : 1054.22,
    "salesGrowthYoY" : 5.54,
    "grossProfitMargin" : 47.58,
    "grossProfit" : 501.60,
    "operatingProfitMargin" : 15.77,
    "operatingProfit" : 166.25,
    "netProfitMargin" : 8.00,
    "netProfit" : 84.34
  }, {
    "date" : "2025-03-31",
    "sales" : 1106.01,
    "salesGrowthYoY" : 7.39,
    "grossProfitMargin" : 49.03,
    "grossProfit" : 542.28,
    "operatingProfitMargin" : 17.07,
    "operatingProfit" : 188.80,
    "netProfitMargin" : 8.26,
    "netProfit" : 91.36
  }, {
    "date" : "2025-06-30",
    "sales" : 1143.83,
    "salesGrowthYoY" : 7.62,
    "grossProfitMargin" : 48.47,
    "grossProfit" : 554.41,
    "operatingProfitMargin" : 15.79,
    "operatingProfit" : 180.61,
    "netProfitMargin" : 4.67,
    "netProfit" : 53.42
  }, {
    "date" : "2025-09-30",
    "sales" : 1082.43,
    "salesGrowthYoY" : -0.56,
    "grossProfitMargin" : 54.17,
    "grossProfit" : 586.35,
    "operatingProfitMargin" : 16.32,
    "operatingProfit" : 176.65,
    "netProfitMargin" : 4.38,
    "netProfit" : 47.41
  }, {
    "date" : "2025-12-31",
    "sales" : 1176.98,
    "salesGrowthYoY" : 11.64,
    "grossProfitMargin" : 55.94,
    "grossProfit" : 658.40,
    "operatingProfitMargin" : 20.43,
    "operatingProfit" : 240.46,
    "netProfitMargin" : 9.21,
    "netProfit" : 108.40
  } ],
  "latestQuarterlyResult" : {
    "date" : "2025-12-31",
    "sales" : 1176.98,
    "salesGrowthYoY" : 11.64,
    "grossProfitMargin" : 55.94,
    "grossProfit" : 658.40,
    "operatingProfitMargin" : 20.43,
    "operatingProfit" : 240.46,
    "netProfitMargin" : 9.21,
    "netProfit" : 108.40
  },
  "companyScore" : {
    "priceHigherThanDma50" : 0.00,
    "priceHigherThanDma100" : 0.00,
    "priceHigherThanDma200" : 5.00,
    "dma50HigherThanDma100" : 5.00,
    "dma50HigherThanDma200" : 5.00,
    "dma100HigherThanDma200" : 5.00,
    "pricePercentageAboveDma50" : 5.17,
    "pricePercentageAboveDma100" : 5.14,
    "pricePercentageAboveDma200" : 4.74,
    "weeklyVolumeHigherThanYearlyVolume" : 0.00,
    "salesGrowthPercentile" : 12.25,
    "operatingProfitMarginPercentile" : 17.14,
    "netProfitMarginPercentile" : 8.57,
    "totalTechnicalScore" : 35.05,
    "totalFundamentalScore" : 37.96,
    "totalScore" : 73.02
  }
}