{
  "metadata" : {
    "screenerCompanyId" : "272",
    "companyCode" : "ASHIANA",
    "companyName" : "Ashiana Housing",
    "screenerCompanyLink" : "https://www.screener.in/company/ASHIANA/consolidated/",
    "screenerTechnicalHistoryLink" : "https://www.screener.in/api/company/272/chart/?q=Price-DMA50-DMA200-Volume&days=365",
    "screenerQuarterlyResultsLink" : "https://www.screener.in/api/company/272/chart/?q=GPM-OPM-NPM-Quarter+Sales&days=10000",
    "attributes" : {
      "companyCode" : "ASHIANA",
      "companyName" : "Ashiana Housing",
      "marketCap" : 2853.00,
      "peRatio" : 38.00,
      "description" : "Ashiana Housing is principal business activity of the company is Real Estate Development."
    },
    "companyScore" : {
      "priceHigherThanDma50" : 0.00,
      "priceHigherThanDma100" : 0.00,
      "priceHigherThanDma200" : 0.00,
      "dma50HigherThanDma100" : 0.00,
      "dma50HigherThanDma200" : 0.00,
      "dma100HigherThanDma200" : 0.00,
      "pricePercentageAboveDma50" : 5.16,
      "pricePercentageAboveDma100" : 5.24,
      "pricePercentageAboveDma200" : 5.34,
      "weeklyVolumeHigherThanYearlyVolume" : 0.00,
      "salesGrowthPercentile" : 18.73,
      "operatingProfitMarginPercentile" : 15.08,
      "netProfitMarginPercentile" : 6.58,
      "totalTechnicalScore" : 15.74,
      "totalFundamentalScore" : 40.39,
      "totalScore" : 56.13
    }
  },
  "attributes" : {
    "companyCode" : "ASHIANA",
    "companyName" : "Ashiana Housing",
    "marketCap" : 2853.00,
    "peRatio" : 38.00,
    "description" : "Ashiana Housing is principal business activity of the company is Real Estate Development."
  },
  "technicalHistory" : [ {
    "date" : "2025-01-07",
    "price" : 363.05,
    "dma50" : 333.14,
    "dma100" : null,
    "dma200" : 328.41,
    "volume" : 91920.00
  }, {
    "date" : "2025-01-08",
    "price" : 391.35,
    "dma50" : 335.42,
    "dma100" : null,
    "dma200" : 329.04,
    "volume" : 3067597.00
  }, {
    "date" : "2025-01-09",
    "price" : 378.20,
    "dma50" : 337.10,
    "dma100" : null,
    "dma200" : 329.53,
    "volume" : 287434.00
  }, {
    "date" : "2025-01-10",
    "price" : 356.20,
    "dma50" : 337.85,
    "dma100" : null,
    "dma200" : 329.79,
    "volume" : 259611.00
  }, {
    "date" : "2025-01-13",
    "price" : 336.95,
    "dma50" : 337.81,
    "dma100" : null,
    "dma200" : 329.86,
    "volume" : 246456.00
  }, {
    "date" : "2025-01-14",
    "price" : 335.35,
    "dma50" : 337.71,
    "dma100" : null,
    "dma200" : 329.92,
    "volume" : 167152.00
  }, {
    "date" : "2025-01-15",
    "price" : 338.90,
    "dma50" : 337.76,
    "dma100" : null,
    "dma200" : 330.01,
    "volume" : 200961.00
  }, {
    "date" : "2025-01-16",
    "price" : 342.05,
    "dma50" : 337.93,
    "dma100" : null,
    "dma200" : 330.13,
    "volume" : 59067.00
  }, {
    "date" : "2025-01-17",
    "price" : 342.95,
    "dma50" : 338.13,
    "dma100" : null,
    "dma200" : 330.26,
    "volume" : 63415.00
  }, {
    "date" : "2025-01-20",
    "price" : 343.75,
    "dma50" : 338.35,
    "dma100" : null,
    "dma200" : 330.39,
    "volume" : 34504.00
  }, {
    "date" : "2025-01-21",
    "price" : 348.05,
    "dma50" : 338.73,
    "dma100" : null,
    "dma200" : 330.57,
    "volume" : 116282.00
  }, {
    "date" : "2025-01-22",
    "price" : 345.35,
    "dma50" : 338.99,
    "dma100" : null,
    "dma200" : 330.71,
    "volume" : 94614.00
  }, {
    "date" : "2025-01-23",
    "price" : 344.25,
    "dma50" : 339.19,
    "dma100" : null,
    "dma200" : 330.85,
    "volume" : 35967.00
  }, {
    "date" : "2025-01-24",
    "price" : 338.00,
    "dma50" : 339.15,
    "dma100" : null,
    "dma200" : 330.92,
    "volume" : 28469.00
  }, {
    "date" : "2025-01-27",
    "price" : 316.60,
    "dma50" : 338.26,
    "dma100" : null,
    "dma200" : 330.78,
    "volume" : 132300.00
  }, {
    "date" : "2025-01-28",
    "price" : 312.15,
    "dma50" : 337.24,
    "dma100" : null,
    "dma200" : 330.59,
    "volume" : 122477.00
  }, {
    "date" : "2025-01-29",
    "price" : 323.45,
    "dma50" : 336.70,
    "dma100" : null,
    "dma200" : 330.52,
    "volume" : 59211.00
  }, {
    "date" : "2025-01-30",
    "price" : 317.05,
    "dma50" : 335.93,
    "dma100" : null,
    "dma200" : 330.39,
    "volume" : 55473.00
  }, {
    "date" : "2025-01-31",
    "price" : 326.20,
    "dma50" : 335.55,
    "dma100" : null,
    "dma200" : 330.34,
    "volume" : 39518.00
  }, {
    "date" : "2025-02-01",
    "price" : 356.10,
    "dma50" : 336.35,
    "dma100" : null,
    "dma200" : 330.60,
    "volume" : 336480.00
  }, {
    "date" : "2025-02-03",
    "price" : 337.10,
    "dma50" : 336.38,
    "dma100" : null,
    "dma200" : 330.66,
    "volume" : 79544.00
  }, {
    "date" : "2025-02-04",
    "price" : 338.60,
    "dma50" : 336.47,
    "dma100" : null,
    "dma200" : 330.74,
    "volume" : 97219.00
  }, {
    "date" : "2025-02-05",
    "price" : 346.00,
    "dma50" : 336.84,
    "dma100" : null,
    "dma200" : 330.90,
    "volume" : 61176.00
  }, {
    "date" : "2025-02-06",
    "price" : 345.95,
    "dma50" : 337.20,
    "dma100" : null,
    "dma200" : 331.05,
    "volume" : 56507.00
  }, {
    "date" : "2025-02-07",
    "price" : 336.80,
    "dma50" : 337.18,
    "dma100" : null,
    "dma200" : 331.10,
    "volume" : 55383.00
  }, {
    "date" : "2025-02-10",
    "price" : 334.40,
    "dma50" : 337.07,
    "dma100" : null,
    "dma200" : 331.14,
    "volume" : 43475.00
  }, {
    "date" : "2025-02-11",
    "price" : 318.45,
    "dma50" : 336.34,
    "dma100" : null,
    "dma200" : 331.01,
    "volume" : 61030.00
  }, {
    "date" : "2025-02-12",
    "price" : 304.60,
    "dma50" : 335.10,
    "dma100" : null,
    "dma200" : 330.75,
    "volume" : 115452.00
  }, {
    "date" : "2025-02-13",
    "price" : 312.10,
    "dma50" : 334.20,
    "dma100" : null,
    "dma200" : 330.56,
    "volume" : 54610.00
  }, {
    "date" : "2025-02-14",
    "price" : 295.30,
    "dma50" : 332.67,
    "dma100" : null,
    "dma200" : 330.21,
    "volume" : 119967.00
  }, {
    "date" : "2025-02-17",
    "price" : 300.60,
    "dma50" : 331.41,
    "dma100" : null,
    "dma200" : 329.92,
    "volume" : 71762.00
  }, {
    "date" : "2025-02-18",
    "price" : 296.30,
    "dma50" : 330.04,
    "dma100" : null,
    "dma200" : 329.58,
    "volume" : 53900.00
  }, {
    "date" : "2025-02-19",
    "price" : 290.50,
    "dma50" : 328.49,
    "dma100" : null,
    "dma200" : 329.19,
    "volume" : 97367.00
  }, {
    "date" : "2025-02-20",
    "price" : 283.05,
    "dma50" : 326.70,
    "dma100" : null,
    "dma200" : 328.73,
    "volume" : 79855.00
  }, {
    "date" : "2025-02-21",
    "price" : 284.10,
    "dma50" : 325.03,
    "dma100" : null,
    "dma200" : 328.29,
    "volume" : 71617.00
  }, {
    "date" : "2025-02-24",
    "price" : 289.80,
    "dma50" : 323.65,
    "dma100" : null,
    "dma200" : 327.91,
    "volume" : 75335.00
  }, {
    "date" : "2025-02-25",
    "price" : 293.00,
    "dma50" : 322.45,
    "dma100" : null,
    "dma200" : 327.56,
    "volume" : 134731.00
  }, {
    "date" : "2025-02-27",
    "price" : 331.70,
    "dma50" : 322.81,
    "dma100" : null,
    "dma200" : 327.60,
    "volume" : 675241.00
  }, {
    "date" : "2025-02-28",
    "price" : 300.35,
    "dma50" : 321.93,
    "dma100" : null,
    "dma200" : 327.33,
    "volume" : 310618.00
  }, {
    "date" : "2025-03-03",
    "price" : 301.25,
    "dma50" : 321.12,
    "dma100" : null,
    "dma200" : 327.07,
    "volume" : 134971.00
  }, {
    "date" : "2025-03-04",
    "price" : 301.70,
    "dma50" : 320.36,
    "dma100" : null,
    "dma200" : 326.82,
    "volume" : 45054.00
  }, {
    "date" : "2025-03-05",
    "price" : 307.05,
    "dma50" : 319.84,
    "dma100" : null,
    "dma200" : 326.62,
    "volume" : 40947.00
  }, {
    "date" : "2025-03-06",
    "price" : 311.50,
    "dma50" : 319.51,
    "dma100" : null,
    "dma200" : 326.47,
    "volume" : 164799.00
  }, {
    "date" : "2025-03-07",
    "price" : 308.85,
    "dma50" : 319.09,
    "dma100" : null,
    "dma200" : 326.29,
    "volume" : 110998.00
  }, {
    "date" : "2025-03-10",
    "price" : 303.75,
    "dma50" : 318.49,
    "dma100" : null,
    "dma200" : 326.07,
    "volume" : 51139.00
  }, {
    "date" : "2025-03-11",
    "price" : 300.95,
    "dma50" : 317.80,
    "dma100" : null,
    "dma200" : 325.82,
    "volume" : 38497.00
  }, {
    "date" : "2025-03-12",
    "price" : 302.50,
    "dma50" : 317.20,
    "dma100" : null,
    "dma200" : 325.59,
    "volume" : 39127.00
  }, {
    "date" : "2025-03-13",
    "price" : 300.10,
    "dma50" : 316.53,
    "dma100" : null,
    "dma200" : 325.33,
    "volume" : 77553.00
  }, {
    "date" : "2025-03-17",
    "price" : 300.05,
    "dma50" : 315.89,
    "dma100" : null,
    "dma200" : 325.08,
    "volume" : 92335.00
  }, {
    "date" : "2025-03-18",
    "price" : 302.10,
    "dma50" : 315.34,
    "dma100" : null,
    "dma200" : 324.85,
    "volume" : 51401.00
  }, {
    "date" : "2025-03-19",
    "price" : 301.45,
    "dma50" : 314.80,
    "dma100" : null,
    "dma200" : 324.62,
    "volume" : 125911.00
  }, {
    "date" : "2025-03-20",
    "price" : 303.15,
    "dma50" : 314.34,
    "dma100" : null,
    "dma200" : 324.41,
    "volume" : 96009.00
  }, {
    "date" : "2025-03-21",
    "price" : 303.30,
    "dma50" : 313.91,
    "dma100" : null,
    "dma200" : 324.20,
    "volume" : 69320.00
  }, {
    "date" : "2025-03-24",
    "price" : 301.85,
    "dma50" : 313.44,
    "dma100" : null,
    "dma200" : 323.98,
    "volume" : 111292.00
  }, {
    "date" : "2025-03-25",
    "price" : 300.35,
    "dma50" : 312.92,
    "dma100" : null,
    "dma200" : 323.74,
    "volume" : 118466.00
  }, {
    "date" : "2025-03-26",
    "price" : 299.75,
    "dma50" : 312.41,
    "dma100" : null,
    "dma200" : 323.50,
    "volume" : 67411.00
  }, {
    "date" : "2025-03-27",
    "price" : 303.30,
    "dma50" : 312.05,
    "dma100" : null,
    "dma200" : 323.30,
    "volume" : 137398.00
  }, {
    "date" : "2025-03-28",
    "price" : 293.20,
    "dma50" : 311.31,
    "dma100" : null,
    "dma200" : 323.00,
    "volume" : 145038.00
  }, {
    "date" : "2025-04-01",
    "price" : 297.15,
    "dma50" : 310.76,
    "dma100" : null,
    "dma200" : 322.74,
    "volume" : 58170.00
  }, {
    "date" : "2025-04-02",
    "price" : 296.00,
    "dma50" : 310.18,
    "dma100" : null,
    "dma200" : 322.48,
    "volume" : 56998.00
  }, {
    "date" : "2025-04-03",
    "price" : 298.30,
    "dma50" : 309.71,
    "dma100" : null,
    "dma200" : 322.24,
    "volume" : 34748.00
  }, {
    "date" : "2025-04-04",
    "price" : 280.05,
    "dma50" : 308.55,
    "dma100" : null,
    "dma200" : 321.82,
    "volume" : 144074.00
  }, {
    "date" : "2025-04-07",
    "price" : 270.65,
    "dma50" : 307.06,
    "dma100" : null,
    "dma200" : 321.31,
    "volume" : 112121.00
  }, {
    "date" : "2025-04-08",
    "price" : 262.60,
    "dma50" : 305.32,
    "dma100" : null,
    "dma200" : 320.72,
    "volume" : 149605.00
  }, {
    "date" : "2025-04-09",
    "price" : 271.85,
    "dma50" : 304.01,
    "dma100" : null,
    "dma200" : 320.24,
    "volume" : 193134.00
  }, {
    "date" : "2025-04-11",
    "price" : 265.05,
    "dma50" : 302.48,
    "dma100" : null,
    "dma200" : 319.69,
    "volume" : 156711.00
  }, {
    "date" : "2025-04-15",
    "price" : 270.15,
    "dma50" : 301.21,
    "dma100" : null,
    "dma200" : 319.20,
    "volume" : 154399.00
  }, {
    "date" : "2025-04-16",
    "price" : 270.70,
    "dma50" : 300.01,
    "dma100" : null,
    "dma200" : 318.71,
    "volume" : 102222.00
  }, {
    "date" : "2025-04-17",
    "price" : 270.15,
    "dma50" : 298.84,
    "dma100" : null,
    "dma200" : 318.23,
    "volume" : 92193.00
  }, {
    "date" : "2025-04-21",
    "price" : 262.60,
    "dma50" : 297.42,
    "dma100" : null,
    "dma200" : 317.68,
    "volume" : 198052.00
  }, {
    "date" : "2025-04-22",
    "price" : 264.85,
    "dma50" : 296.14,
    "dma100" : null,
    "dma200" : 317.15,
    "volume" : 97647.00
  }, {
    "date" : "2025-04-23",
    "price" : 263.85,
    "dma50" : 294.88,
    "dma100" : null,
    "dma200" : 316.62,
    "volume" : 136361.00
  }, {
    "date" : "2025-04-24",
    "price" : 265.75,
    "dma50" : 293.74,
    "dma100" : null,
    "dma200" : 316.11,
    "volume" : 124061.00
  }, {
    "date" : "2025-04-25",
    "price" : 262.10,
    "dma50" : 292.49,
    "dma100" : null,
    "dma200" : 315.58,
    "volume" : 128040.00
  }, {
    "date" : "2025-04-28",
    "price" : 261.75,
    "dma50" : 291.29,
    "dma100" : null,
    "dma200" : 315.04,
    "volume" : 104807.00
  }, {
    "date" : "2025-04-29",
    "price" : 269.45,
    "dma50" : 290.43,
    "dma100" : null,
    "dma200" : 314.59,
    "volume" : 149789.00
  }, {
    "date" : "2025-04-30",
    "price" : 267.05,
    "dma50" : 289.52,
    "dma100" : null,
    "dma200" : 314.11,
    "volume" : 91220.00
  }, {
    "date" : "2025-05-02",
    "price" : 264.95,
    "dma50" : 288.55,
    "dma100" : null,
    "dma200" : 313.63,
    "volume" : 69182.00
  }, {
    "date" : "2025-05-05",
    "price" : 269.65,
    "dma50" : 287.81,
    "dma100" : null,
    "dma200" : 313.19,
    "volume" : 39996.00
  }, {
    "date" : "2025-05-06",
    "price" : 267.10,
    "dma50" : 287.00,
    "dma100" : null,
    "dma200" : 312.73,
    "volume" : 66752.00
  }, {
    "date" : "2025-05-07",
    "price" : 258.70,
    "dma50" : 285.89,
    "dma100" : null,
    "dma200" : 312.19,
    "volume" : 225302.00
  }, {
    "date" : "2025-05-08",
    "price" : 251.80,
    "dma50" : 284.55,
    "dma100" : null,
    "dma200" : 311.59,
    "volume" : 159510.00
  }, {
    "date" : "2025-05-09",
    "price" : 264.90,
    "dma50" : 283.78,
    "dma100" : null,
    "dma200" : 311.13,
    "volume" : 210661.00
  }, {
    "date" : "2025-05-12",
    "price" : 268.35,
    "dma50" : 283.18,
    "dma100" : null,
    "dma200" : 310.70,
    "volume" : 113031.00
  }, {
    "date" : "2025-05-13",
    "price" : 268.55,
    "dma50" : 282.60,
    "dma100" : null,
    "dma200" : 310.28,
    "volume" : 82853.00
  }, {
    "date" : "2025-05-14",
    "price" : 279.20,
    "dma50" : 282.47,
    "dma100" : null,
    "dma200" : 309.97,
    "volume" : 102674.00
  }, {
    "date" : "2025-05-15",
    "price" : 276.00,
    "dma50" : 282.22,
    "dma100" : null,
    "dma200" : 309.63,
    "volume" : 47480.00
  }, {
    "date" : "2025-05-16",
    "price" : 284.60,
    "dma50" : 282.31,
    "dma100" : null,
    "dma200" : 309.38,
    "volume" : 84437.00
  }, {
    "date" : "2025-05-19",
    "price" : 285.15,
    "dma50" : 282.42,
    "dma100" : null,
    "dma200" : 309.14,
    "volume" : 61151.00
  }, {
    "date" : "2025-05-20",
    "price" : 290.55,
    "dma50" : 282.74,
    "dma100" : null,
    "dma200" : 308.96,
    "volume" : 80874.00
  }, {
    "date" : "2025-05-21",
    "price" : 297.95,
    "dma50" : 283.34,
    "dma100" : null,
    "dma200" : 308.85,
    "volume" : 130640.00
  }, {
    "date" : "2025-05-22",
    "price" : 298.50,
    "dma50" : 283.93,
    "dma100" : null,
    "dma200" : 308.75,
    "volume" : 86585.00
  }, {
    "date" : "2025-05-23",
    "price" : 300.35,
    "dma50" : 284.57,
    "dma100" : null,
    "dma200" : 308.66,
    "volume" : 76435.00
  }, {
    "date" : "2025-05-26",
    "price" : 299.55,
    "dma50" : 285.16,
    "dma100" : null,
    "dma200" : 308.57,
    "volume" : 60229.00
  }, {
    "date" : "2025-05-27",
    "price" : 301.25,
    "dma50" : 285.79,
    "dma100" : null,
    "dma200" : 308.50,
    "volume" : 43766.00
  }, {
    "date" : "2025-05-28",
    "price" : 304.50,
    "dma50" : 286.53,
    "dma100" : null,
    "dma200" : 308.46,
    "volume" : 52081.00
  }, {
    "date" : "2025-05-29",
    "price" : 311.20,
    "dma50" : 287.49,
    "dma100" : null,
    "dma200" : 308.49,
    "volume" : 77140.00
  }, {
    "date" : "2025-05-30",
    "price" : 321.40,
    "dma50" : 288.82,
    "dma100" : null,
    "dma200" : 308.61,
    "volume" : 128729.00
  }, {
    "date" : "2025-06-02",
    "price" : 313.20,
    "dma50" : 289.78,
    "dma100" : null,
    "dma200" : 308.66,
    "volume" : 113280.00
  }, {
    "date" : "2025-06-03",
    "price" : 315.10,
    "dma50" : 290.77,
    "dma100" : null,
    "dma200" : 308.72,
    "volume" : 65445.00
  }, {
    "date" : "2025-06-04",
    "price" : 320.10,
    "dma50" : 291.92,
    "dma100" : 302.60,
    "dma200" : 308.84,
    "volume" : 35380.00
  }, {
    "date" : "2025-06-05",
    "price" : 324.40,
    "dma50" : 293.20,
    "dma100" : 301.93,
    "dma200" : 308.99,
    "volume" : 53778.00
  }, {
    "date" : "2025-06-06",
    "price" : 334.25,
    "dma50" : 294.81,
    "dma100" : 301.49,
    "dma200" : 309.24,
    "volume" : 93555.00
  }, {
    "date" : "2025-06-09",
    "price" : 352.40,
    "dma50" : 297.06,
    "dma100" : 301.46,
    "dma200" : 309.67,
    "volume" : 166300.00
  }, {
    "date" : "2025-06-10",
    "price" : 356.55,
    "dma50" : 299.40,
    "dma100" : 301.65,
    "dma200" : 310.14,
    "volume" : 109011.00
  }, {
    "date" : "2025-06-11",
    "price" : 357.50,
    "dma50" : 301.68,
    "dma100" : 301.87,
    "dma200" : 310.61,
    "volume" : 70387.00
  }, {
    "date" : "2025-06-12",
    "price" : 354.25,
    "dma50" : 303.74,
    "dma100" : 302.03,
    "dma200" : 311.05,
    "volume" : 96067.00
  }, {
    "date" : "2025-06-13",
    "price" : 352.55,
    "dma50" : 305.65,
    "dma100" : 302.13,
    "dma200" : 311.46,
    "volume" : 64272.00
  }, {
    "date" : "2025-06-16",
    "price" : 363.15,
    "dma50" : 307.91,
    "dma100" : 302.33,
    "dma200" : 311.97,
    "volume" : 132290.00
  }, {
    "date" : "2025-06-17",
    "price" : 352.05,
    "dma50" : 309.64,
    "dma100" : 302.42,
    "dma200" : 312.37,
    "volume" : 55735.00
  }, {
    "date" : "2025-06-18",
    "price" : 350.40,
    "dma50" : 311.24,
    "dma100" : 302.44,
    "dma200" : 312.75,
    "volume" : 44068.00
  }, {
    "date" : "2025-06-19",
    "price" : 341.90,
    "dma50" : 312.44,
    "dma100" : 302.41,
    "dma200" : 313.04,
    "volume" : 79026.00
  }, {
    "date" : "2025-06-20",
    "price" : 344.40,
    "dma50" : 313.69,
    "dma100" : 302.41,
    "dma200" : 313.35,
    "volume" : 85399.00
  }, {
    "date" : "2025-06-23",
    "price" : 343.10,
    "dma50" : 314.85,
    "dma100" : 302.46,
    "dma200" : 313.65,
    "volume" : 63668.00
  }, {
    "date" : "2025-06-24",
    "price" : 343.90,
    "dma50" : 315.98,
    "dma100" : 302.73,
    "dma200" : 313.95,
    "volume" : 66607.00
  }, {
    "date" : "2025-06-25",
    "price" : 349.85,
    "dma50" : 317.31,
    "dma100" : 303.11,
    "dma200" : 314.31,
    "volume" : 163384.00
  }, {
    "date" : "2025-06-26",
    "price" : 346.45,
    "dma50" : 318.46,
    "dma100" : 303.34,
    "dma200" : 314.63,
    "volume" : 141581.00
  }, {
    "date" : "2025-06-27",
    "price" : 349.75,
    "dma50" : 319.68,
    "dma100" : 303.67,
    "dma200" : 314.98,
    "volume" : 61800.00
  }, {
    "date" : "2025-06-30",
    "price" : 345.65,
    "dma50" : 320.70,
    "dma100" : 303.86,
    "dma200" : 315.28,
    "volume" : 65821.00
  }, {
    "date" : "2025-07-01",
    "price" : 349.10,
    "dma50" : 321.81,
    "dma100" : 303.79,
    "dma200" : 315.62,
    "volume" : 36571.00
  }, {
    "date" : "2025-07-02",
    "price" : 347.60,
    "dma50" : 322.83,
    "dma100" : 303.90,
    "dma200" : 315.94,
    "volume" : 55270.00
  }, {
    "date" : "2025-07-03",
    "price" : 339.20,
    "dma50" : 323.47,
    "dma100" : 303.90,
    "dma200" : 316.17,
    "volume" : 62845.00
  }, {
    "date" : "2025-07-04",
    "price" : 340.60,
    "dma50" : 324.14,
    "dma100" : 303.85,
    "dma200" : 316.41,
    "volume" : 39658.00
  }, {
    "date" : "2025-07-07",
    "price" : 337.15,
    "dma50" : 324.65,
    "dma100" : 303.76,
    "dma200" : 316.62,
    "volume" : 26312.00
  }, {
    "date" : "2025-07-08",
    "price" : 337.80,
    "dma50" : 325.17,
    "dma100" : 303.77,
    "dma200" : 316.83,
    "volume" : 39707.00
  }, {
    "date" : "2025-07-09",
    "price" : 332.20,
    "dma50" : 325.44,
    "dma100" : 303.75,
    "dma200" : 316.98,
    "volume" : 35386.00
  }, {
    "date" : "2025-07-10",
    "price" : 330.80,
    "dma50" : 325.65,
    "dma100" : 303.87,
    "dma200" : 317.12,
    "volume" : 25844.00
  }, {
    "date" : "2025-07-11",
    "price" : 331.20,
    "dma50" : 325.87,
    "dma100" : 304.14,
    "dma200" : 317.26,
    "volume" : 31757.00
  }, {
    "date" : "2025-07-14",
    "price" : 332.10,
    "dma50" : 326.11,
    "dma100" : 304.34,
    "dma200" : 317.41,
    "volume" : 241090.00
  }, {
    "date" : "2025-07-15",
    "price" : 334.55,
    "dma50" : 326.44,
    "dma100" : 304.73,
    "dma200" : 317.58,
    "volume" : 50086.00
  }, {
    "date" : "2025-07-16",
    "price" : 333.90,
    "dma50" : 326.74,
    "dma100" : 305.06,
    "dma200" : 317.74,
    "volume" : 22161.00
  }, {
    "date" : "2025-07-17",
    "price" : 330.00,
    "dma50" : 326.86,
    "dma100" : 305.40,
    "dma200" : 317.86,
    "volume" : 38581.00
  }, {
    "date" : "2025-07-18",
    "price" : 329.00,
    "dma50" : 326.95,
    "dma100" : 305.79,
    "dma200" : 317.97,
    "volume" : 20853.00
  }, {
    "date" : "2025-07-21",
    "price" : 325.50,
    "dma50" : 326.89,
    "dma100" : 306.21,
    "dma200" : 318.05,
    "volume" : 27530.00
  }, {
    "date" : "2025-07-22",
    "price" : 324.75,
    "dma50" : 326.81,
    "dma100" : 306.62,
    "dma200" : 318.11,
    "volume" : 18830.00
  }, {
    "date" : "2025-07-23",
    "price" : 328.25,
    "dma50" : 326.86,
    "dma100" : 307.00,
    "dma200" : 318.21,
    "volume" : 63446.00
  }, {
    "date" : "2025-07-24",
    "price" : 325.00,
    "dma50" : 326.79,
    "dma100" : 307.32,
    "dma200" : 318.28,
    "volume" : 50985.00
  }, {
    "date" : "2025-07-25",
    "price" : 316.40,
    "dma50" : 326.38,
    "dma100" : 307.17,
    "dma200" : 318.26,
    "volume" : 36090.00
  }, {
    "date" : "2025-07-28",
    "price" : 314.10,
    "dma50" : 325.90,
    "dma100" : 307.31,
    "dma200" : 318.22,
    "volume" : 34736.00
  }, {
    "date" : "2025-07-29",
    "price" : 316.90,
    "dma50" : 325.55,
    "dma100" : 307.46,
    "dma200" : 318.21,
    "volume" : 32398.00
  }, {
    "date" : "2025-07-30",
    "price" : 320.05,
    "dma50" : 325.33,
    "dma100" : 307.65,
    "dma200" : 318.23,
    "volume" : 18064.00
  }, {
    "date" : "2025-07-31",
    "price" : 316.40,
    "dma50" : 324.98,
    "dma100" : 307.74,
    "dma200" : 318.21,
    "volume" : 31843.00
  }, {
    "date" : "2025-08-01",
    "price" : 323.05,
    "dma50" : 324.91,
    "dma100" : 307.85,
    "dma200" : 318.26,
    "volume" : 41948.00
  }, {
    "date" : "2025-08-04",
    "price" : 319.45,
    "dma50" : 324.69,
    "dma100" : 307.96,
    "dma200" : 318.27,
    "volume" : 40775.00
  }, {
    "date" : "2025-08-05",
    "price" : 316.90,
    "dma50" : 324.39,
    "dma100" : 308.09,
    "dma200" : 318.25,
    "volume" : 24479.00
  }, {
    "date" : "2025-08-06",
    "price" : 317.20,
    "dma50" : 324.11,
    "dma100" : 308.25,
    "dma200" : 318.24,
    "volume" : 25185.00
  }, {
    "date" : "2025-08-07",
    "price" : 310.30,
    "dma50" : 323.56,
    "dma100" : 308.33,
    "dma200" : 318.17,
    "volume" : 40533.00
  }, {
    "date" : "2025-08-08",
    "price" : 313.25,
    "dma50" : 323.16,
    "dma100" : 308.46,
    "dma200" : 318.12,
    "volume" : 24784.00
  }, {
    "date" : "2025-08-11",
    "price" : 306.90,
    "dma50" : 322.52,
    "dma100" : 308.53,
    "dma200" : 318.00,
    "volume" : 41684.00
  }, {
    "date" : "2025-08-12",
    "price" : 311.20,
    "dma50" : 322.08,
    "dma100" : 308.62,
    "dma200" : 317.94,
    "volume" : 28961.00
  }, {
    "date" : "2025-08-13",
    "price" : 309.55,
    "dma50" : 321.59,
    "dma100" : 308.70,
    "dma200" : 317.85,
    "volume" : 39559.00
  }, {
    "date" : "2025-08-14",
    "price" : 315.95,
    "dma50" : 321.37,
    "dma100" : 308.83,
    "dma200" : 317.83,
    "volume" : 39166.00
  }, {
    "date" : "2025-08-18",
    "price" : 302.60,
    "dma50" : 320.63,
    "dma100" : 308.83,
    "dma200" : 317.68,
    "volume" : 116408.00
  }, {
    "date" : "2025-08-19",
    "price" : 305.15,
    "dma50" : 320.02,
    "dma100" : 308.86,
    "dma200" : 317.56,
    "volume" : 52678.00
  }, {
    "date" : "2025-08-20",
    "price" : 307.90,
    "dma50" : 319.55,
    "dma100" : 308.93,
    "dma200" : 317.46,
    "volume" : 27360.00
  }, {
    "date" : "2025-08-21",
    "price" : 312.80,
    "dma50" : 319.28,
    "dma100" : 309.06,
    "dma200" : 317.42,
    "volume" : 27731.00
  }, {
    "date" : "2025-08-22",
    "price" : 313.10,
    "dma50" : 319.04,
    "dma100" : 309.16,
    "dma200" : 317.37,
    "volume" : 26268.00
  }, {
    "date" : "2025-08-25",
    "price" : 310.70,
    "dma50" : 318.71,
    "dma100" : 309.34,
    "dma200" : 317.31,
    "volume" : 29677.00
  }, {
    "date" : "2025-08-26",
    "price" : 322.95,
    "dma50" : 318.88,
    "dma100" : 309.60,
    "dma200" : 317.36,
    "volume" : 422309.00
  }, {
    "date" : "2025-08-28",
    "price" : 315.70,
    "dma50" : 318.75,
    "dma100" : 309.79,
    "dma200" : 317.35,
    "volume" : 46682.00
  }, {
    "date" : "2025-08-29",
    "price" : 310.95,
    "dma50" : 318.45,
    "dma100" : 309.92,
    "dma200" : 317.28,
    "volume" : 38162.00
  }, {
    "date" : "2025-09-01",
    "price" : 310.50,
    "dma50" : 318.14,
    "dma100" : 310.22,
    "dma200" : 317.21,
    "volume" : 44906.00
  }, {
    "date" : "2025-09-02",
    "price" : 314.25,
    "dma50" : 317.98,
    "dma100" : 310.66,
    "dma200" : 317.19,
    "volume" : 28783.00
  }, {
    "date" : "2025-09-03",
    "price" : 311.50,
    "dma50" : 317.73,
    "dma100" : 311.15,
    "dma200" : 317.13,
    "volume" : 49812.00
  }, {
    "date" : "2025-09-04",
    "price" : 314.90,
    "dma50" : 317.62,
    "dma100" : 311.58,
    "dma200" : 317.11,
    "volume" : 37883.00
  }, {
    "date" : "2025-09-05",
    "price" : 313.55,
    "dma50" : 317.46,
    "dma100" : 312.06,
    "dma200" : 317.07,
    "volume" : 39728.00
  }, {
    "date" : "2025-09-08",
    "price" : 312.90,
    "dma50" : 317.28,
    "dma100" : 312.49,
    "dma200" : 317.03,
    "volume" : 13610.00
  }, {
    "date" : "2025-09-09",
    "price" : 311.25,
    "dma50" : 317.04,
    "dma100" : 312.90,
    "dma200" : 316.97,
    "volume" : 15521.00
  }, {
    "date" : "2025-09-10",
    "price" : 312.05,
    "dma50" : 316.85,
    "dma100" : 313.32,
    "dma200" : 316.92,
    "volume" : 19335.00
  }, {
    "date" : "2025-09-11",
    "price" : 311.30,
    "dma50" : 316.63,
    "dma100" : 313.80,
    "dma200" : 316.87,
    "volume" : 27608.00
  }, {
    "date" : "2025-09-12",
    "price" : 313.50,
    "dma50" : 316.51,
    "dma100" : 314.29,
    "dma200" : 316.83,
    "volume" : 22780.00
  }, {
    "date" : "2025-09-15",
    "price" : 309.45,
    "dma50" : 316.23,
    "dma100" : 314.75,
    "dma200" : 316.76,
    "volume" : 50925.00
  }, {
    "date" : "2025-09-16",
    "price" : 312.10,
    "dma50" : 316.07,
    "dma100" : 315.21,
    "dma200" : 316.71,
    "volume" : 21312.00
  }, {
    "date" : "2025-09-17",
    "price" : 311.90,
    "dma50" : 315.91,
    "dma100" : 315.71,
    "dma200" : 316.67,
    "volume" : 16058.00
  }, {
    "date" : "2025-09-18",
    "price" : 309.20,
    "dma50" : 315.64,
    "dma100" : 316.18,
    "dma200" : 316.59,
    "volume" : 43334.00
  }, {
    "date" : "2025-09-19",
    "price" : 310.30,
    "dma50" : 315.43,
    "dma100" : 316.59,
    "dma200" : 316.53,
    "volume" : 72819.00
  }, {
    "date" : "2025-09-22",
    "price" : 308.75,
    "dma50" : 315.17,
    "dma100" : 317.01,
    "dma200" : 316.45,
    "volume" : 41895.00
  }, {
    "date" : "2025-09-23",
    "price" : 308.60,
    "dma50" : 314.91,
    "dma100" : 317.44,
    "dma200" : 316.37,
    "volume" : 17223.00
  }, {
    "date" : "2025-09-24",
    "price" : 302.60,
    "dma50" : 314.43,
    "dma100" : 317.77,
    "dma200" : 316.24,
    "volume" : 39846.00
  }, {
    "date" : "2025-09-25",
    "price" : 299.05,
    "dma50" : 313.83,
    "dma100" : 318.09,
    "dma200" : 316.07,
    "volume" : 46038.00
  }, {
    "date" : "2025-09-26",
    "price" : 295.55,
    "dma50" : 313.11,
    "dma100" : 318.46,
    "dma200" : 315.86,
    "volume" : 25748.00
  }, {
    "date" : "2025-09-29",
    "price" : 292.55,
    "dma50" : 312.30,
    "dma100" : 318.87,
    "dma200" : 315.63,
    "volume" : 45059.00
  }, {
    "date" : "2025-09-30",
    "price" : 299.35,
    "dma50" : 311.80,
    "dma100" : 319.21,
    "dma200" : 315.47,
    "volume" : 20916.00
  }, {
    "date" : "2025-10-01",
    "price" : 303.65,
    "dma50" : 311.48,
    "dma100" : 319.57,
    "dma200" : 315.35,
    "volume" : 23796.00
  }, {
    "date" : "2025-10-03",
    "price" : 302.25,
    "dma50" : 311.12,
    "dma100" : 319.90,
    "dma200" : 315.22,
    "volume" : 25606.00
  }, {
    "date" : "2025-10-06",
    "price" : 298.45,
    "dma50" : 310.62,
    "dma100" : 320.10,
    "dma200" : 315.05,
    "volume" : 16448.00
  }, {
    "date" : "2025-10-07",
    "price" : 298.65,
    "dma50" : 310.15,
    "dma100" : 320.32,
    "dma200" : 314.89,
    "volume" : 23165.00
  }, {
    "date" : "2025-10-08",
    "price" : 296.25,
    "dma50" : 309.60,
    "dma100" : 320.44,
    "dma200" : 314.70,
    "volume" : 22964.00
  }, {
    "date" : "2025-10-09",
    "price" : 297.40,
    "dma50" : 309.13,
    "dma100" : 320.56,
    "dma200" : 314.53,
    "volume" : 20884.00
  }, {
    "date" : "2025-10-10",
    "price" : 297.45,
    "dma50" : 308.67,
    "dma100" : 320.63,
    "dma200" : 314.36,
    "volume" : 19909.00
  }, {
    "date" : "2025-10-13",
    "price" : 294.85,
    "dma50" : 308.13,
    "dma100" : 320.60,
    "dma200" : 314.17,
    "volume" : 14596.00
  }, {
    "date" : "2025-10-14",
    "price" : 290.00,
    "dma50" : 307.41,
    "dma100" : 320.51,
    "dma200" : 313.93,
    "volume" : 24100.00
  }, {
    "date" : "2025-10-15",
    "price" : 289.50,
    "dma50" : 306.71,
    "dma100" : 320.41,
    "dma200" : 313.68,
    "volume" : 77260.00
  }, {
    "date" : "2025-10-16",
    "price" : 294.10,
    "dma50" : 306.22,
    "dma100" : 320.35,
    "dma200" : 313.49,
    "volume" : 20102.00
  }, {
    "date" : "2025-10-17",
    "price" : 299.30,
    "dma50" : 305.95,
    "dma100" : 320.33,
    "dma200" : 313.35,
    "volume" : 18660.00
  }, {
    "date" : "2025-10-20",
    "price" : 290.95,
    "dma50" : 305.36,
    "dma100" : 320.20,
    "dma200" : 313.13,
    "volume" : 64799.00
  }, {
    "date" : "2025-10-21",
    "price" : 293.20,
    "dma50" : 304.88,
    "dma100" : 320.02,
    "dma200" : 312.93,
    "volume" : 8438.00
  }, {
    "date" : "2025-10-23",
    "price" : 287.30,
    "dma50" : 304.19,
    "dma100" : 319.67,
    "dma200" : 312.67,
    "volume" : 44189.00
  }, {
    "date" : "2025-10-24",
    "price" : 281.85,
    "dma50" : 303.32,
    "dma100" : 319.36,
    "dma200" : 312.37,
    "volume" : 30930.00
  }, {
    "date" : "2025-10-27",
    "price" : 281.70,
    "dma50" : 302.47,
    "dma100" : 319.03,
    "dma200" : 312.06,
    "volume" : 33677.00
  }, {
    "date" : "2025-10-28",
    "price" : 276.90,
    "dma50" : 301.47,
    "dma100" : 318.60,
    "dma200" : 311.71,
    "volume" : 42562.00
  }, {
    "date" : "2025-10-29",
    "price" : 284.20,
    "dma50" : 300.79,
    "dma100" : 318.19,
    "dma200" : 311.44,
    "volume" : 37952.00
  }, {
    "date" : "2025-10-30",
    "price" : 282.40,
    "dma50" : 300.07,
    "dma100" : 317.67,
    "dma200" : 311.15,
    "volume" : 26020.00
  }, {
    "date" : "2025-10-31",
    "price" : 282.15,
    "dma50" : 299.36,
    "dma100" : 316.97,
    "dma200" : 310.86,
    "volume" : 25448.00
  }, {
    "date" : "2025-11-03",
    "price" : 284.30,
    "dma50" : 298.77,
    "dma100" : 316.25,
    "dma200" : 310.59,
    "volume" : 37162.00
  }, {
    "date" : "2025-11-04",
    "price" : 280.85,
    "dma50" : 298.07,
    "dma100" : 315.48,
    "dma200" : 310.30,
    "volume" : 27912.00
  }, {
    "date" : "2025-11-06",
    "price" : 281.55,
    "dma50" : 297.42,
    "dma100" : 314.76,
    "dma200" : 310.01,
    "volume" : 44166.00
  }, {
    "date" : "2025-11-07",
    "price" : 274.40,
    "dma50" : 296.52,
    "dma100" : 313.97,
    "dma200" : 309.66,
    "volume" : 37565.00
  }, {
    "date" : "2025-11-10",
    "price" : 273.00,
    "dma50" : 295.60,
    "dma100" : 313.07,
    "dma200" : 309.29,
    "volume" : 28314.00
  }, {
    "date" : "2025-11-11",
    "price" : 280.70,
    "dma50" : 295.01,
    "dma100" : 312.36,
    "dma200" : 309.01,
    "volume" : 27684.00
  }, {
    "date" : "2025-11-12",
    "price" : 288.95,
    "dma50" : 294.78,
    "dma100" : 311.75,
    "dma200" : 308.81,
    "volume" : 60352.00
  }, {
    "date" : "2025-11-13",
    "price" : 289.80,
    "dma50" : 294.58,
    "dma100" : 311.22,
    "dma200" : 308.62,
    "volume" : 284510.00
  }, {
    "date" : "2025-11-14",
    "price" : 295.50,
    "dma50" : 294.62,
    "dma100" : 310.74,
    "dma200" : 308.49,
    "volume" : 52638.00
  }, {
    "date" : "2025-11-17",
    "price" : 293.10,
    "dma50" : 294.56,
    "dma100" : 310.24,
    "dma200" : 308.34,
    "volume" : 56639.00
  }, {
    "date" : "2025-11-18",
    "price" : 291.85,
    "dma50" : 294.45,
    "dma100" : 309.71,
    "dma200" : 308.17,
    "volume" : 72104.00
  }, {
    "date" : "2025-11-19",
    "price" : 295.85,
    "dma50" : 294.51,
    "dma100" : 309.17,
    "dma200" : 308.05,
    "volume" : 68590.00
  }, {
    "date" : "2025-11-20",
    "price" : 298.95,
    "dma50" : 294.68,
    "dma100" : 308.70,
    "dma200" : 307.96,
    "volume" : 50919.00
  }, {
    "date" : "2025-11-21",
    "price" : 300.20,
    "dma50" : 294.90,
    "dma100" : 308.20,
    "dma200" : 307.88,
    "volume" : 24087.00
  }, {
    "date" : "2025-11-24",
    "price" : 301.85,
    "dma50" : 295.17,
    "dma100" : 307.77,
    "dma200" : 307.82,
    "volume" : 37019.00
  }, {
    "date" : "2025-11-25",
    "price" : 301.55,
    "dma50" : 295.42,
    "dma100" : 307.29,
    "dma200" : 307.76,
    "volume" : 30353.00
  }, {
    "date" : "2025-11-26",
    "price" : 301.65,
    "dma50" : 295.66,
    "dma100" : 306.83,
    "dma200" : 307.70,
    "volume" : 20279.00
  }, {
    "date" : "2025-11-27",
    "price" : 300.10,
    "dma50" : 295.84,
    "dma100" : 306.44,
    "dma200" : 307.62,
    "volume" : 36733.00
  }, {
    "date" : "2025-11-28",
    "price" : 300.65,
    "dma50" : 296.03,
    "dma100" : 306.04,
    "dma200" : 307.55,
    "volume" : 28627.00
  }, {
    "date" : "2025-12-01",
    "price" : 299.75,
    "dma50" : 296.17,
    "dma100" : 305.67,
    "dma200" : 307.48,
    "volume" : 44056.00
  }, {
    "date" : "2025-12-02",
    "price" : 297.60,
    "dma50" : 296.23,
    "dma100" : 305.26,
    "dma200" : 307.38,
    "volume" : 39647.00
  }, {
    "date" : "2025-12-03",
    "price" : 296.90,
    "dma50" : 296.25,
    "dma100" : 304.91,
    "dma200" : 307.27,
    "volume" : 32623.00
  }, {
    "date" : "2025-12-04",
    "price" : 297.60,
    "dma50" : 296.31,
    "dma100" : 304.58,
    "dma200" : 307.18,
    "volume" : 13538.00
  }, {
    "date" : "2025-12-05",
    "price" : 302.10,
    "dma50" : 296.53,
    "dma100" : 304.29,
    "dma200" : 307.13,
    "volume" : 38412.00
  }, {
    "date" : "2025-12-08",
    "price" : 294.50,
    "dma50" : 296.46,
    "dma100" : 303.91,
    "dma200" : 307.00,
    "volume" : 50259.00
  }, {
    "date" : "2025-12-09",
    "price" : 293.35,
    "dma50" : 296.33,
    "dma100" : 303.50,
    "dma200" : 306.87,
    "volume" : 28947.00
  }, {
    "date" : "2025-12-10",
    "price" : 293.80,
    "dma50" : 296.23,
    "dma100" : 303.10,
    "dma200" : 306.74,
    "volume" : 29722.00
  }, {
    "date" : "2025-12-11",
    "price" : 295.55,
    "dma50" : 296.21,
    "dma100" : 302.76,
    "dma200" : 306.62,
    "volume" : 24221.00
  }, {
    "date" : "2025-12-12",
    "price" : 291.95,
    "dma50" : 296.04,
    "dma100" : 302.38,
    "dma200" : 306.48,
    "volume" : 19269.00
  }, {
    "date" : "2025-12-15",
    "price" : 289.95,
    "dma50" : 295.80,
    "dma100" : 302.03,
    "dma200" : 306.31,
    "volume" : 17304.00
  }, {
    "date" : "2025-12-16",
    "price" : 287.30,
    "dma50" : 295.47,
    "dma100" : 301.65,
    "dma200" : 306.12,
    "volume" : 20870.00
  }, {
    "date" : "2025-12-17",
    "price" : 291.75,
    "dma50" : 295.32,
    "dma100" : 301.29,
    "dma200" : 305.98,
    "volume" : 31452.00
  }, {
    "date" : "2025-12-18",
    "price" : 292.95,
    "dma50" : 295.23,
    "dma100" : 300.97,
    "dma200" : 305.85,
    "volume" : 38887.00
  }, {
    "date" : "2025-12-19",
    "price" : 295.45,
    "dma50" : 295.24,
    "dma100" : 300.76,
    "dma200" : 305.75,
    "volume" : 20663.00
  }, {
    "date" : "2025-12-22",
    "price" : 295.40,
    "dma50" : 295.24,
    "dma100" : 300.57,
    "dma200" : 305.65,
    "volume" : 28147.00
  }, {
    "date" : "2025-12-23",
    "price" : 295.35,
    "dma50" : 295.25,
    "dma100" : 300.36,
    "dma200" : 305.54,
    "volume" : 14430.00
  }, {
    "date" : "2025-12-24",
    "price" : 293.85,
    "dma50" : 295.19,
    "dma100" : 300.10,
    "dma200" : 305.43,
    "volume" : 13978.00
  }, {
    "date" : "2025-12-26",
    "price" : 294.55,
    "dma50" : 295.17,
    "dma100" : 299.88,
    "dma200" : 305.32,
    "volume" : 19131.00
  }, {
    "date" : "2025-12-29",
    "price" : 288.25,
    "dma50" : 294.90,
    "dma100" : 299.53,
    "dma200" : 305.15,
    "volume" : 50510.00
  }, {
    "date" : "2025-12-30",
    "price" : 282.70,
    "dma50" : 294.42,
    "dma100" : 299.16,
    "dma200" : 304.93,
    "volume" : 25037.00
  }, {
    "date" : "2025-12-31",
    "price" : 288.35,
    "dma50" : 294.18,
    "dma100" : 298.88,
    "dma200" : 304.76,
    "volume" : 28639.00
  }, {
    "date" : "2026-01-01",
    "price" : 283.05,
    "dma50" : 293.74,
    "dma100" : 298.53,
    "dma200" : 304.54,
    "volume" : 40352.00
  }, {
    "date" : "2026-01-02",
    "price" : 286.00,
    "dma50" : 293.44,
    "dma100" : 298.29,
    "dma200" : 304.36,
    "volume" : 18236.00
  }, {
    "date" : "2026-01-05",
    "price" : 282.70,
    "dma50" : 293.02,
    "dma100" : 297.99,
    "dma200" : 304.14,
    "volume" : 28257.00
  }, {
    "date" : "2026-01-06",
    "price" : 283.35,
    "dma50" : 292.64,
    "dma100" : 297.75,
    "dma200" : 303.94,
    "volume" : 17282.00
  } ],
  "latestTechnicalAttributes" : {
    "date" : "2026-01-06",
    "price" : 283.35,
    "dma50" : 292.64,
    "dma100" : 297.75,
    "dma200" : 303.94,
    "volume" : 17282.00
  },
  "quarterlyResults" : [ {
    "date" : "2005-03-31",
    "sales" : 5.60,
    "salesGrowthYoY" : null,
    "grossProfitMargin" : 11.07,
    "grossProfit" : 0.62,
    "operatingProfitMargin" : -11.25,
    "operatingProfit" : -0.63,
    "netProfitMargin" : -4.82,
    "netProfit" : -0.27
  }, {
    "date" : "2005-06-30",
    "sales" : 7.73,
    "salesGrowthYoY" : null,
    "grossProfitMargin" : 22.64,
    "grossProfit" : 1.75,
    "operatingProfitMargin" : 7.89,
    "operatingProfit" : 0.61,
    "netProfitMargin" : 12.55,
    "netProfit" : 0.97
  }, {
    "date" : "2005-09-30",
    "sales" : 4.52,
    "salesGrowthYoY" : null,
    "grossProfitMargin" : 20.80,
    "grossProfit" : 0.94,
    "operatingProfitMargin" : -7.08,
    "operatingProfit" : -0.32,
    "netProfitMargin" : 0.88,
    "netProfit" : 0.04
  }, {
    "date" : "2005-12-31",
    "sales" : 12.01,
    "salesGrowthYoY" : null,
    "grossProfitMargin" : 25.56,
    "grossProfit" : 3.07,
    "operatingProfitMargin" : 14.24,
    "operatingProfit" : 1.71,
    "netProfitMargin" : 16.40,
    "netProfit" : 1.97
  }, {
    "date" : "2006-03-31",
    "sales" : 9.30,
    "salesGrowthYoY" : 66.07,
    "grossProfitMargin" : 27.10,
    "grossProfit" : 2.52,
    "operatingProfitMargin" : 7.85,
    "operatingProfit" : 0.73,
    "netProfitMargin" : 17.42,
    "netProfit" : 1.62
  }, {
    "date" : "2006-06-30",
    "sales" : 5.10,
    "salesGrowthYoY" : -34.02,
    "grossProfitMargin" : 34.71,
    "grossProfit" : 1.77,
    "operatingProfitMargin" : 8.63,
    "operatingProfit" : 0.44,
    "netProfitMargin" : 20.78,
    "netProfit" : 1.06
  }, {
    "date" : "2006-09-30",
    "sales" : 4.03,
    "salesGrowthYoY" : -10.84,
    "grossProfitMargin" : 29.78,
    "grossProfit" : 1.20,
    "operatingProfitMargin" : -13.90,
    "operatingProfit" : -0.56,
    "netProfitMargin" : 1.49,
    "netProfit" : 0.06
  }, {
    "date" : "2006-12-31",
    "sales" : 10.97,
    "salesGrowthYoY" : -8.66,
    "grossProfitMargin" : 36.83,
    "grossProfit" : 4.04,
    "operatingProfitMargin" : 23.25,
    "operatingProfit" : 2.55,
    "netProfitMargin" : 27.62,
    "netProfit" : 3.03
  }, {
    "date" : "2007-03-31",
    "sales" : 29.59,
    "salesGrowthYoY" : 218.17,
    "grossProfitMargin" : 25.18,
    "grossProfit" : 7.45,
    "operatingProfitMargin" : 17.98,
    "operatingProfit" : 5.32,
    "netProfitMargin" : 18.72,
    "netProfit" : 5.54
  }, {
    "date" : "2007-06-30",
    "sales" : 15.24,
    "salesGrowthYoY" : 198.82,
    "grossProfitMargin" : 46.19,
    "grossProfit" : 7.04,
    "operatingProfitMargin" : 24.54,
    "operatingProfit" : 3.74,
    "netProfitMargin" : 25.46,
    "netProfit" : 3.88
  }, {
    "date" : "2007-09-30",
    "sales" : 28.23,
    "salesGrowthYoY" : 600.50,
    "grossProfitMargin" : 42.19,
    "grossProfit" : 11.91,
    "operatingProfitMargin" : 33.30,
    "operatingProfit" : 9.40,
    "netProfitMargin" : 31.24,
    "netProfit" : 8.82
  }, {
    "date" : "2007-12-31",
    "sales" : 21.97,
    "salesGrowthYoY" : 100.27,
    "grossProfitMargin" : 49.57,
    "grossProfit" : 10.89,
    "operatingProfitMargin" : 36.46,
    "operatingProfit" : 8.01,
    "netProfitMargin" : 34.59,
    "netProfit" : 7.60
  }, {
    "date" : "2008-03-31",
    "sales" : 57.90,
    "salesGrowthYoY" : 95.67,
    "grossProfitMargin" : 38.08,
    "grossProfit" : 22.05,
    "operatingProfitMargin" : 30.54,
    "operatingProfit" : 17.68,
    "netProfitMargin" : 28.84,
    "netProfit" : 16.70
  }, {
    "date" : "2008-06-30",
    "sales" : 19.81,
    "salesGrowthYoY" : 29.99,
    "grossProfitMargin" : 45.48,
    "grossProfit" : 9.01,
    "operatingProfitMargin" : 29.48,
    "operatingProfit" : 5.84,
    "netProfitMargin" : 27.81,
    "netProfit" : 5.51
  }, {
    "date" : "2008-09-30",
    "sales" : 26.13,
    "salesGrowthYoY" : -7.44,
    "grossProfitMargin" : 41.14,
    "grossProfit" : 10.75,
    "operatingProfitMargin" : 29.09,
    "operatingProfit" : 7.60,
    "netProfitMargin" : 32.84,
    "netProfit" : 8.58
  }, {
    "date" : "2008-12-31",
    "sales" : 21.11,
    "salesGrowthYoY" : -3.91,
    "grossProfitMargin" : 44.10,
    "grossProfit" : 9.31,
    "operatingProfitMargin" : 27.52,
    "operatingProfit" : 5.81,
    "netProfitMargin" : 49.50,
    "netProfit" : 10.45
  }, {
    "date" : "2009-03-31",
    "sales" : 15.66,
    "salesGrowthYoY" : -72.95,
    "grossProfitMargin" : 28.03,
    "grossProfit" : 4.39,
    "operatingProfitMargin" : 1.98,
    "operatingProfit" : 0.31,
    "netProfitMargin" : 9.13,
    "netProfit" : 1.43
  }, {
    "date" : "2009-06-30",
    "sales" : 26.13,
    "salesGrowthYoY" : 31.90,
    "grossProfitMargin" : 50.21,
    "grossProfit" : 13.12,
    "operatingProfitMargin" : 37.62,
    "operatingProfit" : 9.83,
    "netProfitMargin" : 33.72,
    "netProfit" : 8.81
  }, {
    "date" : "2009-09-30",
    "sales" : 21.42,
    "salesGrowthYoY" : -18.03,
    "grossProfitMargin" : 51.45,
    "grossProfit" : 11.02,
    "operatingProfitMargin" : 32.87,
    "operatingProfit" : 7.04,
    "netProfitMargin" : 30.95,
    "netProfit" : 6.63
  }, {
    "date" : "2009-12-31",
    "sales" : 21.86,
    "salesGrowthYoY" : 3.55,
    "grossProfitMargin" : 42.04,
    "grossProfit" : 9.19,
    "operatingProfitMargin" : 24.11,
    "operatingProfit" : 5.27,
    "netProfitMargin" : 23.65,
    "netProfit" : 5.17
  }, {
    "date" : "2010-03-31",
    "sales" : 35.96,
    "salesGrowthYoY" : 129.63,
    "grossProfitMargin" : 103.95,
    "grossProfit" : 37.38,
    "operatingProfitMargin" : 48.19,
    "operatingProfit" : 17.33,
    "netProfitMargin" : 41.13,
    "netProfit" : 14.79
  }, {
    "date" : "2010-06-30",
    "sales" : 37.93,
    "salesGrowthYoY" : 45.16,
    "grossProfitMargin" : 100.50,
    "grossProfit" : 38.12,
    "operatingProfitMargin" : 32.45,
    "operatingProfit" : 12.31,
    "netProfitMargin" : 29.50,
    "netProfit" : 11.19
  }, {
    "date" : "2010-09-30",
    "sales" : 23.01,
    "salesGrowthYoY" : 7.42,
    "grossProfitMargin" : 46.24,
    "grossProfit" : 10.64,
    "operatingProfitMargin" : 25.99,
    "operatingProfit" : 5.98,
    "netProfitMargin" : 38.07,
    "netProfit" : 8.76
  }, {
    "date" : "2010-12-31",
    "sales" : 19.56,
    "salesGrowthYoY" : -10.52,
    "grossProfitMargin" : 50.51,
    "grossProfit" : 9.88,
    "operatingProfitMargin" : 26.28,
    "operatingProfit" : 5.14,
    "netProfitMargin" : 30.57,
    "netProfit" : 5.98
  }, {
    "date" : "2011-03-31",
    "sales" : 51.31,
    "salesGrowthYoY" : 42.69,
    "grossProfitMargin" : 50.56,
    "grossProfit" : 25.94,
    "operatingProfitMargin" : 35.45,
    "operatingProfit" : 18.19,
    "netProfitMargin" : 35.63,
    "netProfit" : 18.28
  }, {
    "date" : "2011-06-30",
    "sales" : 37.51,
    "salesGrowthYoY" : -1.11,
    "grossProfitMargin" : 55.24,
    "grossProfit" : 20.72,
    "operatingProfitMargin" : 40.20,
    "operatingProfit" : 15.08,
    "netProfitMargin" : 34.39,
    "netProfit" : 12.90
  }, {
    "date" : "2011-09-30",
    "sales" : 45.06,
    "salesGrowthYoY" : 95.83,
    "grossProfitMargin" : 51.09,
    "grossProfit" : 23.02,
    "operatingProfitMargin" : 37.06,
    "operatingProfit" : 16.70,
    "netProfitMargin" : 31.85,
    "netProfit" : 14.35
  }, {
    "date" : "2011-12-31",
    "sales" : 50.91,
    "salesGrowthYoY" : 160.28,
    "grossProfitMargin" : 50.46,
    "grossProfit" : 25.69,
    "operatingProfitMargin" : 37.46,
    "operatingProfit" : 19.07,
    "netProfitMargin" : 29.82,
    "netProfit" : 15.18
  }, {
    "date" : "2012-03-31",
    "sales" : 84.53,
    "salesGrowthYoY" : 64.74,
    "grossProfitMargin" : 48.50,
    "grossProfit" : 41.00,
    "operatingProfitMargin" : 38.14,
    "operatingProfit" : 32.24,
    "netProfitMargin" : 31.01,
    "netProfit" : 26.21
  }, {
    "date" : "2012-06-30",
    "sales" : 27.08,
    "salesGrowthYoY" : -27.81,
    "grossProfitMargin" : 129.39,
    "grossProfit" : 35.04,
    "operatingProfitMargin" : 33.83,
    "operatingProfit" : 9.16,
    "netProfitMargin" : 32.27,
    "netProfit" : 8.74
  }, {
    "date" : "2012-09-30",
    "sales" : 25.83,
    "salesGrowthYoY" : -42.68,
    "grossProfitMargin" : 107.43,
    "grossProfit" : 27.75,
    "operatingProfitMargin" : 21.06,
    "operatingProfit" : 5.44,
    "netProfitMargin" : 29.46,
    "netProfit" : 7.61
  }, {
    "date" : "2012-12-31",
    "sales" : 24.31,
    "salesGrowthYoY" : -52.25,
    "grossProfitMargin" : 156.36,
    "grossProfit" : 38.01,
    "operatingProfitMargin" : 27.93,
    "operatingProfit" : 6.79,
    "netProfitMargin" : 26.49,
    "netProfit" : 6.44
  }, {
    "date" : "2013-03-31",
    "sales" : 41.94,
    "salesGrowthYoY" : -50.38,
    "grossProfitMargin" : 71.70,
    "grossProfit" : 30.07,
    "operatingProfitMargin" : 23.22,
    "operatingProfit" : 9.74,
    "netProfitMargin" : 22.20,
    "netProfit" : 9.31
  }, {
    "date" : "2013-06-30",
    "sales" : 15.09,
    "salesGrowthYoY" : -44.28,
    "grossProfitMargin" : 232.01,
    "grossProfit" : 35.01,
    "operatingProfitMargin" : 32.47,
    "operatingProfit" : 4.90,
    "netProfitMargin" : 46.19,
    "netProfit" : 6.97
  }, {
    "date" : "2013-09-30",
    "sales" : 37.91,
    "salesGrowthYoY" : 46.77,
    "grossProfitMargin" : 122.21,
    "grossProfit" : 46.33,
    "operatingProfitMargin" : 24.11,
    "operatingProfit" : 9.14,
    "netProfitMargin" : 28.20,
    "netProfit" : 10.69
  }, {
    "date" : "2013-12-31",
    "sales" : 9.06,
    "salesGrowthYoY" : -62.73,
    "grossProfitMargin" : 76.60,
    "grossProfit" : 6.94,
    "operatingProfitMargin" : 1.77,
    "operatingProfit" : 0.16,
    "netProfitMargin" : 13.47,
    "netProfit" : 1.22
  }, {
    "date" : "2014-03-31",
    "sales" : 14.43,
    "salesGrowthYoY" : -65.59,
    "grossProfitMargin" : 434.79,
    "grossProfit" : 62.74,
    "operatingProfitMargin" : 5.89,
    "operatingProfit" : 0.85,
    "netProfitMargin" : 25.29,
    "netProfit" : 3.65
  }, {
    "date" : "2014-06-30",
    "sales" : 4.96,
    "salesGrowthYoY" : -67.13,
    "grossProfitMargin" : 1020.16,
    "grossProfit" : 50.60,
    "operatingProfitMargin" : -60.89,
    "operatingProfit" : -3.02,
    "netProfitMargin" : -67.14,
    "netProfit" : -3.33
  }, {
    "date" : "2014-09-30",
    "sales" : 20.63,
    "salesGrowthYoY" : -45.58,
    "grossProfitMargin" : 93.41,
    "grossProfit" : 19.27,
    "operatingProfitMargin" : 49.59,
    "operatingProfit" : 10.23,
    "netProfitMargin" : 68.40,
    "netProfit" : 14.11
  }, {
    "date" : "2014-12-31",
    "sales" : 30.45,
    "salesGrowthYoY" : 236.09,
    "grossProfitMargin" : 41.12,
    "grossProfit" : 12.52,
    "operatingProfitMargin" : 8.83,
    "operatingProfit" : 2.69,
    "netProfitMargin" : 17.37,
    "netProfit" : 5.29
  }, {
    "date" : "2015-03-31",
    "sales" : 64.17,
    "salesGrowthYoY" : 344.70,
    "grossProfitMargin" : 55.71,
    "grossProfit" : 35.75,
    "operatingProfitMargin" : 41.75,
    "operatingProfit" : 26.79,
    "netProfitMargin" : 46.13,
    "netProfit" : 29.60
  }, {
    "date" : "2015-06-30",
    "sales" : 16.44,
    "salesGrowthYoY" : 231.45,
    "grossProfitMargin" : 87.59,
    "grossProfit" : 14.40,
    "operatingProfitMargin" : 27.49,
    "operatingProfit" : 4.52,
    "netProfitMargin" : 54.50,
    "netProfit" : 8.96
  }, {
    "date" : "2015-09-30",
    "sales" : 75.72,
    "salesGrowthYoY" : 267.04,
    "grossProfitMargin" : 124.54,
    "grossProfit" : 94.30,
    "operatingProfitMargin" : 18.67,
    "operatingProfit" : 14.14,
    "netProfitMargin" : 21.92,
    "netProfit" : 16.60
  }, {
    "date" : "2015-12-31",
    "sales" : 26.37,
    "salesGrowthYoY" : -13.40,
    "grossProfitMargin" : 45.85,
    "grossProfit" : 12.09,
    "operatingProfitMargin" : -0.99,
    "operatingProfit" : -0.26,
    "netProfitMargin" : 3.53,
    "netProfit" : 0.93
  }, {
    "date" : "2016-03-31",
    "sales" : 380.80,
    "salesGrowthYoY" : 493.42,
    "grossProfitMargin" : 37.86,
    "grossProfit" : 144.17,
    "operatingProfitMargin" : 31.28,
    "operatingProfit" : 119.11,
    "netProfitMargin" : 28.90,
    "netProfit" : 110.05
  }, {
    "date" : "2016-06-30",
    "sales" : 12.00,
    "salesGrowthYoY" : -27.01,
    "grossProfitMargin" : 34.83,
    "grossProfit" : 4.18,
    "operatingProfitMargin" : -68.83,
    "operatingProfit" : -8.26,
    "netProfitMargin" : -31.67,
    "netProfit" : -3.80
  }, {
    "date" : "2016-09-30",
    "sales" : 110.27,
    "salesGrowthYoY" : 45.63,
    "grossProfitMargin" : 40.14,
    "grossProfit" : 44.26,
    "operatingProfitMargin" : 25.83,
    "operatingProfit" : 28.48,
    "netProfitMargin" : 19.94,
    "netProfit" : 21.99
  }, {
    "date" : "2016-12-31",
    "sales" : 42.42,
    "salesGrowthYoY" : 60.86,
    "grossProfitMargin" : 66.22,
    "grossProfit" : 28.09,
    "operatingProfitMargin" : 33.99,
    "operatingProfit" : 14.42,
    "netProfitMargin" : 36.66,
    "netProfit" : 15.55
  }, {
    "date" : "2017-03-31",
    "sales" : 191.26,
    "salesGrowthYoY" : -49.77,
    "grossProfitMargin" : 41.26,
    "grossProfit" : 78.91,
    "operatingProfitMargin" : 29.78,
    "operatingProfit" : 56.96,
    "netProfitMargin" : 19.66,
    "netProfit" : 37.60
  }, {
    "date" : "2017-06-30",
    "sales" : 67.07,
    "salesGrowthYoY" : 458.92,
    "grossProfitMargin" : 35.52,
    "grossProfit" : 23.82,
    "operatingProfitMargin" : 11.29,
    "operatingProfit" : 7.57,
    "netProfitMargin" : 6.87,
    "netProfit" : 4.61
  }, {
    "date" : "2017-09-30",
    "sales" : 106.42,
    "salesGrowthYoY" : -3.49,
    "grossProfitMargin" : 50.25,
    "grossProfit" : 53.48,
    "operatingProfitMargin" : 33.72,
    "operatingProfit" : 35.88,
    "netProfitMargin" : 21.78,
    "netProfit" : 23.18
  }, {
    "date" : "2017-12-31",
    "sales" : 25.36,
    "salesGrowthYoY" : -40.22,
    "grossProfitMargin" : 51.97,
    "grossProfit" : 13.18,
    "operatingProfitMargin" : -9.70,
    "operatingProfit" : -2.46,
    "netProfitMargin" : -14.24,
    "netProfit" : -3.61
  }, {
    "date" : "2018-03-31",
    "sales" : 90.13,
    "salesGrowthYoY" : -52.88,
    "grossProfitMargin" : 42.41,
    "grossProfit" : 38.22,
    "operatingProfitMargin" : 15.70,
    "operatingProfit" : 14.15,
    "netProfitMargin" : 16.10,
    "netProfit" : 14.51
  }, {
    "date" : "2018-06-30",
    "sales" : 129.02,
    "salesGrowthYoY" : 92.37,
    "grossProfitMargin" : 38.73,
    "grossProfit" : 49.97,
    "operatingProfitMargin" : 22.06,
    "operatingProfit" : 28.46,
    "netProfitMargin" : 12.75,
    "netProfit" : 16.45
  }, {
    "date" : "2018-09-30",
    "sales" : 58.16,
    "salesGrowthYoY" : -45.35,
    "grossProfitMargin" : 41.27,
    "grossProfit" : 24.00,
    "operatingProfitMargin" : 9.53,
    "operatingProfit" : 5.54,
    "netProfitMargin" : 3.46,
    "netProfit" : 2.01
  }, {
    "date" : "2018-12-31",
    "sales" : 56.60,
    "salesGrowthYoY" : 123.19,
    "grossProfitMargin" : 44.49,
    "grossProfit" : 25.18,
    "operatingProfitMargin" : 12.37,
    "operatingProfit" : 7.00,
    "netProfitMargin" : 6.48,
    "netProfit" : 3.67
  }, {
    "date" : "2019-03-31",
    "sales" : 58.03,
    "salesGrowthYoY" : -35.62,
    "grossProfitMargin" : 34.88,
    "grossProfit" : 20.24,
    "operatingProfitMargin" : -3.55,
    "operatingProfit" : -2.06,
    "netProfitMargin" : -7.74,
    "netProfit" : -4.49
  }, {
    "date" : "2019-06-30",
    "sales" : 53.26,
    "salesGrowthYoY" : -58.72,
    "grossProfitMargin" : 26.21,
    "grossProfit" : 13.96,
    "operatingProfitMargin" : -9.03,
    "operatingProfit" : -4.81,
    "netProfitMargin" : -8.92,
    "netProfit" : -4.75
  }, {
    "date" : "2019-09-30",
    "sales" : 60.46,
    "salesGrowthYoY" : 3.95,
    "grossProfitMargin" : 20.72,
    "grossProfit" : 12.53,
    "operatingProfitMargin" : -11.40,
    "operatingProfit" : -6.89,
    "netProfitMargin" : -14.44,
    "netProfit" : -8.73
  }, {
    "date" : "2019-12-31",
    "sales" : 63.51,
    "salesGrowthYoY" : 12.21,
    "grossProfitMargin" : 29.95,
    "grossProfit" : 19.02,
    "operatingProfitMargin" : -2.14,
    "operatingProfit" : -1.36,
    "netProfitMargin" : -9.54,
    "netProfit" : -6.06
  }, {
    "date" : "2020-03-31",
    "sales" : 82.26,
    "salesGrowthYoY" : 41.75,
    "grossProfitMargin" : 29.60,
    "grossProfit" : 24.35,
    "operatingProfitMargin" : 2.76,
    "operatingProfit" : 2.27,
    "netProfitMargin" : 10.61,
    "netProfit" : 8.73
  }, {
    "date" : "2020-06-30",
    "sales" : 25.23,
    "salesGrowthYoY" : -52.63,
    "grossProfitMargin" : 34.56,
    "grossProfit" : 8.72,
    "operatingProfitMargin" : -6.62,
    "operatingProfit" : -1.67,
    "netProfitMargin" : -9.55,
    "netProfit" : -2.41
  }, {
    "date" : "2020-09-30",
    "sales" : 36.57,
    "salesGrowthYoY" : -39.51,
    "grossProfitMargin" : 31.77,
    "grossProfit" : 11.62,
    "operatingProfitMargin" : -2.65,
    "operatingProfit" : -0.97,
    "netProfitMargin" : -4.05,
    "netProfit" : -1.48
  }, {
    "date" : "2020-12-31",
    "sales" : 63.47,
    "salesGrowthYoY" : -0.06,
    "grossProfitMargin" : 29.10,
    "grossProfit" : 18.47,
    "operatingProfitMargin" : 4.85,
    "operatingProfit" : 3.08,
    "netProfitMargin" : 20.99,
    "netProfit" : 13.32
  }, {
    "date" : "2021-03-31",
    "sales" : 66.25,
    "salesGrowthYoY" : -19.46,
    "grossProfitMargin" : 23.06,
    "grossProfit" : 15.28,
    "operatingProfitMargin" : -8.33,
    "operatingProfit" : -5.52,
    "netProfitMargin" : -8.75,
    "netProfit" : -5.80
  }, {
    "date" : "2021-06-30",
    "sales" : 24.78,
    "salesGrowthYoY" : -1.78,
    "grossProfitMargin" : 18.81,
    "grossProfit" : 4.66,
    "operatingProfitMargin" : -30.71,
    "operatingProfit" : -7.61,
    "netProfitMargin" : -19.65,
    "netProfit" : -4.87
  }, {
    "date" : "2021-09-30",
    "sales" : 46.79,
    "salesGrowthYoY" : 27.95,
    "grossProfitMargin" : 32.04,
    "grossProfit" : 14.99,
    "operatingProfitMargin" : -8.06,
    "operatingProfit" : -3.77,
    "netProfitMargin" : -12.16,
    "netProfit" : -5.69
  }, {
    "date" : "2021-12-31",
    "sales" : 40.46,
    "salesGrowthYoY" : -36.25,
    "grossProfitMargin" : 32.03,
    "grossProfit" : 12.96,
    "operatingProfitMargin" : -5.86,
    "operatingProfit" : -2.37,
    "netProfitMargin" : -1.51,
    "netProfit" : -0.61
  }, {
    "date" : "2022-03-31",
    "sales" : 51.52,
    "salesGrowthYoY" : -22.23,
    "grossProfitMargin" : 41.91,
    "grossProfit" : 21.59,
    "operatingProfitMargin" : -2.58,
    "operatingProfit" : -1.33,
    "netProfitMargin" : 18.09,
    "netProfit" : 9.32
  }, {
    "date" : "2022-06-30",
    "sales" : 65.55,
    "salesGrowthYoY" : 164.53,
    "grossProfitMargin" : 45.61,
    "grossProfit" : 29.90,
    "operatingProfitMargin" : 21.39,
    "operatingProfit" : 14.02,
    "netProfitMargin" : 15.68,
    "netProfit" : 10.28
  }, {
    "date" : "2022-09-30",
    "sales" : 72.54,
    "salesGrowthYoY" : 55.03,
    "grossProfitMargin" : 23.50,
    "grossProfit" : 17.05,
    "operatingProfitMargin" : -4.56,
    "operatingProfit" : -3.31,
    "netProfitMargin" : -1.23,
    "netProfit" : -0.89
  }, {
    "date" : "2022-12-31",
    "sales" : 114.79,
    "salesGrowthYoY" : 183.71,
    "grossProfitMargin" : 26.94,
    "grossProfit" : 30.92,
    "operatingProfitMargin" : 8.61,
    "operatingProfit" : 9.88,
    "netProfitMargin" : 7.27,
    "netProfit" : 8.35
  }, {
    "date" : "2023-03-31",
    "sales" : 98.53,
    "salesGrowthYoY" : 91.25,
    "grossProfitMargin" : 33.37,
    "grossProfit" : 32.88,
    "operatingProfitMargin" : 8.96,
    "operatingProfit" : 8.83,
    "netProfitMargin" : 9.47,
    "netProfit" : 9.33
  }, {
    "date" : "2023-06-30",
    "sales" : 105.12,
    "salesGrowthYoY" : 60.37,
    "grossProfitMargin" : 25.69,
    "grossProfit" : 27.01,
    "operatingProfitMargin" : 7.71,
    "operatingProfit" : 8.10,
    "netProfitMargin" : 10.20,
    "netProfit" : 10.72
  }, {
    "date" : "2023-09-30",
    "sales" : 328.06,
    "salesGrowthYoY" : 352.25,
    "grossProfitMargin" : 19.72,
    "grossProfit" : 64.69,
    "operatingProfitMargin" : 10.37,
    "operatingProfit" : 34.02,
    "netProfitMargin" : 8.06,
    "netProfit" : 26.44
  }, {
    "date" : "2023-12-31",
    "sales" : 166.08,
    "salesGrowthYoY" : 44.68,
    "grossProfitMargin" : 33.96,
    "grossProfit" : 56.40,
    "operatingProfitMargin" : 18.71,
    "operatingProfit" : 31.07,
    "netProfitMargin" : 15.47,
    "netProfit" : 25.69
  }, {
    "date" : "2024-03-31",
    "sales" : 276.61,
    "salesGrowthYoY" : 180.74,
    "grossProfitMargin" : 19.69,
    "grossProfit" : 54.46,
    "operatingProfitMargin" : 7.31,
    "operatingProfit" : 20.22,
    "netProfitMargin" : 6.27,
    "netProfit" : 17.34
  }, {
    "date" : "2024-06-30",
    "sales" : 104.32,
    "salesGrowthYoY" : -0.76,
    "grossProfitMargin" : 19.73,
    "grossProfit" : 20.58,
    "operatingProfitMargin" : -4.31,
    "operatingProfit" : -4.50,
    "netProfitMargin" : -5.12,
    "netProfit" : -5.34
  }, {
    "date" : "2024-09-30",
    "sales" : 38.30,
    "salesGrowthYoY" : -88.33,
    "grossProfitMargin" : 32.22,
    "grossProfit" : 12.34,
    "operatingProfitMargin" : -23.29,
    "operatingProfit" : -8.92,
    "netProfitMargin" : -18.30,
    "netProfit" : -7.01
  }, {
    "date" : "2024-12-31",
    "sales" : 113.96,
    "salesGrowthYoY" : -31.38,
    "grossProfitMargin" : 39.81,
    "grossProfit" : 45.37,
    "operatingProfitMargin" : 15.97,
    "operatingProfit" : 18.20,
    "netProfitMargin" : 12.89,
    "netProfit" : 14.69
  }, {
    "date" : "2025-03-31",
    "sales" : 200.11,
    "salesGrowthYoY" : -27.66,
    "grossProfitMargin" : 29.69,
    "grossProfit" : 59.41,
    "operatingProfitMargin" : 9.09,
    "operatingProfit" : 18.19,
    "netProfitMargin" : 9.86,
    "netProfit" : 19.73
  }, {
    "date" : "2025-06-30",
    "sales" : 273.69,
    "salesGrowthYoY" : 162.36,
    "grossProfitMargin" : 18.63,
    "grossProfit" : 50.99,
    "operatingProfitMargin" : 4.48,
    "operatingProfit" : 12.26,
    "netProfitMargin" : 4.67,
    "netProfit" : 12.78
  }, {
    "date" : "2025-09-30",
    "sales" : 146.23,
    "salesGrowthYoY" : 281.80,
    "grossProfitMargin" : 44.48,
    "grossProfit" : 65.04,
    "operatingProfitMargin" : 20.43,
    "operatingProfit" : 29.87,
    "netProfitMargin" : 22.02,
    "netProfit" : 32.20
  } ],
  "latestQuarterlyResult" : {
    "date" : "2025-09-30",
    "sales" : 146.23,
    "salesGrowthYoY" : 281.80,
    "grossProfitMargin" : 44.48,
    "grossProfit" : 65.04,
    "operatingProfitMargin" : 20.43,
    "operatingProfit" : 29.87,
    "netProfitMargin" : 22.02,
    "netProfit" : 32.20
  },
  "companyScore" : {
    "priceHigherThanDma50" : 0.00,
    "priceHigherThanDma100" : 0.00,
    "priceHigherThanDma200" : 0.00,
    "dma50HigherThanDma100" : 0.00,
    "dma50HigherThanDma200" : 0.00,
    "dma100HigherThanDma200" : 0.00,
    "pricePercentageAboveDma50" : 5.16,
    "pricePercentageAboveDma100" : 5.24,
    "pricePercentageAboveDma200" : 5.34,
    "weeklyVolumeHigherThanYearlyVolume" : 0.00,
    "salesGrowthPercentile" : 18.73,
    "operatingProfitMarginPercentile" : 15.08,
    "netProfitMarginPercentile" : 6.58,
    "totalTechnicalScore" : 15.74,
    "totalFundamentalScore" : 40.39,
    "totalScore" : 56.13
  }
}