{
  "metadata" : {
    "screenerCompanyId" : "294",
    "companyCode" : "ASIANENE",
    "companyName" : "Asian Energy",
    "screenerCompanyLink" : "https://www.screener.in/company/ASIANENE/consolidated/",
    "screenerTechnicalHistoryLink" : "https://www.screener.in/api/company/294/chart/?q=Price-DMA50-DMA200-Volume&days=365",
    "screenerQuarterlyResultsLink" : "https://www.screener.in/api/company/294/chart/?q=GPM-OPM-NPM-Quarter+Sales&days=10000",
    "attributes" : {
      "companyCode" : "ASIANENE",
      "companyName" : "Asian Energy",
      "marketCap" : 1260.00,
      "peRatio" : 26.90,
      "description" : "Asian Energy Services Ltd is an oilfield service and reservoir imaging company, offering a suite of geophysical services specializing in land and well seismic services and operation and maintenance services for oilfields.[1] It is one of the few companies providing end-to-end services in the upstream oil segment.[2]"
    },
    "companyScore" : {
      "priceHigherThanDma50" : 5.00,
      "priceHigherThanDma100" : 0.00,
      "priceHigherThanDma200" : 0.00,
      "dma50HigherThanDma100" : 0.00,
      "dma50HigherThanDma200" : 0.00,
      "dma100HigherThanDma200" : 0.00,
      "pricePercentageAboveDma50" : 4.87,
      "pricePercentageAboveDma100" : 5.31,
      "pricePercentageAboveDma200" : 5.33,
      "weeklyVolumeHigherThanYearlyVolume" : 0.00,
      "salesGrowthPercentile" : 9.50,
      "operatingProfitMarginPercentile" : 19.15,
      "netProfitMarginPercentile" : 9.84,
      "totalTechnicalScore" : 20.51,
      "totalFundamentalScore" : 38.49,
      "totalScore" : 59.00
    }
  },
  "attributes" : {
    "companyCode" : "ASIANENE",
    "companyName" : "Asian Energy",
    "marketCap" : 1260.00,
    "peRatio" : 26.90,
    "description" : "Asian Energy Services Ltd is an oilfield service and reservoir imaging company, offering a suite of geophysical services specializing in land and well seismic services and operation and maintenance services for oilfields.[1] It is one of the few companies providing end-to-end services in the upstream oil segment.[2]"
  },
  "technicalHistory" : [ {
    "date" : "2025-02-17",
    "price" : 237.55,
    "dma50" : 327.81,
    "dma100" : null,
    "dma200" : 328.04,
    "volume" : 195353.00
  }, {
    "date" : "2025-02-18",
    "price" : 224.30,
    "dma50" : 323.75,
    "dma100" : null,
    "dma200" : 327.01,
    "volume" : 231305.00
  }, {
    "date" : "2025-02-19",
    "price" : 238.35,
    "dma50" : 320.40,
    "dma100" : null,
    "dma200" : 326.12,
    "volume" : 84064.00
  }, {
    "date" : "2025-02-20",
    "price" : 237.85,
    "dma50" : 317.16,
    "dma100" : null,
    "dma200" : 325.25,
    "volume" : 78899.00
  }, {
    "date" : "2025-02-21",
    "price" : 229.80,
    "dma50" : 313.74,
    "dma100" : null,
    "dma200" : 324.30,
    "volume" : 95919.00
  }, {
    "date" : "2025-02-24",
    "price" : 274.45,
    "dma50" : 312.20,
    "dma100" : null,
    "dma200" : 323.80,
    "volume" : 540278.00
  }, {
    "date" : "2025-02-25",
    "price" : 271.35,
    "dma50" : 310.60,
    "dma100" : null,
    "dma200" : 323.28,
    "volume" : 338068.00
  }, {
    "date" : "2025-02-27",
    "price" : 249.70,
    "dma50" : 308.21,
    "dma100" : null,
    "dma200" : 322.55,
    "volume" : 194619.00
  }, {
    "date" : "2025-02-28",
    "price" : 249.70,
    "dma50" : 305.91,
    "dma100" : null,
    "dma200" : 321.82,
    "volume" : 238463.00
  }, {
    "date" : "2025-03-03",
    "price" : 239.11,
    "dma50" : 303.29,
    "dma100" : null,
    "dma200" : 321.00,
    "volume" : 175694.00
  }, {
    "date" : "2025-03-04",
    "price" : 249.65,
    "dma50" : 301.19,
    "dma100" : null,
    "dma200" : 320.29,
    "volume" : 148362.00
  }, {
    "date" : "2025-03-05",
    "price" : 258.56,
    "dma50" : 299.52,
    "dma100" : null,
    "dma200" : 319.67,
    "volume" : 178685.00
  }, {
    "date" : "2025-03-06",
    "price" : 264.46,
    "dma50" : 298.14,
    "dma100" : null,
    "dma200" : 319.12,
    "volume" : 217407.00
  }, {
    "date" : "2025-03-07",
    "price" : 263.93,
    "dma50" : 296.80,
    "dma100" : null,
    "dma200" : 318.57,
    "volume" : 130622.00
  }, {
    "date" : "2025-03-10",
    "price" : 259.01,
    "dma50" : 295.32,
    "dma100" : null,
    "dma200" : 317.98,
    "volume" : 132490.00
  }, {
    "date" : "2025-03-11",
    "price" : 244.78,
    "dma50" : 293.34,
    "dma100" : null,
    "dma200" : 317.25,
    "volume" : 146955.00
  }, {
    "date" : "2025-03-12",
    "price" : 242.55,
    "dma50" : 291.35,
    "dma100" : null,
    "dma200" : 316.51,
    "volume" : 206360.00
  }, {
    "date" : "2025-03-13",
    "price" : 241.92,
    "dma50" : 289.41,
    "dma100" : null,
    "dma200" : 315.77,
    "volume" : 75866.00
  }, {
    "date" : "2025-03-17",
    "price" : 216.94,
    "dma50" : 286.57,
    "dma100" : null,
    "dma200" : 314.78,
    "volume" : 390553.00
  }, {
    "date" : "2025-03-18",
    "price" : 240.74,
    "dma50" : 284.77,
    "dma100" : null,
    "dma200" : 314.05,
    "volume" : 329178.00
  }, {
    "date" : "2025-03-19",
    "price" : 287.41,
    "dma50" : 284.87,
    "dma100" : null,
    "dma200" : 313.78,
    "volume" : 724897.00
  }, {
    "date" : "2025-03-20",
    "price" : 284.46,
    "dma50" : 284.86,
    "dma100" : null,
    "dma200" : 313.49,
    "volume" : 538150.00
  }, {
    "date" : "2025-03-21",
    "price" : 283.34,
    "dma50" : 284.80,
    "dma100" : null,
    "dma200" : 313.19,
    "volume" : 176852.00
  }, {
    "date" : "2025-03-24",
    "price" : 285.79,
    "dma50" : 284.84,
    "dma100" : null,
    "dma200" : 312.92,
    "volume" : 251562.00
  }, {
    "date" : "2025-03-25",
    "price" : 271.37,
    "dma50" : 284.31,
    "dma100" : null,
    "dma200" : 312.51,
    "volume" : 385833.00
  }, {
    "date" : "2025-03-26",
    "price" : 258.62,
    "dma50" : 283.30,
    "dma100" : null,
    "dma200" : 311.97,
    "volume" : 220916.00
  }, {
    "date" : "2025-03-27",
    "price" : 251.52,
    "dma50" : 282.05,
    "dma100" : null,
    "dma200" : 311.37,
    "volume" : 203065.00
  }, {
    "date" : "2025-03-28",
    "price" : 269.33,
    "dma50" : 281.55,
    "dma100" : null,
    "dma200" : 310.95,
    "volume" : 223211.00
  }, {
    "date" : "2025-04-01",
    "price" : 282.30,
    "dma50" : 281.58,
    "dma100" : null,
    "dma200" : 310.66,
    "volume" : 106949.00
  }, {
    "date" : "2025-04-02",
    "price" : 287.40,
    "dma50" : 281.81,
    "dma100" : null,
    "dma200" : 310.43,
    "volume" : 77699.00
  }, {
    "date" : "2025-04-03",
    "price" : 295.85,
    "dma50" : 282.36,
    "dma100" : null,
    "dma200" : 310.29,
    "volume" : 167988.00
  }, {
    "date" : "2025-04-04",
    "price" : 278.55,
    "dma50" : 282.21,
    "dma100" : null,
    "dma200" : 309.97,
    "volume" : 122143.00
  }, {
    "date" : "2025-04-07",
    "price" : 270.40,
    "dma50" : 281.75,
    "dma100" : null,
    "dma200" : 309.58,
    "volume" : 168004.00
  }, {
    "date" : "2025-04-08",
    "price" : 277.80,
    "dma50" : 281.59,
    "dma100" : null,
    "dma200" : 309.26,
    "volume" : 63240.00
  }, {
    "date" : "2025-04-09",
    "price" : 272.05,
    "dma50" : 281.22,
    "dma100" : null,
    "dma200" : 308.89,
    "volume" : 35321.00
  }, {
    "date" : "2025-04-11",
    "price" : 277.90,
    "dma50" : 281.09,
    "dma100" : null,
    "dma200" : 308.58,
    "volume" : 71987.00
  }, {
    "date" : "2025-04-15",
    "price" : 284.95,
    "dma50" : 281.24,
    "dma100" : null,
    "dma200" : 308.35,
    "volume" : 36701.00
  }, {
    "date" : "2025-04-16",
    "price" : 298.85,
    "dma50" : 281.93,
    "dma100" : null,
    "dma200" : 308.25,
    "volume" : 128532.00
  }, {
    "date" : "2025-04-17",
    "price" : 320.90,
    "dma50" : 283.46,
    "dma100" : null,
    "dma200" : 308.38,
    "volume" : 270449.00
  }, {
    "date" : "2025-04-21",
    "price" : 314.45,
    "dma50" : 284.68,
    "dma100" : null,
    "dma200" : 308.44,
    "volume" : 139759.00
  }, {
    "date" : "2025-04-22",
    "price" : 313.90,
    "dma50" : 285.82,
    "dma100" : null,
    "dma200" : 308.49,
    "volume" : 100358.00
  }, {
    "date" : "2025-04-23",
    "price" : 313.35,
    "dma50" : 286.90,
    "dma100" : null,
    "dma200" : 308.54,
    "volume" : 71247.00
  }, {
    "date" : "2025-04-24",
    "price" : 305.10,
    "dma50" : 287.61,
    "dma100" : null,
    "dma200" : 308.51,
    "volume" : 151580.00
  }, {
    "date" : "2025-04-25",
    "price" : 292.55,
    "dma50" : 287.81,
    "dma100" : null,
    "dma200" : 308.35,
    "volume" : 94570.00
  }, {
    "date" : "2025-04-28",
    "price" : 288.85,
    "dma50" : 287.85,
    "dma100" : null,
    "dma200" : 308.16,
    "volume" : 70747.00
  }, {
    "date" : "2025-04-29",
    "price" : 281.20,
    "dma50" : 287.59,
    "dma100" : null,
    "dma200" : 307.89,
    "volume" : 69208.00
  }, {
    "date" : "2025-04-30",
    "price" : 277.85,
    "dma50" : 287.21,
    "dma100" : null,
    "dma200" : 307.59,
    "volume" : 57793.00
  }, {
    "date" : "2025-05-02",
    "price" : 273.70,
    "dma50" : 286.68,
    "dma100" : null,
    "dma200" : 307.25,
    "volume" : 133805.00
  }, {
    "date" : "2025-05-05",
    "price" : 299.05,
    "dma50" : 287.16,
    "dma100" : null,
    "dma200" : 307.17,
    "volume" : 192383.00
  }, {
    "date" : "2025-05-06",
    "price" : 293.40,
    "dma50" : 287.41,
    "dma100" : null,
    "dma200" : 307.03,
    "volume" : 340778.00
  }, {
    "date" : "2025-05-07",
    "price" : 293.40,
    "dma50" : 287.64,
    "dma100" : null,
    "dma200" : 306.90,
    "volume" : 88795.00
  }, {
    "date" : "2025-05-08",
    "price" : 283.45,
    "dma50" : 287.48,
    "dma100" : null,
    "dma200" : 306.66,
    "volume" : 83297.00
  }, {
    "date" : "2025-05-09",
    "price" : 280.10,
    "dma50" : 287.19,
    "dma100" : null,
    "dma200" : 306.40,
    "volume" : 82842.00
  }, {
    "date" : "2025-05-12",
    "price" : 304.35,
    "dma50" : 287.86,
    "dma100" : null,
    "dma200" : 306.38,
    "volume" : 172437.00
  }, {
    "date" : "2025-05-13",
    "price" : 311.30,
    "dma50" : 288.78,
    "dma100" : null,
    "dma200" : 306.43,
    "volume" : 112263.00
  }, {
    "date" : "2025-05-14",
    "price" : 330.05,
    "dma50" : 290.40,
    "dma100" : null,
    "dma200" : 306.66,
    "volume" : 821580.00
  }, {
    "date" : "2025-05-15",
    "price" : 343.05,
    "dma50" : 292.46,
    "dma100" : null,
    "dma200" : 307.02,
    "volume" : 478921.00
  }, {
    "date" : "2025-05-16",
    "price" : 338.20,
    "dma50" : 294.26,
    "dma100" : null,
    "dma200" : 307.34,
    "volume" : 326068.00
  }, {
    "date" : "2025-05-19",
    "price" : 311.85,
    "dma50" : 294.95,
    "dma100" : null,
    "dma200" : 307.38,
    "volume" : 603435.00
  }, {
    "date" : "2025-05-20",
    "price" : 312.00,
    "dma50" : 295.62,
    "dma100" : null,
    "dma200" : 307.43,
    "volume" : 175784.00
  }, {
    "date" : "2025-05-21",
    "price" : 299.25,
    "dma50" : 295.76,
    "dma100" : null,
    "dma200" : 307.34,
    "volume" : 224408.00
  }, {
    "date" : "2025-05-22",
    "price" : 305.05,
    "dma50" : 296.12,
    "dma100" : null,
    "dma200" : 307.32,
    "volume" : 128182.00
  }, {
    "date" : "2025-05-23",
    "price" : 317.15,
    "dma50" : 296.95,
    "dma100" : null,
    "dma200" : 307.42,
    "volume" : 371304.00
  }, {
    "date" : "2025-05-26",
    "price" : 317.25,
    "dma50" : 297.74,
    "dma100" : null,
    "dma200" : 307.52,
    "volume" : 121494.00
  }, {
    "date" : "2025-05-27",
    "price" : 314.15,
    "dma50" : 298.39,
    "dma100" : null,
    "dma200" : 307.58,
    "volume" : 75116.00
  }, {
    "date" : "2025-05-28",
    "price" : 304.60,
    "dma50" : 298.63,
    "dma100" : null,
    "dma200" : 307.55,
    "volume" : 98551.00
  }, {
    "date" : "2025-05-29",
    "price" : 307.40,
    "dma50" : 298.97,
    "dma100" : null,
    "dma200" : 307.55,
    "volume" : 34274.00
  }, {
    "date" : "2025-05-30",
    "price" : 305.20,
    "dma50" : 299.22,
    "dma100" : null,
    "dma200" : 307.53,
    "volume" : 59431.00
  }, {
    "date" : "2025-06-02",
    "price" : 312.95,
    "dma50" : 299.76,
    "dma100" : null,
    "dma200" : 307.58,
    "volume" : 116860.00
  }, {
    "date" : "2025-06-03",
    "price" : 312.05,
    "dma50" : 300.24,
    "dma100" : null,
    "dma200" : 307.63,
    "volume" : 112824.00
  }, {
    "date" : "2025-06-04",
    "price" : 307.10,
    "dma50" : 300.51,
    "dma100" : null,
    "dma200" : 307.62,
    "volume" : 49008.00
  }, {
    "date" : "2025-06-05",
    "price" : 307.45,
    "dma50" : 300.78,
    "dma100" : null,
    "dma200" : 307.62,
    "volume" : 67486.00
  }, {
    "date" : "2025-06-06",
    "price" : 309.45,
    "dma50" : 301.12,
    "dma100" : null,
    "dma200" : 307.64,
    "volume" : 108280.00
  }, {
    "date" : "2025-06-09",
    "price" : 303.80,
    "dma50" : 301.23,
    "dma100" : null,
    "dma200" : 307.60,
    "volume" : 151892.00
  }, {
    "date" : "2025-06-10",
    "price" : 303.85,
    "dma50" : 301.33,
    "dma100" : null,
    "dma200" : 307.56,
    "volume" : 69188.00
  }, {
    "date" : "2025-06-11",
    "price" : 305.70,
    "dma50" : 301.50,
    "dma100" : null,
    "dma200" : 307.54,
    "volume" : 234940.00
  }, {
    "date" : "2025-06-12",
    "price" : 306.40,
    "dma50" : 301.69,
    "dma100" : null,
    "dma200" : 307.53,
    "volume" : 361967.00
  }, {
    "date" : "2025-06-13",
    "price" : 310.85,
    "dma50" : 302.05,
    "dma100" : null,
    "dma200" : 307.57,
    "volume" : 245560.00
  }, {
    "date" : "2025-06-16",
    "price" : 306.65,
    "dma50" : 302.23,
    "dma100" : null,
    "dma200" : 307.56,
    "volume" : 111127.00
  }, {
    "date" : "2025-06-17",
    "price" : 307.85,
    "dma50" : 302.45,
    "dma100" : null,
    "dma200" : 307.56,
    "volume" : 85772.00
  }, {
    "date" : "2025-06-18",
    "price" : 295.35,
    "dma50" : 302.17,
    "dma100" : null,
    "dma200" : 307.44,
    "volume" : 144404.00
  }, {
    "date" : "2025-06-19",
    "price" : 292.05,
    "dma50" : 301.78,
    "dma100" : null,
    "dma200" : 307.29,
    "volume" : 96895.00
  }, {
    "date" : "2025-06-20",
    "price" : 294.55,
    "dma50" : 301.49,
    "dma100" : null,
    "dma200" : 307.16,
    "volume" : 65298.00
  }, {
    "date" : "2025-06-23",
    "price" : 292.05,
    "dma50" : 301.12,
    "dma100" : null,
    "dma200" : 307.01,
    "volume" : 51673.00
  }, {
    "date" : "2025-06-24",
    "price" : 293.75,
    "dma50" : 300.83,
    "dma100" : null,
    "dma200" : 306.88,
    "volume" : 173360.00
  }, {
    "date" : "2025-06-25",
    "price" : 300.75,
    "dma50" : 300.83,
    "dma100" : null,
    "dma200" : 306.82,
    "volume" : 74273.00
  }, {
    "date" : "2025-06-26",
    "price" : 304.10,
    "dma50" : 300.96,
    "dma100" : null,
    "dma200" : 306.79,
    "volume" : 82512.00
  }, {
    "date" : "2025-06-27",
    "price" : 294.95,
    "dma50" : 300.72,
    "dma100" : null,
    "dma200" : 306.67,
    "volume" : 102465.00
  }, {
    "date" : "2025-06-30",
    "price" : 297.00,
    "dma50" : 300.58,
    "dma100" : null,
    "dma200" : 306.57,
    "volume" : 142987.00
  }, {
    "date" : "2025-07-01",
    "price" : 293.45,
    "dma50" : 300.30,
    "dma100" : null,
    "dma200" : 306.44,
    "volume" : 45839.00
  }, {
    "date" : "2025-07-02",
    "price" : 291.05,
    "dma50" : 299.93,
    "dma100" : null,
    "dma200" : 306.29,
    "volume" : 68731.00
  }, {
    "date" : "2025-07-03",
    "price" : 287.50,
    "dma50" : 299.45,
    "dma100" : null,
    "dma200" : 306.10,
    "volume" : 69863.00
  }, {
    "date" : "2025-07-04",
    "price" : 289.95,
    "dma50" : 299.07,
    "dma100" : null,
    "dma200" : 305.94,
    "volume" : 31285.00
  }, {
    "date" : "2025-07-07",
    "price" : 284.60,
    "dma50" : 298.51,
    "dma100" : null,
    "dma200" : 305.73,
    "volume" : 61989.00
  }, {
    "date" : "2025-07-08",
    "price" : 285.50,
    "dma50" : 298.00,
    "dma100" : null,
    "dma200" : 305.53,
    "volume" : 51817.00
  }, {
    "date" : "2025-07-09",
    "price" : 285.60,
    "dma50" : 297.51,
    "dma100" : null,
    "dma200" : 305.33,
    "volume" : 56083.00
  }, {
    "date" : "2025-07-10",
    "price" : 289.65,
    "dma50" : 297.20,
    "dma100" : null,
    "dma200" : 305.17,
    "volume" : 41017.00
  }, {
    "date" : "2025-07-11",
    "price" : 294.30,
    "dma50" : 297.09,
    "dma100" : null,
    "dma200" : 305.07,
    "volume" : 60751.00
  }, {
    "date" : "2025-07-14",
    "price" : 289.95,
    "dma50" : 296.81,
    "dma100" : null,
    "dma200" : 304.92,
    "volume" : 53494.00
  }, {
    "date" : "2025-07-15",
    "price" : 289.80,
    "dma50" : 296.53,
    "dma100" : null,
    "dma200" : 304.77,
    "volume" : 44590.00
  }, {
    "date" : "2025-07-16",
    "price" : 292.70,
    "dma50" : 296.38,
    "dma100" : 287.00,
    "dma200" : 304.65,
    "volume" : 33013.00
  }, {
    "date" : "2025-07-17",
    "price" : 302.10,
    "dma50" : 296.61,
    "dma100" : 287.78,
    "dma200" : 304.62,
    "volume" : 353287.00
  }, {
    "date" : "2025-07-18",
    "price" : 303.35,
    "dma50" : 296.87,
    "dma100" : 288.43,
    "dma200" : 304.61,
    "volume" : 85160.00
  }, {
    "date" : "2025-07-21",
    "price" : 301.45,
    "dma50" : 297.05,
    "dma100" : 289.06,
    "dma200" : 304.58,
    "volume" : 50950.00
  }, {
    "date" : "2025-07-22",
    "price" : 296.25,
    "dma50" : 297.02,
    "dma100" : 289.73,
    "dma200" : 304.49,
    "volume" : 75546.00
  }, {
    "date" : "2025-07-23",
    "price" : 292.10,
    "dma50" : 296.83,
    "dma100" : 289.90,
    "dma200" : 304.37,
    "volume" : 63845.00
  }, {
    "date" : "2025-07-24",
    "price" : 287.90,
    "dma50" : 296.48,
    "dma100" : 290.07,
    "dma200" : 304.21,
    "volume" : 33756.00
  }, {
    "date" : "2025-07-25",
    "price" : 285.15,
    "dma50" : 296.03,
    "dma100" : 290.42,
    "dma200" : 304.02,
    "volume" : 73007.00
  }, {
    "date" : "2025-07-28",
    "price" : 305.05,
    "dma50" : 296.39,
    "dma100" : 290.98,
    "dma200" : 304.03,
    "volume" : 4111699.00
  }, {
    "date" : "2025-07-29",
    "price" : 330.05,
    "dma50" : 297.71,
    "dma100" : 291.89,
    "dma200" : 304.29,
    "volume" : 1381728.00
  }, {
    "date" : "2025-07-30",
    "price" : 321.95,
    "dma50" : 298.66,
    "dma100" : 292.61,
    "dma200" : 304.46,
    "volume" : 288228.00
  }, {
    "date" : "2025-07-31",
    "price" : 351.85,
    "dma50" : 300.74,
    "dma100" : 293.54,
    "dma200" : 304.93,
    "volume" : 1944413.00
  }, {
    "date" : "2025-08-01",
    "price" : 346.75,
    "dma50" : 302.55,
    "dma100" : 294.37,
    "dma200" : 305.35,
    "volume" : 1409753.00
  }, {
    "date" : "2025-08-04",
    "price" : 355.35,
    "dma50" : 304.62,
    "dma100" : 295.28,
    "dma200" : 305.85,
    "volume" : 636569.00
  }, {
    "date" : "2025-08-05",
    "price" : 347.50,
    "dma50" : 306.30,
    "dma100" : 296.16,
    "dma200" : 306.26,
    "volume" : 541144.00
  }, {
    "date" : "2025-08-06",
    "price" : 343.05,
    "dma50" : 307.74,
    "dma100" : 297.15,
    "dma200" : 306.63,
    "volume" : 202189.00
  }, {
    "date" : "2025-08-07",
    "price" : 338.65,
    "dma50" : 308.95,
    "dma100" : 298.11,
    "dma200" : 306.95,
    "volume" : 162916.00
  }, {
    "date" : "2025-08-08",
    "price" : 344.70,
    "dma50" : 310.36,
    "dma100" : 299.14,
    "dma200" : 307.32,
    "volume" : 309893.00
  }, {
    "date" : "2025-08-11",
    "price" : 343.75,
    "dma50" : 311.66,
    "dma100" : 300.40,
    "dma200" : 307.68,
    "volume" : 173124.00
  }, {
    "date" : "2025-08-12",
    "price" : 345.15,
    "dma50" : 312.98,
    "dma100" : 301.45,
    "dma200" : 308.06,
    "volume" : 190262.00
  }, {
    "date" : "2025-08-13",
    "price" : 346.85,
    "dma50" : 314.31,
    "dma100" : 302.04,
    "dma200" : 308.44,
    "volume" : 579635.00
  }, {
    "date" : "2025-08-14",
    "price" : 333.30,
    "dma50" : 315.05,
    "dma100" : 302.53,
    "dma200" : 308.69,
    "volume" : 162706.00
  }, {
    "date" : "2025-08-18",
    "price" : 344.30,
    "dma50" : 316.20,
    "dma100" : 303.14,
    "dma200" : 309.04,
    "volume" : 152606.00
  }, {
    "date" : "2025-08-19",
    "price" : 347.95,
    "dma50" : 317.44,
    "dma100" : 303.76,
    "dma200" : 309.43,
    "volume" : 145811.00
  }, {
    "date" : "2025-08-20",
    "price" : 347.05,
    "dma50" : 318.60,
    "dma100" : 304.52,
    "dma200" : 309.81,
    "volume" : 49215.00
  }, {
    "date" : "2025-08-21",
    "price" : 333.95,
    "dma50" : 319.21,
    "dma100" : 305.27,
    "dma200" : 310.05,
    "volume" : 317925.00
  }, {
    "date" : "2025-08-22",
    "price" : 338.95,
    "dma50" : 319.98,
    "dma100" : 306.15,
    "dma200" : 310.33,
    "volume" : 117933.00
  }, {
    "date" : "2025-08-25",
    "price" : 360.85,
    "dma50" : 321.58,
    "dma100" : 307.06,
    "dma200" : 310.84,
    "volume" : 504114.00
  }, {
    "date" : "2025-08-26",
    "price" : 367.90,
    "dma50" : 323.40,
    "dma100" : 307.92,
    "dma200" : 311.40,
    "volume" : 1077319.00
  }, {
    "date" : "2025-08-28",
    "price" : 360.70,
    "dma50" : 324.86,
    "dma100" : 308.65,
    "dma200" : 311.89,
    "volume" : 339484.00
  }, {
    "date" : "2025-08-29",
    "price" : 369.15,
    "dma50" : 326.60,
    "dma100" : 309.38,
    "dma200" : 312.46,
    "volume" : 341967.00
  }, {
    "date" : "2025-09-01",
    "price" : 356.95,
    "dma50" : 327.79,
    "dma100" : 310.17,
    "dma200" : 312.91,
    "volume" : 456621.00
  }, {
    "date" : "2025-09-02",
    "price" : 356.50,
    "dma50" : 328.92,
    "dma100" : 311.03,
    "dma200" : 313.34,
    "volume" : 155011.00
  }, {
    "date" : "2025-09-03",
    "price" : 381.90,
    "dma50" : 330.99,
    "dma100" : 312.07,
    "dma200" : 314.02,
    "volume" : 1806525.00
  }, {
    "date" : "2025-09-04",
    "price" : 373.30,
    "dma50" : 332.65,
    "dma100" : 313.08,
    "dma200" : 314.61,
    "volume" : 377256.00
  }, {
    "date" : "2025-09-05",
    "price" : 386.00,
    "dma50" : 334.74,
    "dma100" : 314.16,
    "dma200" : 315.32,
    "volume" : 928125.00
  }, {
    "date" : "2025-09-08",
    "price" : 356.90,
    "dma50" : 335.61,
    "dma100" : 314.88,
    "dma200" : 315.74,
    "volume" : 1995454.00
  }, {
    "date" : "2025-09-09",
    "price" : 373.50,
    "dma50" : 337.10,
    "dma100" : 315.63,
    "dma200" : 316.31,
    "volume" : 621939.00
  }, {
    "date" : "2025-09-10",
    "price" : 361.55,
    "dma50" : 338.06,
    "dma100" : 316.04,
    "dma200" : 316.76,
    "volume" : 334588.00
  }, {
    "date" : "2025-09-11",
    "price" : 351.25,
    "dma50" : 338.57,
    "dma100" : 316.40,
    "dma200" : 317.10,
    "volume" : 341935.00
  }, {
    "date" : "2025-09-12",
    "price" : 355.45,
    "dma50" : 339.24,
    "dma100" : 316.82,
    "dma200" : 317.49,
    "volume" : 329546.00
  }, {
    "date" : "2025-09-15",
    "price" : 353.00,
    "dma50" : 339.78,
    "dma100" : 317.22,
    "dma200" : 317.84,
    "volume" : 206497.00
  }, {
    "date" : "2025-09-16",
    "price" : 349.65,
    "dma50" : 340.16,
    "dma100" : 317.66,
    "dma200" : 318.16,
    "volume" : 198099.00
  }, {
    "date" : "2025-09-17",
    "price" : 346.25,
    "dma50" : 340.40,
    "dma100" : 318.20,
    "dma200" : 318.44,
    "volume" : 199459.00
  }, {
    "date" : "2025-09-18",
    "price" : 353.75,
    "dma50" : 340.93,
    "dma100" : 318.85,
    "dma200" : 318.79,
    "volume" : 206514.00
  }, {
    "date" : "2025-09-19",
    "price" : 347.90,
    "dma50" : 341.20,
    "dma100" : 319.51,
    "dma200" : 319.08,
    "volume" : 114942.00
  }, {
    "date" : "2025-09-22",
    "price" : 354.10,
    "dma50" : 341.71,
    "dma100" : 320.28,
    "dma200" : 319.43,
    "volume" : 220366.00
  }, {
    "date" : "2025-09-23",
    "price" : 347.75,
    "dma50" : 341.94,
    "dma100" : 321.02,
    "dma200" : 319.71,
    "volume" : 58306.00
  }, {
    "date" : "2025-09-24",
    "price" : 340.65,
    "dma50" : 341.89,
    "dma100" : 321.43,
    "dma200" : 319.92,
    "volume" : 137967.00
  }, {
    "date" : "2025-09-25",
    "price" : 347.90,
    "dma50" : 342.13,
    "dma100" : 321.98,
    "dma200" : 320.19,
    "volume" : 273077.00
  }, {
    "date" : "2025-09-26",
    "price" : 332.40,
    "dma50" : 341.75,
    "dma100" : 322.37,
    "dma200" : 320.32,
    "volume" : 242959.00
  }, {
    "date" : "2025-09-29",
    "price" : 334.15,
    "dma50" : 341.45,
    "dma100" : 322.88,
    "dma200" : 320.45,
    "volume" : 157984.00
  }, {
    "date" : "2025-09-30",
    "price" : 327.40,
    "dma50" : 340.90,
    "dma100" : 323.35,
    "dma200" : 320.52,
    "volume" : 88487.00
  }, {
    "date" : "2025-10-01",
    "price" : 335.60,
    "dma50" : 340.69,
    "dma100" : 323.66,
    "dma200" : 320.67,
    "volume" : 72133.00
  }, {
    "date" : "2025-10-03",
    "price" : 337.25,
    "dma50" : 340.55,
    "dma100" : 323.92,
    "dma200" : 320.84,
    "volume" : 73865.00
  }, {
    "date" : "2025-10-06",
    "price" : 331.05,
    "dma50" : 340.18,
    "dma100" : 323.93,
    "dma200" : 320.94,
    "volume" : 55286.00
  }, {
    "date" : "2025-10-07",
    "price" : 325.90,
    "dma50" : 339.62,
    "dma100" : 323.76,
    "dma200" : 320.99,
    "volume" : 72454.00
  }, {
    "date" : "2025-10-08",
    "price" : 331.35,
    "dma50" : 339.30,
    "dma100" : 323.69,
    "dma200" : 321.09,
    "volume" : 88452.00
  }, {
    "date" : "2025-10-09",
    "price" : 346.00,
    "dma50" : 339.56,
    "dma100" : 324.03,
    "dma200" : 321.34,
    "volume" : 517514.00
  }, {
    "date" : "2025-10-10",
    "price" : 341.25,
    "dma50" : 339.63,
    "dma100" : 324.32,
    "dma200" : 321.54,
    "volume" : 88074.00
  }, {
    "date" : "2025-10-13",
    "price" : 340.50,
    "dma50" : 339.66,
    "dma100" : 324.74,
    "dma200" : 321.73,
    "volume" : 39375.00
  }, {
    "date" : "2025-10-14",
    "price" : 342.00,
    "dma50" : 339.75,
    "dma100" : 325.11,
    "dma200" : 321.93,
    "volume" : 240034.00
  }, {
    "date" : "2025-10-15",
    "price" : 338.05,
    "dma50" : 339.69,
    "dma100" : 325.32,
    "dma200" : 322.09,
    "volume" : 65658.00
  }, {
    "date" : "2025-10-16",
    "price" : 342.35,
    "dma50" : 339.79,
    "dma100" : 325.57,
    "dma200" : 322.29,
    "volume" : 64469.00
  }, {
    "date" : "2025-10-17",
    "price" : 343.40,
    "dma50" : 339.93,
    "dma100" : 325.86,
    "dma200" : 322.50,
    "volume" : 85925.00
  }, {
    "date" : "2025-10-20",
    "price" : 339.40,
    "dma50" : 339.91,
    "dma100" : 326.21,
    "dma200" : 322.67,
    "volume" : 48843.00
  }, {
    "date" : "2025-10-21",
    "price" : 346.50,
    "dma50" : 340.17,
    "dma100" : 326.60,
    "dma200" : 322.91,
    "volume" : 146103.00
  }, {
    "date" : "2025-10-23",
    "price" : 355.20,
    "dma50" : 340.76,
    "dma100" : 327.10,
    "dma200" : 323.23,
    "volume" : 274840.00
  }, {
    "date" : "2025-10-24",
    "price" : 347.20,
    "dma50" : 341.01,
    "dma100" : 327.44,
    "dma200" : 323.47,
    "volume" : 63888.00
  }, {
    "date" : "2025-10-27",
    "price" : 341.45,
    "dma50" : 341.03,
    "dma100" : 327.73,
    "dma200" : 323.64,
    "volume" : 87932.00
  }, {
    "date" : "2025-10-28",
    "price" : 337.40,
    "dma50" : 340.89,
    "dma100" : 328.04,
    "dma200" : 323.78,
    "volume" : 45832.00
  }, {
    "date" : "2025-10-29",
    "price" : 333.85,
    "dma50" : 340.61,
    "dma100" : 328.30,
    "dma200" : 323.88,
    "volume" : 52212.00
  }, {
    "date" : "2025-10-30",
    "price" : 337.25,
    "dma50" : 340.48,
    "dma100" : 328.58,
    "dma200" : 324.01,
    "volume" : 59030.00
  }, {
    "date" : "2025-10-31",
    "price" : 334.35,
    "dma50" : 340.24,
    "dma100" : 328.88,
    "dma200" : 324.12,
    "volume" : 29023.00
  }, {
    "date" : "2025-11-03",
    "price" : 332.55,
    "dma50" : 339.94,
    "dma100" : 329.17,
    "dma200" : 324.20,
    "volume" : 48424.00
  }, {
    "date" : "2025-11-04",
    "price" : 343.60,
    "dma50" : 340.08,
    "dma100" : 329.55,
    "dma200" : 324.39,
    "volume" : 914866.00
  }, {
    "date" : "2025-11-06",
    "price" : 331.00,
    "dma50" : 339.72,
    "dma100" : 329.80,
    "dma200" : 324.46,
    "volume" : 176174.00
  }, {
    "date" : "2025-11-07",
    "price" : 331.75,
    "dma50" : 339.41,
    "dma100" : 330.01,
    "dma200" : 324.53,
    "volume" : 123114.00
  }, {
    "date" : "2025-11-10",
    "price" : 326.05,
    "dma50" : 338.89,
    "dma100" : 330.20,
    "dma200" : 324.55,
    "volume" : 48872.00
  }, {
    "date" : "2025-11-11",
    "price" : 328.40,
    "dma50" : 338.48,
    "dma100" : 330.41,
    "dma200" : 324.59,
    "volume" : 41167.00
  }, {
    "date" : "2025-11-12",
    "price" : 335.60,
    "dma50" : 338.36,
    "dma100" : 330.81,
    "dma200" : 324.70,
    "volume" : 80306.00
  }, {
    "date" : "2025-11-13",
    "price" : 328.05,
    "dma50" : 337.96,
    "dma100" : 331.17,
    "dma200" : 324.73,
    "volume" : 37083.00
  }, {
    "date" : "2025-11-14",
    "price" : 329.05,
    "dma50" : 337.61,
    "dma100" : 331.51,
    "dma200" : 324.77,
    "volume" : 69727.00
  }, {
    "date" : "2025-11-17",
    "price" : 321.05,
    "dma50" : 336.96,
    "dma100" : 331.80,
    "dma200" : 324.73,
    "volume" : 217790.00
  }, {
    "date" : "2025-11-18",
    "price" : 324.05,
    "dma50" : 336.45,
    "dma100" : 332.11,
    "dma200" : 324.73,
    "volume" : 64314.00
  }, {
    "date" : "2025-11-19",
    "price" : 314.75,
    "dma50" : 335.60,
    "dma100" : 332.25,
    "dma200" : 324.63,
    "volume" : 90012.00
  }, {
    "date" : "2025-11-20",
    "price" : 317.55,
    "dma50" : 334.89,
    "dma100" : 332.38,
    "dma200" : 324.56,
    "volume" : 160360.00
  }, {
    "date" : "2025-11-21",
    "price" : 305.20,
    "dma50" : 333.73,
    "dma100" : 332.48,
    "dma200" : 324.37,
    "volume" : 81586.00
  }, {
    "date" : "2025-11-24",
    "price" : 299.90,
    "dma50" : 332.40,
    "dma100" : 332.51,
    "dma200" : 324.12,
    "volume" : 81025.00
  }, {
    "date" : "2025-11-25",
    "price" : 300.95,
    "dma50" : 331.17,
    "dma100" : 332.59,
    "dma200" : 323.89,
    "volume" : 53981.00
  }, {
    "date" : "2025-11-26",
    "price" : 299.20,
    "dma50" : 329.92,
    "dma100" : 332.67,
    "dma200" : 323.65,
    "volume" : 116168.00
  }, {
    "date" : "2025-11-27",
    "price" : 296.60,
    "dma50" : 328.61,
    "dma100" : 332.76,
    "dma200" : 323.38,
    "volume" : 31833.00
  }, {
    "date" : "2025-11-28",
    "price" : 295.35,
    "dma50" : 327.31,
    "dma100" : 332.81,
    "dma200" : 323.10,
    "volume" : 80474.00
  }, {
    "date" : "2025-12-01",
    "price" : 294.75,
    "dma50" : 326.03,
    "dma100" : 332.91,
    "dma200" : 322.82,
    "volume" : 21263.00
  }, {
    "date" : "2025-12-02",
    "price" : 289.15,
    "dma50" : 324.58,
    "dma100" : 332.95,
    "dma200" : 322.48,
    "volume" : 42037.00
  }, {
    "date" : "2025-12-03",
    "price" : 288.75,
    "dma50" : 323.18,
    "dma100" : 332.98,
    "dma200" : 322.15,
    "volume" : 108717.00
  }, {
    "date" : "2025-12-04",
    "price" : 278.60,
    "dma50" : 321.43,
    "dma100" : 332.87,
    "dma200" : 321.71,
    "volume" : 111043.00
  }, {
    "date" : "2025-12-05",
    "price" : 283.30,
    "dma50" : 319.93,
    "dma100" : 332.76,
    "dma200" : 321.33,
    "volume" : 50203.00
  }, {
    "date" : "2025-12-08",
    "price" : 267.85,
    "dma50" : 317.89,
    "dma100" : 332.54,
    "dma200" : 320.80,
    "volume" : 47862.00
  }, {
    "date" : "2025-12-09",
    "price" : 274.00,
    "dma50" : 316.17,
    "dma100" : 332.38,
    "dma200" : 320.33,
    "volume" : 349606.00
  }, {
    "date" : "2025-12-10",
    "price" : 274.30,
    "dma50" : 314.53,
    "dma100" : 332.20,
    "dma200" : 319.87,
    "volume" : 62234.00
  }, {
    "date" : "2025-12-11",
    "price" : 281.85,
    "dma50" : 313.25,
    "dma100" : 332.00,
    "dma200" : 319.50,
    "volume" : 75872.00
  }, {
    "date" : "2025-12-12",
    "price" : 296.70,
    "dma50" : 312.60,
    "dma100" : 331.93,
    "dma200" : 319.27,
    "volume" : 144718.00
  }, {
    "date" : "2025-12-15",
    "price" : 294.00,
    "dma50" : 311.87,
    "dma100" : 331.86,
    "dma200" : 319.02,
    "volume" : 61135.00
  }, {
    "date" : "2025-12-16",
    "price" : 282.10,
    "dma50" : 310.70,
    "dma100" : 331.71,
    "dma200" : 318.65,
    "volume" : 35394.00
  }, {
    "date" : "2025-12-17",
    "price" : 281.65,
    "dma50" : 309.56,
    "dma100" : 331.61,
    "dma200" : 318.28,
    "volume" : 58817.00
  }, {
    "date" : "2025-12-18",
    "price" : 284.60,
    "dma50" : 308.58,
    "dma100" : 331.58,
    "dma200" : 317.95,
    "volume" : 27870.00
  }, {
    "date" : "2025-12-19",
    "price" : 292.25,
    "dma50" : 307.94,
    "dma100" : 331.65,
    "dma200" : 317.69,
    "volume" : 51697.00
  }, {
    "date" : "2025-12-22",
    "price" : 296.45,
    "dma50" : 307.49,
    "dma100" : 331.56,
    "dma200" : 317.48,
    "volume" : 44734.00
  }, {
    "date" : "2025-12-23",
    "price" : 290.40,
    "dma50" : 306.82,
    "dma100" : 331.17,
    "dma200" : 317.21,
    "volume" : 49688.00
  }, {
    "date" : "2025-12-24",
    "price" : 295.45,
    "dma50" : 306.38,
    "dma100" : 330.90,
    "dma200" : 316.99,
    "volume" : 67431.00
  }, {
    "date" : "2025-12-26",
    "price" : 290.25,
    "dma50" : 305.74,
    "dma100" : 330.28,
    "dma200" : 316.73,
    "volume" : 22927.00
  }, {
    "date" : "2025-12-29",
    "price" : 280.70,
    "dma50" : 304.76,
    "dma100" : 329.62,
    "dma200" : 316.37,
    "volume" : 58088.00
  }, {
    "date" : "2025-12-30",
    "price" : 277.85,
    "dma50" : 303.71,
    "dma100" : 328.85,
    "dma200" : 315.99,
    "volume" : 26657.00
  }, {
    "date" : "2025-12-31",
    "price" : 283.30,
    "dma50" : 302.91,
    "dma100" : 328.21,
    "dma200" : 315.66,
    "volume" : 15919.00
  }, {
    "date" : "2026-01-01",
    "price" : 283.35,
    "dma50" : 302.14,
    "dma100" : 327.61,
    "dma200" : 315.34,
    "volume" : 12999.00
  }, {
    "date" : "2026-01-02",
    "price" : 288.10,
    "dma50" : 301.59,
    "dma100" : 327.10,
    "dma200" : 315.07,
    "volume" : 23346.00
  }, {
    "date" : "2026-01-05",
    "price" : 285.25,
    "dma50" : 300.95,
    "dma100" : 326.51,
    "dma200" : 314.77,
    "volume" : 21296.00
  }, {
    "date" : "2026-01-06",
    "price" : 281.60,
    "dma50" : 300.19,
    "dma100" : 325.89,
    "dma200" : 314.44,
    "volume" : 26130.00
  }, {
    "date" : "2026-01-07",
    "price" : 274.80,
    "dma50" : 299.19,
    "dma100" : 325.18,
    "dma200" : 314.05,
    "volume" : 31070.00
  }, {
    "date" : "2026-01-08",
    "price" : 258.05,
    "dma50" : 297.58,
    "dma100" : 324.30,
    "dma200" : 313.49,
    "volume" : 102731.00
  }, {
    "date" : "2026-01-09",
    "price" : 266.90,
    "dma50" : 296.38,
    "dma100" : 323.63,
    "dma200" : 313.03,
    "volume" : 2105985.00
  }, {
    "date" : "2026-01-12",
    "price" : 263.30,
    "dma50" : 295.08,
    "dma100" : 322.82,
    "dma200" : 312.53,
    "volume" : 93711.00
  }, {
    "date" : "2026-01-13",
    "price" : 257.90,
    "dma50" : 293.62,
    "dma100" : 321.92,
    "dma200" : 311.99,
    "volume" : 65481.00
  }, {
    "date" : "2026-01-14",
    "price" : 257.10,
    "dma50" : 292.19,
    "dma100" : 321.02,
    "dma200" : 311.44,
    "volume" : 41762.00
  }, {
    "date" : "2026-01-16",
    "price" : 254.15,
    "dma50" : 290.70,
    "dma100" : 320.22,
    "dma200" : 310.87,
    "volume" : 63667.00
  }, {
    "date" : "2026-01-19",
    "price" : 259.10,
    "dma50" : 289.46,
    "dma100" : 319.43,
    "dma200" : 310.36,
    "volume" : 161420.00
  }, {
    "date" : "2026-01-20",
    "price" : 249.80,
    "dma50" : 287.90,
    "dma100" : 318.32,
    "dma200" : 309.75,
    "volume" : 56521.00
  }, {
    "date" : "2026-01-21",
    "price" : 238.25,
    "dma50" : 285.96,
    "dma100" : 317.02,
    "dma200" : 309.04,
    "volume" : 200442.00
  }, {
    "date" : "2026-01-22",
    "price" : 252.50,
    "dma50" : 284.64,
    "dma100" : 315.94,
    "dma200" : 308.48,
    "volume" : 160781.00
  }, {
    "date" : "2026-01-23",
    "price" : 240.95,
    "dma50" : 282.93,
    "dma100" : 314.66,
    "dma200" : 307.81,
    "volume" : 119275.00
  }, {
    "date" : "2026-01-27",
    "price" : 233.95,
    "dma50" : 281.01,
    "dma100" : 313.43,
    "dma200" : 307.07,
    "volume" : 161203.00
  }, {
    "date" : "2026-01-28",
    "price" : 257.10,
    "dma50" : 280.07,
    "dma100" : 312.43,
    "dma200" : 306.58,
    "volume" : 365690.00
  }, {
    "date" : "2026-01-29",
    "price" : 256.55,
    "dma50" : 279.15,
    "dma100" : 311.18,
    "dma200" : 306.08,
    "volume" : 102463.00
  }, {
    "date" : "2026-01-30",
    "price" : 256.20,
    "dma50" : 278.25,
    "dma100" : 310.01,
    "dma200" : 305.58,
    "volume" : 89516.00
  }, {
    "date" : "2026-02-01",
    "price" : 248.85,
    "dma50" : 277.10,
    "dma100" : 308.64,
    "dma200" : 305.02,
    "volume" : 36979.00
  }, {
    "date" : "2026-02-02",
    "price" : 251.95,
    "dma50" : 276.11,
    "dma100" : 307.59,
    "dma200" : 304.49,
    "volume" : 59929.00
  }, {
    "date" : "2026-02-03",
    "price" : 251.95,
    "dma50" : 275.16,
    "dma100" : 306.37,
    "dma200" : 303.97,
    "volume" : 98953.00
  }, {
    "date" : "2026-02-04",
    "price" : 259.95,
    "dma50" : 274.57,
    "dma100" : 305.35,
    "dma200" : 303.53,
    "volume" : 143835.00
  }, {
    "date" : "2026-02-05",
    "price" : 253.70,
    "dma50" : 273.75,
    "dma100" : 304.38,
    "dma200" : 303.03,
    "volume" : 63268.00
  }, {
    "date" : "2026-02-06",
    "price" : 255.50,
    "dma50" : 273.03,
    "dma100" : 303.38,
    "dma200" : 302.56,
    "volume" : 44049.00
  }, {
    "date" : "2026-02-09",
    "price" : 262.10,
    "dma50" : 272.60,
    "dma100" : 302.47,
    "dma200" : 302.16,
    "volume" : 168774.00
  }, {
    "date" : "2026-02-10",
    "price" : 276.55,
    "dma50" : 272.76,
    "dma100" : 301.74,
    "dma200" : 301.90,
    "volume" : 496243.00
  }, {
    "date" : "2026-02-11",
    "price" : 285.05,
    "dma50" : 273.24,
    "dma100" : 301.13,
    "dma200" : 301.73,
    "volume" : 164884.00
  }, {
    "date" : "2026-02-12",
    "price" : 282.70,
    "dma50" : 273.61,
    "dma100" : 300.42,
    "dma200" : 301.54,
    "volume" : 108355.00
  }, {
    "date" : "2026-02-13",
    "price" : 281.30,
    "dma50" : 273.91,
    "dma100" : 299.75,
    "dma200" : 301.34,
    "volume" : 54651.00
  } ],
  "latestTechnicalAttributes" : {
    "date" : "2026-02-13",
    "price" : 281.30,
    "dma50" : 273.91,
    "dma100" : 299.75,
    "dma200" : 301.34,
    "volume" : 54651.00
  },
  "quarterlyResults" : [ {
    "date" : "2005-03-31",
    "sales" : 4.11,
    "salesGrowthYoY" : null,
    "grossProfitMargin" : 100.49,
    "grossProfit" : 4.13,
    "operatingProfitMargin" : 14.60,
    "operatingProfit" : 0.60,
    "netProfitMargin" : 13.38,
    "netProfit" : 0.55
  }, {
    "date" : "2005-06-30",
    "sales" : 2.97,
    "salesGrowthYoY" : null,
    "grossProfitMargin" : 97.98,
    "grossProfit" : 2.91,
    "operatingProfitMargin" : 11.78,
    "operatingProfit" : 0.35,
    "netProfitMargin" : 3.03,
    "netProfit" : 0.09
  }, {
    "date" : "2005-09-30",
    "sales" : 0.32,
    "salesGrowthYoY" : null,
    "grossProfitMargin" : 100.00,
    "grossProfit" : 0.32,
    "operatingProfitMargin" : -84.38,
    "operatingProfit" : -0.27,
    "netProfitMargin" : -93.75,
    "netProfit" : -0.30
  }, {
    "date" : "2005-12-31",
    "sales" : 1.44,
    "salesGrowthYoY" : null,
    "grossProfitMargin" : 98.61,
    "grossProfit" : 1.42,
    "operatingProfitMargin" : 17.36,
    "operatingProfit" : 0.25,
    "netProfitMargin" : 2.78,
    "netProfit" : 0.04
  }, {
    "date" : "2006-03-31",
    "sales" : 5.77,
    "salesGrowthYoY" : 40.39,
    "grossProfitMargin" : 98.27,
    "grossProfit" : 5.67,
    "operatingProfitMargin" : 14.90,
    "operatingProfit" : 0.86,
    "netProfitMargin" : 6.24,
    "netProfit" : 0.36
  }, {
    "date" : "2006-06-30",
    "sales" : 5.14,
    "salesGrowthYoY" : 73.06,
    "grossProfitMargin" : 99.81,
    "grossProfit" : 5.13,
    "operatingProfitMargin" : 13.04,
    "operatingProfit" : 0.67,
    "netProfitMargin" : 12.06,
    "netProfit" : 0.62
  }, {
    "date" : "2006-09-30",
    "sales" : 0.07,
    "salesGrowthYoY" : -78.12,
    "grossProfitMargin" : 28.57,
    "grossProfit" : 0.02,
    "operatingProfitMargin" : -314.29,
    "operatingProfit" : -0.22,
    "netProfitMargin" : -314.29,
    "netProfit" : -0.22
  }, {
    "date" : "2006-12-31",
    "sales" : 2.56,
    "salesGrowthYoY" : 77.78,
    "grossProfitMargin" : 33.98,
    "grossProfit" : 0.87,
    "operatingProfitMargin" : 18.75,
    "operatingProfit" : 0.48,
    "netProfitMargin" : 5.86,
    "netProfit" : 0.15
  }, {
    "date" : "2007-03-31",
    "sales" : 19.74,
    "salesGrowthYoY" : 242.11,
    "grossProfitMargin" : 44.78,
    "grossProfit" : 8.84,
    "operatingProfitMargin" : 40.17,
    "operatingProfit" : 7.93,
    "netProfitMargin" : 23.96,
    "netProfit" : 4.73
  }, {
    "date" : "2007-06-30",
    "sales" : 14.57,
    "salesGrowthYoY" : 183.46,
    "grossProfitMargin" : 40.63,
    "grossProfit" : 5.92,
    "operatingProfitMargin" : 37.13,
    "operatingProfit" : 5.41,
    "netProfitMargin" : 23.40,
    "netProfit" : 3.41
  }, {
    "date" : "2007-09-30",
    "sales" : 0.40,
    "salesGrowthYoY" : 471.43,
    "grossProfitMargin" : 330.00,
    "grossProfit" : 1.32,
    "operatingProfitMargin" : 135.00,
    "operatingProfit" : 0.54,
    "netProfitMargin" : 55.00,
    "netProfit" : 0.22
  }, {
    "date" : "2007-12-31",
    "sales" : 4.11,
    "salesGrowthYoY" : 60.55,
    "grossProfitMargin" : 53.77,
    "grossProfit" : 2.21,
    "operatingProfitMargin" : 22.63,
    "operatingProfit" : 0.93,
    "netProfitMargin" : 18.98,
    "netProfit" : 0.78
  }, {
    "date" : "2008-03-31",
    "sales" : 15.69,
    "salesGrowthYoY" : -20.52,
    "grossProfitMargin" : 38.37,
    "grossProfit" : 6.02,
    "operatingProfitMargin" : 29.83,
    "operatingProfit" : 4.68,
    "netProfitMargin" : 19.57,
    "netProfit" : 3.07
  }, {
    "date" : "2008-06-30",
    "sales" : 11.32,
    "salesGrowthYoY" : -22.31,
    "grossProfitMargin" : 45.58,
    "grossProfit" : 5.16,
    "operatingProfitMargin" : 33.57,
    "operatingProfit" : 3.80,
    "netProfitMargin" : 22.44,
    "netProfit" : 2.54
  }, {
    "date" : "2008-09-30",
    "sales" : 3.37,
    "salesGrowthYoY" : 742.50,
    "grossProfitMargin" : 54.01,
    "grossProfit" : 1.82,
    "operatingProfitMargin" : 16.91,
    "operatingProfit" : 0.57,
    "netProfitMargin" : 2.08,
    "netProfit" : 0.07
  }, {
    "date" : "2008-12-31",
    "sales" : 21.67,
    "salesGrowthYoY" : 427.25,
    "grossProfitMargin" : 21.00,
    "grossProfit" : 4.55,
    "operatingProfitMargin" : 15.74,
    "operatingProfit" : 3.41,
    "netProfitMargin" : 11.31,
    "netProfit" : 2.45
  }, {
    "date" : "2009-03-31",
    "sales" : 21.38,
    "salesGrowthYoY" : 36.27,
    "grossProfitMargin" : 25.68,
    "grossProfit" : 5.49,
    "operatingProfitMargin" : 17.59,
    "operatingProfit" : 3.76,
    "netProfitMargin" : 9.64,
    "netProfit" : 2.06
  }, {
    "date" : "2009-06-30",
    "sales" : 15.29,
    "salesGrowthYoY" : 35.07,
    "grossProfitMargin" : 45.98,
    "grossProfit" : 7.03,
    "operatingProfitMargin" : 26.29,
    "operatingProfit" : 4.02,
    "netProfitMargin" : 6.61,
    "netProfit" : 1.01
  }, {
    "date" : "2009-09-30",
    "sales" : 0.00,
    "salesGrowthYoY" : -100.00,
    "grossProfitMargin" : 0.00,
    "grossProfit" : 0.00,
    "operatingProfitMargin" : 0.00,
    "operatingProfit" : 0.00,
    "netProfitMargin" : 0.00,
    "netProfit" : 0.00
  }, {
    "date" : "2009-12-31",
    "sales" : 6.20,
    "salesGrowthYoY" : -71.39,
    "grossProfitMargin" : 63.23,
    "grossProfit" : 3.92,
    "operatingProfitMargin" : 22.26,
    "operatingProfit" : 1.38,
    "netProfitMargin" : 6.61,
    "netProfit" : 0.41
  }, {
    "date" : "2010-03-31",
    "sales" : 12.36,
    "salesGrowthYoY" : -42.19,
    "grossProfitMargin" : 58.01,
    "grossProfit" : 7.17,
    "operatingProfitMargin" : 18.53,
    "operatingProfit" : 2.29,
    "netProfitMargin" : -0.49,
    "netProfit" : -0.06
  }, {
    "date" : "2010-06-30",
    "sales" : 19.91,
    "salesGrowthYoY" : 30.22,
    "grossProfitMargin" : 56.10,
    "grossProfit" : 11.17,
    "operatingProfitMargin" : 28.63,
    "operatingProfit" : 5.70,
    "netProfitMargin" : 12.66,
    "netProfit" : 2.52
  }, {
    "date" : "2010-09-30",
    "sales" : 2.00,
    "salesGrowthYoY" : 100.00,
    "grossProfitMargin" : 7.00,
    "grossProfit" : 0.14,
    "operatingProfitMargin" : -224.00,
    "operatingProfit" : -4.48,
    "netProfitMargin" : -200.50,
    "netProfit" : -4.01
  }, {
    "date" : "2010-12-31",
    "sales" : 13.44,
    "salesGrowthYoY" : 116.77,
    "grossProfitMargin" : 53.50,
    "grossProfit" : 7.19,
    "operatingProfitMargin" : 4.69,
    "operatingProfit" : 0.63,
    "netProfitMargin" : -9.82,
    "netProfit" : -1.32
  }, {
    "date" : "2011-03-31",
    "sales" : 28.78,
    "salesGrowthYoY" : 132.85,
    "grossProfitMargin" : 43.50,
    "grossProfit" : 12.52,
    "operatingProfitMargin" : 17.34,
    "operatingProfit" : 4.99,
    "netProfitMargin" : 5.14,
    "netProfit" : 1.48
  }, {
    "date" : "2011-06-30",
    "sales" : 15.68,
    "salesGrowthYoY" : -21.25,
    "grossProfitMargin" : 52.68,
    "grossProfit" : 8.26,
    "operatingProfitMargin" : 14.41,
    "operatingProfit" : 2.26,
    "netProfitMargin" : 2.49,
    "netProfit" : 0.39
  }, {
    "date" : "2011-09-30",
    "sales" : 3.84,
    "salesGrowthYoY" : 92.00,
    "grossProfitMargin" : 10.94,
    "grossProfit" : 0.42,
    "operatingProfitMargin" : -86.98,
    "operatingProfit" : -3.34,
    "netProfitMargin" : -81.25,
    "netProfit" : -3.12
  }, {
    "date" : "2011-12-31",
    "sales" : 2.77,
    "salesGrowthYoY" : -79.39,
    "grossProfitMargin" : 16.25,
    "grossProfit" : 0.45,
    "operatingProfitMargin" : -177.98,
    "operatingProfit" : -4.93,
    "netProfitMargin" : -170.04,
    "netProfit" : -4.71
  }, {
    "date" : "2012-03-31",
    "sales" : 19.15,
    "salesGrowthYoY" : -33.46,
    "grossProfitMargin" : 39.27,
    "grossProfit" : 7.52,
    "operatingProfitMargin" : -0.16,
    "operatingProfit" : -0.03,
    "netProfitMargin" : -4.54,
    "netProfit" : -0.87
  }, {
    "date" : "2012-06-30",
    "sales" : 13.45,
    "salesGrowthYoY" : -14.22,
    "grossProfitMargin" : 36.28,
    "grossProfit" : 4.88,
    "operatingProfitMargin" : -9.00,
    "operatingProfit" : -1.21,
    "netProfitMargin" : -11.00,
    "netProfit" : -1.48
  }, {
    "date" : "2012-09-30",
    "sales" : 3.30,
    "salesGrowthYoY" : -14.06,
    "grossProfitMargin" : 35.45,
    "grossProfit" : 1.17,
    "operatingProfitMargin" : -147.58,
    "operatingProfit" : -4.87,
    "netProfitMargin" : -191.82,
    "netProfit" : -6.33
  }, {
    "date" : "2012-12-31",
    "sales" : 10.71,
    "salesGrowthYoY" : 286.64,
    "grossProfitMargin" : 63.40,
    "grossProfit" : 6.79,
    "operatingProfitMargin" : -0.28,
    "operatingProfit" : -0.03,
    "netProfitMargin" : -20.35,
    "netProfit" : -2.18
  }, {
    "date" : "2013-03-31",
    "sales" : 20.33,
    "salesGrowthYoY" : 6.16,
    "grossProfitMargin" : 49.43,
    "grossProfit" : 10.05,
    "operatingProfitMargin" : 16.33,
    "operatingProfit" : 3.32,
    "netProfitMargin" : 9.89,
    "netProfit" : 2.01
  }, {
    "date" : "2013-06-30",
    "sales" : 9.64,
    "salesGrowthYoY" : -28.33,
    "grossProfitMargin" : -6.85,
    "grossProfit" : -0.66,
    "operatingProfitMargin" : -62.03,
    "operatingProfit" : -5.98,
    "netProfitMargin" : -61.72,
    "netProfit" : -5.95
  }, {
    "date" : "2013-09-30",
    "sales" : 0.75,
    "salesGrowthYoY" : -77.27,
    "grossProfitMargin" : -93.33,
    "grossProfit" : -0.70,
    "operatingProfitMargin" : -529.33,
    "operatingProfit" : -3.97,
    "netProfitMargin" : -496.00,
    "netProfit" : -3.72
  }, {
    "date" : "2013-12-31",
    "sales" : 2.03,
    "salesGrowthYoY" : -81.05,
    "grossProfitMargin" : -16.75,
    "grossProfit" : -0.34,
    "operatingProfitMargin" : -216.26,
    "operatingProfit" : -4.39,
    "netProfitMargin" : -375.37,
    "netProfit" : -7.62
  }, {
    "date" : "2014-03-31",
    "sales" : 5.58,
    "salesGrowthYoY" : -72.55,
    "grossProfitMargin" : 1.61,
    "grossProfit" : 0.09,
    "operatingProfitMargin" : -90.32,
    "operatingProfit" : -5.04,
    "netProfitMargin" : -124.19,
    "netProfit" : -6.93
  }, {
    "date" : "2014-06-30",
    "sales" : 1.26,
    "salesGrowthYoY" : -86.93,
    "grossProfitMargin" : -3.97,
    "grossProfit" : -0.05,
    "operatingProfitMargin" : -250.79,
    "operatingProfit" : -3.16,
    "netProfitMargin" : -401.59,
    "netProfit" : -5.06
  }, {
    "date" : "2014-09-30",
    "sales" : 0.11,
    "salesGrowthYoY" : -85.33,
    "grossProfitMargin" : 100.00,
    "grossProfit" : 0.11,
    "operatingProfitMargin" : -2581.82,
    "operatingProfit" : -2.84,
    "netProfitMargin" : -2990.91,
    "netProfit" : -3.29
  }, {
    "date" : "2014-12-31",
    "sales" : 0.00,
    "salesGrowthYoY" : -100.00,
    "grossProfitMargin" : 0.00,
    "grossProfit" : 0.00,
    "operatingProfitMargin" : 0.00,
    "operatingProfit" : 0.00,
    "netProfitMargin" : 0.00,
    "netProfit" : 0.00
  }, {
    "date" : "2015-03-31",
    "sales" : 0.00,
    "salesGrowthYoY" : -100.00,
    "grossProfitMargin" : 0.00,
    "grossProfit" : 0.00,
    "operatingProfitMargin" : 0.00,
    "operatingProfit" : 0.00,
    "netProfitMargin" : 0.00,
    "netProfit" : 0.00
  }, {
    "date" : "2015-06-30",
    "sales" : 0.00,
    "salesGrowthYoY" : -100.00,
    "grossProfitMargin" : 0.00,
    "grossProfit" : 0.00,
    "operatingProfitMargin" : 0.00,
    "operatingProfit" : 0.00,
    "netProfitMargin" : 0.00,
    "netProfit" : 0.00
  }, {
    "date" : "2015-09-30",
    "sales" : 0.00,
    "salesGrowthYoY" : -100.00,
    "grossProfitMargin" : 0.00,
    "grossProfit" : 0.00,
    "operatingProfitMargin" : 0.00,
    "operatingProfit" : 0.00,
    "netProfitMargin" : 0.00,
    "netProfit" : 0.00
  }, {
    "date" : "2015-12-31",
    "sales" : 3.47,
    "salesGrowthYoY" : 100.00,
    "grossProfitMargin" : 100.00,
    "grossProfit" : 3.47,
    "operatingProfitMargin" : -233.14,
    "operatingProfit" : -8.09,
    "netProfitMargin" : -297.12,
    "netProfit" : -10.31
  }, {
    "date" : "2016-03-31",
    "sales" : 5.89,
    "salesGrowthYoY" : 100.00,
    "grossProfitMargin" : 100.00,
    "grossProfit" : 5.89,
    "operatingProfitMargin" : -137.35,
    "operatingProfit" : -8.09,
    "netProfitMargin" : -166.55,
    "netProfit" : -9.81
  }, {
    "date" : "2016-06-30",
    "sales" : 9.27,
    "salesGrowthYoY" : 100.00,
    "grossProfitMargin" : 100.00,
    "grossProfit" : 9.27,
    "operatingProfitMargin" : -3.56,
    "operatingProfit" : -0.33,
    "netProfitMargin" : -21.90,
    "netProfit" : -2.03
  }, {
    "date" : "2016-09-30",
    "sales" : 3.09,
    "salesGrowthYoY" : 100.00,
    "grossProfitMargin" : 100.00,
    "grossProfit" : 3.09,
    "operatingProfitMargin" : -95.79,
    "operatingProfit" : -2.96,
    "netProfitMargin" : -158.58,
    "netProfit" : -4.90
  }, {
    "date" : "2016-12-31",
    "sales" : 1.28,
    "salesGrowthYoY" : -63.11,
    "grossProfitMargin" : 100.00,
    "grossProfit" : 1.28,
    "operatingProfitMargin" : -211.72,
    "operatingProfit" : -2.71,
    "netProfitMargin" : -358.59,
    "netProfit" : -4.59
  }, {
    "date" : "2017-03-31",
    "sales" : 29.78,
    "salesGrowthYoY" : 405.60,
    "grossProfitMargin" : 100.00,
    "grossProfit" : 29.78,
    "operatingProfitMargin" : 20.32,
    "operatingProfit" : 6.05,
    "netProfitMargin" : 18.37,
    "netProfit" : 5.47
  }, {
    "date" : "2017-06-30",
    "sales" : 19.31,
    "salesGrowthYoY" : 108.31,
    "grossProfitMargin" : 100.00,
    "grossProfit" : 19.31,
    "operatingProfitMargin" : 10.98,
    "operatingProfit" : 2.12,
    "netProfitMargin" : 5.28,
    "netProfit" : 1.02
  }, {
    "date" : "2017-09-30",
    "sales" : 0.35,
    "salesGrowthYoY" : -88.67,
    "grossProfitMargin" : 100.00,
    "grossProfit" : 0.35,
    "operatingProfitMargin" : -1605.71,
    "operatingProfit" : -5.62,
    "netProfitMargin" : -1917.14,
    "netProfit" : -6.71
  }, {
    "date" : "2017-12-31",
    "sales" : 24.15,
    "salesGrowthYoY" : 1786.72,
    "grossProfitMargin" : 100.00,
    "grossProfit" : 24.15,
    "operatingProfitMargin" : 10.39,
    "operatingProfit" : 2.51,
    "netProfitMargin" : 2.44,
    "netProfit" : 0.59
  }, {
    "date" : "2018-03-31",
    "sales" : 51.85,
    "salesGrowthYoY" : 74.11,
    "grossProfitMargin" : 100.00,
    "grossProfit" : 51.85,
    "operatingProfitMargin" : -6.23,
    "operatingProfit" : -3.23,
    "netProfitMargin" : -11.05,
    "netProfit" : -5.73
  }, {
    "date" : "2018-06-30",
    "sales" : 44.11,
    "salesGrowthYoY" : 128.43,
    "grossProfitMargin" : 100.00,
    "grossProfit" : 44.11,
    "operatingProfitMargin" : -7.57,
    "operatingProfit" : -3.34,
    "netProfitMargin" : -9.45,
    "netProfit" : -4.17
  }, {
    "date" : "2018-09-30",
    "sales" : 31.45,
    "salesGrowthYoY" : 8885.71,
    "grossProfitMargin" : 100.00,
    "grossProfit" : 31.45,
    "operatingProfitMargin" : 10.59,
    "operatingProfit" : 3.33,
    "netProfitMargin" : 1.97,
    "netProfit" : 0.62
  }, {
    "date" : "2018-12-31",
    "sales" : 42.76,
    "salesGrowthYoY" : 77.06,
    "grossProfitMargin" : 100.00,
    "grossProfit" : 42.76,
    "operatingProfitMargin" : 16.18,
    "operatingProfit" : 6.92,
    "netProfitMargin" : 10.36,
    "netProfit" : 4.43
  }, {
    "date" : "2019-03-31",
    "sales" : 38.50,
    "salesGrowthYoY" : -25.75,
    "grossProfitMargin" : 100.00,
    "grossProfit" : 38.50,
    "operatingProfitMargin" : 9.14,
    "operatingProfit" : 3.52,
    "netProfitMargin" : 5.06,
    "netProfit" : 1.95
  }, {
    "date" : "2019-06-30",
    "sales" : 12.00,
    "salesGrowthYoY" : -72.80,
    "grossProfitMargin" : 100.00,
    "grossProfit" : 12.00,
    "operatingProfitMargin" : 5.75,
    "operatingProfit" : 0.69,
    "netProfitMargin" : -27.25,
    "netProfit" : -3.27
  }, {
    "date" : "2019-09-30",
    "sales" : 6.33,
    "salesGrowthYoY" : -79.87,
    "grossProfitMargin" : 100.00,
    "grossProfit" : 6.33,
    "operatingProfitMargin" : -21.96,
    "operatingProfit" : -1.39,
    "netProfitMargin" : -68.88,
    "netProfit" : -4.36
  }, {
    "date" : "2019-12-31",
    "sales" : 18.74,
    "salesGrowthYoY" : -56.17,
    "grossProfitMargin" : 100.00,
    "grossProfit" : 18.74,
    "operatingProfitMargin" : 34.58,
    "operatingProfit" : 6.48,
    "netProfitMargin" : 23.64,
    "netProfit" : 4.43
  }, {
    "date" : "2020-03-31",
    "sales" : 27.34,
    "salesGrowthYoY" : -28.99,
    "grossProfitMargin" : 100.00,
    "grossProfit" : 27.34,
    "operatingProfitMargin" : 41.81,
    "operatingProfit" : 11.43,
    "netProfitMargin" : 56.29,
    "netProfit" : 15.39
  }, {
    "date" : "2020-06-30",
    "sales" : 9.41,
    "salesGrowthYoY" : -21.58,
    "grossProfitMargin" : 100.00,
    "grossProfit" : 9.41,
    "operatingProfitMargin" : 7.86,
    "operatingProfit" : 0.74,
    "netProfitMargin" : 62.70,
    "netProfit" : 5.90
  }, {
    "date" : "2020-09-30",
    "sales" : 13.59,
    "salesGrowthYoY" : 114.69,
    "grossProfitMargin" : 100.00,
    "grossProfit" : 13.59,
    "operatingProfitMargin" : 21.71,
    "operatingProfit" : 2.95,
    "netProfitMargin" : 14.20,
    "netProfit" : 1.93
  }, {
    "date" : "2020-12-31",
    "sales" : 31.60,
    "salesGrowthYoY" : 68.62,
    "grossProfitMargin" : 100.00,
    "grossProfit" : 31.60,
    "operatingProfitMargin" : 5.32,
    "operatingProfit" : 1.68,
    "netProfitMargin" : -3.07,
    "netProfit" : -0.97
  }, {
    "date" : "2021-03-31",
    "sales" : 85.95,
    "salesGrowthYoY" : 214.37,
    "grossProfitMargin" : 100.00,
    "grossProfit" : 85.95,
    "operatingProfitMargin" : 31.48,
    "operatingProfit" : 27.06,
    "netProfitMargin" : 27.52,
    "netProfit" : 23.65
  }, {
    "date" : "2021-06-30",
    "sales" : 76.96,
    "salesGrowthYoY" : 717.85,
    "grossProfitMargin" : 100.00,
    "grossProfit" : 76.96,
    "operatingProfitMargin" : 35.02,
    "operatingProfit" : 26.95,
    "netProfitMargin" : 32.89,
    "netProfit" : 25.31
  }, {
    "date" : "2021-09-30",
    "sales" : 51.63,
    "salesGrowthYoY" : 279.91,
    "grossProfitMargin" : 100.00,
    "grossProfit" : 51.63,
    "operatingProfitMargin" : 27.64,
    "operatingProfit" : 14.27,
    "netProfitMargin" : 39.92,
    "netProfit" : 20.61
  }, {
    "date" : "2021-12-31",
    "sales" : 63.67,
    "salesGrowthYoY" : 101.49,
    "grossProfitMargin" : 100.00,
    "grossProfit" : 63.67,
    "operatingProfitMargin" : 16.05,
    "operatingProfit" : 10.22,
    "netProfitMargin" : 7.90,
    "netProfit" : 5.03
  }, {
    "date" : "2022-03-31",
    "sales" : 61.88,
    "salesGrowthYoY" : -28.00,
    "grossProfitMargin" : 100.00,
    "grossProfit" : 61.88,
    "operatingProfitMargin" : 27.83,
    "operatingProfit" : 17.22,
    "netProfitMargin" : 19.12,
    "netProfit" : 11.83
  }, {
    "date" : "2022-06-30",
    "sales" : 27.44,
    "salesGrowthYoY" : -64.35,
    "grossProfitMargin" : 100.00,
    "grossProfit" : 27.44,
    "operatingProfitMargin" : -10.86,
    "operatingProfit" : -2.98,
    "netProfitMargin" : -17.42,
    "netProfit" : -4.78
  }, {
    "date" : "2022-09-30",
    "sales" : 24.93,
    "salesGrowthYoY" : -51.71,
    "grossProfitMargin" : 100.00,
    "grossProfit" : 24.93,
    "operatingProfitMargin" : -22.82,
    "operatingProfit" : -5.69,
    "netProfitMargin" : -41.48,
    "netProfit" : -10.34
  }, {
    "date" : "2022-12-31",
    "sales" : 28.89,
    "salesGrowthYoY" : -54.63,
    "grossProfitMargin" : 100.00,
    "grossProfit" : 28.89,
    "operatingProfitMargin" : -4.08,
    "operatingProfit" : -1.18,
    "netProfitMargin" : -29.01,
    "netProfit" : -8.38
  }, {
    "date" : "2023-03-31",
    "sales" : 28.61,
    "salesGrowthYoY" : -53.77,
    "grossProfitMargin" : 100.00,
    "grossProfit" : 28.61,
    "operatingProfitMargin" : -3.88,
    "operatingProfit" : -1.11,
    "netProfitMargin" : -12.90,
    "netProfit" : -3.69
  }, {
    "date" : "2023-06-30",
    "sales" : 46.02,
    "salesGrowthYoY" : 67.71,
    "grossProfitMargin" : 100.00,
    "grossProfit" : 46.02,
    "operatingProfitMargin" : -2.50,
    "operatingProfit" : -1.15,
    "netProfitMargin" : -5.30,
    "netProfit" : -2.44
  }, {
    "date" : "2023-09-30",
    "sales" : 45.48,
    "salesGrowthYoY" : 82.43,
    "grossProfitMargin" : 100.40,
    "grossProfit" : 45.66,
    "operatingProfitMargin" : 9.10,
    "operatingProfit" : 4.14,
    "netProfitMargin" : 1.50,
    "netProfit" : 0.68
  }, {
    "date" : "2023-12-31",
    "sales" : 94.83,
    "salesGrowthYoY" : 228.25,
    "grossProfitMargin" : 100.06,
    "grossProfit" : 94.89,
    "operatingProfitMargin" : 16.41,
    "operatingProfit" : 15.56,
    "netProfitMargin" : 14.30,
    "netProfit" : 13.56
  }, {
    "date" : "2024-03-31",
    "sales" : 118.73,
    "salesGrowthYoY" : 314.99,
    "grossProfitMargin" : 100.04,
    "grossProfit" : 118.78,
    "operatingProfitMargin" : 20.97,
    "operatingProfit" : 24.90,
    "netProfitMargin" : 14.23,
    "netProfit" : 16.90
  }, {
    "date" : "2024-06-30",
    "sales" : 60.19,
    "salesGrowthYoY" : 30.79,
    "grossProfitMargin" : 99.98,
    "grossProfit" : 60.18,
    "operatingProfitMargin" : 11.05,
    "operatingProfit" : 6.65,
    "netProfitMargin" : 4.09,
    "netProfit" : 2.46
  }, {
    "date" : "2024-09-30",
    "sales" : 97.72,
    "salesGrowthYoY" : 114.86,
    "grossProfitMargin" : 100.07,
    "grossProfit" : 97.79,
    "operatingProfitMargin" : 17.08,
    "operatingProfit" : 16.69,
    "netProfitMargin" : 10.18,
    "netProfit" : 9.95
  }, {
    "date" : "2024-12-31",
    "sales" : 91.69,
    "salesGrowthYoY" : -3.31,
    "grossProfitMargin" : 100.17,
    "grossProfit" : 91.85,
    "operatingProfitMargin" : 15.03,
    "operatingProfit" : 13.78,
    "netProfitMargin" : 8.80,
    "netProfit" : 8.07
  }, {
    "date" : "2025-03-31",
    "sales" : 214.48,
    "salesGrowthYoY" : 80.65,
    "grossProfitMargin" : 99.84,
    "grossProfit" : 214.14,
    "operatingProfitMargin" : 14.37,
    "operatingProfit" : 30.82,
    "netProfitMargin" : 9.59,
    "netProfit" : 20.57
  }, {
    "date" : "2025-06-30",
    "sales" : 115.37,
    "salesGrowthYoY" : 91.68,
    "grossProfitMargin" : 99.94,
    "grossProfit" : 115.30,
    "operatingProfitMargin" : 10.29,
    "operatingProfit" : 11.87,
    "netProfitMargin" : 5.30,
    "netProfit" : 6.11
  }, {
    "date" : "2025-09-30",
    "sales" : 61.04,
    "salesGrowthYoY" : -37.54,
    "grossProfitMargin" : 99.98,
    "grossProfit" : 61.03,
    "operatingProfitMargin" : 9.90,
    "operatingProfit" : 6.04,
    "netProfitMargin" : 3.01,
    "netProfit" : 1.84
  }, {
    "date" : "2025-12-31",
    "sales" : 108.23,
    "salesGrowthYoY" : 18.04,
    "grossProfitMargin" : 100.18,
    "grossProfit" : 108.42,
    "operatingProfitMargin" : 20.20,
    "operatingProfit" : 21.86,
    "netProfitMargin" : 13.13,
    "netProfit" : 14.21
  } ],
  "latestQuarterlyResult" : {
    "date" : "2025-12-31",
    "sales" : 108.23,
    "salesGrowthYoY" : 18.04,
    "grossProfitMargin" : 100.18,
    "grossProfit" : 108.42,
    "operatingProfitMargin" : 20.20,
    "operatingProfit" : 21.86,
    "netProfitMargin" : 13.13,
    "netProfit" : 14.21
  },
  "companyScore" : {
    "priceHigherThanDma50" : 5.00,
    "priceHigherThanDma100" : 0.00,
    "priceHigherThanDma200" : 0.00,
    "dma50HigherThanDma100" : 0.00,
    "dma50HigherThanDma200" : 0.00,
    "dma100HigherThanDma200" : 0.00,
    "pricePercentageAboveDma50" : 4.87,
    "pricePercentageAboveDma100" : 5.31,
    "pricePercentageAboveDma200" : 5.33,
    "weeklyVolumeHigherThanYearlyVolume" : 0.00,
    "salesGrowthPercentile" : 9.50,
    "operatingProfitMarginPercentile" : 19.15,
    "netProfitMarginPercentile" : 9.84,
    "totalTechnicalScore" : 20.51,
    "totalFundamentalScore" : 38.49,
    "totalScore" : 59.00
  }
}