{
  "metadata" : {
    "screenerCompanyId" : "306",
    "companyCode" : "ASTEC",
    "companyName" : "Astec Lifescienc",
    "screenerCompanyLink" : "https://www.screener.in/company/ASTEC",
    "screenerTechnicalHistoryLink" : "https://www.screener.in/api/company/306/chart/?q=Price-DMA50-DMA200-Volume&days=365",
    "screenerQuarterlyResultsLink" : "https://www.screener.in/api/company/306/chart/?q=GPM-OPM-NPM-Quarter+Sales&days=10000",
    "attributes" : {
      "companyCode" : "ASTEC",
      "companyName" : "Astec Lifescienc",
      "marketCap" : 1867.00,
      "peRatio" : 0.00,
      "description" : "The Company is into manufacturing of agrochemical active ingredients (technical), bulk and formulations, intermediate products and it sells its products in India as well as exports them to approximately 24 countries. Astec also has undertaken a number of custom synthesis projects, for its clients in Europe, Japan and the US. It is present only in business to business sale (B2B).[1] [2] [3]"
    },
    "companyScore" : {
      "priceHigherThanDma50" : 5.00,
      "priceHigherThanDma100" : 5.00,
      "priceHigherThanDma200" : 5.00,
      "dma50HigherThanDma100" : 0.00,
      "dma50HigherThanDma200" : 0.00,
      "dma100HigherThanDma200" : 0.00,
      "pricePercentageAboveDma50" : 4.42,
      "pricePercentageAboveDma100" : 4.79,
      "pricePercentageAboveDma200" : 4.91,
      "weeklyVolumeHigherThanYearlyVolume" : 5.00,
      "salesGrowthPercentile" : 3.58,
      "operatingProfitMarginPercentile" : 12.26,
      "netProfitMarginPercentile" : 3.23,
      "totalTechnicalScore" : 34.13,
      "totalFundamentalScore" : 19.07,
      "totalScore" : 53.20
    }
  },
  "attributes" : {
    "companyCode" : "ASTEC",
    "companyName" : "Astec Lifescienc",
    "marketCap" : 1867.00,
    "peRatio" : 0.00,
    "description" : "The Company is into manufacturing of agrochemical active ingredients (technical), bulk and formulations, intermediate products and it sells its products in India as well as exports them to approximately 24 countries. Astec also has undertaken a number of custom synthesis projects, for its clients in Europe, Japan and the US. It is present only in business to business sale (B2B).[1] [2] [3]"
  },
  "technicalHistory" : [ {
    "date" : "2024-12-02",
    "price" : 1054.49,
    "dma50" : 1092.28,
    "dma100" : null,
    "dma200" : 1160.54,
    "volume" : 43961.00
  }, {
    "date" : "2024-12-03",
    "price" : 1077.81,
    "dma50" : 1091.71,
    "dma100" : null,
    "dma200" : 1159.72,
    "volume" : 34684.00
  }, {
    "date" : "2024-12-04",
    "price" : 1077.31,
    "dma50" : 1091.15,
    "dma100" : null,
    "dma200" : 1158.90,
    "volume" : 22831.00
  }, {
    "date" : "2024-12-05",
    "price" : 1081.18,
    "dma50" : 1090.76,
    "dma100" : null,
    "dma200" : 1158.13,
    "volume" : 9937.00
  }, {
    "date" : "2024-12-06",
    "price" : 1082.23,
    "dma50" : 1090.42,
    "dma100" : null,
    "dma200" : 1157.37,
    "volume" : 26750.00
  }, {
    "date" : "2024-12-09",
    "price" : 1084.81,
    "dma50" : 1090.20,
    "dma100" : null,
    "dma200" : 1156.65,
    "volume" : 14056.00
  }, {
    "date" : "2024-12-10",
    "price" : 1074.98,
    "dma50" : 1089.61,
    "dma100" : null,
    "dma200" : 1155.84,
    "volume" : 29248.00
  }, {
    "date" : "2024-12-11",
    "price" : 1083.22,
    "dma50" : 1089.36,
    "dma100" : null,
    "dma200" : 1155.11,
    "volume" : 8756.00
  }, {
    "date" : "2024-12-12",
    "price" : 1076.02,
    "dma50" : 1088.83,
    "dma100" : null,
    "dma200" : 1154.33,
    "volume" : 7690.00
  }, {
    "date" : "2024-12-13",
    "price" : 1073.84,
    "dma50" : 1088.25,
    "dma100" : null,
    "dma200" : 1153.53,
    "volume" : 10496.00
  }, {
    "date" : "2024-12-16",
    "price" : 1073.29,
    "dma50" : 1087.66,
    "dma100" : null,
    "dma200" : 1152.73,
    "volume" : 9465.00
  }, {
    "date" : "2024-12-17",
    "price" : 1073.69,
    "dma50" : 1087.11,
    "dma100" : null,
    "dma200" : 1151.94,
    "volume" : 41354.00
  }, {
    "date" : "2024-12-18",
    "price" : 1079.84,
    "dma50" : 1086.83,
    "dma100" : null,
    "dma200" : 1151.22,
    "volume" : 20868.00
  }, {
    "date" : "2024-12-19",
    "price" : 1073.64,
    "dma50" : 1086.31,
    "dma100" : null,
    "dma200" : 1150.45,
    "volume" : 8742.00
  }, {
    "date" : "2024-12-20",
    "price" : 1071.95,
    "dma50" : 1085.75,
    "dma100" : null,
    "dma200" : 1149.67,
    "volume" : 10359.00
  }, {
    "date" : "2024-12-23",
    "price" : 1075.87,
    "dma50" : 1085.36,
    "dma100" : null,
    "dma200" : 1148.94,
    "volume" : 13774.00
  }, {
    "date" : "2024-12-24",
    "price" : 1076.87,
    "dma50" : 1085.03,
    "dma100" : null,
    "dma200" : 1148.22,
    "volume" : 31640.00
  }, {
    "date" : "2024-12-26",
    "price" : 1041.54,
    "dma50" : 1083.32,
    "dma100" : null,
    "dma200" : 1147.16,
    "volume" : 15183.00
  }, {
    "date" : "2024-12-27",
    "price" : 1032.26,
    "dma50" : 1081.32,
    "dma100" : null,
    "dma200" : 1146.01,
    "volume" : 5893.00
  }, {
    "date" : "2024-12-30",
    "price" : 971.52,
    "dma50" : 1077.01,
    "dma100" : null,
    "dma200" : 1144.28,
    "volume" : 23545.00
  }, {
    "date" : "2024-12-31",
    "price" : 991.67,
    "dma50" : 1073.67,
    "dma100" : null,
    "dma200" : 1142.76,
    "volume" : 13328.00
  }, {
    "date" : "2025-01-01",
    "price" : 976.29,
    "dma50" : 1069.85,
    "dma100" : null,
    "dma200" : 1141.10,
    "volume" : 11215.00
  }, {
    "date" : "2025-01-02",
    "price" : 962.74,
    "dma50" : 1065.65,
    "dma100" : null,
    "dma200" : 1139.33,
    "volume" : 14369.00
  }, {
    "date" : "2025-01-03",
    "price" : 1155.27,
    "dma50" : 1069.16,
    "dma100" : null,
    "dma200" : 1139.49,
    "volume" : 376659.00
  }, {
    "date" : "2025-01-06",
    "price" : 1210.05,
    "dma50" : 1074.69,
    "dma100" : null,
    "dma200" : 1140.19,
    "volume" : 400726.00
  }, {
    "date" : "2025-01-07",
    "price" : 1236.35,
    "dma50" : 1081.03,
    "dma100" : null,
    "dma200" : 1141.15,
    "volume" : 156635.00
  }, {
    "date" : "2025-01-08",
    "price" : 1151.55,
    "dma50" : 1083.79,
    "dma100" : null,
    "dma200" : 1141.25,
    "volume" : 46319.00
  }, {
    "date" : "2025-01-09",
    "price" : 1101.48,
    "dma50" : 1084.49,
    "dma100" : null,
    "dma200" : 1140.85,
    "volume" : 29539.00
  }, {
    "date" : "2025-01-10",
    "price" : 1088.97,
    "dma50" : 1084.66,
    "dma100" : null,
    "dma200" : 1140.34,
    "volume" : 25765.00
  }, {
    "date" : "2025-01-13",
    "price" : 1115.87,
    "dma50" : 1085.89,
    "dma100" : null,
    "dma200" : 1140.09,
    "volume" : 50488.00
  }, {
    "date" : "2025-01-14",
    "price" : 1092.10,
    "dma50" : 1086.13,
    "dma100" : null,
    "dma200" : 1139.62,
    "volume" : 10931.00
  }, {
    "date" : "2025-01-15",
    "price" : 1081.68,
    "dma50" : 1085.95,
    "dma100" : null,
    "dma200" : 1139.04,
    "volume" : 9725.00
  }, {
    "date" : "2025-01-16",
    "price" : 1026.05,
    "dma50" : 1083.61,
    "dma100" : null,
    "dma200" : 1137.92,
    "volume" : 24726.00
  }, {
    "date" : "2025-01-17",
    "price" : 1009.18,
    "dma50" : 1080.69,
    "dma100" : null,
    "dma200" : 1136.63,
    "volume" : 11899.00
  }, {
    "date" : "2025-01-20",
    "price" : 1012.66,
    "dma50" : 1078.02,
    "dma100" : null,
    "dma200" : 1135.40,
    "volume" : 8203.00
  }, {
    "date" : "2025-01-21",
    "price" : 1003.82,
    "dma50" : 1075.11,
    "dma100" : null,
    "dma200" : 1134.09,
    "volume" : 5472.00
  }, {
    "date" : "2025-01-22",
    "price" : 980.01,
    "dma50" : 1071.38,
    "dma100" : null,
    "dma200" : 1132.56,
    "volume" : 15006.00
  }, {
    "date" : "2025-01-23",
    "price" : 976.53,
    "dma50" : 1067.66,
    "dma100" : null,
    "dma200" : 1131.01,
    "volume" : 11182.00
  }, {
    "date" : "2025-01-24",
    "price" : 955.40,
    "dma50" : 1063.26,
    "dma100" : null,
    "dma200" : 1129.26,
    "volume" : 13162.00
  }, {
    "date" : "2025-01-27",
    "price" : 907.36,
    "dma50" : 1057.14,
    "dma100" : null,
    "dma200" : 1127.05,
    "volume" : 33234.00
  }, {
    "date" : "2025-01-28",
    "price" : 968.45,
    "dma50" : 1053.67,
    "dma100" : null,
    "dma200" : 1125.47,
    "volume" : 154485.00
  }, {
    "date" : "2025-01-29",
    "price" : 1008.74,
    "dma50" : 1051.90,
    "dma100" : null,
    "dma200" : 1124.31,
    "volume" : 43496.00
  }, {
    "date" : "2025-01-30",
    "price" : 994.35,
    "dma50" : 1049.65,
    "dma100" : null,
    "dma200" : 1123.02,
    "volume" : 51376.00
  }, {
    "date" : "2025-01-31",
    "price" : 973.61,
    "dma50" : 1046.67,
    "dma100" : null,
    "dma200" : 1121.53,
    "volume" : 14239.00
  }, {
    "date" : "2025-02-01",
    "price" : 992.56,
    "dma50" : 1044.54,
    "dma100" : null,
    "dma200" : 1120.25,
    "volume" : 12816.00
  }, {
    "date" : "2025-02-03",
    "price" : 968.20,
    "dma50" : 1041.55,
    "dma100" : null,
    "dma200" : 1118.73,
    "volume" : 7954.00
  }, {
    "date" : "2025-02-04",
    "price" : 931.63,
    "dma50" : 1037.24,
    "dma100" : null,
    "dma200" : 1116.87,
    "volume" : 28707.00
  }, {
    "date" : "2025-02-05",
    "price" : 932.52,
    "dma50" : 1033.13,
    "dma100" : null,
    "dma200" : 1115.04,
    "volume" : 18084.00
  }, {
    "date" : "2025-02-06",
    "price" : 927.21,
    "dma50" : 1028.98,
    "dma100" : null,
    "dma200" : 1113.17,
    "volume" : 11619.00
  }, {
    "date" : "2025-02-07",
    "price" : 899.13,
    "dma50" : 1023.89,
    "dma100" : null,
    "dma200" : 1111.04,
    "volume" : 25279.00
  }, {
    "date" : "2025-02-10",
    "price" : 904.58,
    "dma50" : 1019.21,
    "dma100" : null,
    "dma200" : 1108.99,
    "volume" : 11152.00
  }, {
    "date" : "2025-02-11",
    "price" : 892.03,
    "dma50" : 1014.22,
    "dma100" : null,
    "dma200" : 1106.83,
    "volume" : 11103.00
  }, {
    "date" : "2025-02-12",
    "price" : 884.49,
    "dma50" : 1009.13,
    "dma100" : null,
    "dma200" : 1104.61,
    "volume" : 20839.00
  }, {
    "date" : "2025-02-13",
    "price" : 900.61,
    "dma50" : 1004.88,
    "dma100" : null,
    "dma200" : 1102.58,
    "volume" : 10018.00
  }, {
    "date" : "2025-02-14",
    "price" : 840.08,
    "dma50" : 998.41,
    "dma100" : null,
    "dma200" : 1099.97,
    "volume" : 31307.00
  }, {
    "date" : "2025-02-17",
    "price" : 744.95,
    "dma50" : 988.47,
    "dma100" : null,
    "dma200" : 1096.44,
    "volume" : 90916.00
  }, {
    "date" : "2025-02-18",
    "price" : 704.86,
    "dma50" : 977.35,
    "dma100" : null,
    "dma200" : 1092.54,
    "volume" : 185762.00
  }, {
    "date" : "2025-02-19",
    "price" : 757.16,
    "dma50" : 968.72,
    "dma100" : null,
    "dma200" : 1089.21,
    "volume" : 67609.00
  }, {
    "date" : "2025-02-20",
    "price" : 762.67,
    "dma50" : 960.64,
    "dma100" : null,
    "dma200" : 1085.96,
    "volume" : 18869.00
  }, {
    "date" : "2025-02-21",
    "price" : 723.82,
    "dma50" : 951.35,
    "dma100" : null,
    "dma200" : 1082.35,
    "volume" : 29607.00
  }, {
    "date" : "2025-02-24",
    "price" : 720.44,
    "dma50" : 942.30,
    "dma100" : null,
    "dma200" : 1078.75,
    "volume" : 20116.00
  }, {
    "date" : "2025-02-25",
    "price" : 759.64,
    "dma50" : 935.13,
    "dma100" : null,
    "dma200" : 1075.58,
    "volume" : 32112.00
  }, {
    "date" : "2025-02-27",
    "price" : 760.53,
    "dma50" : 928.28,
    "dma100" : null,
    "dma200" : 1072.44,
    "volume" : 18582.00
  }, {
    "date" : "2025-02-28",
    "price" : 720.99,
    "dma50" : 920.16,
    "dma100" : null,
    "dma200" : 1068.95,
    "volume" : 24116.00
  }, {
    "date" : "2025-03-03",
    "price" : 694.84,
    "dma50" : 911.32,
    "dma100" : null,
    "dma200" : 1065.22,
    "volume" : 46988.00
  }, {
    "date" : "2025-03-04",
    "price" : 696.13,
    "dma50" : 902.88,
    "dma100" : null,
    "dma200" : 1061.55,
    "volume" : 38658.00
  }, {
    "date" : "2025-03-05",
    "price" : 703.47,
    "dma50" : 895.06,
    "dma100" : null,
    "dma200" : 1057.99,
    "volume" : 26271.00
  }, {
    "date" : "2025-03-06",
    "price" : 742.47,
    "dma50" : 889.08,
    "dma100" : null,
    "dma200" : 1054.85,
    "volume" : 46376.00
  }, {
    "date" : "2025-03-07",
    "price" : 749.87,
    "dma50" : 883.62,
    "dma100" : null,
    "dma200" : 1051.81,
    "volume" : 42606.00
  }, {
    "date" : "2025-03-10",
    "price" : 705.51,
    "dma50" : 876.63,
    "dma100" : null,
    "dma200" : 1048.37,
    "volume" : 32883.00
  }, {
    "date" : "2025-03-11",
    "price" : 694.39,
    "dma50" : 869.49,
    "dma100" : null,
    "dma200" : 1044.85,
    "volume" : 29846.00
  }, {
    "date" : "2025-03-12",
    "price" : 687.10,
    "dma50" : 862.33,
    "dma100" : null,
    "dma200" : 1041.29,
    "volume" : 45457.00
  }, {
    "date" : "2025-03-13",
    "price" : 648.94,
    "dma50" : 853.97,
    "dma100" : null,
    "dma200" : 1037.38,
    "volume" : 81137.00
  }, {
    "date" : "2025-03-17",
    "price" : 650.87,
    "dma50" : 846.00,
    "dma100" : null,
    "dma200" : 1033.54,
    "volume" : 87663.00
  }, {
    "date" : "2025-03-18",
    "price" : 667.20,
    "dma50" : 838.99,
    "dma100" : null,
    "dma200" : 1029.89,
    "volume" : 54248.00
  }, {
    "date" : "2025-03-19",
    "price" : 678.56,
    "dma50" : 832.70,
    "dma100" : null,
    "dma200" : 1026.40,
    "volume" : 53499.00
  }, {
    "date" : "2025-03-20",
    "price" : 662.78,
    "dma50" : 826.03,
    "dma100" : null,
    "dma200" : 1022.78,
    "volume" : 45913.00
  }, {
    "date" : "2025-03-21",
    "price" : 689.33,
    "dma50" : 820.67,
    "dma100" : null,
    "dma200" : 1019.46,
    "volume" : 96759.00
  }, {
    "date" : "2025-03-24",
    "price" : 710.91,
    "dma50" : 816.37,
    "dma100" : null,
    "dma200" : 1016.39,
    "volume" : 63256.00
  }, {
    "date" : "2025-03-25",
    "price" : 678.96,
    "dma50" : 810.98,
    "dma100" : null,
    "dma200" : 1013.03,
    "volume" : 53967.00
  }, {
    "date" : "2025-03-26",
    "price" : 684.86,
    "dma50" : 806.03,
    "dma100" : null,
    "dma200" : 1009.77,
    "volume" : 93063.00
  }, {
    "date" : "2025-03-27",
    "price" : 685.01,
    "dma50" : 801.29,
    "dma100" : null,
    "dma200" : 1006.54,
    "volume" : 64434.00
  }, {
    "date" : "2025-03-28",
    "price" : 670.13,
    "dma50" : 796.15,
    "dma100" : null,
    "dma200" : 1003.19,
    "volume" : 71346.00
  }, {
    "date" : "2025-04-01",
    "price" : 724.56,
    "dma50" : 793.34,
    "dma100" : null,
    "dma200" : 1000.42,
    "volume" : 73641.00
  }, {
    "date" : "2025-04-02",
    "price" : 713.30,
    "dma50" : 790.20,
    "dma100" : null,
    "dma200" : 997.56,
    "volume" : 20426.00
  }, {
    "date" : "2025-04-03",
    "price" : 719.85,
    "dma50" : 787.44,
    "dma100" : null,
    "dma200" : 994.80,
    "volume" : 17432.00
  }, {
    "date" : "2025-04-04",
    "price" : 724.06,
    "dma50" : 784.95,
    "dma100" : null,
    "dma200" : 992.10,
    "volume" : 71880.00
  }, {
    "date" : "2025-04-07",
    "price" : 692.06,
    "dma50" : 781.31,
    "dma100" : null,
    "dma200" : 989.12,
    "volume" : 31573.00
  }, {
    "date" : "2025-04-08",
    "price" : 698.81,
    "dma50" : 778.08,
    "dma100" : null,
    "dma200" : 986.23,
    "volume" : 26251.00
  }, {
    "date" : "2025-04-09",
    "price" : 691.41,
    "dma50" : 774.68,
    "dma100" : null,
    "dma200" : 983.29,
    "volume" : 135051.00
  }, {
    "date" : "2025-04-11",
    "price" : 699.75,
    "dma50" : 771.74,
    "dma100" : null,
    "dma200" : 980.47,
    "volume" : 21358.00
  }, {
    "date" : "2025-04-15",
    "price" : 700.49,
    "dma50" : 768.95,
    "dma100" : null,
    "dma200" : 977.69,
    "volume" : 20117.00
  }, {
    "date" : "2025-04-16",
    "price" : 742.22,
    "dma50" : 767.90,
    "dma100" : null,
    "dma200" : 975.34,
    "volume" : 64226.00
  }, {
    "date" : "2025-04-17",
    "price" : 733.84,
    "dma50" : 766.56,
    "dma100" : null,
    "dma200" : 972.94,
    "volume" : 31324.00
  }, {
    "date" : "2025-04-21",
    "price" : 756.61,
    "dma50" : 766.17,
    "dma100" : null,
    "dma200" : 970.79,
    "volume" : 16657.00
  }, {
    "date" : "2025-04-22",
    "price" : 759.34,
    "dma50" : 765.90,
    "dma100" : null,
    "dma200" : 968.68,
    "volume" : 44407.00
  }, {
    "date" : "2025-04-23",
    "price" : 759.20,
    "dma50" : 765.64,
    "dma100" : null,
    "dma200" : 966.60,
    "volume" : 48151.00
  }, {
    "date" : "2025-04-24",
    "price" : 733.39,
    "dma50" : 764.38,
    "dma100" : null,
    "dma200" : 964.28,
    "volume" : 61963.00
  }, {
    "date" : "2025-04-25",
    "price" : 704.27,
    "dma50" : 762.02,
    "dma100" : null,
    "dma200" : 961.69,
    "volume" : 27703.00
  }, {
    "date" : "2025-04-28",
    "price" : 699.06,
    "dma50" : 759.55,
    "dma100" : null,
    "dma200" : 959.08,
    "volume" : 9848.00
  }, {
    "date" : "2025-04-29",
    "price" : 687.79,
    "dma50" : 756.74,
    "dma100" : 880.31,
    "dma200" : 956.38,
    "volume" : 36050.00
  }, {
    "date" : "2025-04-30",
    "price" : 680.70,
    "dma50" : 753.75,
    "dma100" : 876.34,
    "dma200" : 953.64,
    "volume" : 12895.00
  }, {
    "date" : "2025-05-02",
    "price" : 664.32,
    "dma50" : 750.25,
    "dma100" : 872.21,
    "dma200" : 950.76,
    "volume" : 22119.00
  }, {
    "date" : "2025-05-05",
    "price" : 668.04,
    "dma50" : 747.02,
    "dma100" : 868.08,
    "dma200" : 947.94,
    "volume" : 16214.00
  }, {
    "date" : "2025-05-06",
    "price" : 661.74,
    "dma50" : 743.68,
    "dma100" : 863.88,
    "dma200" : 945.10,
    "volume" : 26064.00
  }, {
    "date" : "2025-05-07",
    "price" : 636.09,
    "dma50" : 739.46,
    "dma100" : 859.39,
    "dma200" : 942.02,
    "volume" : 35612.00
  }, {
    "date" : "2025-05-08",
    "price" : 651.62,
    "dma50" : 736.01,
    "dma100" : 855.16,
    "dma200" : 939.13,
    "volume" : 36804.00
  }, {
    "date" : "2025-05-09",
    "price" : 644.77,
    "dma50" : 732.44,
    "dma100" : 850.77,
    "dma200" : 936.20,
    "volume" : 18186.00
  }, {
    "date" : "2025-05-12",
    "price" : 673.80,
    "dma50" : 730.14,
    "dma100" : 846.75,
    "dma200" : 933.59,
    "volume" : 24022.00
  }, {
    "date" : "2025-05-13",
    "price" : 686.20,
    "dma50" : 728.41,
    "dma100" : 842.87,
    "dma200" : 931.13,
    "volume" : 11651.00
  }, {
    "date" : "2025-05-14",
    "price" : 679.85,
    "dma50" : 726.51,
    "dma100" : 838.94,
    "dma200" : 928.63,
    "volume" : 25108.00
  }, {
    "date" : "2025-05-15",
    "price" : 722.92,
    "dma50" : 726.37,
    "dma100" : 835.43,
    "dma200" : 926.58,
    "volume" : 81308.00
  }, {
    "date" : "2025-05-16",
    "price" : 721.33,
    "dma50" : 726.17,
    "dma100" : 831.85,
    "dma200" : 924.54,
    "volume" : 15390.00
  }, {
    "date" : "2025-05-19",
    "price" : 724.16,
    "dma50" : 726.09,
    "dma100" : 828.35,
    "dma200" : 922.55,
    "volume" : 11064.00
  }, {
    "date" : "2025-05-20",
    "price" : 707.19,
    "dma50" : 725.35,
    "dma100" : 824.70,
    "dma200" : 920.40,
    "volume" : 24149.00
  }, {
    "date" : "2025-05-21",
    "price" : 695.93,
    "dma50" : 724.20,
    "dma100" : 820.90,
    "dma200" : 918.17,
    "volume" : 31527.00
  }, {
    "date" : "2025-05-22",
    "price" : 697.67,
    "dma50" : 723.16,
    "dma100" : 817.11,
    "dma200" : 915.98,
    "volume" : 17807.00
  }, {
    "date" : "2025-05-23",
    "price" : 701.14,
    "dma50" : 722.29,
    "dma100" : 813.71,
    "dma200" : 913.84,
    "volume" : 23583.00
  }, {
    "date" : "2025-05-26",
    "price" : 682.78,
    "dma50" : 720.74,
    "dma100" : 810.21,
    "dma200" : 911.54,
    "volume" : 56303.00
  }, {
    "date" : "2025-05-27",
    "price" : 688.39,
    "dma50" : 719.48,
    "dma100" : 807.38,
    "dma200" : 909.32,
    "volume" : 21302.00
  }, {
    "date" : "2025-05-28",
    "price" : 663.33,
    "dma50" : 717.27,
    "dma100" : 804.10,
    "dma200" : 906.87,
    "volume" : 45065.00
  }, {
    "date" : "2025-05-29",
    "price" : 673.20,
    "dma50" : 715.55,
    "dma100" : 801.07,
    "dma200" : 904.55,
    "volume" : 19860.00
  }, {
    "date" : "2025-05-30",
    "price" : 667.10,
    "dma50" : 713.65,
    "dma100" : 798.11,
    "dma200" : 902.18,
    "volume" : 26731.00
  }, {
    "date" : "2025-06-02",
    "price" : 686.15,
    "dma50" : 712.57,
    "dma100" : 793.42,
    "dma200" : 900.03,
    "volume" : 28203.00
  }, {
    "date" : "2025-06-03",
    "price" : 708.43,
    "dma50" : 712.40,
    "dma100" : 788.40,
    "dma200" : 898.13,
    "volume" : 43870.00
  }, {
    "date" : "2025-06-04",
    "price" : 722.03,
    "dma50" : 712.78,
    "dma100" : 783.26,
    "dma200" : 896.38,
    "volume" : 33508.00
  }, {
    "date" : "2025-06-05",
    "price" : 775.82,
    "dma50" : 715.25,
    "dma100" : 779.50,
    "dma200" : 895.18,
    "volume" : 99424.00
  }, {
    "date" : "2025-06-06",
    "price" : 804.60,
    "dma50" : 718.76,
    "dma100" : 776.54,
    "dma200" : 894.28,
    "volume" : 87692.00
  }, {
    "date" : "2025-06-09",
    "price" : 805.69,
    "dma50" : 722.17,
    "dma100" : 773.70,
    "dma200" : 893.39,
    "volume" : 50247.00
  }, {
    "date" : "2025-06-10",
    "price" : 805.19,
    "dma50" : 725.42,
    "dma100" : 770.60,
    "dma200" : 892.52,
    "volume" : 35608.00
  }, {
    "date" : "2025-06-11",
    "price" : 802.56,
    "dma50" : 728.45,
    "dma100" : 767.70,
    "dma200" : 891.62,
    "volume" : 22257.00
  }, {
    "date" : "2025-06-12",
    "price" : 799.98,
    "dma50" : 731.25,
    "dma100" : 764.88,
    "dma200" : 890.71,
    "volume" : 38992.00
  }, {
    "date" : "2025-06-13",
    "price" : 782.91,
    "dma50" : 733.28,
    "dma100" : 762.45,
    "dma200" : 889.64,
    "volume" : 21479.00
  }, {
    "date" : "2025-06-16",
    "price" : 794.08,
    "dma50" : 735.66,
    "dma100" : 760.30,
    "dma200" : 888.69,
    "volume" : 14937.00
  }, {
    "date" : "2025-06-17",
    "price" : 760.09,
    "dma50" : 736.62,
    "dma100" : 757.78,
    "dma200" : 887.41,
    "volume" : 56965.00
  }, {
    "date" : "2025-06-18",
    "price" : 760.68,
    "dma50" : 737.56,
    "dma100" : 755.34,
    "dma200" : 886.15,
    "volume" : 17625.00
  }, {
    "date" : "2025-06-19",
    "price" : 736.52,
    "dma50" : 737.52,
    "dma100" : 752.91,
    "dma200" : 884.66,
    "volume" : 19301.00
  }, {
    "date" : "2025-06-20",
    "price" : 751.36,
    "dma50" : 738.07,
    "dma100" : 750.66,
    "dma200" : 883.33,
    "volume" : 106177.00
  }, {
    "date" : "2025-06-23",
    "price" : 758.75,
    "dma50" : 738.88,
    "dma100" : 748.69,
    "dma200" : 882.09,
    "volume" : 32371.00
  }, {
    "date" : "2025-06-24",
    "price" : 818.09,
    "dma50" : 741.98,
    "dma100" : 747.80,
    "dma200" : 881.45,
    "volume" : 717232.00
  }, {
    "date" : "2025-06-25",
    "price" : 881.46,
    "dma50" : 747.45,
    "dma100" : 746.93,
    "dma200" : 881.45,
    "volume" : 406004.00
  }, {
    "date" : "2025-06-26",
    "price" : 964.43,
    "dma50" : 755.96,
    "dma100" : 746.48,
    "dma200" : 882.28,
    "volume" : 720287.00
  }, {
    "date" : "2025-06-27",
    "price" : 929.44,
    "dma50" : 762.77,
    "dma100" : 745.84,
    "dma200" : 882.75,
    "volume" : 161667.00
  }, {
    "date" : "2025-06-30",
    "price" : 917.63,
    "dma50" : 768.84,
    "dma100" : 745.28,
    "dma200" : 883.10,
    "volume" : 50327.00
  }, {
    "date" : "2025-07-01",
    "price" : 943.54,
    "dma50" : 775.69,
    "dma100" : 744.79,
    "dma200" : 883.70,
    "volume" : 166711.00
  }, {
    "date" : "2025-07-02",
    "price" : 942.69,
    "dma50" : 782.24,
    "dma100" : 744.53,
    "dma200" : 884.28,
    "volume" : 55732.00
  }, {
    "date" : "2025-07-03",
    "price" : 940.36,
    "dma50" : 788.44,
    "dma100" : 744.62,
    "dma200" : 884.84,
    "volume" : 53956.00
  }, {
    "date" : "2025-07-04",
    "price" : 945.00,
    "dma50" : 794.58,
    "dma100" : 744.74,
    "dma200" : 885.44,
    "volume" : 116893.00
  }, {
    "date" : "2025-07-07",
    "price" : 933.35,
    "dma50" : 800.02,
    "dma100" : 744.80,
    "dma200" : 885.92,
    "volume" : 22775.00
  }, {
    "date" : "2025-07-08",
    "price" : 913.00,
    "dma50" : 804.45,
    "dma100" : 744.94,
    "dma200" : 886.19,
    "volume" : 19290.00
  }, {
    "date" : "2025-07-09",
    "price" : 914.05,
    "dma50" : 808.75,
    "dma100" : 745.04,
    "dma200" : 886.46,
    "volume" : 20091.00
  }, {
    "date" : "2025-07-10",
    "price" : 898.30,
    "dma50" : 812.26,
    "dma100" : 745.10,
    "dma200" : 886.58,
    "volume" : 34766.00
  }, {
    "date" : "2025-07-11",
    "price" : 893.55,
    "dma50" : 815.45,
    "dma100" : 745.19,
    "dma200" : 886.65,
    "volume" : 17340.00
  }, {
    "date" : "2025-07-14",
    "price" : 930.30,
    "dma50" : 819.95,
    "dma100" : 745.49,
    "dma200" : 887.09,
    "volume" : 35491.00
  }, {
    "date" : "2025-07-15",
    "price" : 923.10,
    "dma50" : 824.00,
    "dma100" : 746.32,
    "dma200" : 887.44,
    "volume" : 22039.00
  }, {
    "date" : "2025-07-16",
    "price" : 922.75,
    "dma50" : 827.87,
    "dma100" : 748.10,
    "dma200" : 887.80,
    "volume" : 12538.00
  }, {
    "date" : "2025-07-17",
    "price" : 909.10,
    "dma50" : 831.06,
    "dma100" : 750.14,
    "dma200" : 888.01,
    "volume" : 42531.00
  }, {
    "date" : "2025-07-18",
    "price" : 901.45,
    "dma50" : 833.82,
    "dma100" : 751.58,
    "dma200" : 888.14,
    "volume" : 39364.00
  }, {
    "date" : "2025-07-21",
    "price" : 913.15,
    "dma50" : 836.93,
    "dma100" : 753.09,
    "dma200" : 888.39,
    "volume" : 40003.00
  }, {
    "date" : "2025-07-22",
    "price" : 912.20,
    "dma50" : 839.88,
    "dma100" : 754.97,
    "dma200" : 888.63,
    "volume" : 26103.00
  }, {
    "date" : "2025-07-23",
    "price" : 893.85,
    "dma50" : 842.00,
    "dma100" : 756.70,
    "dma200" : 888.68,
    "volume" : 56614.00
  }, {
    "date" : "2025-07-24",
    "price" : 904.45,
    "dma50" : 844.45,
    "dma100" : 758.15,
    "dma200" : 888.84,
    "volume" : 22134.00
  }, {
    "date" : "2025-07-25",
    "price" : 900.15,
    "dma50" : 846.63,
    "dma100" : 759.55,
    "dma200" : 888.95,
    "volume" : 16129.00
  }, {
    "date" : "2025-07-28",
    "price" : 863.20,
    "dma50" : 847.28,
    "dma100" : 760.97,
    "dma200" : 888.69,
    "volume" : 136415.00
  }, {
    "date" : "2025-07-29",
    "price" : 873.10,
    "dma50" : 848.29,
    "dma100" : 762.75,
    "dma200" : 888.54,
    "volume" : 71590.00
  }, {
    "date" : "2025-07-30",
    "price" : 864.50,
    "dma50" : 848.93,
    "dma100" : 764.44,
    "dma200" : 888.30,
    "volume" : 12895.00
  }, {
    "date" : "2025-07-31",
    "price" : 906.30,
    "dma50" : 851.18,
    "dma100" : 766.46,
    "dma200" : 888.48,
    "volume" : 51371.00
  }, {
    "date" : "2025-08-01",
    "price" : 879.50,
    "dma50" : 852.29,
    "dma100" : 767.84,
    "dma200" : 888.39,
    "volume" : 28063.00
  }, {
    "date" : "2025-08-04",
    "price" : 884.25,
    "dma50" : 853.54,
    "dma100" : 769.18,
    "dma200" : 888.35,
    "volume" : 9158.00
  }, {
    "date" : "2025-08-05",
    "price" : 862.80,
    "dma50" : 853.90,
    "dma100" : 770.75,
    "dma200" : 888.09,
    "volume" : 19330.00
  }, {
    "date" : "2025-08-06",
    "price" : 850.40,
    "dma50" : 853.77,
    "dma100" : 772.31,
    "dma200" : 887.72,
    "volume" : 21095.00
  }, {
    "date" : "2025-08-07",
    "price" : 830.55,
    "dma50" : 852.86,
    "dma100" : 773.75,
    "dma200" : 887.15,
    "volume" : 22338.00
  }, {
    "date" : "2025-08-08",
    "price" : 803.65,
    "dma50" : 850.93,
    "dma100" : 775.29,
    "dma200" : 886.32,
    "volume" : 19283.00
  }, {
    "date" : "2025-08-11",
    "price" : 786.35,
    "dma50" : 848.39,
    "dma100" : 776.65,
    "dma200" : 885.32,
    "volume" : 15610.00
  }, {
    "date" : "2025-08-12",
    "price" : 823.30,
    "dma50" : 847.41,
    "dma100" : 778.21,
    "dma200" : 884.71,
    "volume" : 194122.00
  }, {
    "date" : "2025-08-13",
    "price" : 800.35,
    "dma50" : 845.57,
    "dma100" : 779.43,
    "dma200" : 883.87,
    "volume" : 32417.00
  }, {
    "date" : "2025-08-14",
    "price" : 810.15,
    "dma50" : 844.18,
    "dma100" : 780.90,
    "dma200" : 883.13,
    "volume" : 443465.00
  }, {
    "date" : "2025-08-18",
    "price" : 797.50,
    "dma50" : 842.35,
    "dma100" : 781.98,
    "dma200" : 882.28,
    "volume" : 17048.00
  }, {
    "date" : "2025-08-19",
    "price" : 828.15,
    "dma50" : 841.79,
    "dma100" : 783.16,
    "dma200" : 881.74,
    "volume" : 24075.00
  }, {
    "date" : "2025-08-20",
    "price" : 827.65,
    "dma50" : 841.23,
    "dma100" : 784.64,
    "dma200" : 881.20,
    "volume" : 16931.00
  }, {
    "date" : "2025-08-21",
    "price" : 819.35,
    "dma50" : 840.38,
    "dma100" : 785.99,
    "dma200" : 880.59,
    "volume" : 14532.00
  }, {
    "date" : "2025-08-22",
    "price" : 902.50,
    "dma50" : 842.81,
    "dma100" : 788.16,
    "dma200" : 880.81,
    "volume" : 173038.00
  }, {
    "date" : "2025-08-25",
    "price" : 868.10,
    "dma50" : 843.80,
    "dma100" : 790.14,
    "dma200" : 880.68,
    "volume" : 175008.00
  }, {
    "date" : "2025-08-26",
    "price" : 839.60,
    "dma50" : 843.64,
    "dma100" : 791.29,
    "dma200" : 880.27,
    "volume" : 25418.00
  }, {
    "date" : "2025-08-28",
    "price" : 857.30,
    "dma50" : 844.18,
    "dma100" : 792.73,
    "dma200" : 880.04,
    "volume" : 38015.00
  }, {
    "date" : "2025-08-29",
    "price" : 872.70,
    "dma50" : 845.29,
    "dma100" : 794.26,
    "dma200" : 879.97,
    "volume" : 31891.00
  }, {
    "date" : "2025-09-01",
    "price" : 871.80,
    "dma50" : 846.33,
    "dma100" : 795.74,
    "dma200" : 879.89,
    "volume" : 47595.00
  }, {
    "date" : "2025-09-02",
    "price" : 858.70,
    "dma50" : 846.82,
    "dma100" : 797.40,
    "dma200" : 879.68,
    "volume" : 19652.00
  }, {
    "date" : "2025-09-03",
    "price" : 853.45,
    "dma50" : 847.08,
    "dma100" : 798.95,
    "dma200" : 879.42,
    "volume" : 10437.00
  }, {
    "date" : "2025-09-04",
    "price" : 853.10,
    "dma50" : 847.31,
    "dma100" : 800.57,
    "dma200" : 879.15,
    "volume" : 6696.00
  }, {
    "date" : "2025-09-05",
    "price" : 850.50,
    "dma50" : 847.44,
    "dma100" : 802.08,
    "dma200" : 878.87,
    "volume" : 4702.00
  }, {
    "date" : "2025-09-08",
    "price" : 846.15,
    "dma50" : 847.39,
    "dma100" : 803.53,
    "dma200" : 878.54,
    "volume" : 9004.00
  }, {
    "date" : "2025-09-09",
    "price" : 866.50,
    "dma50" : 848.14,
    "dma100" : 804.77,
    "dma200" : 878.42,
    "volume" : 23600.00
  }, {
    "date" : "2025-09-10",
    "price" : 852.45,
    "dma50" : 848.31,
    "dma100" : 805.96,
    "dma200" : 878.17,
    "volume" : 7685.00
  }, {
    "date" : "2025-09-11",
    "price" : 857.90,
    "dma50" : 848.68,
    "dma100" : 806.97,
    "dma200" : 877.96,
    "volume" : 6055.00
  }, {
    "date" : "2025-09-12",
    "price" : 850.55,
    "dma50" : 848.76,
    "dma100" : 807.89,
    "dma200" : 877.69,
    "volume" : 9022.00
  }, {
    "date" : "2025-09-15",
    "price" : 840.40,
    "dma50" : 848.43,
    "dma100" : 808.70,
    "dma200" : 877.32,
    "volume" : 8274.00
  }, {
    "date" : "2025-09-16",
    "price" : 836.45,
    "dma50" : 847.96,
    "dma100" : 809.73,
    "dma200" : 876.91,
    "volume" : 7087.00
  }, {
    "date" : "2025-09-17",
    "price" : 846.15,
    "dma50" : 847.89,
    "dma100" : 811.15,
    "dma200" : 876.61,
    "volume" : 11843.00
  }, {
    "date" : "2025-09-18",
    "price" : 835.75,
    "dma50" : 847.41,
    "dma100" : 812.51,
    "dma200" : 876.20,
    "volume" : 19896.00
  }, {
    "date" : "2025-09-19",
    "price" : 824.95,
    "dma50" : 846.53,
    "dma100" : 813.89,
    "dma200" : 875.69,
    "volume" : 11657.00
  }, {
    "date" : "2025-09-22",
    "price" : 850.20,
    "dma50" : 846.68,
    "dma100" : 815.58,
    "dma200" : 875.44,
    "volume" : 23355.00
  }, {
    "date" : "2025-09-23",
    "price" : 829.90,
    "dma50" : 846.02,
    "dma100" : 817.24,
    "dma200" : 874.98,
    "volume" : 7608.00
  }, {
    "date" : "2025-09-24",
    "price" : 819.65,
    "dma50" : 844.98,
    "dma100" : 818.75,
    "dma200" : 874.43,
    "volume" : 18487.00
  }, {
    "date" : "2025-09-25",
    "price" : 829.10,
    "dma50" : 844.36,
    "dma100" : 820.43,
    "dma200" : 873.98,
    "volume" : 12581.00
  }, {
    "date" : "2025-09-26",
    "price" : 819.15,
    "dma50" : 843.37,
    "dma100" : 822.26,
    "dma200" : 873.44,
    "volume" : 18170.00
  }, {
    "date" : "2025-09-29",
    "price" : 812.40,
    "dma50" : 842.16,
    "dma100" : 823.86,
    "dma200" : 872.83,
    "volume" : 10028.00
  }, {
    "date" : "2025-09-30",
    "price" : 804.70,
    "dma50" : 840.69,
    "dma100" : 825.46,
    "dma200" : 872.15,
    "volume" : 5023.00
  }, {
    "date" : "2025-10-01",
    "price" : 802.45,
    "dma50" : 839.19,
    "dma100" : 826.75,
    "dma200" : 871.46,
    "volume" : 11051.00
  }, {
    "date" : "2025-10-03",
    "price" : 795.70,
    "dma50" : 837.48,
    "dma100" : 827.85,
    "dma200" : 870.70,
    "volume" : 7874.00
  }, {
    "date" : "2025-10-06",
    "price" : 798.75,
    "dma50" : 835.96,
    "dma100" : 829.03,
    "dma200" : 869.99,
    "volume" : 5520.00
  }, {
    "date" : "2025-10-07",
    "price" : 792.25,
    "dma50" : 834.25,
    "dma100" : 829.73,
    "dma200" : 869.21,
    "volume" : 7253.00
  }, {
    "date" : "2025-10-08",
    "price" : 783.35,
    "dma50" : 832.25,
    "dma100" : 830.35,
    "dma200" : 868.36,
    "volume" : 8074.00
  }, {
    "date" : "2025-10-09",
    "price" : 763.60,
    "dma50" : 829.56,
    "dma100" : 830.74,
    "dma200" : 867.32,
    "volume" : 12353.00
  }, {
    "date" : "2025-10-10",
    "price" : 765.75,
    "dma50" : 827.06,
    "dma100" : 831.33,
    "dma200" : 866.31,
    "volume" : 12860.00
  }, {
    "date" : "2025-10-13",
    "price" : 746.80,
    "dma50" : 823.91,
    "dma100" : 831.84,
    "dma200" : 865.12,
    "volume" : 12008.00
  }, {
    "date" : "2025-10-14",
    "price" : 736.70,
    "dma50" : 820.49,
    "dma100" : 832.23,
    "dma200" : 863.84,
    "volume" : 10153.00
  }, {
    "date" : "2025-10-15",
    "price" : 728.90,
    "dma50" : 816.90,
    "dma100" : 832.50,
    "dma200" : 862.50,
    "volume" : 11519.00
  }, {
    "date" : "2025-10-16",
    "price" : 727.90,
    "dma50" : 813.41,
    "dma100" : 832.96,
    "dma200" : 861.16,
    "volume" : 11775.00
  }, {
    "date" : "2025-10-17",
    "price" : 729.05,
    "dma50" : 810.10,
    "dma100" : 833.36,
    "dma200" : 859.84,
    "volume" : 4440774.00
  }, {
    "date" : "2025-10-20",
    "price" : 706.60,
    "dma50" : 806.04,
    "dma100" : 833.79,
    "dma200" : 858.32,
    "volume" : 198743.00
  }, {
    "date" : "2025-10-21",
    "price" : 699.50,
    "dma50" : 801.86,
    "dma100" : 834.06,
    "dma200" : 856.74,
    "volume" : 22553.00
  }, {
    "date" : "2025-10-23",
    "price" : 687.80,
    "dma50" : 797.39,
    "dma100" : 834.26,
    "dma200" : 855.06,
    "volume" : 100702.00
  }, {
    "date" : "2025-10-24",
    "price" : 668.25,
    "dma50" : 792.33,
    "dma100" : 834.09,
    "dma200" : 853.20,
    "volume" : 72412.00
  }, {
    "date" : "2025-10-27",
    "price" : 659.85,
    "dma50" : 787.13,
    "dma100" : 833.60,
    "dma200" : 851.28,
    "volume" : 47649.00
  }, {
    "date" : "2025-10-28",
    "price" : 683.80,
    "dma50" : 783.08,
    "dma100" : 833.22,
    "dma200" : 849.61,
    "volume" : 67307.00
  }, {
    "date" : "2025-10-29",
    "price" : 671.55,
    "dma50" : 778.71,
    "dma100" : 832.17,
    "dma200" : 847.84,
    "volume" : 42654.00
  }, {
    "date" : "2025-10-30",
    "price" : 661.45,
    "dma50" : 774.11,
    "dma100" : 830.74,
    "dma200" : 845.98,
    "volume" : 36651.00
  }, {
    "date" : "2025-10-31",
    "price" : 660.05,
    "dma50" : 769.63,
    "dma100" : 829.29,
    "dma200" : 844.13,
    "volume" : 26365.00
  }, {
    "date" : "2025-11-03",
    "price" : 672.25,
    "dma50" : 765.82,
    "dma100" : 827.96,
    "dma200" : 842.42,
    "volume" : 29068.00
  }, {
    "date" : "2025-11-04",
    "price" : 663.70,
    "dma50" : 761.81,
    "dma100" : 826.57,
    "dma200" : 840.64,
    "volume" : 21982.00
  }, {
    "date" : "2025-11-06",
    "price" : 643.90,
    "dma50" : 757.19,
    "dma100" : 825.01,
    "dma200" : 838.69,
    "volume" : 12970.00
  }, {
    "date" : "2025-11-07",
    "price" : 632.75,
    "dma50" : 752.31,
    "dma100" : 823.51,
    "dma200" : 836.64,
    "volume" : 45872.00
  }, {
    "date" : "2025-11-10",
    "price" : 617.40,
    "dma50" : 747.02,
    "dma100" : 821.74,
    "dma200" : 834.46,
    "volume" : 43442.00
  }, {
    "date" : "2025-11-11",
    "price" : 618.60,
    "dma50" : 741.98,
    "dma100" : 820.32,
    "dma200" : 832.31,
    "volume" : 46697.00
  }, {
    "date" : "2025-11-12",
    "price" : 612.55,
    "dma50" : 736.91,
    "dma100" : 818.84,
    "dma200" : 830.12,
    "volume" : 51877.00
  }, {
    "date" : "2025-11-13",
    "price" : 628.45,
    "dma50" : 732.65,
    "dma100" : 817.76,
    "dma200" : 828.11,
    "volume" : 37209.00
  }, {
    "date" : "2025-11-14",
    "price" : 631.85,
    "dma50" : 728.70,
    "dma100" : 816.57,
    "dma200" : 826.16,
    "volume" : 33841.00
  }, {
    "date" : "2025-11-17",
    "price" : 637.20,
    "dma50" : 725.11,
    "dma100" : 815.35,
    "dma200" : 824.28,
    "volume" : 16967.00
  }, {
    "date" : "2025-11-18",
    "price" : 649.35,
    "dma50" : 722.14,
    "dma100" : 813.66,
    "dma200" : 822.54,
    "volume" : 34091.00
  }, {
    "date" : "2025-11-19",
    "price" : 625.35,
    "dma50" : 718.34,
    "dma100" : 811.10,
    "dma200" : 820.58,
    "volume" : 46154.00
  }, {
    "date" : "2025-11-20",
    "price" : 734.05,
    "dma50" : 718.96,
    "dma100" : 808.80,
    "dma200" : 819.72,
    "volume" : 9100064.00
  }, {
    "date" : "2025-11-21",
    "price" : 829.00,
    "dma50" : 723.28,
    "dma100" : 807.80,
    "dma200" : 819.81,
    "volume" : 20631336.00
  }, {
    "date" : "2025-11-24",
    "price" : 890.00,
    "dma50" : 729.81,
    "dma100" : 807.52,
    "dma200" : 820.51,
    "volume" : 26595819.00
  }, {
    "date" : "2025-11-25",
    "price" : 918.75,
    "dma50" : 737.22,
    "dma100" : 807.27,
    "dma200" : 821.49,
    "volume" : 15124978.00
  }, {
    "date" : "2025-11-26",
    "price" : 891.75,
    "dma50" : 743.28,
    "dma100" : 806.76,
    "dma200" : 822.19,
    "volume" : 6678043.00
  }, {
    "date" : "2025-11-27",
    "price" : 856.10,
    "dma50" : 747.71,
    "dma100" : 805.92,
    "dma200" : 822.52,
    "volume" : 4268647.00
  }, {
    "date" : "2025-11-28",
    "price" : 837.90,
    "dma50" : 751.24,
    "dma100" : 804.85,
    "dma200" : 822.68,
    "volume" : 2540697.00
  } ],
  "latestTechnicalAttributes" : {
    "date" : "2025-11-28",
    "price" : 837.90,
    "dma50" : 751.24,
    "dma100" : 804.85,
    "dma200" : 822.68,
    "volume" : 2540697.00
  },
  "quarterlyResults" : [ {
    "date" : "2009-06-30",
    "sales" : 29.21,
    "salesGrowthYoY" : null,
    "grossProfitMargin" : 30.43,
    "grossProfit" : 8.89,
    "operatingProfitMargin" : 22.73,
    "operatingProfit" : 6.64,
    "netProfitMargin" : 11.74,
    "netProfit" : 3.43
  }, {
    "date" : "2009-09-30",
    "sales" : 23.81,
    "salesGrowthYoY" : null,
    "grossProfitMargin" : 185.34,
    "grossProfit" : 44.13,
    "operatingProfitMargin" : 0.63,
    "operatingProfit" : 0.15,
    "netProfitMargin" : 14.11,
    "netProfit" : 3.36
  }, {
    "date" : "2009-12-31",
    "sales" : 29.63,
    "salesGrowthYoY" : null,
    "grossProfitMargin" : 30.44,
    "grossProfit" : 9.02,
    "operatingProfitMargin" : 24.30,
    "operatingProfit" : 7.20,
    "netProfitMargin" : 12.82,
    "netProfit" : 3.80
  }, {
    "date" : "2010-03-31",
    "sales" : 32.84,
    "salesGrowthYoY" : null,
    "grossProfitMargin" : 24.39,
    "grossProfit" : 8.01,
    "operatingProfitMargin" : 17.02,
    "operatingProfit" : 5.59,
    "netProfitMargin" : 8.07,
    "netProfit" : 2.65
  }, {
    "date" : "2010-06-30",
    "sales" : 31.02,
    "salesGrowthYoY" : 6.20,
    "grossProfitMargin" : 27.72,
    "grossProfit" : 8.60,
    "operatingProfitMargin" : 20.47,
    "operatingProfit" : 6.35,
    "netProfitMargin" : 10.90,
    "netProfit" : 3.38
  }, {
    "date" : "2010-09-30",
    "sales" : 31.27,
    "salesGrowthYoY" : 31.33,
    "grossProfitMargin" : 21.52,
    "grossProfit" : 6.73,
    "operatingProfitMargin" : 16.57,
    "operatingProfit" : 5.18,
    "netProfitMargin" : 6.78,
    "netProfit" : 2.12
  }, {
    "date" : "2010-12-31",
    "sales" : 26.40,
    "salesGrowthYoY" : -10.90,
    "grossProfitMargin" : 24.55,
    "grossProfit" : 6.48,
    "operatingProfitMargin" : 15.19,
    "operatingProfit" : 4.01,
    "netProfitMargin" : 5.91,
    "netProfit" : 1.56
  }, {
    "date" : "2011-03-31",
    "sales" : 23.29,
    "salesGrowthYoY" : -29.08,
    "grossProfitMargin" : 14.51,
    "grossProfit" : 3.38,
    "operatingProfitMargin" : 5.24,
    "operatingProfit" : 1.22,
    "netProfitMargin" : -8.50,
    "netProfit" : -1.98
  }, {
    "date" : "2011-06-30",
    "sales" : 26.76,
    "salesGrowthYoY" : -13.73,
    "grossProfitMargin" : 26.83,
    "grossProfit" : 7.18,
    "operatingProfitMargin" : 19.43,
    "operatingProfit" : 5.20,
    "netProfitMargin" : 7.62,
    "netProfit" : 2.04
  }, {
    "date" : "2011-09-30",
    "sales" : 30.44,
    "salesGrowthYoY" : -2.65,
    "grossProfitMargin" : 20.70,
    "grossProfit" : 6.30,
    "operatingProfitMargin" : 12.81,
    "operatingProfit" : 3.90,
    "netProfitMargin" : 0.26,
    "netProfit" : 0.08
  }, {
    "date" : "2011-12-31",
    "sales" : 28.63,
    "salesGrowthYoY" : 8.45,
    "grossProfitMargin" : 28.78,
    "grossProfit" : 8.24,
    "operatingProfitMargin" : 18.23,
    "operatingProfit" : 5.22,
    "netProfitMargin" : 2.03,
    "netProfit" : 0.58
  }, {
    "date" : "2012-03-31",
    "sales" : 25.97,
    "salesGrowthYoY" : 11.51,
    "grossProfitMargin" : 24.53,
    "grossProfit" : 6.37,
    "operatingProfitMargin" : 14.40,
    "operatingProfit" : 3.74,
    "netProfitMargin" : -1.93,
    "netProfit" : -0.50
  }, {
    "date" : "2012-06-30",
    "sales" : 31.69,
    "salesGrowthYoY" : 18.42,
    "grossProfitMargin" : 39.63,
    "grossProfit" : 12.56,
    "operatingProfitMargin" : 16.31,
    "operatingProfit" : 5.17,
    "netProfitMargin" : 2.46,
    "netProfit" : 0.78
  }, {
    "date" : "2012-09-30",
    "sales" : 38.66,
    "salesGrowthYoY" : 27.00,
    "grossProfitMargin" : 30.99,
    "grossProfit" : 11.98,
    "operatingProfitMargin" : 14.80,
    "operatingProfit" : 5.72,
    "netProfitMargin" : 7.19,
    "netProfit" : 2.78
  }, {
    "date" : "2012-12-31",
    "sales" : 38.34,
    "salesGrowthYoY" : 33.92,
    "grossProfitMargin" : 35.73,
    "grossProfit" : 13.70,
    "operatingProfitMargin" : 17.45,
    "operatingProfit" : 6.69,
    "netProfitMargin" : 0.86,
    "netProfit" : 0.33
  }, {
    "date" : "2013-03-31",
    "sales" : 56.96,
    "salesGrowthYoY" : 119.33,
    "grossProfitMargin" : 27.32,
    "grossProfit" : 15.56,
    "operatingProfitMargin" : 14.27,
    "operatingProfit" : 8.13,
    "netProfitMargin" : 4.81,
    "netProfit" : 2.74
  }, {
    "date" : "2013-06-30",
    "sales" : 41.70,
    "salesGrowthYoY" : 31.59,
    "grossProfitMargin" : 36.57,
    "grossProfit" : 15.25,
    "operatingProfitMargin" : 18.92,
    "operatingProfit" : 7.89,
    "netProfitMargin" : 5.61,
    "netProfit" : 2.34
  }, {
    "date" : "2013-09-30",
    "sales" : 57.76,
    "salesGrowthYoY" : 49.41,
    "grossProfitMargin" : 31.91,
    "grossProfit" : 18.43,
    "operatingProfitMargin" : 17.17,
    "operatingProfit" : 9.92,
    "netProfitMargin" : 5.35,
    "netProfit" : 3.09
  }, {
    "date" : "2013-12-31",
    "sales" : 47.33,
    "salesGrowthYoY" : 23.45,
    "grossProfitMargin" : 29.66,
    "grossProfit" : 14.04,
    "operatingProfitMargin" : 20.60,
    "operatingProfit" : 9.75,
    "netProfitMargin" : 4.80,
    "netProfit" : 2.27
  }, {
    "date" : "2014-03-31",
    "sales" : 42.49,
    "salesGrowthYoY" : -25.40,
    "grossProfitMargin" : 36.08,
    "grossProfit" : 15.33,
    "operatingProfitMargin" : 18.52,
    "operatingProfit" : 7.87,
    "netProfitMargin" : 3.32,
    "netProfit" : 1.41
  }, {
    "date" : "2014-06-30",
    "sales" : 49.40,
    "salesGrowthYoY" : 18.47,
    "grossProfitMargin" : 28.77,
    "grossProfit" : 14.21,
    "operatingProfitMargin" : 18.68,
    "operatingProfit" : 9.23,
    "netProfitMargin" : 4.90,
    "netProfit" : 2.42
  }, {
    "date" : "2014-09-30",
    "sales" : 59.37,
    "salesGrowthYoY" : 2.79,
    "grossProfitMargin" : 35.51,
    "grossProfit" : 21.08,
    "operatingProfitMargin" : 25.79,
    "operatingProfit" : 15.31,
    "netProfitMargin" : 10.16,
    "netProfit" : 6.03
  }, {
    "date" : "2014-12-31",
    "sales" : 53.37,
    "salesGrowthYoY" : 12.76,
    "grossProfitMargin" : 34.64,
    "grossProfit" : 18.49,
    "operatingProfitMargin" : 22.47,
    "operatingProfit" : 11.99,
    "netProfitMargin" : 6.93,
    "netProfit" : 3.70
  }, {
    "date" : "2015-03-31",
    "sales" : 91.62,
    "salesGrowthYoY" : 115.63,
    "grossProfitMargin" : 34.91,
    "grossProfit" : 31.98,
    "operatingProfitMargin" : 19.56,
    "operatingProfit" : 17.92,
    "netProfitMargin" : 13.69,
    "netProfit" : 12.54
  }, {
    "date" : "2015-06-30",
    "sales" : 56.83,
    "salesGrowthYoY" : 15.04,
    "grossProfitMargin" : 41.03,
    "grossProfit" : 23.32,
    "operatingProfitMargin" : 23.09,
    "operatingProfit" : 13.12,
    "netProfitMargin" : 11.28,
    "netProfit" : 6.41
  }, {
    "date" : "2015-09-30",
    "sales" : 60.76,
    "salesGrowthYoY" : 2.34,
    "grossProfitMargin" : 45.77,
    "grossProfit" : 27.81,
    "operatingProfitMargin" : 16.05,
    "operatingProfit" : 9.75,
    "netProfitMargin" : 8.06,
    "netProfit" : 4.90
  }, {
    "date" : "2015-12-31",
    "sales" : 32.03,
    "salesGrowthYoY" : -39.99,
    "grossProfitMargin" : 39.87,
    "grossProfit" : 12.77,
    "operatingProfitMargin" : -18.17,
    "operatingProfit" : -5.82,
    "netProfitMargin" : -21.54,
    "netProfit" : -6.90
  }, {
    "date" : "2016-03-31",
    "sales" : 82.45,
    "salesGrowthYoY" : -10.01,
    "grossProfitMargin" : 35.48,
    "grossProfit" : 29.25,
    "operatingProfitMargin" : 17.45,
    "operatingProfit" : 14.39,
    "netProfitMargin" : 0.93,
    "netProfit" : 0.77
  }, {
    "date" : "2016-06-30",
    "sales" : 70.19,
    "salesGrowthYoY" : 23.51,
    "grossProfitMargin" : 43.24,
    "grossProfit" : 30.35,
    "operatingProfitMargin" : 16.16,
    "operatingProfit" : 11.34,
    "netProfitMargin" : 5.33,
    "netProfit" : 3.74
  }, {
    "date" : "2016-09-30",
    "sales" : 85.12,
    "salesGrowthYoY" : 40.09,
    "grossProfitMargin" : 44.14,
    "grossProfit" : 37.57,
    "operatingProfitMargin" : 27.30,
    "operatingProfit" : 23.24,
    "netProfitMargin" : 14.51,
    "netProfit" : 12.35
  }, {
    "date" : "2016-12-31",
    "sales" : 60.82,
    "salesGrowthYoY" : 89.88,
    "grossProfitMargin" : 40.92,
    "grossProfit" : 24.89,
    "operatingProfitMargin" : 18.48,
    "operatingProfit" : 11.24,
    "netProfitMargin" : 1.91,
    "netProfit" : 1.16
  }, {
    "date" : "2017-03-31",
    "sales" : 86.09,
    "salesGrowthYoY" : 4.41,
    "grossProfitMargin" : 34.86,
    "grossProfit" : 30.01,
    "operatingProfitMargin" : 19.13,
    "operatingProfit" : 16.47,
    "netProfitMargin" : 10.05,
    "netProfit" : 8.65
  }, {
    "date" : "2017-06-30",
    "sales" : 69.01,
    "salesGrowthYoY" : -1.68,
    "grossProfitMargin" : 36.60,
    "grossProfit" : 25.26,
    "operatingProfitMargin" : 13.74,
    "operatingProfit" : 9.48,
    "netProfitMargin" : 5.78,
    "netProfit" : 3.99
  }, {
    "date" : "2017-09-30",
    "sales" : 95.93,
    "salesGrowthYoY" : 12.70,
    "grossProfitMargin" : 30.99,
    "grossProfit" : 29.73,
    "operatingProfitMargin" : 15.31,
    "operatingProfit" : 14.69,
    "netProfitMargin" : 6.98,
    "netProfit" : 6.70
  }, {
    "date" : "2017-12-31",
    "sales" : 74.29,
    "salesGrowthYoY" : 22.15,
    "grossProfitMargin" : 41.57,
    "grossProfit" : 30.88,
    "operatingProfitMargin" : 18.09,
    "operatingProfit" : 13.44,
    "netProfitMargin" : 6.58,
    "netProfit" : 4.89
  }, {
    "date" : "2018-03-31",
    "sales" : 128.36,
    "salesGrowthYoY" : 49.10,
    "grossProfitMargin" : 36.36,
    "grossProfit" : 46.67,
    "operatingProfitMargin" : 24.26,
    "operatingProfit" : 31.14,
    "netProfitMargin" : 13.32,
    "netProfit" : 17.10
  }, {
    "date" : "2018-06-30",
    "sales" : 65.00,
    "salesGrowthYoY" : -5.81,
    "grossProfitMargin" : 41.31,
    "grossProfit" : 26.85,
    "operatingProfitMargin" : 13.37,
    "operatingProfit" : 8.69,
    "netProfitMargin" : 2.28,
    "netProfit" : 1.48
  }, {
    "date" : "2018-09-30",
    "sales" : 112.72,
    "salesGrowthYoY" : 17.50,
    "grossProfitMargin" : 38.38,
    "grossProfit" : 43.26,
    "operatingProfitMargin" : 20.79,
    "operatingProfit" : 23.43,
    "netProfitMargin" : 10.26,
    "netProfit" : 11.57
  }, {
    "date" : "2018-12-31",
    "sales" : 119.43,
    "salesGrowthYoY" : 60.76,
    "grossProfitMargin" : 33.53,
    "grossProfit" : 40.04,
    "operatingProfitMargin" : 17.77,
    "operatingProfit" : 21.22,
    "netProfitMargin" : 8.32,
    "netProfit" : 9.94
  }, {
    "date" : "2019-03-31",
    "sales" : 133.76,
    "salesGrowthYoY" : 4.21,
    "grossProfitMargin" : 30.83,
    "grossProfit" : 41.24,
    "operatingProfitMargin" : 17.24,
    "operatingProfit" : 23.06,
    "netProfitMargin" : 9.49,
    "netProfit" : 12.69
  }, {
    "date" : "2019-06-30",
    "sales" : 76.99,
    "salesGrowthYoY" : 18.45,
    "grossProfitMargin" : 33.56,
    "grossProfit" : 25.84,
    "operatingProfitMargin" : 8.30,
    "operatingProfit" : 6.39,
    "netProfitMargin" : -1.45,
    "netProfit" : -1.12
  }, {
    "date" : "2019-09-30",
    "sales" : 140.21,
    "salesGrowthYoY" : 24.39,
    "grossProfitMargin" : 32.21,
    "grossProfit" : 45.16,
    "operatingProfitMargin" : 10.90,
    "operatingProfit" : 15.28,
    "netProfitMargin" : 3.76,
    "netProfit" : 5.27
  }, {
    "date" : "2019-12-31",
    "sales" : 124.83,
    "salesGrowthYoY" : 4.52,
    "grossProfitMargin" : 35.81,
    "grossProfit" : 44.70,
    "operatingProfitMargin" : 16.69,
    "operatingProfit" : 20.83,
    "netProfitMargin" : 9.73,
    "netProfit" : 12.15
  }, {
    "date" : "2020-03-31",
    "sales" : 180.18,
    "salesGrowthYoY" : 34.70,
    "grossProfitMargin" : 37.93,
    "grossProfit" : 68.34,
    "operatingProfitMargin" : 23.69,
    "operatingProfit" : 42.68,
    "netProfitMargin" : 17.30,
    "netProfit" : 31.17
  }, {
    "date" : "2020-06-30",
    "sales" : 111.94,
    "salesGrowthYoY" : 45.40,
    "grossProfitMargin" : 44.56,
    "grossProfit" : 49.88,
    "operatingProfitMargin" : 25.27,
    "operatingProfit" : 28.29,
    "netProfitMargin" : 14.45,
    "netProfit" : 16.18
  }, {
    "date" : "2020-09-30",
    "sales" : 155.00,
    "salesGrowthYoY" : 10.55,
    "grossProfitMargin" : 35.66,
    "grossProfit" : 55.27,
    "operatingProfitMargin" : 19.00,
    "operatingProfit" : 29.45,
    "netProfitMargin" : 11.31,
    "netProfit" : 17.53
  }, {
    "date" : "2020-12-31",
    "sales" : 116.01,
    "salesGrowthYoY" : -7.07,
    "grossProfitMargin" : 35.35,
    "grossProfit" : 41.01,
    "operatingProfitMargin" : 13.44,
    "operatingProfit" : 15.59,
    "netProfitMargin" : 6.08,
    "netProfit" : 7.05
  }, {
    "date" : "2021-03-31",
    "sales" : 171.92,
    "salesGrowthYoY" : -4.58,
    "grossProfitMargin" : 38.77,
    "grossProfit" : 66.65,
    "operatingProfitMargin" : 22.21,
    "operatingProfit" : 38.18,
    "netProfitMargin" : 13.93,
    "netProfit" : 23.95
  }, {
    "date" : "2021-06-30",
    "sales" : 128.66,
    "salesGrowthYoY" : 14.94,
    "grossProfitMargin" : 39.06,
    "grossProfit" : 50.25,
    "operatingProfitMargin" : 19.18,
    "operatingProfit" : 24.68,
    "netProfitMargin" : 10.08,
    "netProfit" : 12.97
  }, {
    "date" : "2021-09-30",
    "sales" : 102.57,
    "salesGrowthYoY" : -33.83,
    "grossProfitMargin" : 49.98,
    "grossProfit" : 51.26,
    "operatingProfitMargin" : 20.56,
    "operatingProfit" : 21.09,
    "netProfitMargin" : 8.83,
    "netProfit" : 9.06
  }, {
    "date" : "2021-12-31",
    "sales" : 173.35,
    "salesGrowthYoY" : 49.43,
    "grossProfitMargin" : 46.49,
    "grossProfit" : 80.59,
    "operatingProfitMargin" : 24.72,
    "operatingProfit" : 42.85,
    "netProfitMargin" : 14.27,
    "netProfit" : 24.74
  }, {
    "date" : "2022-03-31",
    "sales" : 271.98,
    "salesGrowthYoY" : 58.20,
    "grossProfitMargin" : 39.58,
    "grossProfit" : 107.65,
    "operatingProfitMargin" : 24.07,
    "operatingProfit" : 65.47,
    "netProfitMargin" : 15.82,
    "netProfit" : 43.03
  }, {
    "date" : "2022-06-30",
    "sales" : 184.27,
    "salesGrowthYoY" : 43.22,
    "grossProfitMargin" : 33.53,
    "grossProfit" : 61.79,
    "operatingProfitMargin" : 13.81,
    "operatingProfit" : 25.45,
    "netProfitMargin" : 6.18,
    "netProfit" : 11.39
  }, {
    "date" : "2022-09-30",
    "sales" : 199.75,
    "salesGrowthYoY" : 94.75,
    "grossProfitMargin" : 38.53,
    "grossProfit" : 76.96,
    "operatingProfitMargin" : 16.66,
    "operatingProfit" : 33.28,
    "netProfitMargin" : 9.16,
    "netProfit" : 18.30
  }, {
    "date" : "2022-12-31",
    "sales" : 117.18,
    "salesGrowthYoY" : -32.40,
    "grossProfitMargin" : 40.50,
    "grossProfit" : 47.46,
    "operatingProfitMargin" : 10.34,
    "operatingProfit" : 12.12,
    "netProfitMargin" : 0.71,
    "netProfit" : 0.83
  }, {
    "date" : "2023-03-31",
    "sales" : 126.97,
    "salesGrowthYoY" : -53.32,
    "grossProfitMargin" : 32.07,
    "grossProfit" : 40.72,
    "operatingProfitMargin" : 4.25,
    "operatingProfit" : 5.40,
    "netProfitMargin" : -3.94,
    "netProfit" : -5.00
  }, {
    "date" : "2023-06-30",
    "sales" : 142.85,
    "salesGrowthYoY" : -22.48,
    "grossProfitMargin" : 28.17,
    "grossProfit" : 40.24,
    "operatingProfitMargin" : 2.20,
    "operatingProfit" : 3.14,
    "netProfitMargin" : -5.75,
    "netProfit" : -8.21
  }, {
    "date" : "2023-09-30",
    "sales" : 110.79,
    "salesGrowthYoY" : -44.54,
    "grossProfitMargin" : 31.38,
    "grossProfit" : 34.77,
    "operatingProfitMargin" : -3.09,
    "operatingProfit" : -3.42,
    "netProfitMargin" : -12.14,
    "netProfit" : -13.45
  }, {
    "date" : "2023-12-31",
    "sales" : 50.79,
    "salesGrowthYoY" : -56.66,
    "grossProfitMargin" : 30.46,
    "grossProfit" : 15.47,
    "operatingProfitMargin" : -36.09,
    "operatingProfit" : -18.33,
    "netProfitMargin" : -47.94,
    "netProfit" : -24.35
  }, {
    "date" : "2024-03-31",
    "sales" : 153.75,
    "salesGrowthYoY" : 21.09,
    "grossProfitMargin" : 31.50,
    "grossProfit" : 48.43,
    "operatingProfitMargin" : 8.27,
    "operatingProfit" : 12.72,
    "netProfitMargin" : -0.64,
    "netProfit" : -0.98
  }, {
    "date" : "2024-06-30",
    "sales" : 69.37,
    "salesGrowthYoY" : -51.44,
    "grossProfitMargin" : -17.62,
    "grossProfit" : -12.22,
    "operatingProfitMargin" : -66.67,
    "operatingProfit" : -46.25,
    "netProfitMargin" : -57.29,
    "netProfit" : -39.74
  }, {
    "date" : "2024-09-30",
    "sales" : 98.55,
    "salesGrowthYoY" : -11.05,
    "grossProfitMargin" : 18.59,
    "grossProfit" : 18.32,
    "operatingProfitMargin" : -20.02,
    "operatingProfit" : -19.73,
    "netProfitMargin" : -39.14,
    "netProfit" : -38.57
  }, {
    "date" : "2024-12-31",
    "sales" : 93.86,
    "salesGrowthYoY" : 84.80,
    "grossProfitMargin" : 34.39,
    "grossProfit" : 32.28,
    "operatingProfitMargin" : -6.12,
    "operatingProfit" : -5.74,
    "netProfitMargin" : -43.04,
    "netProfit" : -40.40
  }, {
    "date" : "2025-03-31",
    "sales" : 119.53,
    "salesGrowthYoY" : -22.26,
    "grossProfitMargin" : 38.48,
    "grossProfit" : 46.00,
    "operatingProfitMargin" : 4.62,
    "operatingProfit" : 5.52,
    "netProfitMargin" : -13.47,
    "netProfit" : -16.10
  }, {
    "date" : "2025-06-30",
    "sales" : 91.08,
    "salesGrowthYoY" : 31.30,
    "grossProfitMargin" : 29.85,
    "grossProfit" : 27.19,
    "operatingProfitMargin" : -12.07,
    "operatingProfit" : -10.99,
    "netProfitMargin" : -36.30,
    "netProfit" : -33.06
  }, {
    "date" : "2025-09-30",
    "sales" : 73.72,
    "salesGrowthYoY" : -25.20,
    "grossProfitMargin" : 44.00,
    "grossProfit" : 32.44,
    "operatingProfitMargin" : -9.05,
    "operatingProfit" : -6.67,
    "netProfitMargin" : -33.17,
    "netProfit" : -24.45
  } ],
  "latestQuarterlyResult" : {
    "date" : "2025-09-30",
    "sales" : 73.72,
    "salesGrowthYoY" : -25.20,
    "grossProfitMargin" : 44.00,
    "grossProfit" : 32.44,
    "operatingProfitMargin" : -9.05,
    "operatingProfit" : -6.67,
    "netProfitMargin" : -33.17,
    "netProfit" : -24.45
  },
  "companyScore" : {
    "priceHigherThanDma50" : 5.00,
    "priceHigherThanDma100" : 5.00,
    "priceHigherThanDma200" : 5.00,
    "dma50HigherThanDma100" : 0.00,
    "dma50HigherThanDma200" : 0.00,
    "dma100HigherThanDma200" : 0.00,
    "pricePercentageAboveDma50" : 4.42,
    "pricePercentageAboveDma100" : 4.79,
    "pricePercentageAboveDma200" : 4.91,
    "weeklyVolumeHigherThanYearlyVolume" : 5.00,
    "salesGrowthPercentile" : 3.58,
    "operatingProfitMarginPercentile" : 12.26,
    "netProfitMarginPercentile" : 3.23,
    "totalTechnicalScore" : 34.13,
    "totalFundamentalScore" : 19.07,
    "totalScore" : 53.20
  }
}