{
  "metadata" : {
    "screenerCompanyId" : "350",
    "companyCode" : "AXISCADES",
    "companyName" : "AXISCADES Tech.",
    "screenerCompanyLink" : "https://www.screener.in/company/AXISCADES/consolidated/",
    "screenerTechnicalHistoryLink" : "https://www.screener.in/api/company/350/chart/?q=Price-DMA50-DMA200-Volume&days=365",
    "screenerQuarterlyResultsLink" : "https://www.screener.in/api/company/350/chart/?q=GPM-OPM-NPM-Quarter+Sales&days=10000",
    "attributes" : {
      "companyCode" : "AXISCADES",
      "companyName" : "AXISCADES Tech.",
      "marketCap" : 5271.00,
      "peRatio" : 48.00,
      "description" : "Axiscades Technologies Limited is a technology solutions company focussing on engineering solutions and services. [1]"
    },
    "companyScore" : {
      "priceHigherThanDma50" : 0.00,
      "priceHigherThanDma100" : 0.00,
      "priceHigherThanDma200" : 0.00,
      "dma50HigherThanDma100" : 0.00,
      "dma50HigherThanDma200" : 5.00,
      "dma100HigherThanDma200" : 5.00,
      "pricePercentageAboveDma50" : 5.17,
      "pricePercentageAboveDma100" : 5.64,
      "pricePercentageAboveDma200" : 5.08,
      "weeklyVolumeHigherThanYearlyVolume" : 0.00,
      "salesGrowthPercentile" : 8.75,
      "operatingProfitMarginPercentile" : 17.65,
      "netProfitMarginPercentile" : 5.71,
      "totalTechnicalScore" : 25.90,
      "totalFundamentalScore" : 32.11,
      "totalScore" : 58.01
    }
  },
  "attributes" : {
    "companyCode" : "AXISCADES",
    "companyName" : "AXISCADES Tech.",
    "marketCap" : 5271.00,
    "peRatio" : 48.00,
    "description" : "Axiscades Technologies Limited is a technology solutions company focussing on engineering solutions and services. [1]"
  },
  "technicalHistory" : [ {
    "date" : "2025-02-11",
    "price" : 695.65,
    "dma50" : 675.44,
    "dma100" : null,
    "dma200" : 598.25,
    "volume" : 131263.00
  }, {
    "date" : "2025-02-12",
    "price" : 719.10,
    "dma50" : 677.15,
    "dma100" : null,
    "dma200" : 599.46,
    "volume" : 221932.00
  }, {
    "date" : "2025-02-13",
    "price" : 751.80,
    "dma50" : 680.08,
    "dma100" : null,
    "dma200" : 600.97,
    "volume" : 135615.00
  }, {
    "date" : "2025-02-14",
    "price" : 721.25,
    "dma50" : 681.70,
    "dma100" : null,
    "dma200" : 602.17,
    "volume" : 76273.00
  }, {
    "date" : "2025-02-17",
    "price" : 685.20,
    "dma50" : 681.83,
    "dma100" : null,
    "dma200" : 603.00,
    "volume" : 69696.00
  }, {
    "date" : "2025-02-18",
    "price" : 711.25,
    "dma50" : 682.99,
    "dma100" : null,
    "dma200" : 604.07,
    "volume" : 219461.00
  }, {
    "date" : "2025-02-19",
    "price" : 745.15,
    "dma50" : 685.42,
    "dma100" : null,
    "dma200" : 605.48,
    "volume" : 130542.00
  }, {
    "date" : "2025-02-20",
    "price" : 760.05,
    "dma50" : 688.35,
    "dma100" : null,
    "dma200" : 607.01,
    "volume" : 106471.00
  }, {
    "date" : "2025-02-21",
    "price" : 756.65,
    "dma50" : 691.03,
    "dma100" : null,
    "dma200" : 608.50,
    "volume" : 59247.00
  }, {
    "date" : "2025-02-24",
    "price" : 738.65,
    "dma50" : 692.90,
    "dma100" : null,
    "dma200" : 609.80,
    "volume" : 48754.00
  }, {
    "date" : "2025-02-25",
    "price" : 719.50,
    "dma50" : 693.94,
    "dma100" : null,
    "dma200" : 610.89,
    "volume" : 41697.00
  }, {
    "date" : "2025-02-27",
    "price" : 705.50,
    "dma50" : 694.39,
    "dma100" : null,
    "dma200" : 611.83,
    "volume" : 47385.00
  }, {
    "date" : "2025-02-28",
    "price" : 712.95,
    "dma50" : 695.12,
    "dma100" : null,
    "dma200" : 612.84,
    "volume" : 112346.00
  }, {
    "date" : "2025-03-03",
    "price" : 692.20,
    "dma50" : 695.01,
    "dma100" : null,
    "dma200" : 613.63,
    "volume" : 57817.00
  }, {
    "date" : "2025-03-04",
    "price" : 708.20,
    "dma50" : 695.52,
    "dma100" : null,
    "dma200" : 614.57,
    "volume" : 60708.00
  }, {
    "date" : "2025-03-05",
    "price" : 742.90,
    "dma50" : 697.38,
    "dma100" : null,
    "dma200" : 615.85,
    "volume" : 160959.00
  }, {
    "date" : "2025-03-06",
    "price" : 780.00,
    "dma50" : 700.62,
    "dma100" : null,
    "dma200" : 617.48,
    "volume" : 253636.00
  }, {
    "date" : "2025-03-07",
    "price" : 819.00,
    "dma50" : 705.26,
    "dma100" : null,
    "dma200" : 619.48,
    "volume" : 190279.00
  }, {
    "date" : "2025-03-10",
    "price" : 859.95,
    "dma50" : 711.33,
    "dma100" : null,
    "dma200" : 621.88,
    "volume" : 284490.00
  }, {
    "date" : "2025-03-11",
    "price" : 891.90,
    "dma50" : 718.41,
    "dma100" : null,
    "dma200" : 624.56,
    "volume" : 287055.00
  }, {
    "date" : "2025-03-12",
    "price" : 854.00,
    "dma50" : 723.73,
    "dma100" : null,
    "dma200" : 626.85,
    "volume" : 152689.00
  }, {
    "date" : "2025-03-13",
    "price" : 830.15,
    "dma50" : 727.90,
    "dma100" : null,
    "dma200" : 628.87,
    "volume" : 83170.00
  }, {
    "date" : "2025-03-17",
    "price" : 871.65,
    "dma50" : 733.54,
    "dma100" : null,
    "dma200" : 631.28,
    "volume" : 87871.00
  }, {
    "date" : "2025-03-18",
    "price" : 915.20,
    "dma50" : 740.66,
    "dma100" : null,
    "dma200" : 634.11,
    "volume" : 146990.00
  }, {
    "date" : "2025-03-19",
    "price" : 922.60,
    "dma50" : 747.80,
    "dma100" : null,
    "dma200" : 636.98,
    "volume" : 224349.00
  }, {
    "date" : "2025-03-20",
    "price" : 917.55,
    "dma50" : 754.45,
    "dma100" : null,
    "dma200" : 639.77,
    "volume" : 80630.00
  }, {
    "date" : "2025-03-21",
    "price" : 963.40,
    "dma50" : 762.65,
    "dma100" : null,
    "dma200" : 642.99,
    "volume" : 162518.00
  }, {
    "date" : "2025-03-24",
    "price" : 917.45,
    "dma50" : 768.72,
    "dma100" : null,
    "dma200" : 645.72,
    "volume" : 158993.00
  }, {
    "date" : "2025-03-25",
    "price" : 918.05,
    "dma50" : 774.58,
    "dma100" : null,
    "dma200" : 648.43,
    "volume" : 113768.00
  }, {
    "date" : "2025-03-26",
    "price" : 891.15,
    "dma50" : 779.15,
    "dma100" : null,
    "dma200" : 650.85,
    "volume" : 45059.00
  }, {
    "date" : "2025-03-27",
    "price" : 898.00,
    "dma50" : 783.81,
    "dma100" : null,
    "dma200" : 653.31,
    "volume" : 74710.00
  }, {
    "date" : "2025-03-28",
    "price" : 892.30,
    "dma50" : 788.06,
    "dma100" : null,
    "dma200" : 655.69,
    "volume" : 68893.00
  }, {
    "date" : "2025-04-01",
    "price" : 881.50,
    "dma50" : 791.73,
    "dma100" : null,
    "dma200" : 657.93,
    "volume" : 47415.00
  }, {
    "date" : "2025-04-02",
    "price" : 882.20,
    "dma50" : 795.27,
    "dma100" : null,
    "dma200" : 660.16,
    "volume" : 58026.00
  }, {
    "date" : "2025-04-03",
    "price" : 926.30,
    "dma50" : 800.41,
    "dma100" : null,
    "dma200" : 662.81,
    "volume" : 188181.00
  }, {
    "date" : "2025-04-04",
    "price" : 880.00,
    "dma50" : 803.53,
    "dma100" : null,
    "dma200" : 664.97,
    "volume" : 151310.00
  }, {
    "date" : "2025-04-07",
    "price" : 836.00,
    "dma50" : 804.81,
    "dma100" : null,
    "dma200" : 666.67,
    "volume" : 17444.00
  }, {
    "date" : "2025-04-08",
    "price" : 794.20,
    "dma50" : 804.39,
    "dma100" : null,
    "dma200" : 667.94,
    "volume" : 166897.00
  }, {
    "date" : "2025-04-09",
    "price" : 754.50,
    "dma50" : 802.43,
    "dma100" : null,
    "dma200" : 668.80,
    "volume" : 60833.00
  }, {
    "date" : "2025-04-11",
    "price" : 792.20,
    "dma50" : 802.03,
    "dma100" : null,
    "dma200" : 670.03,
    "volume" : 138657.00
  }, {
    "date" : "2025-04-15",
    "price" : 831.80,
    "dma50" : 803.20,
    "dma100" : null,
    "dma200" : 671.64,
    "volume" : 109307.00
  }, {
    "date" : "2025-04-16",
    "price" : 869.35,
    "dma50" : 805.79,
    "dma100" : null,
    "dma200" : 673.61,
    "volume" : 77396.00
  }, {
    "date" : "2025-04-17",
    "price" : 849.70,
    "dma50" : 807.52,
    "dma100" : null,
    "dma200" : 675.36,
    "volume" : 39857.00
  }, {
    "date" : "2025-04-21",
    "price" : 868.85,
    "dma50" : 809.92,
    "dma100" : null,
    "dma200" : 677.29,
    "volume" : 37064.00
  }, {
    "date" : "2025-04-22",
    "price" : 854.70,
    "dma50" : 811.68,
    "dma100" : null,
    "dma200" : 679.05,
    "volume" : 42146.00
  }, {
    "date" : "2025-04-23",
    "price" : 823.15,
    "dma50" : 812.13,
    "dma100" : null,
    "dma200" : 680.49,
    "volume" : 105248.00
  }, {
    "date" : "2025-04-24",
    "price" : 841.25,
    "dma50" : 813.27,
    "dma100" : null,
    "dma200" : 682.09,
    "volume" : 99112.00
  }, {
    "date" : "2025-04-25",
    "price" : 808.70,
    "dma50" : 813.09,
    "dma100" : null,
    "dma200" : 683.35,
    "volume" : 106241.00
  }, {
    "date" : "2025-04-28",
    "price" : 807.00,
    "dma50" : 812.85,
    "dma100" : null,
    "dma200" : 684.58,
    "volume" : 39081.00
  }, {
    "date" : "2025-04-29",
    "price" : 836.85,
    "dma50" : 813.79,
    "dma100" : null,
    "dma200" : 686.09,
    "volume" : 88414.00
  }, {
    "date" : "2025-04-30",
    "price" : 809.25,
    "dma50" : 813.61,
    "dma100" : null,
    "dma200" : 687.32,
    "volume" : 76093.00
  }, {
    "date" : "2025-05-02",
    "price" : 793.10,
    "dma50" : 812.81,
    "dma100" : null,
    "dma200" : 688.37,
    "volume" : 48912.00
  }, {
    "date" : "2025-05-05",
    "price" : 808.15,
    "dma50" : 812.63,
    "dma100" : null,
    "dma200" : 689.56,
    "volume" : 45982.00
  }, {
    "date" : "2025-05-06",
    "price" : 768.20,
    "dma50" : 810.89,
    "dma100" : null,
    "dma200" : 690.34,
    "volume" : 53021.00
  }, {
    "date" : "2025-05-07",
    "price" : 793.75,
    "dma50" : 810.21,
    "dma100" : null,
    "dma200" : 691.37,
    "volume" : 74373.00
  }, {
    "date" : "2025-05-08",
    "price" : 771.00,
    "dma50" : 808.68,
    "dma100" : null,
    "dma200" : 692.16,
    "volume" : 50903.00
  }, {
    "date" : "2025-05-09",
    "price" : 768.80,
    "dma50" : 807.11,
    "dma100" : null,
    "dma200" : 692.93,
    "volume" : 101926.00
  }, {
    "date" : "2025-05-12",
    "price" : 807.20,
    "dma50" : 807.12,
    "dma100" : null,
    "dma200" : 694.06,
    "volume" : 43095.00
  }, {
    "date" : "2025-05-13",
    "price" : 847.50,
    "dma50" : 808.70,
    "dma100" : null,
    "dma200" : 695.59,
    "volume" : 108116.00
  }, {
    "date" : "2025-05-14",
    "price" : 889.85,
    "dma50" : 811.88,
    "dma100" : null,
    "dma200" : 697.52,
    "volume" : 89352.00
  }, {
    "date" : "2025-05-15",
    "price" : 934.30,
    "dma50" : 816.68,
    "dma100" : null,
    "dma200" : 699.88,
    "volume" : 249006.00
  }, {
    "date" : "2025-05-16",
    "price" : 933.20,
    "dma50" : 821.25,
    "dma100" : null,
    "dma200" : 702.20,
    "volume" : 153407.00
  }, {
    "date" : "2025-05-19",
    "price" : 979.85,
    "dma50" : 827.47,
    "dma100" : null,
    "dma200" : 704.96,
    "volume" : 164974.00
  }, {
    "date" : "2025-05-20",
    "price" : 937.95,
    "dma50" : 831.80,
    "dma100" : null,
    "dma200" : 707.28,
    "volume" : 190982.00
  }, {
    "date" : "2025-05-21",
    "price" : 968.25,
    "dma50" : 837.15,
    "dma100" : null,
    "dma200" : 709.88,
    "volume" : 83996.00
  }, {
    "date" : "2025-05-22",
    "price" : 1016.65,
    "dma50" : 844.19,
    "dma100" : null,
    "dma200" : 712.93,
    "volume" : 232133.00
  }, {
    "date" : "2025-05-23",
    "price" : 996.20,
    "dma50" : 850.15,
    "dma100" : null,
    "dma200" : 715.75,
    "volume" : 186511.00
  }, {
    "date" : "2025-05-26",
    "price" : 962.10,
    "dma50" : 854.54,
    "dma100" : null,
    "dma200" : 718.20,
    "volume" : 188635.00
  }, {
    "date" : "2025-05-27",
    "price" : 946.85,
    "dma50" : 858.16,
    "dma100" : null,
    "dma200" : 720.48,
    "volume" : 298324.00
  }, {
    "date" : "2025-05-28",
    "price" : 994.15,
    "dma50" : 863.50,
    "dma100" : null,
    "dma200" : 723.20,
    "volume" : 433021.00
  }, {
    "date" : "2025-05-29",
    "price" : 1043.40,
    "dma50" : 870.55,
    "dma100" : null,
    "dma200" : 726.39,
    "volume" : 672228.00
  }, {
    "date" : "2025-05-30",
    "price" : 1041.75,
    "dma50" : 877.27,
    "dma100" : null,
    "dma200" : 729.52,
    "volume" : 179595.00
  }, {
    "date" : "2025-06-02",
    "price" : 1093.80,
    "dma50" : 885.76,
    "dma100" : null,
    "dma200" : 733.15,
    "volume" : 282295.00
  }, {
    "date" : "2025-06-03",
    "price" : 1103.60,
    "dma50" : 894.30,
    "dma100" : null,
    "dma200" : 736.83,
    "volume" : 313275.00
  }, {
    "date" : "2025-06-04",
    "price" : 1077.20,
    "dma50" : 901.47,
    "dma100" : null,
    "dma200" : 740.22,
    "volume" : 206422.00
  }, {
    "date" : "2025-06-05",
    "price" : 1131.00,
    "dma50" : 910.47,
    "dma100" : null,
    "dma200" : 744.11,
    "volume" : 114646.00
  }, {
    "date" : "2025-06-06",
    "price" : 1094.30,
    "dma50" : 917.68,
    "dma100" : null,
    "dma200" : 747.59,
    "volume" : 139593.00
  }, {
    "date" : "2025-06-09",
    "price" : 1087.60,
    "dma50" : 924.35,
    "dma100" : null,
    "dma200" : 750.98,
    "volume" : 78356.00
  }, {
    "date" : "2025-06-10",
    "price" : 1124.00,
    "dma50" : 932.18,
    "dma100" : null,
    "dma200" : 754.69,
    "volume" : 78197.00
  }, {
    "date" : "2025-06-11",
    "price" : 1165.40,
    "dma50" : 941.32,
    "dma100" : null,
    "dma200" : 758.78,
    "volume" : 660768.00
  }, {
    "date" : "2025-06-12",
    "price" : 1137.50,
    "dma50" : 949.01,
    "dma100" : null,
    "dma200" : 762.54,
    "volume" : 117540.00
  }, {
    "date" : "2025-06-13",
    "price" : 1159.40,
    "dma50" : 957.27,
    "dma100" : null,
    "dma200" : 766.49,
    "volume" : 138348.00
  }, {
    "date" : "2025-06-16",
    "price" : 1217.30,
    "dma50" : 967.46,
    "dma100" : null,
    "dma200" : 770.98,
    "volume" : 153167.00
  }, {
    "date" : "2025-06-17",
    "price" : 1278.10,
    "dma50" : 979.64,
    "dma100" : null,
    "dma200" : 776.02,
    "volume" : 72802.00
  }, {
    "date" : "2025-06-18",
    "price" : 1342.00,
    "dma50" : 993.85,
    "dma100" : null,
    "dma200" : 781.66,
    "volume" : 39519.00
  }, {
    "date" : "2025-06-19",
    "price" : 1409.10,
    "dma50" : 1010.14,
    "dma100" : null,
    "dma200" : 787.90,
    "volume" : 474424.00
  }, {
    "date" : "2025-06-20",
    "price" : 1402.50,
    "dma50" : 1025.53,
    "dma100" : null,
    "dma200" : 794.01,
    "volume" : 176658.00
  }, {
    "date" : "2025-06-23",
    "price" : 1414.60,
    "dma50" : 1040.78,
    "dma100" : null,
    "dma200" : 800.19,
    "volume" : 182107.00
  }, {
    "date" : "2025-06-24",
    "price" : 1365.80,
    "dma50" : 1053.53,
    "dma100" : null,
    "dma200" : 805.82,
    "volume" : 128796.00
  }, {
    "date" : "2025-06-25",
    "price" : 1324.20,
    "dma50" : 1064.14,
    "dma100" : null,
    "dma200" : 810.98,
    "volume" : 169208.00
  }, {
    "date" : "2025-06-26",
    "price" : 1359.70,
    "dma50" : 1075.73,
    "dma100" : null,
    "dma200" : 816.44,
    "volume" : 81426.00
  }, {
    "date" : "2025-06-27",
    "price" : 1426.30,
    "dma50" : 1089.48,
    "dma100" : null,
    "dma200" : 822.50,
    "volume" : 168206.00
  }, {
    "date" : "2025-06-30",
    "price" : 1480.90,
    "dma50" : 1104.83,
    "dma100" : null,
    "dma200" : 829.06,
    "volume" : 260981.00
  }, {
    "date" : "2025-07-01",
    "price" : 1443.20,
    "dma50" : 1118.10,
    "dma100" : null,
    "dma200" : 835.17,
    "volume" : 84047.00
  }, {
    "date" : "2025-07-02",
    "price" : 1424.70,
    "dma50" : 1130.12,
    "dma100" : null,
    "dma200" : 841.03,
    "volume" : 109359.00
  }, {
    "date" : "2025-07-03",
    "price" : 1370.50,
    "dma50" : 1139.55,
    "dma100" : null,
    "dma200" : 846.30,
    "volume" : 155885.00
  }, {
    "date" : "2025-07-04",
    "price" : 1434.80,
    "dma50" : 1151.13,
    "dma100" : null,
    "dma200" : 852.16,
    "volume" : 103422.00
  }, {
    "date" : "2025-07-07",
    "price" : 1467.00,
    "dma50" : 1163.52,
    "dma100" : null,
    "dma200" : 858.27,
    "volume" : 172898.00
  }, {
    "date" : "2025-07-08",
    "price" : 1448.40,
    "dma50" : 1174.69,
    "dma100" : null,
    "dma200" : 864.15,
    "volume" : 75293.00
  }, {
    "date" : "2025-07-09",
    "price" : 1465.20,
    "dma50" : 1186.08,
    "dma100" : null,
    "dma200" : 870.13,
    "volume" : 65147.00
  }, {
    "date" : "2025-07-10",
    "price" : 1443.00,
    "dma50" : 1196.16,
    "dma100" : 976.53,
    "dma200" : 875.83,
    "volume" : 68037.00
  }, {
    "date" : "2025-07-11",
    "price" : 1436.20,
    "dma50" : 1205.57,
    "dma100" : 983.71,
    "dma200" : 881.40,
    "volume" : 67929.00
  }, {
    "date" : "2025-07-14",
    "price" : 1396.90,
    "dma50" : 1213.07,
    "dma100" : 990.16,
    "dma200" : 886.53,
    "volume" : 79241.00
  }, {
    "date" : "2025-07-15",
    "price" : 1386.80,
    "dma50" : 1219.89,
    "dma100" : 996.81,
    "dma200" : 891.51,
    "volume" : 57304.00
  }, {
    "date" : "2025-07-16",
    "price" : 1366.00,
    "dma50" : 1225.62,
    "dma100" : 1003.62,
    "dma200" : 896.23,
    "volume" : 74403.00
  }, {
    "date" : "2025-07-17",
    "price" : 1346.40,
    "dma50" : 1230.35,
    "dma100" : 1009.97,
    "dma200" : 900.71,
    "volume" : 44724.00
  }, {
    "date" : "2025-07-18",
    "price" : 1345.40,
    "dma50" : 1234.86,
    "dma100" : 1015.97,
    "dma200" : 905.13,
    "volume" : 46513.00
  }, {
    "date" : "2025-07-21",
    "price" : 1363.00,
    "dma50" : 1239.89,
    "dma100" : 1022.00,
    "dma200" : 909.69,
    "volume" : 84484.00
  }, {
    "date" : "2025-07-22",
    "price" : 1374.40,
    "dma50" : 1245.16,
    "dma100" : 1028.18,
    "dma200" : 914.31,
    "volume" : 32726.00
  }, {
    "date" : "2025-07-23",
    "price" : 1443.10,
    "dma50" : 1252.93,
    "dma100" : 1035.23,
    "dma200" : 919.58,
    "volume" : 179595.00
  }, {
    "date" : "2025-07-24",
    "price" : 1393.20,
    "dma50" : 1258.43,
    "dma100" : 1041.96,
    "dma200" : 924.29,
    "volume" : 101582.00
  }, {
    "date" : "2025-07-25",
    "price" : 1369.90,
    "dma50" : 1262.80,
    "dma100" : 1048.61,
    "dma200" : 928.72,
    "volume" : 68952.00
  }, {
    "date" : "2025-07-28",
    "price" : 1301.40,
    "dma50" : 1264.31,
    "dma100" : 1054.49,
    "dma200" : 932.43,
    "volume" : 91616.00
  }, {
    "date" : "2025-07-29",
    "price" : 1237.70,
    "dma50" : 1263.27,
    "dma100" : 1059.95,
    "dma200" : 935.47,
    "volume" : 186660.00
  }, {
    "date" : "2025-07-30",
    "price" : 1299.50,
    "dma50" : 1264.69,
    "dma100" : 1065.86,
    "dma200" : 939.09,
    "volume" : 109066.00
  }, {
    "date" : "2025-07-31",
    "price" : 1325.40,
    "dma50" : 1267.07,
    "dma100" : 1071.68,
    "dma200" : 942.93,
    "volume" : 122721.00
  }, {
    "date" : "2025-08-01",
    "price" : 1280.70,
    "dma50" : 1267.60,
    "dma100" : 1076.69,
    "dma200" : 946.30,
    "volume" : 62721.00
  }, {
    "date" : "2025-08-04",
    "price" : 1283.40,
    "dma50" : 1268.22,
    "dma100" : 1081.34,
    "dma200" : 949.65,
    "volume" : 58784.00
  }, {
    "date" : "2025-08-05",
    "price" : 1344.90,
    "dma50" : 1271.23,
    "dma100" : 1086.18,
    "dma200" : 953.58,
    "volume" : 106521.00
  }, {
    "date" : "2025-08-06",
    "price" : 1386.00,
    "dma50" : 1275.73,
    "dma100" : 1091.13,
    "dma200" : 957.89,
    "volume" : 194500.00
  }, {
    "date" : "2025-08-07",
    "price" : 1363.20,
    "dma50" : 1279.16,
    "dma100" : 1096.22,
    "dma200" : 961.92,
    "volume" : 94461.00
  }, {
    "date" : "2025-08-08",
    "price" : 1295.10,
    "dma50" : 1279.79,
    "dma100" : 1100.87,
    "dma200" : 965.23,
    "volume" : 156011.00
  }, {
    "date" : "2025-08-11",
    "price" : 1238.40,
    "dma50" : 1278.16,
    "dma100" : 1104.53,
    "dma200" : 967.95,
    "volume" : 111919.00
  }, {
    "date" : "2025-08-12",
    "price" : 1209.30,
    "dma50" : 1275.46,
    "dma100" : 1107.48,
    "dma200" : 970.35,
    "volume" : 57461.00
  }, {
    "date" : "2025-08-13",
    "price" : 1224.00,
    "dma50" : 1273.45,
    "dma100" : 1110.49,
    "dma200" : 972.88,
    "volume" : 77036.00
  }, {
    "date" : "2025-08-14",
    "price" : 1210.80,
    "dma50" : 1270.99,
    "dma100" : 1113.42,
    "dma200" : 975.24,
    "volume" : 46999.00
  }, {
    "date" : "2025-08-18",
    "price" : 1197.80,
    "dma50" : 1268.12,
    "dma100" : 1115.77,
    "dma200" : 977.46,
    "volume" : 55385.00
  }, {
    "date" : "2025-08-19",
    "price" : 1187.40,
    "dma50" : 1264.95,
    "dma100" : 1118.47,
    "dma200" : 979.55,
    "volume" : 269339.00
  }, {
    "date" : "2025-08-20",
    "price" : 1178.20,
    "dma50" : 1261.55,
    "dma100" : 1121.07,
    "dma200" : 981.52,
    "volume" : 103613.00
  }, {
    "date" : "2025-08-21",
    "price" : 1193.30,
    "dma50" : 1258.87,
    "dma100" : 1124.09,
    "dma200" : 983.63,
    "volume" : 92183.00
  }, {
    "date" : "2025-08-22",
    "price" : 1215.70,
    "dma50" : 1257.18,
    "dma100" : 1127.27,
    "dma200" : 985.94,
    "volume" : 88812.00
  }, {
    "date" : "2025-08-25",
    "price" : 1276.40,
    "dma50" : 1257.93,
    "dma100" : 1131.11,
    "dma200" : 988.83,
    "volume" : 138697.00
  }, {
    "date" : "2025-08-26",
    "price" : 1266.90,
    "dma50" : 1258.29,
    "dma100" : 1134.96,
    "dma200" : 991.60,
    "volume" : 80142.00
  }, {
    "date" : "2025-08-28",
    "price" : 1279.40,
    "dma50" : 1259.11,
    "dma100" : 1138.93,
    "dma200" : 994.46,
    "volume" : 79714.00
  }, {
    "date" : "2025-08-29",
    "price" : 1245.80,
    "dma50" : 1258.59,
    "dma100" : 1142.13,
    "dma200" : 996.96,
    "volume" : 44607.00
  }, {
    "date" : "2025-09-01",
    "price" : 1274.00,
    "dma50" : 1259.20,
    "dma100" : 1146.07,
    "dma200" : 999.72,
    "volume" : 56536.00
  }, {
    "date" : "2025-09-02",
    "price" : 1337.70,
    "dma50" : 1262.28,
    "dma100" : 1151.08,
    "dma200" : 1003.08,
    "volume" : 88650.00
  }, {
    "date" : "2025-09-03",
    "price" : 1368.80,
    "dma50" : 1266.45,
    "dma100" : 1156.83,
    "dma200" : 1006.72,
    "volume" : 115981.00
  }, {
    "date" : "2025-09-04",
    "price" : 1374.70,
    "dma50" : 1270.70,
    "dma100" : 1163.03,
    "dma200" : 1010.38,
    "volume" : 89154.00
  }, {
    "date" : "2025-09-05",
    "price" : 1436.80,
    "dma50" : 1277.21,
    "dma100" : 1169.48,
    "dma200" : 1014.63,
    "volume" : 91043.00
  }, {
    "date" : "2025-09-08",
    "price" : 1508.60,
    "dma50" : 1286.29,
    "dma100" : 1176.25,
    "dma200" : 1019.54,
    "volume" : 191785.00
  }, {
    "date" : "2025-09-09",
    "price" : 1474.90,
    "dma50" : 1293.68,
    "dma100" : 1182.30,
    "dma200" : 1024.07,
    "volume" : 237734.00
  }, {
    "date" : "2025-09-10",
    "price" : 1548.20,
    "dma50" : 1303.66,
    "dma100" : 1189.29,
    "dma200" : 1029.29,
    "volume" : 296702.00
  }, {
    "date" : "2025-09-11",
    "price" : 1522.20,
    "dma50" : 1312.23,
    "dma100" : 1195.82,
    "dma200" : 1034.19,
    "volume" : 107401.00
  }, {
    "date" : "2025-09-12",
    "price" : 1578.90,
    "dma50" : 1322.69,
    "dma100" : 1203.06,
    "dma200" : 1039.61,
    "volume" : 159586.00
  }, {
    "date" : "2025-09-15",
    "price" : 1602.40,
    "dma50" : 1333.66,
    "dma100" : 1210.86,
    "dma200" : 1045.21,
    "volume" : 261036.00
  }, {
    "date" : "2025-09-16",
    "price" : 1682.50,
    "dma50" : 1347.34,
    "dma100" : 1219.27,
    "dma200" : 1051.55,
    "volume" : 376141.00
  }, {
    "date" : "2025-09-17",
    "price" : 1687.70,
    "dma50" : 1360.69,
    "dma100" : 1228.06,
    "dma200" : 1057.88,
    "volume" : 257914.00
  }, {
    "date" : "2025-09-18",
    "price" : 1676.40,
    "dma50" : 1373.07,
    "dma100" : 1236.75,
    "dma200" : 1064.04,
    "volume" : 151788.00
  }, {
    "date" : "2025-09-19",
    "price" : 1683.80,
    "dma50" : 1385.25,
    "dma100" : 1245.22,
    "dma200" : 1070.20,
    "volume" : 223856.00
  }, {
    "date" : "2025-09-22",
    "price" : 1764.40,
    "dma50" : 1400.12,
    "dma100" : 1254.77,
    "dma200" : 1077.11,
    "volume" : 317559.00
  }, {
    "date" : "2025-09-23",
    "price" : 1684.20,
    "dma50" : 1411.26,
    "dma100" : 1263.68,
    "dma200" : 1083.15,
    "volume" : 219565.00
  }, {
    "date" : "2025-09-24",
    "price" : 1683.20,
    "dma50" : 1421.93,
    "dma100" : 1272.43,
    "dma200" : 1089.12,
    "volume" : 202055.00
  }, {
    "date" : "2025-09-25",
    "price" : 1673.60,
    "dma50" : 1431.80,
    "dma100" : 1281.49,
    "dma200" : 1094.94,
    "volume" : 85321.00
  }, {
    "date" : "2025-09-26",
    "price" : 1640.40,
    "dma50" : 1439.98,
    "dma100" : 1289.95,
    "dma200" : 1100.37,
    "volume" : 171148.00
  }, {
    "date" : "2025-09-29",
    "price" : 1653.20,
    "dma50" : 1448.34,
    "dma100" : 1298.78,
    "dma200" : 1105.87,
    "volume" : 251161.00
  }, {
    "date" : "2025-09-30",
    "price" : 1594.00,
    "dma50" : 1454.05,
    "dma100" : 1307.03,
    "dma200" : 1110.72,
    "volume" : 220477.00
  }, {
    "date" : "2025-10-01",
    "price" : 1625.00,
    "dma50" : 1460.75,
    "dma100" : 1315.21,
    "dma200" : 1115.84,
    "volume" : 145723.00
  }, {
    "date" : "2025-10-03",
    "price" : 1706.20,
    "dma50" : 1470.38,
    "dma100" : 1323.79,
    "dma200" : 1121.71,
    "volume" : 116677.00
  }, {
    "date" : "2025-10-06",
    "price" : 1689.30,
    "dma50" : 1478.97,
    "dma100" : 1331.79,
    "dma200" : 1127.36,
    "volume" : 186973.00
  }, {
    "date" : "2025-10-07",
    "price" : 1682.80,
    "dma50" : 1486.96,
    "dma100" : 1339.27,
    "dma200" : 1132.89,
    "volume" : 111628.00
  }, {
    "date" : "2025-10-08",
    "price" : 1724.20,
    "dma50" : 1496.26,
    "dma100" : 1347.18,
    "dma200" : 1138.77,
    "volume" : 106439.00
  }, {
    "date" : "2025-10-09",
    "price" : 1679.10,
    "dma50" : 1503.43,
    "dma100" : 1354.18,
    "dma200" : 1144.15,
    "volume" : 47035.00
  }, {
    "date" : "2025-10-10",
    "price" : 1668.80,
    "dma50" : 1509.92,
    "dma100" : 1361.48,
    "dma200" : 1149.37,
    "volume" : 41025.00
  }, {
    "date" : "2025-10-13",
    "price" : 1593.60,
    "dma50" : 1513.20,
    "dma100" : 1367.74,
    "dma200" : 1153.79,
    "volume" : 71313.00
  }, {
    "date" : "2025-10-14",
    "price" : 1545.50,
    "dma50" : 1514.47,
    "dma100" : 1373.03,
    "dma200" : 1157.69,
    "volume" : 54781.00
  }, {
    "date" : "2025-10-15",
    "price" : 1602.30,
    "dma50" : 1517.91,
    "dma100" : 1379.09,
    "dma200" : 1162.11,
    "volume" : 65505.00
  }, {
    "date" : "2025-10-16",
    "price" : 1522.20,
    "dma50" : 1518.08,
    "dma100" : 1384.69,
    "dma200" : 1165.69,
    "volume" : 69374.00
  }, {
    "date" : "2025-10-17",
    "price" : 1517.20,
    "dma50" : 1518.04,
    "dma100" : 1390.39,
    "dma200" : 1169.19,
    "volume" : 71277.00
  }, {
    "date" : "2025-10-20",
    "price" : 1504.80,
    "dma50" : 1517.52,
    "dma100" : 1395.50,
    "dma200" : 1172.53,
    "volume" : 34320.00
  }, {
    "date" : "2025-10-21",
    "price" : 1507.50,
    "dma50" : 1517.13,
    "dma100" : 1400.14,
    "dma200" : 1175.86,
    "volume" : 19109.00
  }, {
    "date" : "2025-10-23",
    "price" : 1478.00,
    "dma50" : 1515.60,
    "dma100" : 1404.50,
    "dma200" : 1178.87,
    "volume" : 51070.00
  }, {
    "date" : "2025-10-24",
    "price" : 1445.00,
    "dma50" : 1512.83,
    "dma100" : 1408.01,
    "dma200" : 1181.52,
    "volume" : 76383.00
  }, {
    "date" : "2025-10-27",
    "price" : 1413.60,
    "dma50" : 1508.94,
    "dma100" : 1411.11,
    "dma200" : 1183.83,
    "volume" : 80487.00
  }, {
    "date" : "2025-10-28",
    "price" : 1479.10,
    "dma50" : 1507.77,
    "dma100" : 1415.13,
    "dma200" : 1186.77,
    "volume" : 90486.00
  }, {
    "date" : "2025-10-29",
    "price" : 1553.00,
    "dma50" : 1509.54,
    "dma100" : 1419.35,
    "dma200" : 1190.41,
    "volume" : 103173.00
  }, {
    "date" : "2025-10-30",
    "price" : 1548.20,
    "dma50" : 1511.06,
    "dma100" : 1423.89,
    "dma200" : 1193.97,
    "volume" : 63426.00
  }, {
    "date" : "2025-10-31",
    "price" : 1601.10,
    "dma50" : 1514.59,
    "dma100" : 1429.03,
    "dma200" : 1198.02,
    "volume" : 76048.00
  }, {
    "date" : "2025-11-03",
    "price" : 1573.20,
    "dma50" : 1516.89,
    "dma100" : 1433.52,
    "dma200" : 1201.75,
    "volume" : 69750.00
  }, {
    "date" : "2025-11-04",
    "price" : 1551.90,
    "dma50" : 1518.26,
    "dma100" : 1437.38,
    "dma200" : 1205.24,
    "volume" : 34334.00
  }, {
    "date" : "2025-11-06",
    "price" : 1474.30,
    "dma50" : 1516.54,
    "dma100" : 1440.75,
    "dma200" : 1207.92,
    "volume" : 102527.00
  }, {
    "date" : "2025-11-07",
    "price" : 1400.60,
    "dma50" : 1511.99,
    "dma100" : 1443.16,
    "dma200" : 1209.83,
    "volume" : 131968.00
  }, {
    "date" : "2025-11-10",
    "price" : 1407.50,
    "dma50" : 1507.89,
    "dma100" : 1445.07,
    "dma200" : 1211.80,
    "volume" : 89201.00
  }, {
    "date" : "2025-11-11",
    "price" : 1422.70,
    "dma50" : 1504.55,
    "dma100" : 1446.51,
    "dma200" : 1213.90,
    "volume" : 65122.00
  }, {
    "date" : "2025-11-12",
    "price" : 1412.80,
    "dma50" : 1500.95,
    "dma100" : 1447.22,
    "dma200" : 1215.88,
    "volume" : 71587.00
  }, {
    "date" : "2025-11-13",
    "price" : 1483.40,
    "dma50" : 1500.26,
    "dma100" : 1447.96,
    "dma200" : 1218.54,
    "volume" : 40946.00
  }, {
    "date" : "2025-11-14",
    "price" : 1557.50,
    "dma50" : 1502.51,
    "dma100" : 1449.51,
    "dma200" : 1221.91,
    "volume" : 114434.00
  }, {
    "date" : "2025-11-17",
    "price" : 1560.60,
    "dma50" : 1504.79,
    "dma100" : 1450.97,
    "dma200" : 1225.28,
    "volume" : 114788.00
  }, {
    "date" : "2025-11-18",
    "price" : 1500.60,
    "dma50" : 1504.62,
    "dma100" : 1452.32,
    "dma200" : 1228.02,
    "volume" : 105586.00
  }, {
    "date" : "2025-11-19",
    "price" : 1525.40,
    "dma50" : 1505.44,
    "dma100" : 1454.33,
    "dma200" : 1230.98,
    "volume" : 95116.00
  }, {
    "date" : "2025-11-20",
    "price" : 1512.90,
    "dma50" : 1505.73,
    "dma100" : 1455.86,
    "dma200" : 1233.79,
    "volume" : 33285.00
  }, {
    "date" : "2025-11-21",
    "price" : 1467.20,
    "dma50" : 1504.22,
    "dma100" : 1456.27,
    "dma200" : 1236.11,
    "volume" : 45859.00
  }, {
    "date" : "2025-11-24",
    "price" : 1408.90,
    "dma50" : 1500.48,
    "dma100" : 1455.55,
    "dma200" : 1237.83,
    "volume" : 96811.00
  }, {
    "date" : "2025-11-25",
    "price" : 1415.70,
    "dma50" : 1497.16,
    "dma100" : 1455.28,
    "dma200" : 1239.60,
    "volume" : 48749.00
  }, {
    "date" : "2025-11-26",
    "price" : 1428.60,
    "dma50" : 1494.47,
    "dma100" : 1455.32,
    "dma200" : 1241.48,
    "volume" : 22804.00
  }, {
    "date" : "2025-11-27",
    "price" : 1424.70,
    "dma50" : 1491.73,
    "dma100" : 1455.86,
    "dma200" : 1243.30,
    "volume" : 31110.00
  }, {
    "date" : "2025-11-28",
    "price" : 1417.20,
    "dma50" : 1488.81,
    "dma100" : 1455.68,
    "dma200" : 1245.03,
    "volume" : 34544.00
  }, {
    "date" : "2025-12-01",
    "price" : 1425.00,
    "dma50" : 1486.31,
    "dma100" : 1455.26,
    "dma200" : 1246.82,
    "volume" : 33929.00
  }, {
    "date" : "2025-12-02",
    "price" : 1381.00,
    "dma50" : 1482.18,
    "dma100" : 1454.59,
    "dma200" : 1248.16,
    "volume" : 62176.00
  }, {
    "date" : "2025-12-03",
    "price" : 1358.70,
    "dma50" : 1477.33,
    "dma100" : 1453.52,
    "dma200" : 1249.26,
    "volume" : 55154.00
  }, {
    "date" : "2025-12-04",
    "price" : 1343.90,
    "dma50" : 1472.10,
    "dma100" : 1452.53,
    "dma200" : 1250.20,
    "volume" : 41401.00
  }, {
    "date" : "2025-12-05",
    "price" : 1352.80,
    "dma50" : 1467.42,
    "dma100" : 1451.70,
    "dma200" : 1251.22,
    "volume" : 38156.00
  }, {
    "date" : "2025-12-08",
    "price" : 1292.00,
    "dma50" : 1460.54,
    "dma100" : 1450.65,
    "dma200" : 1251.63,
    "volume" : 70939.00
  }, {
    "date" : "2025-12-09",
    "price" : 1353.80,
    "dma50" : 1456.36,
    "dma100" : 1450.32,
    "dma200" : 1252.64,
    "volume" : 81204.00
  }, {
    "date" : "2025-12-10",
    "price" : 1302.50,
    "dma50" : 1450.32,
    "dma100" : 1449.69,
    "dma200" : 1253.14,
    "volume" : 37530.00
  }, {
    "date" : "2025-12-11",
    "price" : 1308.80,
    "dma50" : 1444.77,
    "dma100" : 1449.31,
    "dma200" : 1253.69,
    "volume" : 41326.00
  }, {
    "date" : "2025-12-12",
    "price" : 1297.90,
    "dma50" : 1439.01,
    "dma100" : 1448.83,
    "dma200" : 1254.13,
    "volume" : 30396.00
  }, {
    "date" : "2025-12-15",
    "price" : 1293.30,
    "dma50" : 1433.30,
    "dma100" : 1448.14,
    "dma200" : 1254.52,
    "volume" : 38934.00
  }, {
    "date" : "2025-12-16",
    "price" : 1261.10,
    "dma50" : 1426.55,
    "dma100" : 1447.00,
    "dma200" : 1254.59,
    "volume" : 36834.00
  }, {
    "date" : "2025-12-17",
    "price" : 1198.10,
    "dma50" : 1417.59,
    "dma100" : 1444.55,
    "dma200" : 1254.03,
    "volume" : 97303.00
  }, {
    "date" : "2025-12-18",
    "price" : 1251.50,
    "dma50" : 1411.08,
    "dma100" : 1443.14,
    "dma200" : 1254.00,
    "volume" : 122446.00
  }, {
    "date" : "2025-12-19",
    "price" : 1308.80,
    "dma50" : 1407.06,
    "dma100" : 1442.53,
    "dma200" : 1254.55,
    "volume" : 65509.00
  }, {
    "date" : "2025-12-22",
    "price" : 1361.90,
    "dma50" : 1405.29,
    "dma100" : 1443.13,
    "dma200" : 1255.61,
    "volume" : 92573.00
  }, {
    "date" : "2025-12-23",
    "price" : 1354.10,
    "dma50" : 1403.29,
    "dma100" : 1444.30,
    "dma200" : 1256.59,
    "volume" : 40082.00
  }, {
    "date" : "2025-12-24",
    "price" : 1344.90,
    "dma50" : 1401.00,
    "dma100" : 1444.75,
    "dma200" : 1257.47,
    "volume" : 50219.00
  }, {
    "date" : "2025-12-26",
    "price" : 1321.70,
    "dma50" : 1397.89,
    "dma100" : 1444.71,
    "dma200" : 1258.11,
    "volume" : 34348.00
  }, {
    "date" : "2025-12-29",
    "price" : 1297.40,
    "dma50" : 1393.95,
    "dma100" : 1444.88,
    "dma200" : 1258.50,
    "volume" : 29627.00
  }, {
    "date" : "2025-12-30",
    "price" : 1320.80,
    "dma50" : 1391.08,
    "dma100" : 1445.25,
    "dma200" : 1259.12,
    "volume" : 22069.00
  }, {
    "date" : "2025-12-31",
    "price" : 1323.50,
    "dma50" : 1388.43,
    "dma100" : 1445.04,
    "dma200" : 1259.76,
    "volume" : 20218.00
  }, {
    "date" : "2026-01-01",
    "price" : 1342.70,
    "dma50" : 1386.63,
    "dma100" : 1444.61,
    "dma200" : 1260.59,
    "volume" : 17535.00
  }, {
    "date" : "2026-01-02",
    "price" : 1373.80,
    "dma50" : 1386.13,
    "dma100" : 1444.71,
    "dma200" : 1261.71,
    "volume" : 37086.00
  }, {
    "date" : "2026-01-05",
    "price" : 1439.30,
    "dma50" : 1388.22,
    "dma100" : 1446.15,
    "dma200" : 1263.48,
    "volume" : 73199.00
  }, {
    "date" : "2026-01-06",
    "price" : 1487.10,
    "dma50" : 1392.09,
    "dma100" : 1448.64,
    "dma200" : 1265.71,
    "volume" : 66513.00
  }, {
    "date" : "2026-01-07",
    "price" : 1497.30,
    "dma50" : 1396.22,
    "dma100" : 1451.52,
    "dma200" : 1268.01,
    "volume" : 48689.00
  }, {
    "date" : "2026-01-08",
    "price" : 1471.60,
    "dma50" : 1399.18,
    "dma100" : 1454.00,
    "dma200" : 1270.04,
    "volume" : 45626.00
  }, {
    "date" : "2026-01-09",
    "price" : 1401.30,
    "dma50" : 1399.26,
    "dma100" : 1455.90,
    "dma200" : 1271.34,
    "volume" : 33057.00
  }, {
    "date" : "2026-01-12",
    "price" : 1377.30,
    "dma50" : 1398.40,
    "dma100" : 1457.70,
    "dma200" : 1272.40,
    "volume" : 88913.00
  }, {
    "date" : "2026-01-13",
    "price" : 1357.20,
    "dma50" : 1396.78,
    "dma100" : 1459.40,
    "dma200" : 1273.24,
    "volume" : 43389.00
  }, {
    "date" : "2026-01-14",
    "price" : 1309.40,
    "dma50" : 1393.36,
    "dma100" : 1460.71,
    "dma200" : 1273.60,
    "volume" : 69211.00
  }, {
    "date" : "2026-01-16",
    "price" : 1281.20,
    "dma50" : 1388.96,
    "dma100" : 1461.59,
    "dma200" : 1273.68,
    "volume" : 66012.00
  }, {
    "date" : "2026-01-19",
    "price" : 1240.10,
    "dma50" : 1383.12,
    "dma100" : 1461.83,
    "dma200" : 1273.34,
    "volume" : 94590.00
  }, {
    "date" : "2026-01-20",
    "price" : 1178.10,
    "dma50" : 1375.08,
    "dma100" : 1460.85,
    "dma200" : 1272.39,
    "volume" : 134238.00
  }, {
    "date" : "2026-01-21",
    "price" : 1119.20,
    "dma50" : 1365.05,
    "dma100" : 1459.37,
    "dma200" : 1270.87,
    "volume" : 128955.00
  }, {
    "date" : "2026-01-22",
    "price" : 1101.20,
    "dma50" : 1354.70,
    "dma100" : 1457.59,
    "dma200" : 1269.18,
    "volume" : 583273.00
  }, {
    "date" : "2026-01-23",
    "price" : 1152.40,
    "dma50" : 1346.77,
    "dma100" : 1456.65,
    "dma200" : 1268.02,
    "volume" : 165591.00
  }, {
    "date" : "2026-01-27",
    "price" : 1121.00,
    "dma50" : 1337.91,
    "dma100" : 1455.12,
    "dma200" : 1266.56,
    "volume" : 186839.00
  }, {
    "date" : "2026-01-28",
    "price" : 1172.90,
    "dma50" : 1331.44,
    "dma100" : 1453.48,
    "dma200" : 1265.63,
    "volume" : 184206.00
  }, {
    "date" : "2026-01-29",
    "price" : 1228.40,
    "dma50" : 1327.40,
    "dma100" : 1452.07,
    "dma200" : 1265.25,
    "volume" : 142923.00
  }, {
    "date" : "2026-01-30",
    "price" : 1223.80,
    "dma50" : 1323.34,
    "dma100" : 1450.56,
    "dma200" : 1264.84,
    "volume" : 102827.00
  }, {
    "date" : "2026-02-01",
    "price" : 1173.30,
    "dma50" : 1317.45,
    "dma100" : 1447.93,
    "dma200" : 1263.93,
    "volume" : 131278.00
  }, {
    "date" : "2026-02-02",
    "price" : 1114.70,
    "dma50" : 1309.50,
    "dma100" : 1443.99,
    "dma200" : 1262.45,
    "volume" : 64182.00
  }, {
    "date" : "2026-02-03",
    "price" : 1169.90,
    "dma50" : 1304.03,
    "dma100" : 1440.94,
    "dma200" : 1261.53,
    "volume" : 187819.00
  }, {
    "date" : "2026-02-04",
    "price" : 1228.30,
    "dma50" : 1301.06,
    "dma100" : 1437.74,
    "dma200" : 1261.20,
    "volume" : 90700.00
  }, {
    "date" : "2026-02-05",
    "price" : 1180.70,
    "dma50" : 1296.34,
    "dma100" : 1434.33,
    "dma200" : 1260.39,
    "volume" : 133972.00
  }, {
    "date" : "2026-02-06",
    "price" : 1123.50,
    "dma50" : 1289.56,
    "dma100" : 1429.77,
    "dma200" : 1259.03,
    "volume" : 240018.00
  }, {
    "date" : "2026-02-09",
    "price" : 1179.60,
    "dma50" : 1285.25,
    "dma100" : 1425.54,
    "dma200" : 1258.24,
    "volume" : 42188.00
  }, {
    "date" : "2026-02-10",
    "price" : 1238.50,
    "dma50" : 1283.41,
    "dma100" : 1421.10,
    "dma200" : 1258.05,
    "volume" : 35683.00
  } ],
  "latestTechnicalAttributes" : {
    "date" : "2026-02-10",
    "price" : 1238.50,
    "dma50" : 1283.41,
    "dma100" : 1421.10,
    "dma200" : 1258.05,
    "volume" : 35683.00
  },
  "quarterlyResults" : [ {
    "date" : "2005-03-31",
    "sales" : 0.37,
    "salesGrowthYoY" : null,
    "grossProfitMargin" : 100.00,
    "grossProfit" : 0.37,
    "operatingProfitMargin" : -100.00,
    "operatingProfit" : -0.37,
    "netProfitMargin" : -86.49,
    "netProfit" : -0.32
  }, {
    "date" : "2005-06-30",
    "sales" : 0.55,
    "salesGrowthYoY" : null,
    "grossProfitMargin" : 100.00,
    "grossProfit" : 0.55,
    "operatingProfitMargin" : -29.09,
    "operatingProfit" : -0.16,
    "netProfitMargin" : -50.91,
    "netProfit" : -0.28
  }, {
    "date" : "2005-09-30",
    "sales" : 0.15,
    "salesGrowthYoY" : null,
    "grossProfitMargin" : 100.00,
    "grossProfit" : 0.15,
    "operatingProfitMargin" : -93.33,
    "operatingProfit" : -0.14,
    "netProfitMargin" : 93.33,
    "netProfit" : 0.14
  }, {
    "date" : "2005-12-31",
    "sales" : 1.51,
    "salesGrowthYoY" : null,
    "grossProfitMargin" : 100.00,
    "grossProfit" : 1.51,
    "operatingProfitMargin" : 3.97,
    "operatingProfit" : 0.06,
    "netProfitMargin" : -21.85,
    "netProfit" : -0.33
  }, {
    "date" : "2006-03-31",
    "sales" : 1.29,
    "salesGrowthYoY" : 248.65,
    "grossProfitMargin" : 100.00,
    "grossProfit" : 1.29,
    "operatingProfitMargin" : -6.98,
    "operatingProfit" : -0.09,
    "netProfitMargin" : -21.71,
    "netProfit" : -0.28
  }, {
    "date" : "2006-06-30",
    "sales" : 1.10,
    "salesGrowthYoY" : 100.00,
    "grossProfitMargin" : 100.00,
    "grossProfit" : 1.10,
    "operatingProfitMargin" : -14.55,
    "operatingProfit" : -0.16,
    "netProfitMargin" : -34.55,
    "netProfit" : -0.38
  }, {
    "date" : "2006-09-30",
    "sales" : 1.23,
    "salesGrowthYoY" : 720.00,
    "grossProfitMargin" : 100.00,
    "grossProfit" : 1.23,
    "operatingProfitMargin" : -21.14,
    "operatingProfit" : -0.26,
    "netProfitMargin" : -34.96,
    "netProfit" : -0.43
  }, {
    "date" : "2006-12-31",
    "sales" : 1.43,
    "salesGrowthYoY" : -5.30,
    "grossProfitMargin" : 100.00,
    "grossProfit" : 1.43,
    "operatingProfitMargin" : -23.78,
    "operatingProfit" : -0.34,
    "netProfitMargin" : -44.06,
    "netProfit" : -0.63
  }, {
    "date" : "2007-03-31",
    "sales" : 1.78,
    "salesGrowthYoY" : 37.98,
    "grossProfitMargin" : 100.00,
    "grossProfit" : 1.78,
    "operatingProfitMargin" : -10.11,
    "operatingProfit" : -0.18,
    "netProfitMargin" : -26.40,
    "netProfit" : -0.47
  }, {
    "date" : "2007-06-30",
    "sales" : 1.83,
    "salesGrowthYoY" : 66.36,
    "grossProfitMargin" : 100.00,
    "grossProfit" : 1.83,
    "operatingProfitMargin" : -9.84,
    "operatingProfit" : -0.18,
    "netProfitMargin" : -26.23,
    "netProfit" : -0.48
  }, {
    "date" : "2007-09-30",
    "sales" : 1.78,
    "salesGrowthYoY" : 44.72,
    "grossProfitMargin" : 100.00,
    "grossProfit" : 1.78,
    "operatingProfitMargin" : -26.40,
    "operatingProfit" : -0.47,
    "netProfitMargin" : -41.01,
    "netProfit" : -0.73
  }, {
    "date" : "2007-12-31",
    "sales" : 1.78,
    "salesGrowthYoY" : 24.48,
    "grossProfitMargin" : 100.00,
    "grossProfit" : 1.78,
    "operatingProfitMargin" : -5.06,
    "operatingProfit" : -0.09,
    "netProfitMargin" : -23.03,
    "netProfit" : -0.41
  }, {
    "date" : "2008-03-31",
    "sales" : 1.96,
    "salesGrowthYoY" : 10.11,
    "grossProfitMargin" : 100.00,
    "grossProfit" : 1.96,
    "operatingProfitMargin" : -2.55,
    "operatingProfit" : -0.05,
    "netProfitMargin" : -18.88,
    "netProfit" : -0.37
  }, {
    "date" : "2008-06-30",
    "sales" : 2.17,
    "salesGrowthYoY" : 18.58,
    "grossProfitMargin" : 100.00,
    "grossProfit" : 2.17,
    "operatingProfitMargin" : 4.15,
    "operatingProfit" : 0.09,
    "netProfitMargin" : -10.60,
    "netProfit" : -0.23
  }, {
    "date" : "2008-09-30",
    "sales" : 2.79,
    "salesGrowthYoY" : 56.74,
    "grossProfitMargin" : 100.00,
    "grossProfit" : 2.79,
    "operatingProfitMargin" : 16.13,
    "operatingProfit" : 0.45,
    "netProfitMargin" : 13.62,
    "netProfit" : 0.38
  }, {
    "date" : "2008-12-31",
    "sales" : 3.90,
    "salesGrowthYoY" : 119.10,
    "grossProfitMargin" : 100.00,
    "grossProfit" : 3.90,
    "operatingProfitMargin" : 30.51,
    "operatingProfit" : 1.19,
    "netProfitMargin" : 23.33,
    "netProfit" : 0.91
  }, {
    "date" : "2009-03-31",
    "sales" : 3.01,
    "salesGrowthYoY" : 53.57,
    "grossProfitMargin" : 100.00,
    "grossProfit" : 3.01,
    "operatingProfitMargin" : 6.64,
    "operatingProfit" : 0.20,
    "netProfitMargin" : -6.31,
    "netProfit" : -0.19
  }, {
    "date" : "2009-06-30",
    "sales" : 3.11,
    "salesGrowthYoY" : 43.32,
    "grossProfitMargin" : 100.00,
    "grossProfit" : 3.11,
    "operatingProfitMargin" : -10.93,
    "operatingProfit" : -0.34,
    "netProfitMargin" : -16.40,
    "netProfit" : -0.51
  }, {
    "date" : "2009-09-30",
    "sales" : 4.46,
    "salesGrowthYoY" : 59.86,
    "grossProfitMargin" : 100.00,
    "grossProfit" : 4.46,
    "operatingProfitMargin" : 15.02,
    "operatingProfit" : 0.67,
    "netProfitMargin" : 9.42,
    "netProfit" : 0.42
  }, {
    "date" : "2009-12-31",
    "sales" : 5.74,
    "salesGrowthYoY" : 47.18,
    "grossProfitMargin" : 100.00,
    "grossProfit" : 5.74,
    "operatingProfitMargin" : 19.34,
    "operatingProfit" : 1.11,
    "netProfitMargin" : 12.20,
    "netProfit" : 0.70
  }, {
    "date" : "2010-03-31",
    "sales" : 6.97,
    "salesGrowthYoY" : 131.56,
    "grossProfitMargin" : 100.00,
    "grossProfit" : 6.97,
    "operatingProfitMargin" : 25.25,
    "operatingProfit" : 1.76,
    "netProfitMargin" : 16.93,
    "netProfit" : 1.18
  }, {
    "date" : "2010-06-30",
    "sales" : 8.58,
    "salesGrowthYoY" : 175.88,
    "grossProfitMargin" : 100.00,
    "grossProfit" : 8.58,
    "operatingProfitMargin" : 31.35,
    "operatingProfit" : 2.69,
    "netProfitMargin" : 24.59,
    "netProfit" : 2.11
  }, {
    "date" : "2010-09-30",
    "sales" : 9.38,
    "salesGrowthYoY" : 110.31,
    "grossProfitMargin" : 100.00,
    "grossProfit" : 9.38,
    "operatingProfitMargin" : 24.09,
    "operatingProfit" : 2.26,
    "netProfitMargin" : 17.38,
    "netProfit" : 1.63
  }, {
    "date" : "2010-12-31",
    "sales" : 9.50,
    "salesGrowthYoY" : 65.51,
    "grossProfitMargin" : 100.00,
    "grossProfit" : 9.50,
    "operatingProfitMargin" : 18.11,
    "operatingProfit" : 1.72,
    "netProfitMargin" : 10.53,
    "netProfit" : 1.00
  }, {
    "date" : "2011-03-31",
    "sales" : 10.03,
    "salesGrowthYoY" : 43.90,
    "grossProfitMargin" : 100.00,
    "grossProfit" : 10.03,
    "operatingProfitMargin" : 20.74,
    "operatingProfit" : 2.08,
    "netProfitMargin" : 14.96,
    "netProfit" : 1.50
  }, {
    "date" : "2011-06-30",
    "sales" : 10.19,
    "salesGrowthYoY" : 18.76,
    "grossProfitMargin" : 100.00,
    "grossProfit" : 10.19,
    "operatingProfitMargin" : 17.57,
    "operatingProfit" : 1.79,
    "netProfitMargin" : 10.60,
    "netProfit" : 1.08
  }, {
    "date" : "2011-09-30",
    "sales" : 11.68,
    "salesGrowthYoY" : 24.52,
    "grossProfitMargin" : 100.00,
    "grossProfit" : 11.68,
    "operatingProfitMargin" : 14.04,
    "operatingProfit" : 1.64,
    "netProfitMargin" : 14.04,
    "netProfit" : 1.64
  }, {
    "date" : "2011-12-31",
    "sales" : 12.26,
    "salesGrowthYoY" : 29.05,
    "grossProfitMargin" : 100.00,
    "grossProfit" : 12.26,
    "operatingProfitMargin" : 14.27,
    "operatingProfit" : 1.75,
    "netProfitMargin" : 21.37,
    "netProfit" : 2.62
  }, {
    "date" : "2012-03-31",
    "sales" : 13.08,
    "salesGrowthYoY" : 30.41,
    "grossProfitMargin" : 100.00,
    "grossProfit" : 13.08,
    "operatingProfitMargin" : 23.01,
    "operatingProfit" : 3.01,
    "netProfitMargin" : 17.13,
    "netProfit" : 2.24
  }, {
    "date" : "2012-06-30",
    "sales" : 14.73,
    "salesGrowthYoY" : 44.55,
    "grossProfitMargin" : 100.00,
    "grossProfit" : 14.73,
    "operatingProfitMargin" : 24.98,
    "operatingProfit" : 3.68,
    "netProfitMargin" : 15.41,
    "netProfit" : 2.27
  }, {
    "date" : "2012-09-30",
    "sales" : 14.78,
    "salesGrowthYoY" : 26.54,
    "grossProfitMargin" : 100.00,
    "grossProfit" : 14.78,
    "operatingProfitMargin" : 21.92,
    "operatingProfit" : 3.24,
    "netProfitMargin" : 11.50,
    "netProfit" : 1.70
  }, {
    "date" : "2012-12-31",
    "sales" : 13.86,
    "salesGrowthYoY" : 13.05,
    "grossProfitMargin" : 100.00,
    "grossProfit" : 13.86,
    "operatingProfitMargin" : 28.72,
    "operatingProfit" : 3.98,
    "netProfitMargin" : 16.09,
    "netProfit" : 2.23
  }, {
    "date" : "2013-03-31",
    "sales" : 11.16,
    "salesGrowthYoY" : -14.68,
    "grossProfitMargin" : 100.00,
    "grossProfit" : 11.16,
    "operatingProfitMargin" : 20.43,
    "operatingProfit" : 2.28,
    "netProfitMargin" : 10.84,
    "netProfit" : 1.21
  }, {
    "date" : "2013-06-30",
    "sales" : 12.50,
    "salesGrowthYoY" : -15.14,
    "grossProfitMargin" : 100.00,
    "grossProfit" : 12.50,
    "operatingProfitMargin" : 27.84,
    "operatingProfit" : 3.48,
    "netProfitMargin" : 13.44,
    "netProfit" : 1.68
  }, {
    "date" : "2013-09-30",
    "sales" : 13.20,
    "salesGrowthYoY" : -10.69,
    "grossProfitMargin" : 100.00,
    "grossProfit" : 13.20,
    "operatingProfitMargin" : 29.39,
    "operatingProfit" : 3.88,
    "netProfitMargin" : 16.36,
    "netProfit" : 2.16
  }, {
    "date" : "2013-12-31",
    "sales" : 13.27,
    "salesGrowthYoY" : -4.26,
    "grossProfitMargin" : 100.00,
    "grossProfit" : 13.27,
    "operatingProfitMargin" : 22.23,
    "operatingProfit" : 2.95,
    "netProfitMargin" : 16.80,
    "netProfit" : 2.23
  }, {
    "date" : "2014-03-31",
    "sales" : 49.77,
    "salesGrowthYoY" : 345.97,
    "grossProfitMargin" : 100.00,
    "grossProfit" : 49.77,
    "operatingProfitMargin" : 16.46,
    "operatingProfit" : 8.19,
    "netProfitMargin" : 14.06,
    "netProfit" : 7.00
  }, {
    "date" : "2014-06-30",
    "sales" : 40.63,
    "salesGrowthYoY" : 225.04,
    "grossProfitMargin" : 100.00,
    "grossProfit" : 40.63,
    "operatingProfitMargin" : 11.12,
    "operatingProfit" : 4.52,
    "netProfitMargin" : 3.69,
    "netProfit" : 1.50
  }, {
    "date" : "2014-09-30",
    "sales" : 45.53,
    "salesGrowthYoY" : 244.92,
    "grossProfitMargin" : 100.00,
    "grossProfit" : 45.53,
    "operatingProfitMargin" : 14.01,
    "operatingProfit" : 6.38,
    "netProfitMargin" : 6.61,
    "netProfit" : 3.01
  }, {
    "date" : "2014-12-31",
    "sales" : 50.48,
    "salesGrowthYoY" : 280.41,
    "grossProfitMargin" : 100.00,
    "grossProfit" : 50.48,
    "operatingProfitMargin" : 17.39,
    "operatingProfit" : 8.78,
    "netProfitMargin" : 7.63,
    "netProfit" : 3.85
  }, {
    "date" : "2015-03-31",
    "sales" : 51.96,
    "salesGrowthYoY" : 4.40,
    "grossProfitMargin" : 100.00,
    "grossProfit" : 51.96,
    "operatingProfitMargin" : 18.73,
    "operatingProfit" : 9.73,
    "netProfitMargin" : 9.45,
    "netProfit" : 4.91
  }, {
    "date" : "2015-06-30",
    "sales" : 52.08,
    "salesGrowthYoY" : 28.18,
    "grossProfitMargin" : 100.00,
    "grossProfit" : 52.08,
    "operatingProfitMargin" : 21.31,
    "operatingProfit" : 11.10,
    "netProfitMargin" : 10.48,
    "netProfit" : 5.46
  }, {
    "date" : "2015-09-30",
    "sales" : 58.56,
    "salesGrowthYoY" : 28.62,
    "grossProfitMargin" : 100.00,
    "grossProfit" : 58.56,
    "operatingProfitMargin" : 16.97,
    "operatingProfit" : 9.94,
    "netProfitMargin" : 8.47,
    "netProfit" : 4.96
  }, {
    "date" : "2015-12-31",
    "sales" : 62.16,
    "salesGrowthYoY" : 23.14,
    "grossProfitMargin" : 100.00,
    "grossProfit" : 62.16,
    "operatingProfitMargin" : 22.89,
    "operatingProfit" : 14.23,
    "netProfitMargin" : 13.32,
    "netProfit" : 8.28
  }, {
    "date" : "2016-03-31",
    "sales" : 63.85,
    "salesGrowthYoY" : 22.88,
    "grossProfitMargin" : 100.00,
    "grossProfit" : 63.85,
    "operatingProfitMargin" : 22.80,
    "operatingProfit" : 14.56,
    "netProfitMargin" : 12.50,
    "netProfit" : 7.98
  }, {
    "date" : "2016-06-30",
    "sales" : 63.55,
    "salesGrowthYoY" : 22.02,
    "grossProfitMargin" : 100.00,
    "grossProfit" : 63.55,
    "operatingProfitMargin" : 14.76,
    "operatingProfit" : 9.38,
    "netProfitMargin" : 8.31,
    "netProfit" : 5.28
  }, {
    "date" : "2016-09-30",
    "sales" : 59.96,
    "salesGrowthYoY" : 2.39,
    "grossProfitMargin" : 100.00,
    "grossProfit" : 59.96,
    "operatingProfitMargin" : 12.12,
    "operatingProfit" : 7.27,
    "netProfitMargin" : 5.20,
    "netProfit" : 3.12
  }, {
    "date" : "2016-12-31",
    "sales" : 57.70,
    "salesGrowthYoY" : -7.18,
    "grossProfitMargin" : 100.00,
    "grossProfit" : 57.70,
    "operatingProfitMargin" : 9.65,
    "operatingProfit" : 5.57,
    "netProfitMargin" : 3.93,
    "netProfit" : 2.27
  }, {
    "date" : "2017-03-31",
    "sales" : 53.65,
    "salesGrowthYoY" : -15.97,
    "grossProfitMargin" : 100.00,
    "grossProfit" : 53.65,
    "operatingProfitMargin" : 5.78,
    "operatingProfit" : 3.10,
    "netProfitMargin" : 4.68,
    "netProfit" : 2.51
  }, {
    "date" : "2017-06-30",
    "sales" : 53.18,
    "salesGrowthYoY" : -16.32,
    "grossProfitMargin" : 100.00,
    "grossProfit" : 53.18,
    "operatingProfitMargin" : 2.75,
    "operatingProfit" : 1.46,
    "netProfitMargin" : 0.47,
    "netProfit" : 0.25
  }, {
    "date" : "2017-09-30",
    "sales" : 60.98,
    "salesGrowthYoY" : 1.70,
    "grossProfitMargin" : 100.00,
    "grossProfit" : 60.98,
    "operatingProfitMargin" : 5.03,
    "operatingProfit" : 3.07,
    "netProfitMargin" : 0.02,
    "netProfit" : 0.01
  }, {
    "date" : "2017-12-31",
    "sales" : 62.75,
    "salesGrowthYoY" : 8.75,
    "grossProfitMargin" : 100.00,
    "grossProfit" : 62.75,
    "operatingProfitMargin" : 6.93,
    "operatingProfit" : 4.35,
    "netProfitMargin" : -2.44,
    "netProfit" : -1.53
  }, {
    "date" : "2018-03-31",
    "sales" : 55.67,
    "salesGrowthYoY" : 3.77,
    "grossProfitMargin" : 100.00,
    "grossProfit" : 55.67,
    "operatingProfitMargin" : -4.98,
    "operatingProfit" : -2.77,
    "netProfitMargin" : -11.53,
    "netProfit" : -6.42
  }, {
    "date" : "2018-06-30",
    "sales" : 49.22,
    "salesGrowthYoY" : -7.45,
    "grossProfitMargin" : 100.00,
    "grossProfit" : 49.22,
    "operatingProfitMargin" : -9.04,
    "operatingProfit" : -4.45,
    "netProfitMargin" : -18.92,
    "netProfit" : -9.31
  }, {
    "date" : "2018-09-30",
    "sales" : 54.87,
    "salesGrowthYoY" : -10.02,
    "grossProfitMargin" : 100.00,
    "grossProfit" : 54.87,
    "operatingProfitMargin" : -1.80,
    "operatingProfit" : -0.99,
    "netProfitMargin" : -6.67,
    "netProfit" : -3.66
  }, {
    "date" : "2018-12-31",
    "sales" : 62.89,
    "salesGrowthYoY" : 0.22,
    "grossProfitMargin" : 100.00,
    "grossProfit" : 62.89,
    "operatingProfitMargin" : 10.83,
    "operatingProfit" : 6.81,
    "netProfitMargin" : 0.83,
    "netProfit" : 0.52
  }, {
    "date" : "2019-03-31",
    "sales" : 58.21,
    "salesGrowthYoY" : 4.56,
    "grossProfitMargin" : 100.00,
    "grossProfit" : 58.21,
    "operatingProfitMargin" : 4.91,
    "operatingProfit" : 2.86,
    "netProfitMargin" : -10.41,
    "netProfit" : -6.06
  }, {
    "date" : "2019-06-30",
    "sales" : 54.77,
    "salesGrowthYoY" : 11.28,
    "grossProfitMargin" : 100.00,
    "grossProfit" : 54.77,
    "operatingProfitMargin" : 11.21,
    "operatingProfit" : 6.14,
    "netProfitMargin" : -4.00,
    "netProfit" : -2.19
  }, {
    "date" : "2019-09-30",
    "sales" : 55.08,
    "salesGrowthYoY" : 0.38,
    "grossProfitMargin" : 100.00,
    "grossProfit" : 55.08,
    "operatingProfitMargin" : 5.77,
    "operatingProfit" : 3.18,
    "netProfitMargin" : -7.04,
    "netProfit" : -3.88
  }, {
    "date" : "2019-12-31",
    "sales" : 61.25,
    "salesGrowthYoY" : -2.61,
    "grossProfitMargin" : 100.00,
    "grossProfit" : 61.25,
    "operatingProfitMargin" : 16.93,
    "operatingProfit" : 10.37,
    "netProfitMargin" : 1.19,
    "netProfit" : 0.73
  }, {
    "date" : "2020-03-31",
    "sales" : 61.02,
    "salesGrowthYoY" : 4.83,
    "grossProfitMargin" : 100.00,
    "grossProfit" : 61.02,
    "operatingProfitMargin" : 14.86,
    "operatingProfit" : 9.07,
    "netProfitMargin" : 1.41,
    "netProfit" : 0.86
  }, {
    "date" : "2020-06-30",
    "sales" : 33.77,
    "salesGrowthYoY" : -38.34,
    "grossProfitMargin" : 100.00,
    "grossProfit" : 33.77,
    "operatingProfitMargin" : 10.16,
    "operatingProfit" : 3.43,
    "netProfitMargin" : -10.90,
    "netProfit" : -3.68
  }, {
    "date" : "2020-09-30",
    "sales" : 32.54,
    "salesGrowthYoY" : -40.92,
    "grossProfitMargin" : 100.00,
    "grossProfit" : 32.54,
    "operatingProfitMargin" : 3.53,
    "operatingProfit" : 1.15,
    "netProfitMargin" : -12.11,
    "netProfit" : -3.94
  }, {
    "date" : "2020-12-31",
    "sales" : 31.55,
    "salesGrowthYoY" : -48.49,
    "grossProfitMargin" : 100.00,
    "grossProfit" : 31.55,
    "operatingProfitMargin" : 0.03,
    "operatingProfit" : 0.01,
    "netProfitMargin" : -13.28,
    "netProfit" : -4.19
  }, {
    "date" : "2021-03-31",
    "sales" : 31.46,
    "salesGrowthYoY" : -48.44,
    "grossProfitMargin" : 100.00,
    "grossProfit" : 31.46,
    "operatingProfitMargin" : -3.53,
    "operatingProfit" : -1.11,
    "netProfitMargin" : -17.80,
    "netProfit" : -5.60
  }, {
    "date" : "2021-06-30",
    "sales" : 35.74,
    "salesGrowthYoY" : 5.83,
    "grossProfitMargin" : 100.00,
    "grossProfit" : 35.74,
    "operatingProfitMargin" : 3.83,
    "operatingProfit" : 1.37,
    "netProfitMargin" : -8.11,
    "netProfit" : -2.90
  }, {
    "date" : "2021-09-30",
    "sales" : 42.51,
    "salesGrowthYoY" : 30.64,
    "grossProfitMargin" : 100.00,
    "grossProfit" : 42.51,
    "operatingProfitMargin" : 2.52,
    "operatingProfit" : 1.07,
    "netProfitMargin" : -9.27,
    "netProfit" : -3.94
  }, {
    "date" : "2021-12-31",
    "sales" : 52.12,
    "salesGrowthYoY" : 65.20,
    "grossProfitMargin" : 100.00,
    "grossProfit" : 52.12,
    "operatingProfitMargin" : 13.37,
    "operatingProfit" : 6.97,
    "netProfitMargin" : 3.84,
    "netProfit" : 2.00
  }, {
    "date" : "2022-03-31",
    "sales" : 51.62,
    "salesGrowthYoY" : 64.08,
    "grossProfitMargin" : 100.00,
    "grossProfit" : 51.62,
    "operatingProfitMargin" : 10.79,
    "operatingProfit" : 5.57,
    "netProfitMargin" : 2.79,
    "netProfit" : 1.44
  }, {
    "date" : "2022-06-30",
    "sales" : 61.21,
    "salesGrowthYoY" : 71.26,
    "grossProfitMargin" : 100.00,
    "grossProfit" : 61.21,
    "operatingProfitMargin" : 17.63,
    "operatingProfit" : 10.79,
    "netProfitMargin" : 5.15,
    "netProfit" : 3.15
  }, {
    "date" : "2022-09-30",
    "sales" : 67.40,
    "salesGrowthYoY" : 58.55,
    "grossProfitMargin" : 100.00,
    "grossProfit" : 67.40,
    "operatingProfitMargin" : 19.79,
    "operatingProfit" : 13.34,
    "netProfitMargin" : 4.04,
    "netProfit" : 2.72
  }, {
    "date" : "2022-12-31",
    "sales" : 75.80,
    "salesGrowthYoY" : 45.43,
    "grossProfitMargin" : 100.00,
    "grossProfit" : 75.80,
    "operatingProfitMargin" : 20.50,
    "operatingProfit" : 15.54,
    "netProfitMargin" : 5.24,
    "netProfit" : 3.97
  }, {
    "date" : "2023-03-31",
    "sales" : 78.74,
    "salesGrowthYoY" : 52.54,
    "grossProfitMargin" : 100.00,
    "grossProfit" : 78.74,
    "operatingProfitMargin" : 1.44,
    "operatingProfit" : 1.13,
    "netProfitMargin" : -18.53,
    "netProfit" : -14.59
  }, {
    "date" : "2023-06-30",
    "sales" : 81.07,
    "salesGrowthYoY" : 32.45,
    "grossProfitMargin" : 100.00,
    "grossProfit" : 81.07,
    "operatingProfitMargin" : 15.05,
    "operatingProfit" : 12.20,
    "netProfitMargin" : -9.84,
    "netProfit" : -7.98
  }, {
    "date" : "2023-09-30",
    "sales" : 82.48,
    "salesGrowthYoY" : 22.37,
    "grossProfitMargin" : 100.00,
    "grossProfit" : 82.48,
    "operatingProfitMargin" : 16.90,
    "operatingProfit" : 13.94,
    "netProfitMargin" : -0.11,
    "netProfit" : -0.09
  }, {
    "date" : "2023-12-31",
    "sales" : 91.84,
    "salesGrowthYoY" : 21.16,
    "grossProfitMargin" : 100.00,
    "grossProfit" : 91.84,
    "operatingProfitMargin" : 16.28,
    "operatingProfit" : 14.95,
    "netProfitMargin" : 0.59,
    "netProfit" : 0.54
  }, {
    "date" : "2024-03-31",
    "sales" : 97.64,
    "salesGrowthYoY" : 24.00,
    "grossProfitMargin" : 100.00,
    "grossProfit" : 97.64,
    "operatingProfitMargin" : 16.82,
    "operatingProfit" : 16.42,
    "netProfitMargin" : 3.65,
    "netProfit" : 3.56
  }, {
    "date" : "2024-06-30",
    "sales" : 97.55,
    "salesGrowthYoY" : 20.33,
    "grossProfitMargin" : 100.00,
    "grossProfit" : 97.55,
    "operatingProfitMargin" : 22.87,
    "operatingProfit" : 22.31,
    "netProfitMargin" : 15.63,
    "netProfit" : 15.25
  }, {
    "date" : "2024-09-30",
    "sales" : 96.57,
    "salesGrowthYoY" : 17.08,
    "grossProfitMargin" : 100.00,
    "grossProfit" : 96.57,
    "operatingProfitMargin" : 14.71,
    "operatingProfit" : 14.21,
    "netProfitMargin" : 2.63,
    "netProfit" : 2.54
  }, {
    "date" : "2024-12-31",
    "sales" : 103.76,
    "salesGrowthYoY" : 12.98,
    "grossProfitMargin" : 99.31,
    "grossProfit" : 103.04,
    "operatingProfitMargin" : 17.28,
    "operatingProfit" : 17.93,
    "netProfitMargin" : 4.66,
    "netProfit" : 4.84
  }, {
    "date" : "2025-03-31",
    "sales" : 100.10,
    "salesGrowthYoY" : 2.52,
    "grossProfitMargin" : 100.00,
    "grossProfit" : 100.10,
    "operatingProfitMargin" : 12.49,
    "operatingProfit" : 12.50,
    "netProfitMargin" : 19.00,
    "netProfit" : 19.02
  }, {
    "date" : "2025-06-30",
    "sales" : 103.94,
    "salesGrowthYoY" : 6.55,
    "grossProfitMargin" : 100.00,
    "grossProfit" : 103.94,
    "operatingProfitMargin" : 12.65,
    "operatingProfit" : 13.15,
    "netProfitMargin" : 6.31,
    "netProfit" : 6.56
  }, {
    "date" : "2025-09-30",
    "sales" : 105.07,
    "salesGrowthYoY" : 8.80,
    "grossProfitMargin" : 100.00,
    "grossProfit" : 105.07,
    "operatingProfitMargin" : 8.92,
    "operatingProfit" : 9.37,
    "netProfitMargin" : 0.33,
    "netProfit" : 0.35
  }, {
    "date" : "2025-12-31",
    "sales" : 123.05,
    "salesGrowthYoY" : 18.59,
    "grossProfitMargin" : 99.79,
    "grossProfit" : 122.79,
    "operatingProfitMargin" : 15.90,
    "operatingProfit" : 19.56,
    "netProfitMargin" : 4.96,
    "netProfit" : 6.10
  } ],
  "latestQuarterlyResult" : {
    "date" : "2025-12-31",
    "sales" : 123.05,
    "salesGrowthYoY" : 18.59,
    "grossProfitMargin" : 99.79,
    "grossProfit" : 122.79,
    "operatingProfitMargin" : 15.90,
    "operatingProfit" : 19.56,
    "netProfitMargin" : 4.96,
    "netProfit" : 6.10
  },
  "companyScore" : {
    "priceHigherThanDma50" : 0.00,
    "priceHigherThanDma100" : 0.00,
    "priceHigherThanDma200" : 0.00,
    "dma50HigherThanDma100" : 0.00,
    "dma50HigherThanDma200" : 5.00,
    "dma100HigherThanDma200" : 5.00,
    "pricePercentageAboveDma50" : 5.17,
    "pricePercentageAboveDma100" : 5.64,
    "pricePercentageAboveDma200" : 5.08,
    "weeklyVolumeHigherThanYearlyVolume" : 0.00,
    "salesGrowthPercentile" : 8.75,
    "operatingProfitMarginPercentile" : 17.65,
    "netProfitMarginPercentile" : 5.71,
    "totalTechnicalScore" : 25.90,
    "totalFundamentalScore" : 32.11,
    "totalScore" : 58.01
  }
}