{
  "metadata" : {
    "screenerCompanyId" : "370",
    "companyCode" : "BAJAJCON",
    "companyName" : "Bajaj Consumer",
    "screenerCompanyLink" : "https://www.screener.in/company/BAJAJCON/consolidated/",
    "screenerTechnicalHistoryLink" : "https://www.screener.in/api/company/370/chart/?q=Price-DMA50-DMA200-Volume&days=365",
    "screenerQuarterlyResultsLink" : "https://www.screener.in/api/company/370/chart/?q=GPM-OPM-NPM-Quarter+Sales&days=10000",
    "attributes" : {
      "companyCode" : "BAJAJCON",
      "companyName" : "Bajaj Consumer",
      "marketCap" : 3484.00,
      "peRatio" : 25.50,
      "description" : "Bajaj Consumer Care is engaged in the business of cosmetics, toiletries and other personal care products. The Company has presence in both domestic and international markets.(Source : 201903 Annual Report Page No: 98)"
    },
    "companyScore" : {
      "priceHigherThanDma50" : 5.00,
      "priceHigherThanDma100" : 5.00,
      "priceHigherThanDma200" : 5.00,
      "dma50HigherThanDma100" : 5.00,
      "dma50HigherThanDma200" : 5.00,
      "dma100HigherThanDma200" : 5.00,
      "pricePercentageAboveDma50" : 4.89,
      "pricePercentageAboveDma100" : 4.74,
      "pricePercentageAboveDma200" : 4.36,
      "weeklyVolumeHigherThanYearlyVolume" : 0.00,
      "salesGrowthPercentile" : 10.65,
      "operatingProfitMarginPercentile" : 5.67,
      "netProfitMarginPercentile" : 2.64,
      "totalTechnicalScore" : 43.99,
      "totalFundamentalScore" : 18.95,
      "totalScore" : 62.94
    }
  },
  "attributes" : {
    "companyCode" : "BAJAJCON",
    "companyName" : "Bajaj Consumer",
    "marketCap" : 3484.00,
    "peRatio" : 25.50,
    "description" : "Bajaj Consumer Care is engaged in the business of cosmetics, toiletries and other personal care products. The Company has presence in both domestic and international markets.(Source : 201903 Annual Report Page No: 98)"
  },
  "technicalHistory" : [ {
    "date" : "2025-01-03",
    "price" : 203.99,
    "dma50" : 214.06,
    "dma100" : null,
    "dma200" : 231.61,
    "volume" : 201791.00
  }, {
    "date" : "2025-01-06",
    "price" : 196.43,
    "dma50" : 213.37,
    "dma100" : null,
    "dma200" : 231.26,
    "volume" : 266172.00
  }, {
    "date" : "2025-01-07",
    "price" : 195.26,
    "dma50" : 212.66,
    "dma100" : null,
    "dma200" : 230.90,
    "volume" : 450543.00
  }, {
    "date" : "2025-01-08",
    "price" : 193.76,
    "dma50" : 211.92,
    "dma100" : null,
    "dma200" : 230.53,
    "volume" : 414741.00
  }, {
    "date" : "2025-01-09",
    "price" : 195.24,
    "dma50" : 211.26,
    "dma100" : null,
    "dma200" : 230.18,
    "volume" : 231023.00
  }, {
    "date" : "2025-01-10",
    "price" : 190.67,
    "dma50" : 210.46,
    "dma100" : null,
    "dma200" : 229.79,
    "volume" : 326012.00
  }, {
    "date" : "2025-01-13",
    "price" : 184.13,
    "dma50" : 209.42,
    "dma100" : null,
    "dma200" : 229.33,
    "volume" : 318259.00
  }, {
    "date" : "2025-01-14",
    "price" : 187.21,
    "dma50" : 208.55,
    "dma100" : null,
    "dma200" : 228.91,
    "volume" : 284767.00
  }, {
    "date" : "2025-01-15",
    "price" : 187.11,
    "dma50" : 207.71,
    "dma100" : null,
    "dma200" : 228.50,
    "volume" : 221783.00
  }, {
    "date" : "2025-01-16",
    "price" : 189.29,
    "dma50" : 206.99,
    "dma100" : null,
    "dma200" : 228.11,
    "volume" : 168136.00
  }, {
    "date" : "2025-01-17",
    "price" : 188.24,
    "dma50" : 206.25,
    "dma100" : null,
    "dma200" : 227.71,
    "volume" : 206340.00
  }, {
    "date" : "2025-01-20",
    "price" : 189.92,
    "dma50" : 205.61,
    "dma100" : null,
    "dma200" : 227.33,
    "volume" : 125586.00
  }, {
    "date" : "2025-01-21",
    "price" : 188.38,
    "dma50" : 204.94,
    "dma100" : null,
    "dma200" : 226.95,
    "volume" : 144028.00
  }, {
    "date" : "2025-01-22",
    "price" : 186.26,
    "dma50" : 204.21,
    "dma100" : null,
    "dma200" : 226.54,
    "volume" : 236365.00
  }, {
    "date" : "2025-01-23",
    "price" : 186.58,
    "dma50" : 203.51,
    "dma100" : null,
    "dma200" : 226.14,
    "volume" : 173758.00
  }, {
    "date" : "2025-01-24",
    "price" : 183.34,
    "dma50" : 202.72,
    "dma100" : null,
    "dma200" : 225.72,
    "volume" : 219111.00
  }, {
    "date" : "2025-01-27",
    "price" : 178.78,
    "dma50" : 201.78,
    "dma100" : null,
    "dma200" : 225.25,
    "volume" : 360346.00
  }, {
    "date" : "2025-01-28",
    "price" : 181.06,
    "dma50" : 200.97,
    "dma100" : null,
    "dma200" : 224.81,
    "volume" : 250014.00
  }, {
    "date" : "2025-01-29",
    "price" : 188.01,
    "dma50" : 200.46,
    "dma100" : null,
    "dma200" : 224.44,
    "volume" : 242773.00
  }, {
    "date" : "2025-01-30",
    "price" : 185.44,
    "dma50" : 199.87,
    "dma100" : null,
    "dma200" : 224.06,
    "volume" : 146668.00
  }, {
    "date" : "2025-01-31",
    "price" : 189.34,
    "dma50" : 199.46,
    "dma100" : null,
    "dma200" : 223.71,
    "volume" : 214107.00
  }, {
    "date" : "2025-02-01",
    "price" : 188.29,
    "dma50" : 199.02,
    "dma100" : null,
    "dma200" : 223.36,
    "volume" : 1125824.00
  }, {
    "date" : "2025-02-03",
    "price" : 185.86,
    "dma50" : 198.51,
    "dma100" : null,
    "dma200" : 222.99,
    "volume" : 552185.00
  }, {
    "date" : "2025-02-04",
    "price" : 187.48,
    "dma50" : 198.07,
    "dma100" : null,
    "dma200" : 222.63,
    "volume" : 323374.00
  }, {
    "date" : "2025-02-05",
    "price" : 186.83,
    "dma50" : 197.63,
    "dma100" : null,
    "dma200" : 222.28,
    "volume" : 225052.00
  }, {
    "date" : "2025-02-06",
    "price" : 186.37,
    "dma50" : 197.19,
    "dma100" : null,
    "dma200" : 221.92,
    "volume" : 155995.00
  }, {
    "date" : "2025-02-07",
    "price" : 185.22,
    "dma50" : 196.72,
    "dma100" : null,
    "dma200" : 221.55,
    "volume" : 294788.00
  }, {
    "date" : "2025-02-10",
    "price" : 184.52,
    "dma50" : 196.24,
    "dma100" : null,
    "dma200" : 221.19,
    "volume" : 380965.00
  }, {
    "date" : "2025-02-11",
    "price" : 179.90,
    "dma50" : 195.60,
    "dma100" : null,
    "dma200" : 220.77,
    "volume" : 457125.00
  }, {
    "date" : "2025-02-12",
    "price" : 179.80,
    "dma50" : 194.98,
    "dma100" : null,
    "dma200" : 220.37,
    "volume" : 314959.00
  }, {
    "date" : "2025-02-13",
    "price" : 179.24,
    "dma50" : 194.37,
    "dma100" : null,
    "dma200" : 219.96,
    "volume" : 135140.00
  }, {
    "date" : "2025-02-14",
    "price" : 172.96,
    "dma50" : 193.53,
    "dma100" : null,
    "dma200" : 219.49,
    "volume" : 167268.00
  }, {
    "date" : "2025-02-17",
    "price" : 166.89,
    "dma50" : 192.48,
    "dma100" : null,
    "dma200" : 218.97,
    "volume" : 557168.00
  }, {
    "date" : "2025-02-18",
    "price" : 161.15,
    "dma50" : 191.25,
    "dma100" : null,
    "dma200" : 218.39,
    "volume" : 641732.00
  }, {
    "date" : "2025-02-19",
    "price" : 162.45,
    "dma50" : 190.12,
    "dma100" : null,
    "dma200" : 217.83,
    "volume" : 381674.00
  }, {
    "date" : "2025-02-20",
    "price" : 162.33,
    "dma50" : 189.03,
    "dma100" : null,
    "dma200" : 217.28,
    "volume" : 292701.00
  }, {
    "date" : "2025-02-21",
    "price" : 161.57,
    "dma50" : 187.96,
    "dma100" : null,
    "dma200" : 216.73,
    "volume" : 373569.00
  }, {
    "date" : "2025-02-24",
    "price" : 164.18,
    "dma50" : 187.02,
    "dma100" : null,
    "dma200" : 216.21,
    "volume" : 332255.00
  }, {
    "date" : "2025-02-25",
    "price" : 163.38,
    "dma50" : 186.10,
    "dma100" : null,
    "dma200" : 215.68,
    "volume" : 188267.00
  }, {
    "date" : "2025-02-27",
    "price" : 159.62,
    "dma50" : 185.06,
    "dma100" : null,
    "dma200" : 215.12,
    "volume" : 298240.00
  }, {
    "date" : "2025-02-28",
    "price" : 155.54,
    "dma50" : 183.90,
    "dma100" : null,
    "dma200" : 214.53,
    "volume" : 383547.00
  }, {
    "date" : "2025-03-03",
    "price" : 156.71,
    "dma50" : 182.83,
    "dma100" : null,
    "dma200" : 213.95,
    "volume" : 405401.00
  }, {
    "date" : "2025-03-04",
    "price" : 158.61,
    "dma50" : 181.88,
    "dma100" : null,
    "dma200" : 213.40,
    "volume" : 302349.00
  }, {
    "date" : "2025-03-05",
    "price" : 158.61,
    "dma50" : 180.97,
    "dma100" : null,
    "dma200" : 212.86,
    "volume" : 591256.00
  }, {
    "date" : "2025-03-06",
    "price" : 162.56,
    "dma50" : 180.25,
    "dma100" : null,
    "dma200" : 212.36,
    "volume" : 238256.00
  }, {
    "date" : "2025-03-07",
    "price" : 165.58,
    "dma50" : 179.67,
    "dma100" : null,
    "dma200" : 211.89,
    "volume" : 297436.00
  }, {
    "date" : "2025-03-10",
    "price" : 160.40,
    "dma50" : 178.92,
    "dma100" : null,
    "dma200" : 211.38,
    "volume" : 315206.00
  }, {
    "date" : "2025-03-11",
    "price" : 160.55,
    "dma50" : 178.20,
    "dma100" : null,
    "dma200" : 210.87,
    "volume" : 232997.00
  }, {
    "date" : "2025-03-12",
    "price" : 160.31,
    "dma50" : 177.50,
    "dma100" : null,
    "dma200" : 210.37,
    "volume" : 383846.00
  }, {
    "date" : "2025-03-13",
    "price" : 158.81,
    "dma50" : 176.76,
    "dma100" : null,
    "dma200" : 209.86,
    "volume" : 642208.00
  }, {
    "date" : "2025-03-17",
    "price" : 157.04,
    "dma50" : 175.99,
    "dma100" : null,
    "dma200" : 209.33,
    "volume" : 456915.00
  }, {
    "date" : "2025-03-18",
    "price" : 160.92,
    "dma50" : 175.40,
    "dma100" : null,
    "dma200" : 208.85,
    "volume" : 433847.00
  }, {
    "date" : "2025-03-19",
    "price" : 163.88,
    "dma50" : 174.95,
    "dma100" : null,
    "dma200" : 208.40,
    "volume" : 605899.00
  }, {
    "date" : "2025-03-20",
    "price" : 164.09,
    "dma50" : 174.52,
    "dma100" : null,
    "dma200" : 207.96,
    "volume" : 293397.00
  }, {
    "date" : "2025-03-21",
    "price" : 164.07,
    "dma50" : 174.11,
    "dma100" : null,
    "dma200" : 207.52,
    "volume" : 349956.00
  }, {
    "date" : "2025-03-24",
    "price" : 166.42,
    "dma50" : 173.81,
    "dma100" : null,
    "dma200" : 207.12,
    "volume" : 1601498.00
  }, {
    "date" : "2025-03-25",
    "price" : 164.59,
    "dma50" : 173.45,
    "dma100" : null,
    "dma200" : 206.69,
    "volume" : 467755.00
  }, {
    "date" : "2025-03-26",
    "price" : 159.07,
    "dma50" : 172.89,
    "dma100" : null,
    "dma200" : 206.22,
    "volume" : 417469.00
  }, {
    "date" : "2025-03-27",
    "price" : 158.85,
    "dma50" : 172.33,
    "dma100" : null,
    "dma200" : 205.75,
    "volume" : 1269890.00
  }, {
    "date" : "2025-03-28",
    "price" : 157.25,
    "dma50" : 171.74,
    "dma100" : null,
    "dma200" : 205.27,
    "volume" : 607614.00
  }, {
    "date" : "2025-04-01",
    "price" : 162.89,
    "dma50" : 171.40,
    "dma100" : null,
    "dma200" : 204.84,
    "volume" : 506729.00
  }, {
    "date" : "2025-04-02",
    "price" : 167.20,
    "dma50" : 171.23,
    "dma100" : null,
    "dma200" : 204.47,
    "volume" : 370847.00
  }, {
    "date" : "2025-04-03",
    "price" : 168.72,
    "dma50" : 171.13,
    "dma100" : null,
    "dma200" : 204.11,
    "volume" : 209321.00
  }, {
    "date" : "2025-04-04",
    "price" : 163.47,
    "dma50" : 170.83,
    "dma100" : null,
    "dma200" : 203.71,
    "volume" : 243480.00
  }, {
    "date" : "2025-04-07",
    "price" : 158.59,
    "dma50" : 170.35,
    "dma100" : null,
    "dma200" : 203.26,
    "volume" : 371113.00
  }, {
    "date" : "2025-04-08",
    "price" : 161.98,
    "dma50" : 170.02,
    "dma100" : null,
    "dma200" : 202.85,
    "volume" : 220552.00
  }, {
    "date" : "2025-04-09",
    "price" : 164.73,
    "dma50" : 169.82,
    "dma100" : null,
    "dma200" : 202.47,
    "volume" : 277628.00
  }, {
    "date" : "2025-04-11",
    "price" : 169.48,
    "dma50" : 169.80,
    "dma100" : null,
    "dma200" : 202.14,
    "volume" : 517771.00
  }, {
    "date" : "2025-04-15",
    "price" : 173.01,
    "dma50" : 169.93,
    "dma100" : null,
    "dma200" : 201.85,
    "volume" : 302782.00
  }, {
    "date" : "2025-04-16",
    "price" : 171.67,
    "dma50" : 170.00,
    "dma100" : null,
    "dma200" : 201.55,
    "volume" : 282105.00
  }, {
    "date" : "2025-04-17",
    "price" : 173.83,
    "dma50" : 170.15,
    "dma100" : null,
    "dma200" : 201.28,
    "volume" : 319422.00
  }, {
    "date" : "2025-04-21",
    "price" : 175.16,
    "dma50" : 170.34,
    "dma100" : null,
    "dma200" : 201.02,
    "volume" : 236434.00
  }, {
    "date" : "2025-04-22",
    "price" : 175.89,
    "dma50" : 170.56,
    "dma100" : null,
    "dma200" : 200.77,
    "volume" : 242638.00
  }, {
    "date" : "2025-04-23",
    "price" : 175.35,
    "dma50" : 170.75,
    "dma100" : null,
    "dma200" : 200.51,
    "volume" : 207875.00
  }, {
    "date" : "2025-04-24",
    "price" : 175.23,
    "dma50" : 170.93,
    "dma100" : null,
    "dma200" : 200.26,
    "volume" : 252132.00
  }, {
    "date" : "2025-04-25",
    "price" : 170.49,
    "dma50" : 170.91,
    "dma100" : null,
    "dma200" : 199.96,
    "volume" : 445765.00
  }, {
    "date" : "2025-04-28",
    "price" : 169.23,
    "dma50" : 170.84,
    "dma100" : null,
    "dma200" : 199.66,
    "volume" : 204859.00
  }, {
    "date" : "2025-04-29",
    "price" : 170.46,
    "dma50" : 170.83,
    "dma100" : null,
    "dma200" : 199.37,
    "volume" : 156442.00
  }, {
    "date" : "2025-04-30",
    "price" : 166.16,
    "dma50" : 170.64,
    "dma100" : null,
    "dma200" : 199.04,
    "volume" : 235472.00
  }, {
    "date" : "2025-05-02",
    "price" : 166.91,
    "dma50" : 170.50,
    "dma100" : null,
    "dma200" : 198.72,
    "volume" : 188764.00
  }, {
    "date" : "2025-05-05",
    "price" : 167.97,
    "dma50" : 170.40,
    "dma100" : null,
    "dma200" : 198.41,
    "volume" : 1135060.00
  }, {
    "date" : "2025-05-06",
    "price" : 173.16,
    "dma50" : 170.51,
    "dma100" : null,
    "dma200" : 198.16,
    "volume" : 4194187.00
  }, {
    "date" : "2025-05-07",
    "price" : 168.05,
    "dma50" : 170.41,
    "dma100" : null,
    "dma200" : 197.86,
    "volume" : 547155.00
  }, {
    "date" : "2025-05-08",
    "price" : 166.74,
    "dma50" : 170.27,
    "dma100" : null,
    "dma200" : 197.55,
    "volume" : 349869.00
  }, {
    "date" : "2025-05-09",
    "price" : 162.00,
    "dma50" : 169.94,
    "dma100" : null,
    "dma200" : 197.20,
    "volume" : 328434.00
  }, {
    "date" : "2025-05-12",
    "price" : 166.02,
    "dma50" : 169.79,
    "dma100" : null,
    "dma200" : 196.89,
    "volume" : 637514.00
  }, {
    "date" : "2025-05-13",
    "price" : 167.02,
    "dma50" : 169.68,
    "dma100" : null,
    "dma200" : 196.59,
    "volume" : 512348.00
  }, {
    "date" : "2025-05-14",
    "price" : 167.02,
    "dma50" : 169.58,
    "dma100" : null,
    "dma200" : 196.30,
    "volume" : 549618.00
  }, {
    "date" : "2025-05-15",
    "price" : 168.10,
    "dma50" : 169.52,
    "dma100" : null,
    "dma200" : 196.02,
    "volume" : 747230.00
  }, {
    "date" : "2025-05-16",
    "price" : 169.01,
    "dma50" : 169.50,
    "dma100" : null,
    "dma200" : 195.75,
    "volume" : 763546.00
  }, {
    "date" : "2025-05-19",
    "price" : 174.58,
    "dma50" : 169.70,
    "dma100" : null,
    "dma200" : 195.54,
    "volume" : 866661.00
  }, {
    "date" : "2025-05-20",
    "price" : 170.92,
    "dma50" : 169.75,
    "dma100" : null,
    "dma200" : 195.29,
    "volume" : 359166.00
  }, {
    "date" : "2025-05-21",
    "price" : 172.15,
    "dma50" : 169.84,
    "dma100" : null,
    "dma200" : 195.06,
    "volume" : 223946.00
  }, {
    "date" : "2025-05-22",
    "price" : 171.03,
    "dma50" : 169.89,
    "dma100" : null,
    "dma200" : 194.82,
    "volume" : 222790.00
  }, {
    "date" : "2025-05-23",
    "price" : 172.21,
    "dma50" : 169.98,
    "dma100" : null,
    "dma200" : 194.60,
    "volume" : 209254.00
  }, {
    "date" : "2025-05-26",
    "price" : 173.29,
    "dma50" : 170.11,
    "dma100" : null,
    "dma200" : 194.39,
    "volume" : 256449.00
  }, {
    "date" : "2025-05-27",
    "price" : 180.97,
    "dma50" : 170.53,
    "dma100" : null,
    "dma200" : 194.25,
    "volume" : 1604249.00
  }, {
    "date" : "2025-05-28",
    "price" : 177.37,
    "dma50" : 170.80,
    "dma100" : null,
    "dma200" : 194.08,
    "volume" : 664045.00
  }, {
    "date" : "2025-05-29",
    "price" : 177.94,
    "dma50" : 171.08,
    "dma100" : null,
    "dma200" : 193.92,
    "volume" : 342295.00
  }, {
    "date" : "2025-05-30",
    "price" : 174.96,
    "dma50" : 171.23,
    "dma100" : null,
    "dma200" : 193.73,
    "volume" : 290559.00
  }, {
    "date" : "2025-06-02",
    "price" : 176.52,
    "dma50" : 171.44,
    "dma100" : 172.74,
    "dma200" : 193.56,
    "volume" : 224976.00
  }, {
    "date" : "2025-06-03",
    "price" : 178.51,
    "dma50" : 171.72,
    "dma100" : 172.56,
    "dma200" : 193.41,
    "volume" : 349217.00
  }, {
    "date" : "2025-06-04",
    "price" : 174.78,
    "dma50" : 171.84,
    "dma100" : 172.35,
    "dma200" : 193.23,
    "volume" : 435668.00
  }, {
    "date" : "2025-06-05",
    "price" : 174.03,
    "dma50" : 171.92,
    "dma100" : 172.16,
    "dma200" : 193.04,
    "volume" : 253463.00
  }, {
    "date" : "2025-06-06",
    "price" : 174.05,
    "dma50" : 172.01,
    "dma100" : 171.95,
    "dma200" : 192.85,
    "volume" : 261913.00
  }, {
    "date" : "2025-06-09",
    "price" : 174.22,
    "dma50" : 172.09,
    "dma100" : 171.78,
    "dma200" : 192.66,
    "volume" : 334287.00
  }, {
    "date" : "2025-06-10",
    "price" : 177.26,
    "dma50" : 172.30,
    "dma100" : 171.71,
    "dma200" : 192.51,
    "volume" : 377230.00
  }, {
    "date" : "2025-06-11",
    "price" : 182.32,
    "dma50" : 172.69,
    "dma100" : 171.66,
    "dma200" : 192.41,
    "volume" : 1059265.00
  }, {
    "date" : "2025-06-12",
    "price" : 177.73,
    "dma50" : 172.89,
    "dma100" : 171.57,
    "dma200" : 192.26,
    "volume" : 365543.00
  }, {
    "date" : "2025-06-13",
    "price" : 177.36,
    "dma50" : 173.06,
    "dma100" : 171.45,
    "dma200" : 192.11,
    "volume" : 227319.00
  }, {
    "date" : "2025-06-16",
    "price" : 175.27,
    "dma50" : 173.15,
    "dma100" : 171.32,
    "dma200" : 191.95,
    "volume" : 169389.00
  }, {
    "date" : "2025-06-17",
    "price" : 174.46,
    "dma50" : 173.20,
    "dma100" : 171.17,
    "dma200" : 191.77,
    "volume" : 191935.00
  }, {
    "date" : "2025-06-18",
    "price" : 173.32,
    "dma50" : 173.21,
    "dma100" : 171.01,
    "dma200" : 191.59,
    "volume" : 193805.00
  }, {
    "date" : "2025-06-19",
    "price" : 171.46,
    "dma50" : 173.14,
    "dma100" : 170.87,
    "dma200" : 191.39,
    "volume" : 164238.00
  }, {
    "date" : "2025-06-20",
    "price" : 169.25,
    "dma50" : 172.98,
    "dma100" : 170.69,
    "dma200" : 191.17,
    "volume" : 311273.00
  }, {
    "date" : "2025-06-23",
    "price" : 169.09,
    "dma50" : 172.83,
    "dma100" : 170.55,
    "dma200" : 190.95,
    "volume" : 177206.00
  }, {
    "date" : "2025-06-24",
    "price" : 202.63,
    "dma50" : 174.00,
    "dma100" : 170.79,
    "dma200" : 191.06,
    "volume" : 21841393.00
  }, {
    "date" : "2025-06-25",
    "price" : 207.29,
    "dma50" : 175.31,
    "dma100" : 171.05,
    "dma200" : 191.23,
    "volume" : 15004630.00
  }, {
    "date" : "2025-06-26",
    "price" : 207.61,
    "dma50" : 176.57,
    "dma100" : 171.25,
    "dma200" : 191.39,
    "volume" : 2016151.00
  }, {
    "date" : "2025-06-27",
    "price" : 205.80,
    "dma50" : 177.72,
    "dma100" : 171.45,
    "dma200" : 191.53,
    "volume" : 3099813.00
  }, {
    "date" : "2025-06-30",
    "price" : 209.21,
    "dma50" : 178.95,
    "dma100" : 171.65,
    "dma200" : 191.71,
    "volume" : 1395614.00
  }, {
    "date" : "2025-07-01",
    "price" : 211.41,
    "dma50" : 180.23,
    "dma100" : 171.88,
    "dma200" : 191.90,
    "volume" : 840485.00
  }, {
    "date" : "2025-07-02",
    "price" : 227.78,
    "dma50" : 182.09,
    "dma100" : 172.30,
    "dma200" : 192.26,
    "volume" : 15348517.00
  }, {
    "date" : "2025-07-03",
    "price" : 225.14,
    "dma50" : 183.78,
    "dma100" : 172.68,
    "dma200" : 192.59,
    "volume" : 2310308.00
  }, {
    "date" : "2025-07-04",
    "price" : 220.87,
    "dma50" : 185.23,
    "dma100" : 173.02,
    "dma200" : 192.87,
    "volume" : 845144.00
  }, {
    "date" : "2025-07-07",
    "price" : 233.14,
    "dma50" : 187.11,
    "dma100" : 173.49,
    "dma200" : 193.27,
    "volume" : 4768371.00
  }, {
    "date" : "2025-07-08",
    "price" : 238.48,
    "dma50" : 189.13,
    "dma100" : 174.02,
    "dma200" : 193.72,
    "volume" : 2357682.00
  }, {
    "date" : "2025-07-09",
    "price" : 240.62,
    "dma50" : 191.15,
    "dma100" : 174.58,
    "dma200" : 194.19,
    "volume" : 1835878.00
  }, {
    "date" : "2025-07-10",
    "price" : 236.84,
    "dma50" : 192.94,
    "dma100" : 175.15,
    "dma200" : 194.61,
    "volume" : 630550.00
  }, {
    "date" : "2025-07-11",
    "price" : 233.15,
    "dma50" : 194.52,
    "dma100" : 175.68,
    "dma200" : 194.99,
    "volume" : 1163063.00
  }, {
    "date" : "2025-07-14",
    "price" : 235.81,
    "dma50" : 196.13,
    "dma100" : 176.25,
    "dma200" : 195.40,
    "volume" : 785806.00
  }, {
    "date" : "2025-07-15",
    "price" : 232.58,
    "dma50" : 197.56,
    "dma100" : 176.84,
    "dma200" : 195.77,
    "volume" : 338970.00
  }, {
    "date" : "2025-07-16",
    "price" : 237.40,
    "dma50" : 199.13,
    "dma100" : 177.55,
    "dma200" : 196.19,
    "volume" : 1043059.00
  }, {
    "date" : "2025-07-17",
    "price" : 234.13,
    "dma50" : 200.50,
    "dma100" : 178.28,
    "dma200" : 196.56,
    "volume" : 978166.00
  }, {
    "date" : "2025-07-18",
    "price" : 240.49,
    "dma50" : 202.07,
    "dma100" : 179.06,
    "dma200" : 197.00,
    "volume" : 1497880.00
  }, {
    "date" : "2025-07-21",
    "price" : 245.31,
    "dma50" : 203.76,
    "dma100" : 179.89,
    "dma200" : 197.48,
    "volume" : 3923217.00
  }, {
    "date" : "2025-07-22",
    "price" : 237.87,
    "dma50" : 205.10,
    "dma100" : 180.65,
    "dma200" : 197.88,
    "volume" : 1205860.00
  }, {
    "date" : "2025-07-23",
    "price" : 242.55,
    "dma50" : 206.57,
    "dma100" : 181.44,
    "dma200" : 198.33,
    "volume" : 866484.00
  }, {
    "date" : "2025-07-24",
    "price" : 245.07,
    "dma50" : 208.08,
    "dma100" : 182.25,
    "dma200" : 198.79,
    "volume" : 1090507.00
  }, {
    "date" : "2025-07-25",
    "price" : 234.35,
    "dma50" : 209.11,
    "dma100" : 183.00,
    "dma200" : 199.15,
    "volume" : 2048481.00
  }, {
    "date" : "2025-07-28",
    "price" : 230.70,
    "dma50" : 209.96,
    "dma100" : 183.75,
    "dma200" : 199.46,
    "volume" : 1017793.00
  }, {
    "date" : "2025-07-29",
    "price" : 227.04,
    "dma50" : 210.63,
    "dma100" : 184.45,
    "dma200" : 199.73,
    "volume" : 711758.00
  }, {
    "date" : "2025-07-30",
    "price" : 228.67,
    "dma50" : 211.33,
    "dma100" : 185.16,
    "dma200" : 200.02,
    "volume" : 317462.00
  }, {
    "date" : "2025-07-31",
    "price" : 223.18,
    "dma50" : 211.80,
    "dma100" : 185.80,
    "dma200" : 200.25,
    "volume" : 479391.00
  }, {
    "date" : "2025-08-01",
    "price" : 224.68,
    "dma50" : 212.30,
    "dma100" : 186.42,
    "dma200" : 200.50,
    "volume" : 400456.00
  }, {
    "date" : "2025-08-04",
    "price" : 221.96,
    "dma50" : 212.68,
    "dma100" : 186.99,
    "dma200" : 200.71,
    "volume" : 346221.00
  }, {
    "date" : "2025-08-05",
    "price" : 224.47,
    "dma50" : 213.14,
    "dma100" : 187.63,
    "dma200" : 200.95,
    "volume" : 378263.00
  }, {
    "date" : "2025-08-06",
    "price" : 225.24,
    "dma50" : 213.62,
    "dma100" : 188.27,
    "dma200" : 201.19,
    "volume" : 342685.00
  }, {
    "date" : "2025-08-07",
    "price" : 224.94,
    "dma50" : 214.06,
    "dma100" : 188.92,
    "dma200" : 201.42,
    "volume" : 317850.00
  }, {
    "date" : "2025-08-08",
    "price" : 228.18,
    "dma50" : 214.62,
    "dma100" : 189.61,
    "dma200" : 201.69,
    "volume" : 694666.00
  }, {
    "date" : "2025-08-11",
    "price" : 231.93,
    "dma50" : 215.30,
    "dma100" : 190.36,
    "dma200" : 201.99,
    "volume" : 1090846.00
  }, {
    "date" : "2025-08-12",
    "price" : 225.04,
    "dma50" : 215.68,
    "dma100" : 191.00,
    "dma200" : 202.22,
    "volume" : 667184.00
  }, {
    "date" : "2025-08-13",
    "price" : 222.73,
    "dma50" : 215.95,
    "dma100" : 191.59,
    "dma200" : 202.42,
    "volume" : 610936.00
  }, {
    "date" : "2025-08-14",
    "price" : 223.73,
    "dma50" : 216.26,
    "dma100" : 192.19,
    "dma200" : 202.64,
    "volume" : 237684.00
  }, {
    "date" : "2025-08-18",
    "price" : 225.61,
    "dma50" : 216.63,
    "dma100" : 192.80,
    "dma200" : 202.86,
    "volume" : 371887.00
  }, {
    "date" : "2025-08-19",
    "price" : 228.93,
    "dma50" : 217.11,
    "dma100" : 193.43,
    "dma200" : 203.12,
    "volume" : 587661.00
  }, {
    "date" : "2025-08-20",
    "price" : 230.90,
    "dma50" : 217.65,
    "dma100" : 194.09,
    "dma200" : 203.40,
    "volume" : 696757.00
  }, {
    "date" : "2025-08-21",
    "price" : 229.07,
    "dma50" : 218.10,
    "dma100" : 194.79,
    "dma200" : 203.66,
    "volume" : 269511.00
  }, {
    "date" : "2025-08-22",
    "price" : 226.51,
    "dma50" : 218.43,
    "dma100" : 195.47,
    "dma200" : 203.88,
    "volume" : 384639.00
  }, {
    "date" : "2025-08-25",
    "price" : 228.58,
    "dma50" : 218.82,
    "dma100" : 196.18,
    "dma200" : 204.13,
    "volume" : 275110.00
  }, {
    "date" : "2025-08-26",
    "price" : 229.51,
    "dma50" : 219.24,
    "dma100" : 196.85,
    "dma200" : 204.38,
    "volume" : 1096611.00
  }, {
    "date" : "2025-08-28",
    "price" : 234.35,
    "dma50" : 219.84,
    "dma100" : 197.52,
    "dma200" : 204.68,
    "volume" : 1622116.00
  }, {
    "date" : "2025-08-29",
    "price" : 234.42,
    "dma50" : 220.41,
    "dma100" : 198.18,
    "dma200" : 204.98,
    "volume" : 637543.00
  }, {
    "date" : "2025-09-01",
    "price" : 238.42,
    "dma50" : 221.11,
    "dma100" : 198.93,
    "dma200" : 205.31,
    "volume" : 1615041.00
  }, {
    "date" : "2025-09-02",
    "price" : 242.47,
    "dma50" : 221.95,
    "dma100" : 199.77,
    "dma200" : 205.68,
    "volume" : 1829851.00
  }, {
    "date" : "2025-09-03",
    "price" : 241.97,
    "dma50" : 222.74,
    "dma100" : 200.56,
    "dma200" : 206.04,
    "volume" : 1460293.00
  }, {
    "date" : "2025-09-04",
    "price" : 232.95,
    "dma50" : 223.14,
    "dma100" : 201.25,
    "dma200" : 206.31,
    "volume" : 2872401.00
  }, {
    "date" : "2025-09-05",
    "price" : 225.18,
    "dma50" : 223.22,
    "dma100" : 201.80,
    "dma200" : 206.50,
    "volume" : 637776.00
  }, {
    "date" : "2025-09-08",
    "price" : 224.19,
    "dma50" : 223.26,
    "dma100" : 202.32,
    "dma200" : 206.67,
    "volume" : 355112.00
  }, {
    "date" : "2025-09-09",
    "price" : 222.02,
    "dma50" : 223.21,
    "dma100" : 202.82,
    "dma200" : 206.82,
    "volume" : 329632.00
  }, {
    "date" : "2025-09-10",
    "price" : 222.01,
    "dma50" : 223.16,
    "dma100" : 203.30,
    "dma200" : 206.97,
    "volume" : 512541.00
  }, {
    "date" : "2025-09-11",
    "price" : 228.49,
    "dma50" : 223.37,
    "dma100" : 203.83,
    "dma200" : 207.19,
    "volume" : 717843.00
  }, {
    "date" : "2025-09-12",
    "price" : 223.92,
    "dma50" : 223.39,
    "dma100" : 204.31,
    "dma200" : 207.36,
    "volume" : 422121.00
  }, {
    "date" : "2025-09-15",
    "price" : 229.96,
    "dma50" : 223.65,
    "dma100" : 204.86,
    "dma200" : 207.58,
    "volume" : 807649.00
  }, {
    "date" : "2025-09-16",
    "price" : 228.14,
    "dma50" : 223.82,
    "dma100" : 205.39,
    "dma200" : 207.78,
    "volume" : 924224.00
  }, {
    "date" : "2025-09-17",
    "price" : 237.44,
    "dma50" : 224.36,
    "dma100" : 206.06,
    "dma200" : 208.08,
    "volume" : 1373339.00
  }, {
    "date" : "2025-09-18",
    "price" : 257.84,
    "dma50" : 225.67,
    "dma100" : 206.95,
    "dma200" : 208.58,
    "volume" : 7577138.00
  }, {
    "date" : "2025-09-19",
    "price" : 255.49,
    "dma50" : 226.84,
    "dma100" : 207.80,
    "dma200" : 209.04,
    "volume" : 1581158.00
  }, {
    "date" : "2025-09-22",
    "price" : 257.65,
    "dma50" : 228.05,
    "dma100" : 208.71,
    "dma200" : 209.53,
    "volume" : 1276500.00
  }, {
    "date" : "2025-09-23",
    "price" : 253.84,
    "dma50" : 229.06,
    "dma100" : 209.58,
    "dma200" : 209.97,
    "volume" : 664428.00
  }, {
    "date" : "2025-09-24",
    "price" : 246.44,
    "dma50" : 229.74,
    "dma100" : 210.36,
    "dma200" : 210.33,
    "volume" : 3596288.00
  }, {
    "date" : "2025-09-25",
    "price" : 243.98,
    "dma50" : 230.30,
    "dma100" : 211.07,
    "dma200" : 210.66,
    "volume" : 1174526.00
  }, {
    "date" : "2025-09-26",
    "price" : 232.89,
    "dma50" : 230.40,
    "dma100" : 211.72,
    "dma200" : 210.89,
    "volume" : 734223.00
  }, {
    "date" : "2025-09-29",
    "price" : 235.40,
    "dma50" : 230.60,
    "dma100" : 212.41,
    "dma200" : 211.13,
    "volume" : 731933.00
  }, {
    "date" : "2025-09-30",
    "price" : 236.90,
    "dma50" : 230.85,
    "dma100" : 213.16,
    "dma200" : 211.39,
    "volume" : 641781.00
  }, {
    "date" : "2025-10-01",
    "price" : 236.06,
    "dma50" : 231.05,
    "dma100" : 213.86,
    "dma200" : 211.63,
    "volume" : 625829.00
  }, {
    "date" : "2025-10-03",
    "price" : 239.33,
    "dma50" : 231.37,
    "dma100" : 214.58,
    "dma200" : 211.91,
    "volume" : 571167.00
  }, {
    "date" : "2025-10-06",
    "price" : 242.61,
    "dma50" : 231.81,
    "dma100" : 215.34,
    "dma200" : 212.21,
    "volume" : 452267.00
  }, {
    "date" : "2025-10-07",
    "price" : 241.91,
    "dma50" : 232.21,
    "dma100" : 216.07,
    "dma200" : 212.51,
    "volume" : 550361.00
  }, {
    "date" : "2025-10-08",
    "price" : 246.55,
    "dma50" : 232.77,
    "dma100" : 216.85,
    "dma200" : 212.85,
    "volume" : 545304.00
  }, {
    "date" : "2025-10-09",
    "price" : 247.65,
    "dma50" : 233.36,
    "dma100" : 217.58,
    "dma200" : 213.19,
    "volume" : 674018.00
  }, {
    "date" : "2025-10-10",
    "price" : 264.12,
    "dma50" : 234.56,
    "dma100" : 218.51,
    "dma200" : 213.70,
    "volume" : 3724590.00
  }, {
    "date" : "2025-10-13",
    "price" : 265.75,
    "dma50" : 235.79,
    "dma100" : 219.45,
    "dma200" : 214.22,
    "volume" : 1553249.00
  }, {
    "date" : "2025-10-14",
    "price" : 259.24,
    "dma50" : 236.71,
    "dma100" : 220.33,
    "dma200" : 214.67,
    "volume" : 796454.00
  }, {
    "date" : "2025-10-15",
    "price" : 264.48,
    "dma50" : 237.79,
    "dma100" : 221.25,
    "dma200" : 215.16,
    "volume" : 1294044.00
  }, {
    "date" : "2025-10-16",
    "price" : 265.09,
    "dma50" : 238.87,
    "dma100" : 222.17,
    "dma200" : 215.66,
    "volume" : 551650.00
  }, {
    "date" : "2025-10-17",
    "price" : 269.26,
    "dma50" : 240.06,
    "dma100" : 223.05,
    "dma200" : 216.19,
    "volume" : 2736523.00
  }, {
    "date" : "2025-10-20",
    "price" : 268.69,
    "dma50" : 241.18,
    "dma100" : 223.97,
    "dma200" : 216.71,
    "volume" : 422472.00
  }, {
    "date" : "2025-10-21",
    "price" : 272.84,
    "dma50" : 242.42,
    "dma100" : 224.92,
    "dma200" : 217.27,
    "volume" : 341293.00
  }, {
    "date" : "2025-10-23",
    "price" : 273.16,
    "dma50" : 243.63,
    "dma100" : 225.90,
    "dma200" : 217.83,
    "volume" : 962540.00
  }, {
    "date" : "2025-10-24",
    "price" : 270.41,
    "dma50" : 244.68,
    "dma100" : 226.84,
    "dma200" : 218.35,
    "volume" : 431612.00
  }, {
    "date" : "2025-10-27",
    "price" : 268.03,
    "dma50" : 245.59,
    "dma100" : 227.73,
    "dma200" : 218.85,
    "volume" : 365903.00
  }, {
    "date" : "2025-10-28",
    "price" : 268.48,
    "dma50" : 246.49,
    "dma100" : 228.67,
    "dma200" : 219.34,
    "volume" : 1834806.00
  }, {
    "date" : "2025-10-29",
    "price" : 270.44,
    "dma50" : 247.43,
    "dma100" : 229.63,
    "dma200" : 219.85,
    "volume" : 455011.00
  }, {
    "date" : "2025-10-30",
    "price" : 267.80,
    "dma50" : 248.23,
    "dma100" : 230.57,
    "dma200" : 220.33,
    "volume" : 269192.00
  }, {
    "date" : "2025-10-31",
    "price" : 277.19,
    "dma50" : 249.36,
    "dma100" : 231.60,
    "dma200" : 220.89,
    "volume" : 1215659.00
  }, {
    "date" : "2025-11-03",
    "price" : 286.10,
    "dma50" : 250.81,
    "dma100" : 232.69,
    "dma200" : 221.54,
    "volume" : 1931299.00
  }, {
    "date" : "2025-11-04",
    "price" : 291.60,
    "dma50" : 252.40,
    "dma100" : 233.78,
    "dma200" : 222.24,
    "volume" : 1324374.00
  }, {
    "date" : "2025-11-06",
    "price" : 298.30,
    "dma50" : 254.20,
    "dma100" : 234.99,
    "dma200" : 222.99,
    "volume" : 3597705.00
  }, {
    "date" : "2025-11-07",
    "price" : 301.50,
    "dma50" : 256.06,
    "dma100" : 236.23,
    "dma200" : 223.78,
    "volume" : 1028649.00
  }, {
    "date" : "2025-11-10",
    "price" : 295.90,
    "dma50" : 257.62,
    "dma100" : 237.44,
    "dma200" : 224.49,
    "volume" : 956405.00
  }, {
    "date" : "2025-11-11",
    "price" : 281.10,
    "dma50" : 258.54,
    "dma100" : 238.50,
    "dma200" : 225.06,
    "volume" : 2478745.00
  }, {
    "date" : "2025-11-12",
    "price" : 277.75,
    "dma50" : 259.30,
    "dma100" : 239.55,
    "dma200" : 225.58,
    "volume" : 1234545.00
  }, {
    "date" : "2025-11-13",
    "price" : 268.80,
    "dma50" : 259.67,
    "dma100" : 240.52,
    "dma200" : 226.01,
    "volume" : 1106599.00
  }, {
    "date" : "2025-11-14",
    "price" : 270.35,
    "dma50" : 260.09,
    "dma100" : 241.53,
    "dma200" : 226.45,
    "volume" : 612705.00
  }, {
    "date" : "2025-11-17",
    "price" : 282.05,
    "dma50" : 260.95,
    "dma100" : 242.66,
    "dma200" : 227.00,
    "volume" : 907409.00
  }, {
    "date" : "2025-11-18",
    "price" : 280.65,
    "dma50" : 261.72,
    "dma100" : 243.44,
    "dma200" : 227.54,
    "volume" : 609115.00
  }, {
    "date" : "2025-11-19",
    "price" : 276.10,
    "dma50" : 262.29,
    "dma100" : 244.13,
    "dma200" : 228.02,
    "volume" : 572109.00
  }, {
    "date" : "2025-11-20",
    "price" : 278.35,
    "dma50" : 262.92,
    "dma100" : 244.84,
    "dma200" : 228.52,
    "volume" : 337378.00
  }, {
    "date" : "2025-11-21",
    "price" : 265.80,
    "dma50" : 263.03,
    "dma100" : 245.44,
    "dma200" : 228.89,
    "volume" : 756828.00
  }, {
    "date" : "2025-11-24",
    "price" : 264.00,
    "dma50" : 263.07,
    "dma100" : 245.98,
    "dma200" : 229.24,
    "volume" : 877435.00
  }, {
    "date" : "2025-11-25",
    "price" : 262.20,
    "dma50" : 263.03,
    "dma100" : 246.49,
    "dma200" : 229.57,
    "volume" : 162108.00
  }, {
    "date" : "2025-11-26",
    "price" : 266.80,
    "dma50" : 263.18,
    "dma100" : 246.88,
    "dma200" : 229.94,
    "volume" : 1554010.00
  }, {
    "date" : "2025-11-27",
    "price" : 263.80,
    "dma50" : 263.20,
    "dma100" : 247.27,
    "dma200" : 230.28,
    "volume" : 306723.00
  }, {
    "date" : "2025-11-28",
    "price" : 267.35,
    "dma50" : 263.37,
    "dma100" : 247.73,
    "dma200" : 230.65,
    "volume" : 421956.00
  }, {
    "date" : "2025-12-01",
    "price" : 265.70,
    "dma50" : 263.46,
    "dma100" : 248.06,
    "dma200" : 231.00,
    "volume" : 175689.00
  }, {
    "date" : "2025-12-02",
    "price" : 264.75,
    "dma50" : 263.51,
    "dma100" : 248.32,
    "dma200" : 231.33,
    "volume" : 321851.00
  }, {
    "date" : "2025-12-03",
    "price" : 273.55,
    "dma50" : 263.90,
    "dma100" : 248.65,
    "dma200" : 231.75,
    "volume" : 799402.00
  }, {
    "date" : "2025-12-04",
    "price" : 272.55,
    "dma50" : 264.24,
    "dma100" : 249.01,
    "dma200" : 232.16,
    "volume" : 351830.00
  }, {
    "date" : "2025-12-05",
    "price" : 268.95,
    "dma50" : 264.43,
    "dma100" : 249.37,
    "dma200" : 232.52,
    "volume" : 235017.00
  }, {
    "date" : "2025-12-08",
    "price" : 257.85,
    "dma50" : 264.17,
    "dma100" : 249.59,
    "dma200" : 232.78,
    "volume" : 340285.00
  }, {
    "date" : "2025-12-09",
    "price" : 257.45,
    "dma50" : 263.91,
    "dma100" : 249.84,
    "dma200" : 233.02,
    "volume" : 919622.00
  }, {
    "date" : "2025-12-10",
    "price" : 255.70,
    "dma50" : 263.58,
    "dma100" : 250.02,
    "dma200" : 233.25,
    "volume" : 309772.00
  }, {
    "date" : "2025-12-11",
    "price" : 255.85,
    "dma50" : 263.28,
    "dma100" : 250.24,
    "dma200" : 233.47,
    "volume" : 588227.00
  }, {
    "date" : "2025-12-12",
    "price" : 254.05,
    "dma50" : 262.92,
    "dma100" : 250.37,
    "dma200" : 233.68,
    "volume" : 241159.00
  }, {
    "date" : "2025-12-15",
    "price" : 257.25,
    "dma50" : 262.70,
    "dma100" : 250.49,
    "dma200" : 233.91,
    "volume" : 222223.00
  }, {
    "date" : "2025-12-16",
    "price" : 255.00,
    "dma50" : 262.39,
    "dma100" : 250.66,
    "dma200" : 234.12,
    "volume" : 138312.00
  }, {
    "date" : "2025-12-17",
    "price" : 253.35,
    "dma50" : 262.04,
    "dma100" : 250.77,
    "dma200" : 234.31,
    "volume" : 237767.00
  }, {
    "date" : "2025-12-18",
    "price" : 249.15,
    "dma50" : 261.53,
    "dma100" : 250.81,
    "dma200" : 234.46,
    "volume" : 256458.00
  }, {
    "date" : "2025-12-19",
    "price" : 253.40,
    "dma50" : 261.22,
    "dma100" : 251.00,
    "dma200" : 234.65,
    "volume" : 363560.00
  }, {
    "date" : "2025-12-22",
    "price" : 263.00,
    "dma50" : 261.29,
    "dma100" : 251.32,
    "dma200" : 234.93,
    "volume" : 652525.00
  }, {
    "date" : "2025-12-23",
    "price" : 265.40,
    "dma50" : 261.45,
    "dma100" : 251.71,
    "dma200" : 235.23,
    "volume" : 216668.00
  }, {
    "date" : "2025-12-24",
    "price" : 265.95,
    "dma50" : 261.62,
    "dma100" : 252.08,
    "dma200" : 235.54,
    "volume" : 259013.00
  }, {
    "date" : "2025-12-26",
    "price" : 261.85,
    "dma50" : 261.63,
    "dma100" : 252.47,
    "dma200" : 235.80,
    "volume" : 264500.00
  }, {
    "date" : "2025-12-29",
    "price" : 259.65,
    "dma50" : 261.55,
    "dma100" : 252.82,
    "dma200" : 236.04,
    "volume" : 147024.00
  }, {
    "date" : "2025-12-30",
    "price" : 255.80,
    "dma50" : 261.33,
    "dma100" : 253.16,
    "dma200" : 236.24,
    "volume" : 221027.00
  }, {
    "date" : "2025-12-31",
    "price" : 256.20,
    "dma50" : 261.13,
    "dma100" : 253.47,
    "dma200" : 236.43,
    "volume" : 232556.00
  }, {
    "date" : "2026-01-01",
    "price" : 265.70,
    "dma50" : 261.31,
    "dma100" : 253.88,
    "dma200" : 236.72,
    "volume" : 528897.00
  }, {
    "date" : "2026-01-02",
    "price" : 267.35,
    "dma50" : 261.54,
    "dma100" : 254.30,
    "dma200" : 237.03,
    "volume" : 323422.00
  } ],
  "latestTechnicalAttributes" : {
    "date" : "2026-01-02",
    "price" : 267.35,
    "dma50" : 261.54,
    "dma100" : 254.30,
    "dma200" : 237.03,
    "volume" : 323422.00
  },
  "quarterlyResults" : [ {
    "date" : "2009-06-30",
    "sales" : 71.19,
    "salesGrowthYoY" : null,
    "grossProfitMargin" : 60.35,
    "grossProfit" : 42.96,
    "operatingProfitMargin" : 31.49,
    "operatingProfit" : 22.42,
    "netProfitMargin" : 26.97,
    "netProfit" : 19.20
  }, {
    "date" : "2009-09-30",
    "sales" : 68.25,
    "salesGrowthYoY" : null,
    "grossProfitMargin" : 62.68,
    "grossProfit" : 42.78,
    "operatingProfitMargin" : 30.84,
    "operatingProfit" : 21.05,
    "netProfitMargin" : 27.31,
    "netProfit" : 18.64
  }, {
    "date" : "2009-12-31",
    "sales" : 69.29,
    "salesGrowthYoY" : null,
    "grossProfitMargin" : 60.05,
    "grossProfit" : 41.61,
    "operatingProfitMargin" : 30.03,
    "operatingProfit" : 20.81,
    "netProfitMargin" : 26.92,
    "netProfit" : 18.65
  }, {
    "date" : "2010-03-31",
    "sales" : 86.18,
    "salesGrowthYoY" : null,
    "grossProfitMargin" : 60.34,
    "grossProfit" : 52.00,
    "operatingProfitMargin" : 38.81,
    "operatingProfit" : 33.45,
    "netProfitMargin" : 31.81,
    "netProfit" : 27.41
  }, {
    "date" : "2010-06-30",
    "sales" : 81.80,
    "salesGrowthYoY" : 14.90,
    "grossProfitMargin" : 60.67,
    "grossProfit" : 49.63,
    "operatingProfitMargin" : 35.07,
    "operatingProfit" : 28.69,
    "netProfitMargin" : 27.76,
    "netProfit" : 22.71
  }, {
    "date" : "2010-09-30",
    "sales" : 81.37,
    "salesGrowthYoY" : 19.22,
    "grossProfitMargin" : 57.70,
    "grossProfit" : 46.95,
    "operatingProfitMargin" : 28.50,
    "operatingProfit" : 23.19,
    "netProfitMargin" : 24.80,
    "netProfit" : 20.18
  }, {
    "date" : "2010-12-31",
    "sales" : 86.15,
    "salesGrowthYoY" : 24.33,
    "grossProfitMargin" : 56.40,
    "grossProfit" : 48.59,
    "operatingProfitMargin" : 30.19,
    "operatingProfit" : 26.01,
    "netProfitMargin" : 28.42,
    "netProfit" : 24.48
  }, {
    "date" : "2011-03-31",
    "sales" : 110.11,
    "salesGrowthYoY" : 27.77,
    "grossProfitMargin" : 53.81,
    "grossProfit" : 59.25,
    "operatingProfitMargin" : 28.19,
    "operatingProfit" : 31.04,
    "netProfitMargin" : 29.00,
    "netProfit" : 31.93
  }, {
    "date" : "2011-06-30",
    "sales" : 106.68,
    "salesGrowthYoY" : 30.42,
    "grossProfitMargin" : 52.93,
    "grossProfit" : 56.47,
    "operatingProfitMargin" : 24.94,
    "operatingProfit" : 26.61,
    "netProfitMargin" : 26.64,
    "netProfit" : 28.42
  }, {
    "date" : "2011-09-30",
    "sales" : 107.10,
    "salesGrowthYoY" : 31.62,
    "grossProfitMargin" : 53.84,
    "grossProfit" : 57.66,
    "operatingProfitMargin" : 25.60,
    "operatingProfit" : 27.42,
    "netProfitMargin" : 26.84,
    "netProfit" : 28.75
  }, {
    "date" : "2011-12-31",
    "sales" : 112.50,
    "salesGrowthYoY" : 30.59,
    "grossProfitMargin" : 54.31,
    "grossProfit" : 61.10,
    "operatingProfitMargin" : 25.47,
    "operatingProfit" : 28.65,
    "netProfitMargin" : 25.67,
    "netProfit" : 28.88
  }, {
    "date" : "2012-03-31",
    "sales" : 147.04,
    "salesGrowthYoY" : 33.54,
    "grossProfitMargin" : 53.18,
    "grossProfit" : 78.20,
    "operatingProfitMargin" : 23.11,
    "operatingProfit" : 33.98,
    "netProfitMargin" : 23.16,
    "netProfit" : 34.05
  }, {
    "date" : "2012-06-30",
    "sales" : 138.24,
    "salesGrowthYoY" : 29.58,
    "grossProfitMargin" : 55.69,
    "grossProfit" : 76.99,
    "operatingProfitMargin" : 28.15,
    "operatingProfit" : 38.91,
    "netProfitMargin" : 27.21,
    "netProfit" : 37.62
  }, {
    "date" : "2012-09-30",
    "sales" : 136.02,
    "salesGrowthYoY" : 27.00,
    "grossProfitMargin" : 57.79,
    "grossProfit" : 78.61,
    "operatingProfitMargin" : 28.72,
    "operatingProfit" : 39.06,
    "netProfitMargin" : 28.23,
    "netProfit" : 38.40
  }, {
    "date" : "2012-12-31",
    "sales" : 148.28,
    "salesGrowthYoY" : 31.80,
    "grossProfitMargin" : 57.92,
    "grossProfit" : 85.88,
    "operatingProfitMargin" : 28.99,
    "operatingProfit" : 42.99,
    "netProfitMargin" : 28.46,
    "netProfit" : 42.20
  }, {
    "date" : "2013-03-31",
    "sales" : 184.19,
    "salesGrowthYoY" : 25.27,
    "grossProfitMargin" : 58.40,
    "grossProfit" : 107.57,
    "operatingProfitMargin" : 28.14,
    "operatingProfit" : 51.83,
    "netProfitMargin" : 26.68,
    "netProfit" : 49.14
  }, {
    "date" : "2013-06-30",
    "sales" : 170.24,
    "salesGrowthYoY" : 23.15,
    "grossProfitMargin" : 60.06,
    "grossProfit" : 102.25,
    "operatingProfitMargin" : 28.34,
    "operatingProfit" : 48.25,
    "netProfitMargin" : 27.61,
    "netProfit" : 47.00
  }, {
    "date" : "2013-09-30",
    "sales" : 158.40,
    "salesGrowthYoY" : 16.45,
    "grossProfitMargin" : 60.51,
    "grossProfit" : 95.85,
    "operatingProfitMargin" : 27.07,
    "operatingProfit" : 42.88,
    "netProfitMargin" : 25.28,
    "netProfit" : 40.04
  }, {
    "date" : "2013-12-31",
    "sales" : 158.58,
    "salesGrowthYoY" : 6.95,
    "grossProfitMargin" : 60.63,
    "grossProfit" : 96.15,
    "operatingProfitMargin" : 26.98,
    "operatingProfit" : 42.78,
    "netProfitMargin" : 24.20,
    "netProfit" : 38.38
  }, {
    "date" : "2014-03-31",
    "sales" : 184.51,
    "salesGrowthYoY" : 0.17,
    "grossProfitMargin" : 58.93,
    "grossProfit" : 108.73,
    "operatingProfitMargin" : 28.60,
    "operatingProfit" : 52.77,
    "netProfitMargin" : 25.99,
    "netProfit" : 47.95
  }, {
    "date" : "2014-06-30",
    "sales" : 191.32,
    "salesGrowthYoY" : 12.38,
    "grossProfitMargin" : 59.24,
    "grossProfit" : 113.34,
    "operatingProfitMargin" : 28.07,
    "operatingProfit" : 53.70,
    "netProfitMargin" : 25.56,
    "netProfit" : 48.90
  }, {
    "date" : "2014-09-30",
    "sales" : 188.01,
    "salesGrowthYoY" : 18.69,
    "grossProfitMargin" : 61.50,
    "grossProfit" : 115.63,
    "operatingProfitMargin" : 27.72,
    "operatingProfit" : 52.12,
    "netProfitMargin" : 24.85,
    "netProfit" : 46.72
  }, {
    "date" : "2014-12-31",
    "sales" : 205.79,
    "salesGrowthYoY" : 29.77,
    "grossProfitMargin" : 62.60,
    "grossProfit" : 128.82,
    "operatingProfitMargin" : 28.74,
    "operatingProfit" : 59.14,
    "netProfitMargin" : 24.84,
    "netProfit" : 51.12
  }, {
    "date" : "2015-03-31",
    "sales" : 236.17,
    "salesGrowthYoY" : 28.00,
    "grossProfitMargin" : 62.72,
    "grossProfit" : 148.13,
    "operatingProfitMargin" : 31.39,
    "operatingProfit" : 74.13,
    "netProfitMargin" : 26.98,
    "netProfit" : 63.72
  }, {
    "date" : "2015-06-30",
    "sales" : 200.86,
    "salesGrowthYoY" : 4.99,
    "grossProfitMargin" : 61.54,
    "grossProfit" : 123.61,
    "operatingProfitMargin" : 33.04,
    "operatingProfit" : 66.36,
    "netProfitMargin" : 22.34,
    "netProfit" : 44.87
  }, {
    "date" : "2015-09-30",
    "sales" : 190.12,
    "salesGrowthYoY" : 1.12,
    "grossProfitMargin" : 61.61,
    "grossProfit" : 117.13,
    "operatingProfitMargin" : 34.05,
    "operatingProfit" : 64.74,
    "netProfitMargin" : 29.60,
    "netProfit" : 56.28
  }, {
    "date" : "2015-12-31",
    "sales" : 196.09,
    "salesGrowthYoY" : -4.71,
    "grossProfitMargin" : 62.98,
    "grossProfit" : 123.50,
    "operatingProfitMargin" : 34.57,
    "operatingProfit" : 67.79,
    "netProfitMargin" : 29.86,
    "netProfit" : 58.55
  }, {
    "date" : "2016-03-31",
    "sales" : 208.78,
    "salesGrowthYoY" : -11.60,
    "grossProfitMargin" : 64.39,
    "grossProfit" : 134.43,
    "operatingProfitMargin" : 36.19,
    "operatingProfit" : 75.56,
    "netProfitMargin" : 30.41,
    "netProfit" : 63.49
  }, {
    "date" : "2016-06-30",
    "sales" : 204.31,
    "salesGrowthYoY" : 1.72,
    "grossProfitMargin" : 65.55,
    "grossProfit" : 133.93,
    "operatingProfitMargin" : 34.74,
    "operatingProfit" : 70.98,
    "netProfitMargin" : 30.07,
    "netProfit" : 61.44
  }, {
    "date" : "2016-09-30",
    "sales" : 196.78,
    "salesGrowthYoY" : 3.50,
    "grossProfitMargin" : 66.37,
    "grossProfit" : 130.60,
    "operatingProfitMargin" : 34.15,
    "operatingProfit" : 67.20,
    "netProfitMargin" : 33.00,
    "netProfit" : 64.94
  }, {
    "date" : "2016-12-31",
    "sales" : 186.91,
    "salesGrowthYoY" : -4.68,
    "grossProfitMargin" : 65.56,
    "grossProfit" : 122.54,
    "operatingProfitMargin" : 32.76,
    "operatingProfit" : 61.23,
    "netProfitMargin" : 30.92,
    "netProfit" : 57.79
  }, {
    "date" : "2017-03-31",
    "sales" : 204.54,
    "salesGrowthYoY" : -2.03,
    "grossProfitMargin" : 67.26,
    "grossProfit" : 137.57,
    "operatingProfitMargin" : 32.38,
    "operatingProfit" : 66.23,
    "netProfitMargin" : 25.75,
    "netProfit" : 52.67
  }, {
    "date" : "2017-06-30",
    "sales" : 197.43,
    "salesGrowthYoY" : -3.37,
    "grossProfitMargin" : 65.15,
    "grossProfit" : 128.63,
    "operatingProfitMargin" : 30.71,
    "operatingProfit" : 60.63,
    "netProfitMargin" : 27.85,
    "netProfit" : 54.98
  }, {
    "date" : "2017-09-30",
    "sales" : 204.13,
    "salesGrowthYoY" : 3.74,
    "grossProfitMargin" : 67.01,
    "grossProfit" : 136.79,
    "operatingProfitMargin" : 28.58,
    "operatingProfit" : 58.34,
    "netProfitMargin" : 24.84,
    "netProfit" : 50.71
  }, {
    "date" : "2017-12-31",
    "sales" : 208.05,
    "salesGrowthYoY" : 11.31,
    "grossProfitMargin" : 69.05,
    "grossProfit" : 143.66,
    "operatingProfitMargin" : 32.61,
    "operatingProfit" : 67.85,
    "netProfitMargin" : 26.51,
    "netProfit" : 55.15
  }, {
    "date" : "2018-03-31",
    "sales" : 221.60,
    "salesGrowthYoY" : 8.34,
    "grossProfitMargin" : 67.27,
    "grossProfit" : 149.07,
    "operatingProfitMargin" : 32.41,
    "operatingProfit" : 71.82,
    "netProfitMargin" : 25.00,
    "netProfit" : 55.40
  }, {
    "date" : "2018-06-30",
    "sales" : 221.41,
    "salesGrowthYoY" : 12.15,
    "grossProfitMargin" : 66.60,
    "grossProfit" : 147.46,
    "operatingProfitMargin" : 31.22,
    "operatingProfit" : 69.12,
    "netProfitMargin" : 24.29,
    "netProfit" : 53.78
  }, {
    "date" : "2018-09-30",
    "sales" : 212.73,
    "salesGrowthYoY" : 4.21,
    "grossProfitMargin" : 67.33,
    "grossProfit" : 143.23,
    "operatingProfitMargin" : 28.48,
    "operatingProfit" : 60.59,
    "netProfitMargin" : 24.28,
    "netProfit" : 51.65
  }, {
    "date" : "2018-12-31",
    "sales" : 229.57,
    "salesGrowthYoY" : 10.34,
    "grossProfitMargin" : 67.41,
    "grossProfit" : 154.75,
    "operatingProfitMargin" : 30.94,
    "operatingProfit" : 71.03,
    "netProfitMargin" : 26.18,
    "netProfit" : 60.10
  }, {
    "date" : "2019-03-31",
    "sales" : 245.65,
    "salesGrowthYoY" : 10.85,
    "grossProfitMargin" : 66.27,
    "grossProfit" : 162.79,
    "operatingProfitMargin" : 31.62,
    "operatingProfit" : 77.67,
    "netProfitMargin" : 24.68,
    "netProfit" : 60.63
  }, {
    "date" : "2019-06-30",
    "sales" : 240.24,
    "salesGrowthYoY" : 8.50,
    "grossProfitMargin" : 67.74,
    "grossProfit" : 162.74,
    "operatingProfitMargin" : 29.33,
    "operatingProfit" : 70.46,
    "netProfitMargin" : 24.42,
    "netProfit" : 58.67
  }, {
    "date" : "2019-09-30",
    "sales" : 217.09,
    "salesGrowthYoY" : 2.05,
    "grossProfitMargin" : 67.11,
    "grossProfit" : 145.69,
    "operatingProfitMargin" : 28.65,
    "operatingProfit" : 62.20,
    "netProfitMargin" : 26.39,
    "netProfit" : 57.29
  }, {
    "date" : "2019-12-31",
    "sales" : 211.48,
    "salesGrowthYoY" : -7.88,
    "grossProfitMargin" : 67.69,
    "grossProfit" : 143.15,
    "operatingProfitMargin" : 25.66,
    "operatingProfit" : 54.27,
    "netProfitMargin" : 23.68,
    "netProfit" : 50.08
  }, {
    "date" : "2020-03-31",
    "sales" : 175.39,
    "salesGrowthYoY" : -28.60,
    "grossProfitMargin" : 68.28,
    "grossProfit" : 119.76,
    "operatingProfitMargin" : 13.47,
    "operatingProfit" : 23.63,
    "netProfitMargin" : 13.98,
    "netProfit" : 24.52
  }, {
    "date" : "2020-06-30",
    "sales" : 196.06,
    "salesGrowthYoY" : -18.39,
    "grossProfitMargin" : 64.44,
    "grossProfit" : 126.34,
    "operatingProfitMargin" : 29.03,
    "operatingProfit" : 56.92,
    "netProfitMargin" : 27.64,
    "netProfit" : 54.19
  }, {
    "date" : "2020-09-30",
    "sales" : 225.30,
    "salesGrowthYoY" : 3.78,
    "grossProfitMargin" : 66.37,
    "grossProfit" : 149.53,
    "operatingProfitMargin" : 27.81,
    "operatingProfit" : 62.66,
    "netProfitMargin" : 25.41,
    "netProfit" : 57.25
  }, {
    "date" : "2020-12-31",
    "sales" : 247.27,
    "salesGrowthYoY" : 16.92,
    "grossProfitMargin" : 64.13,
    "grossProfit" : 158.57,
    "operatingProfitMargin" : 25.53,
    "operatingProfit" : 63.13,
    "netProfitMargin" : 23.55,
    "netProfit" : 58.23
  }, {
    "date" : "2021-03-31",
    "sales" : 246.00,
    "salesGrowthYoY" : 40.26,
    "grossProfitMargin" : 61.28,
    "grossProfit" : 150.75,
    "operatingProfitMargin" : 24.72,
    "operatingProfit" : 60.81,
    "netProfitMargin" : 21.91,
    "netProfit" : 53.90
  }, {
    "date" : "2021-06-30",
    "sales" : 215.30,
    "salesGrowthYoY" : 9.81,
    "grossProfitMargin" : 59.30,
    "grossProfit" : 127.67,
    "operatingProfitMargin" : 24.31,
    "operatingProfit" : 52.34,
    "netProfitMargin" : 22.70,
    "netProfit" : 48.87
  }, {
    "date" : "2021-09-30",
    "sales" : 215.15,
    "salesGrowthYoY" : -4.51,
    "grossProfitMargin" : 59.61,
    "grossProfit" : 128.25,
    "operatingProfitMargin" : 22.64,
    "operatingProfit" : 48.71,
    "netProfitMargin" : 21.96,
    "netProfit" : 47.25
  }, {
    "date" : "2021-12-31",
    "sales" : 228.59,
    "salesGrowthYoY" : -7.55,
    "grossProfitMargin" : 56.02,
    "grossProfit" : 128.06,
    "operatingProfitMargin" : 17.59,
    "operatingProfit" : 40.21,
    "netProfitMargin" : 17.52,
    "netProfit" : 40.05
  }, {
    "date" : "2022-03-31",
    "sales" : 219.34,
    "salesGrowthYoY" : -10.84,
    "grossProfitMargin" : 56.81,
    "grossProfit" : 124.61,
    "operatingProfitMargin" : 16.99,
    "operatingProfit" : 37.27,
    "netProfitMargin" : 17.49,
    "netProfit" : 38.36
  }, {
    "date" : "2022-06-30",
    "sales" : 246.73,
    "salesGrowthYoY" : 14.60,
    "grossProfitMargin" : 55.13,
    "grossProfit" : 136.02,
    "operatingProfitMargin" : 14.52,
    "operatingProfit" : 35.83,
    "netProfitMargin" : 13.53,
    "netProfit" : 33.38
  }, {
    "date" : "2022-09-30",
    "sales" : 230.30,
    "salesGrowthYoY" : 7.04,
    "grossProfitMargin" : 52.34,
    "grossProfit" : 120.54,
    "operatingProfitMargin" : 13.31,
    "operatingProfit" : 30.65,
    "netProfitMargin" : 13.80,
    "netProfit" : 31.78
  }, {
    "date" : "2022-12-31",
    "sales" : 228.39,
    "salesGrowthYoY" : -0.09,
    "grossProfitMargin" : 53.58,
    "grossProfit" : 122.37,
    "operatingProfitMargin" : 14.38,
    "operatingProfit" : 32.84,
    "netProfitMargin" : 14.76,
    "netProfit" : 33.71
  }, {
    "date" : "2023-03-31",
    "sales" : 244.51,
    "salesGrowthYoY" : 11.48,
    "grossProfitMargin" : 54.66,
    "grossProfit" : 133.65,
    "operatingProfitMargin" : 17.21,
    "operatingProfit" : 42.08,
    "netProfitMargin" : 16.76,
    "netProfit" : 40.98
  }, {
    "date" : "2023-06-30",
    "sales" : 264.18,
    "salesGrowthYoY" : 7.07,
    "grossProfitMargin" : 55.38,
    "grossProfit" : 146.30,
    "operatingProfitMargin" : 17.78,
    "operatingProfit" : 46.97,
    "netProfitMargin" : 17.19,
    "netProfit" : 45.41
  }, {
    "date" : "2023-09-30",
    "sales" : 231.86,
    "salesGrowthYoY" : 0.68,
    "grossProfitMargin" : 55.13,
    "grossProfit" : 127.82,
    "operatingProfitMargin" : 16.28,
    "operatingProfit" : 37.75,
    "netProfitMargin" : 16.57,
    "netProfit" : 38.42
  }, {
    "date" : "2023-12-31",
    "sales" : 235.76,
    "salesGrowthYoY" : 3.23,
    "grossProfitMargin" : 53.87,
    "grossProfit" : 127.00,
    "operatingProfitMargin" : 15.80,
    "operatingProfit" : 37.25,
    "netProfitMargin" : 15.97,
    "netProfit" : 37.65
  }, {
    "date" : "2024-03-31",
    "sales" : 235.91,
    "salesGrowthYoY" : -3.52,
    "grossProfitMargin" : 55.77,
    "grossProfit" : 131.57,
    "operatingProfitMargin" : 15.37,
    "operatingProfit" : 36.26,
    "netProfitMargin" : 15.82,
    "netProfit" : 37.32
  }, {
    "date" : "2024-06-30",
    "sales" : 241.18,
    "salesGrowthYoY" : -8.71,
    "grossProfitMargin" : 55.98,
    "grossProfit" : 135.01,
    "operatingProfitMargin" : 15.51,
    "operatingProfit" : 37.41,
    "netProfitMargin" : 15.75,
    "netProfit" : 37.99
  }, {
    "date" : "2024-09-30",
    "sales" : 228.77,
    "salesGrowthYoY" : -1.33,
    "grossProfitMargin" : 53.17,
    "grossProfit" : 121.64,
    "operatingProfitMargin" : 14.81,
    "operatingProfit" : 33.88,
    "netProfitMargin" : 14.49,
    "netProfit" : 33.15
  }, {
    "date" : "2024-12-31",
    "sales" : 229.28,
    "salesGrowthYoY" : -2.75,
    "grossProfitMargin" : 52.59,
    "grossProfit" : 120.58,
    "operatingProfitMargin" : 12.37,
    "operatingProfit" : 28.36,
    "netProfitMargin" : 12.00,
    "netProfit" : 27.51
  }, {
    "date" : "2025-03-31",
    "sales" : 243.52,
    "salesGrowthYoY" : 3.23,
    "grossProfitMargin" : 54.90,
    "grossProfit" : 133.69,
    "operatingProfitMargin" : 13.46,
    "operatingProfit" : 32.78,
    "netProfitMargin" : 12.93,
    "netProfit" : 31.49
  }, {
    "date" : "2025-06-30",
    "sales" : 251.70,
    "salesGrowthYoY" : 4.36,
    "grossProfitMargin" : 57.80,
    "grossProfit" : 145.48,
    "operatingProfitMargin" : 16.66,
    "operatingProfit" : 41.93,
    "netProfitMargin" : 15.51,
    "netProfit" : 39.04
  }, {
    "date" : "2025-09-30",
    "sales" : 245.29,
    "salesGrowthYoY" : 7.22,
    "grossProfitMargin" : 59.92,
    "grossProfit" : 146.98,
    "operatingProfitMargin" : 19.86,
    "operatingProfit" : 48.71,
    "netProfitMargin" : 17.54,
    "netProfit" : 43.02
  } ],
  "latestQuarterlyResult" : {
    "date" : "2025-09-30",
    "sales" : 245.29,
    "salesGrowthYoY" : 7.22,
    "grossProfitMargin" : 59.92,
    "grossProfit" : 146.98,
    "operatingProfitMargin" : 19.86,
    "operatingProfit" : 48.71,
    "netProfitMargin" : 17.54,
    "netProfit" : 43.02
  },
  "companyScore" : {
    "priceHigherThanDma50" : 5.00,
    "priceHigherThanDma100" : 5.00,
    "priceHigherThanDma200" : 5.00,
    "dma50HigherThanDma100" : 5.00,
    "dma50HigherThanDma200" : 5.00,
    "dma100HigherThanDma200" : 5.00,
    "pricePercentageAboveDma50" : 4.89,
    "pricePercentageAboveDma100" : 4.74,
    "pricePercentageAboveDma200" : 4.36,
    "weeklyVolumeHigherThanYearlyVolume" : 0.00,
    "salesGrowthPercentile" : 10.65,
    "operatingProfitMarginPercentile" : 5.67,
    "netProfitMarginPercentile" : 2.64,
    "totalTechnicalScore" : 43.99,
    "totalFundamentalScore" : 18.95,
    "totalScore" : 62.94
  }
}