{
  "metadata" : {
    "screenerCompanyId" : "375",
    "companyCode" : "BAJAJHLDNG",
    "companyName" : "Bajaj Holdings",
    "screenerCompanyLink" : "https://www.screener.in/company/BAJAJHLDNG/consolidated/",
    "screenerTechnicalHistoryLink" : "https://www.screener.in/api/company/375/chart/?q=Price-DMA50-DMA200-Volume&days=365",
    "screenerQuarterlyResultsLink" : "https://www.screener.in/api/company/375/chart/?q=GPM-OPM-NPM-Quarter+Sales&days=10000",
    "attributes" : {
      "companyCode" : "BAJAJHLDNG",
      "companyName" : "Bajaj Holdings",
      "marketCap" : 124530.00,
      "peRatio" : 16.90,
      "description" : "Incorporated in 2024, Bajaj Holdings & Investment Ltd is an Investment and Credit Company[1]"
    },
    "companyScore" : {
      "priceHigherThanDma50" : 5.00,
      "priceHigherThanDma100" : 0.00,
      "priceHigherThanDma200" : 0.00,
      "dma50HigherThanDma100" : 0.00,
      "dma50HigherThanDma200" : 0.00,
      "dma100HigherThanDma200" : 0.00,
      "pricePercentageAboveDma50" : 4.97,
      "pricePercentageAboveDma100" : 5.15,
      "pricePercentageAboveDma200" : 5.26,
      "weeklyVolumeHigherThanYearlyVolume" : 0.00,
      "salesGrowthPercentile" : 17.75,
      "operatingProfitMarginPercentile" : 16.72,
      "netProfitMarginPercentile" : 4.40,
      "totalTechnicalScore" : 20.38,
      "totalFundamentalScore" : 38.87,
      "totalScore" : 59.25
    }
  },
  "attributes" : {
    "companyCode" : "BAJAJHLDNG",
    "companyName" : "Bajaj Holdings",
    "marketCap" : 124530.00,
    "peRatio" : 16.90,
    "description" : "Incorporated in 2024, Bajaj Holdings & Investment Ltd is an Investment and Credit Company[1]"
  },
  "technicalHistory" : [ {
    "date" : "2025-02-20",
    "price" : 12454.30,
    "dma50" : 11391.18,
    "dma100" : null,
    "dma200" : 10296.33,
    "volume" : 121384.00
  }, {
    "date" : "2025-02-21",
    "price" : 12207.85,
    "dma50" : 11423.20,
    "dma100" : null,
    "dma200" : 10315.35,
    "volume" : 47054.00
  }, {
    "date" : "2025-02-24",
    "price" : 12001.85,
    "dma50" : 11445.90,
    "dma100" : null,
    "dma200" : 10332.13,
    "volume" : 156074.00
  }, {
    "date" : "2025-02-25",
    "price" : 11642.05,
    "dma50" : 11453.59,
    "dma100" : null,
    "dma200" : 10345.16,
    "volume" : 71669.00
  }, {
    "date" : "2025-02-27",
    "price" : 12068.65,
    "dma50" : 11477.71,
    "dma100" : null,
    "dma200" : 10362.31,
    "volume" : 258889.00
  }, {
    "date" : "2025-02-28",
    "price" : 11574.35,
    "dma50" : 11481.50,
    "dma100" : null,
    "dma200" : 10374.37,
    "volume" : 186549.00
  }, {
    "date" : "2025-03-03",
    "price" : 11346.75,
    "dma50" : 11476.21,
    "dma100" : null,
    "dma200" : 10384.05,
    "volume" : 64163.00
  }, {
    "date" : "2025-03-04",
    "price" : 11209.15,
    "dma50" : 11465.74,
    "dma100" : null,
    "dma200" : 10392.26,
    "volume" : 72267.00
  }, {
    "date" : "2025-03-05",
    "price" : 11560.00,
    "dma50" : 11469.44,
    "dma100" : null,
    "dma200" : 10403.88,
    "volume" : 41670.00
  }, {
    "date" : "2025-03-06",
    "price" : 11361.95,
    "dma50" : 11465.22,
    "dma100" : null,
    "dma200" : 10413.41,
    "volume" : 143820.00
  }, {
    "date" : "2025-03-07",
    "price" : 11774.95,
    "dma50" : 11477.37,
    "dma100" : null,
    "dma200" : 10426.96,
    "volume" : 143584.00
  }, {
    "date" : "2025-03-10",
    "price" : 11637.20,
    "dma50" : 11483.64,
    "dma100" : null,
    "dma200" : 10439.00,
    "volume" : 86006.00
  }, {
    "date" : "2025-03-11",
    "price" : 11384.55,
    "dma50" : 11479.75,
    "dma100" : null,
    "dma200" : 10448.41,
    "volume" : 92838.00
  }, {
    "date" : "2025-03-12",
    "price" : 11458.30,
    "dma50" : 11478.91,
    "dma100" : null,
    "dma200" : 10458.46,
    "volume" : 65556.00
  }, {
    "date" : "2025-03-13",
    "price" : 11320.20,
    "dma50" : 11472.69,
    "dma100" : null,
    "dma200" : 10467.03,
    "volume" : 42247.00
  }, {
    "date" : "2025-03-17",
    "price" : 11566.60,
    "dma50" : 11476.37,
    "dma100" : null,
    "dma200" : 10477.97,
    "volume" : 87610.00
  }, {
    "date" : "2025-03-18",
    "price" : 11619.40,
    "dma50" : 11481.98,
    "dma100" : null,
    "dma200" : 10489.33,
    "volume" : 112679.00
  }, {
    "date" : "2025-03-19",
    "price" : 11870.05,
    "dma50" : 11497.20,
    "dma100" : null,
    "dma200" : 10503.07,
    "volume" : 69969.00
  }, {
    "date" : "2025-03-20",
    "price" : 11998.70,
    "dma50" : 11516.86,
    "dma100" : null,
    "dma200" : 10517.95,
    "volume" : 53366.00
  }, {
    "date" : "2025-03-21",
    "price" : 12273.55,
    "dma50" : 11546.54,
    "dma100" : null,
    "dma200" : 10535.42,
    "volume" : 164395.00
  }, {
    "date" : "2025-03-24",
    "price" : 12435.50,
    "dma50" : 11581.40,
    "dma100" : null,
    "dma200" : 10554.33,
    "volume" : 42924.00
  }, {
    "date" : "2025-03-25",
    "price" : 12521.50,
    "dma50" : 11618.26,
    "dma100" : null,
    "dma200" : 10573.90,
    "volume" : 48200.00
  }, {
    "date" : "2025-03-26",
    "price" : 12599.05,
    "dma50" : 11656.73,
    "dma100" : null,
    "dma200" : 10594.05,
    "volume" : 65746.00
  }, {
    "date" : "2025-03-27",
    "price" : 12462.55,
    "dma50" : 11688.33,
    "dma100" : null,
    "dma200" : 10612.64,
    "volume" : 119779.00
  }, {
    "date" : "2025-03-28",
    "price" : 12473.05,
    "dma50" : 11719.10,
    "dma100" : null,
    "dma200" : 10631.15,
    "volume" : 53331.00
  }, {
    "date" : "2025-04-01",
    "price" : 11911.45,
    "dma50" : 11726.64,
    "dma100" : null,
    "dma200" : 10643.89,
    "volume" : 60559.00
  }, {
    "date" : "2025-04-02",
    "price" : 11515.10,
    "dma50" : 11718.35,
    "dma100" : null,
    "dma200" : 10652.56,
    "volume" : 229084.00
  }, {
    "date" : "2025-04-03",
    "price" : 11499.85,
    "dma50" : 11709.78,
    "dma100" : null,
    "dma200" : 10660.99,
    "volume" : 65763.00
  }, {
    "date" : "2025-04-04",
    "price" : 11506.90,
    "dma50" : 11701.82,
    "dma100" : null,
    "dma200" : 10669.41,
    "volume" : 66434.00
  }, {
    "date" : "2025-04-07",
    "price" : 10779.60,
    "dma50" : 11665.66,
    "dma100" : null,
    "dma200" : 10670.51,
    "volume" : 84678.00
  }, {
    "date" : "2025-04-08",
    "price" : 10811.75,
    "dma50" : 11632.17,
    "dma100" : null,
    "dma200" : 10671.91,
    "volume" : 188053.00
  }, {
    "date" : "2025-04-09",
    "price" : 11092.30,
    "dma50" : 11611.00,
    "dma100" : null,
    "dma200" : 10676.10,
    "volume" : 151737.00
  }, {
    "date" : "2025-04-11",
    "price" : 11282.15,
    "dma50" : 11598.10,
    "dma100" : null,
    "dma200" : 10682.13,
    "volume" : 47253.00
  }, {
    "date" : "2025-04-15",
    "price" : 11826.00,
    "dma50" : 11607.04,
    "dma100" : null,
    "dma200" : 10693.51,
    "volume" : 76477.00
  }, {
    "date" : "2025-04-16",
    "price" : 11585.00,
    "dma50" : 11606.18,
    "dma100" : null,
    "dma200" : 10702.38,
    "volume" : 64598.00
  }, {
    "date" : "2025-04-17",
    "price" : 11955.00,
    "dma50" : 11619.86,
    "dma100" : null,
    "dma200" : 10714.84,
    "volume" : 77794.00
  }, {
    "date" : "2025-04-21",
    "price" : 12207.00,
    "dma50" : 11642.88,
    "dma100" : null,
    "dma200" : 10729.69,
    "volume" : 39458.00
  }, {
    "date" : "2025-04-22",
    "price" : 12324.00,
    "dma50" : 11669.59,
    "dma100" : null,
    "dma200" : 10745.55,
    "volume" : 33144.00
  }, {
    "date" : "2025-04-23",
    "price" : 12422.00,
    "dma50" : 11699.10,
    "dma100" : null,
    "dma200" : 10762.23,
    "volume" : 55299.00
  }, {
    "date" : "2025-04-24",
    "price" : 12379.00,
    "dma50" : 11725.76,
    "dma100" : null,
    "dma200" : 10778.32,
    "volume" : 59911.00
  }, {
    "date" : "2025-04-25",
    "price" : 12198.00,
    "dma50" : 11744.28,
    "dma100" : null,
    "dma200" : 10792.45,
    "volume" : 60001.00
  }, {
    "date" : "2025-04-28",
    "price" : 12354.00,
    "dma50" : 11768.19,
    "dma100" : null,
    "dma200" : 10807.99,
    "volume" : 31685.00
  }, {
    "date" : "2025-04-29",
    "price" : 12316.00,
    "dma50" : 11789.67,
    "dma100" : null,
    "dma200" : 10822.99,
    "volume" : 33003.00
  }, {
    "date" : "2025-04-30",
    "price" : 11973.00,
    "dma50" : 11796.86,
    "dma100" : null,
    "dma200" : 10834.43,
    "volume" : 72066.00
  }, {
    "date" : "2025-05-02",
    "price" : 12014.00,
    "dma50" : 11805.38,
    "dma100" : null,
    "dma200" : 10846.17,
    "volume" : 56666.00
  }, {
    "date" : "2025-05-05",
    "price" : 11901.00,
    "dma50" : 11809.13,
    "dma100" : null,
    "dma200" : 10856.67,
    "volume" : 57939.00
  }, {
    "date" : "2025-05-06",
    "price" : 11858.00,
    "dma50" : 11811.04,
    "dma100" : null,
    "dma200" : 10866.63,
    "volume" : 33557.00
  }, {
    "date" : "2025-05-07",
    "price" : 11907.00,
    "dma50" : 11814.81,
    "dma100" : null,
    "dma200" : 10876.98,
    "volume" : 38278.00
  }, {
    "date" : "2025-05-08",
    "price" : 11549.00,
    "dma50" : 11804.38,
    "dma100" : null,
    "dma200" : 10883.67,
    "volume" : 56670.00
  }, {
    "date" : "2025-05-09",
    "price" : 11238.00,
    "dma50" : 11782.17,
    "dma100" : null,
    "dma200" : 10887.19,
    "volume" : 35410.00
  }, {
    "date" : "2025-05-12",
    "price" : 12094.00,
    "dma50" : 11794.40,
    "dma100" : null,
    "dma200" : 10899.20,
    "volume" : 54931.00
  }, {
    "date" : "2025-05-13",
    "price" : 11921.00,
    "dma50" : 11799.37,
    "dma100" : null,
    "dma200" : 10909.37,
    "volume" : 32561.00
  }, {
    "date" : "2025-05-14",
    "price" : 12020.00,
    "dma50" : 11808.02,
    "dma100" : null,
    "dma200" : 10920.42,
    "volume" : 32107.00
  }, {
    "date" : "2025-05-15",
    "price" : 12630.00,
    "dma50" : 11840.25,
    "dma100" : null,
    "dma200" : 10937.43,
    "volume" : 151906.00
  }, {
    "date" : "2025-05-16",
    "price" : 13111.00,
    "dma50" : 11890.09,
    "dma100" : null,
    "dma200" : 10959.06,
    "volume" : 179958.00
  }, {
    "date" : "2025-05-19",
    "price" : 13973.00,
    "dma50" : 11971.77,
    "dma100" : null,
    "dma200" : 10989.05,
    "volume" : 283850.00
  }, {
    "date" : "2025-05-20",
    "price" : 12932.00,
    "dma50" : 12009.42,
    "dma100" : null,
    "dma200" : 11008.38,
    "volume" : 208544.00
  }, {
    "date" : "2025-05-21",
    "price" : 13142.00,
    "dma50" : 12053.84,
    "dma100" : null,
    "dma200" : 11029.61,
    "volume" : 125430.00
  }, {
    "date" : "2025-05-22",
    "price" : 13198.00,
    "dma50" : 12098.71,
    "dma100" : null,
    "dma200" : 11051.19,
    "volume" : 96330.00
  }, {
    "date" : "2025-05-23",
    "price" : 13748.00,
    "dma50" : 12163.39,
    "dma100" : null,
    "dma200" : 11078.02,
    "volume" : 119234.00
  }, {
    "date" : "2025-05-26",
    "price" : 13978.00,
    "dma50" : 12234.55,
    "dma100" : null,
    "dma200" : 11106.88,
    "volume" : 86605.00
  }, {
    "date" : "2025-05-27",
    "price" : 13803.00,
    "dma50" : 12296.06,
    "dma100" : null,
    "dma200" : 11133.70,
    "volume" : 55218.00
  }, {
    "date" : "2025-05-28",
    "price" : 13617.00,
    "dma50" : 12347.86,
    "dma100" : null,
    "dma200" : 11158.41,
    "volume" : 40415.00
  }, {
    "date" : "2025-05-29",
    "price" : 13327.00,
    "dma50" : 12386.26,
    "dma100" : null,
    "dma200" : 11179.99,
    "volume" : 59835.00
  }, {
    "date" : "2025-05-30",
    "price" : 13414.00,
    "dma50" : 12426.56,
    "dma100" : null,
    "dma200" : 11202.22,
    "volume" : 314486.00
  }, {
    "date" : "2025-06-02",
    "price" : 13418.00,
    "dma50" : 12465.44,
    "dma100" : null,
    "dma200" : 11224.27,
    "volume" : 73765.00
  }, {
    "date" : "2025-06-03",
    "price" : 13158.00,
    "dma50" : 12492.60,
    "dma100" : null,
    "dma200" : 11243.51,
    "volume" : 53852.00
  }, {
    "date" : "2025-06-04",
    "price" : 13414.00,
    "dma50" : 12528.73,
    "dma100" : null,
    "dma200" : 11265.11,
    "volume" : 65732.00
  }, {
    "date" : "2025-06-05",
    "price" : 13482.00,
    "dma50" : 12566.11,
    "dma100" : null,
    "dma200" : 11287.16,
    "volume" : 41739.00
  }, {
    "date" : "2025-06-06",
    "price" : 14251.00,
    "dma50" : 12632.19,
    "dma100" : null,
    "dma200" : 11316.66,
    "volume" : 525638.00
  }, {
    "date" : "2025-06-09",
    "price" : 14251.00,
    "dma50" : 12695.67,
    "dma100" : null,
    "dma200" : 11345.85,
    "volume" : 88552.00
  }, {
    "date" : "2025-06-10",
    "price" : 14382.00,
    "dma50" : 12761.80,
    "dma100" : null,
    "dma200" : 11376.06,
    "volume" : 68791.00
  }, {
    "date" : "2025-06-11",
    "price" : 14361.00,
    "dma50" : 12824.52,
    "dma100" : null,
    "dma200" : 11405.76,
    "volume" : 55110.00
  }, {
    "date" : "2025-06-12",
    "price" : 14090.00,
    "dma50" : 12874.14,
    "dma100" : null,
    "dma200" : 11432.47,
    "volume" : 173442.00
  }, {
    "date" : "2025-06-13",
    "price" : 14084.00,
    "dma50" : 12921.59,
    "dma100" : null,
    "dma200" : 11458.86,
    "volume" : 39738.00
  }, {
    "date" : "2025-06-16",
    "price" : 13978.00,
    "dma50" : 12963.02,
    "dma100" : null,
    "dma200" : 11483.92,
    "volume" : 70340.00
  }, {
    "date" : "2025-06-17",
    "price" : 13789.00,
    "dma50" : 12995.41,
    "dma100" : null,
    "dma200" : 11506.86,
    "volume" : 37356.00
  }, {
    "date" : "2025-06-18",
    "price" : 13684.00,
    "dma50" : 13022.41,
    "dma100" : null,
    "dma200" : 11528.52,
    "volume" : 47202.00
  }, {
    "date" : "2025-06-19",
    "price" : 13465.00,
    "dma50" : 13039.77,
    "dma100" : null,
    "dma200" : 11547.79,
    "volume" : 36861.00
  }, {
    "date" : "2025-06-20",
    "price" : 13614.00,
    "dma50" : 13062.29,
    "dma100" : null,
    "dma200" : 11568.35,
    "volume" : 76674.00
  }, {
    "date" : "2025-06-23",
    "price" : 13459.00,
    "dma50" : 13077.84,
    "dma100" : null,
    "dma200" : 11587.16,
    "volume" : 33483.00
  }, {
    "date" : "2025-06-24",
    "price" : 13774.00,
    "dma50" : 13105.14,
    "dma100" : null,
    "dma200" : 11608.92,
    "volume" : 72830.00
  }, {
    "date" : "2025-06-25",
    "price" : 13721.00,
    "dma50" : 13129.30,
    "dma100" : null,
    "dma200" : 11629.94,
    "volume" : 43330.00
  }, {
    "date" : "2025-06-26",
    "price" : 13870.00,
    "dma50" : 13158.34,
    "dma100" : null,
    "dma200" : 11652.23,
    "volume" : 43809.00
  }, {
    "date" : "2025-06-27",
    "price" : 14134.00,
    "dma50" : 13196.60,
    "dma100" : null,
    "dma200" : 11676.92,
    "volume" : 101719.00
  }, {
    "date" : "2025-06-30",
    "price" : 14379.00,
    "dma50" : 13242.97,
    "dma100" : null,
    "dma200" : 11703.81,
    "volume" : 103024.00
  }, {
    "date" : "2025-07-01",
    "price" : 14341.00,
    "dma50" : 13286.03,
    "dma100" : null,
    "dma200" : 11730.05,
    "volume" : 91513.00
  }, {
    "date" : "2025-07-02",
    "price" : 14417.00,
    "dma50" : 13330.38,
    "dma100" : null,
    "dma200" : 11756.78,
    "volume" : 37241.00
  }, {
    "date" : "2025-07-03",
    "price" : 14184.00,
    "dma50" : 13363.86,
    "dma100" : null,
    "dma200" : 11780.93,
    "volume" : 33994.00
  }, {
    "date" : "2025-07-04",
    "price" : 14227.00,
    "dma50" : 13397.71,
    "dma100" : null,
    "dma200" : 11805.27,
    "volume" : 29605.00
  }, {
    "date" : "2025-07-07",
    "price" : 14288.00,
    "dma50" : 13432.62,
    "dma100" : null,
    "dma200" : 11829.98,
    "volume" : 22611.00
  }, {
    "date" : "2025-07-08",
    "price" : 13882.00,
    "dma50" : 13450.24,
    "dma100" : null,
    "dma200" : 11850.40,
    "volume" : 37248.00
  }, {
    "date" : "2025-07-09",
    "price" : 13862.00,
    "dma50" : 13466.39,
    "dma100" : null,
    "dma200" : 11870.41,
    "volume" : 34459.00
  }, {
    "date" : "2025-07-10",
    "price" : 13875.00,
    "dma50" : 13482.41,
    "dma100" : null,
    "dma200" : 11890.36,
    "volume" : 23051.00
  }, {
    "date" : "2025-07-11",
    "price" : 13752.00,
    "dma50" : 13492.99,
    "dma100" : null,
    "dma200" : 11908.88,
    "volume" : 22056.00
  }, {
    "date" : "2025-07-14",
    "price" : 14148.00,
    "dma50" : 13518.67,
    "dma100" : null,
    "dma200" : 11931.16,
    "volume" : 67827.00
  }, {
    "date" : "2025-07-15",
    "price" : 14164.00,
    "dma50" : 13543.98,
    "dma100" : null,
    "dma200" : 11953.38,
    "volume" : 41601.00
  }, {
    "date" : "2025-07-16",
    "price" : 14095.00,
    "dma50" : 13565.59,
    "dma100" : null,
    "dma200" : 11974.69,
    "volume" : 31216.00
  }, {
    "date" : "2025-07-17",
    "price" : 14100.00,
    "dma50" : 13586.55,
    "dma100" : null,
    "dma200" : 11995.84,
    "volume" : 15031.00
  }, {
    "date" : "2025-07-18",
    "price" : 13848.00,
    "dma50" : 13596.80,
    "dma100" : null,
    "dma200" : 12014.27,
    "volume" : 25482.00
  }, {
    "date" : "2025-07-21",
    "price" : 14035.00,
    "dma50" : 13613.98,
    "dma100" : 12776.57,
    "dma200" : 12034.37,
    "volume" : 63408.00
  }, {
    "date" : "2025-07-22",
    "price" : 14070.00,
    "dma50" : 13631.87,
    "dma100" : 12795.19,
    "dma200" : 12054.63,
    "volume" : 23583.00
  }, {
    "date" : "2025-07-23",
    "price" : 13973.00,
    "dma50" : 13645.24,
    "dma100" : 12814.90,
    "dma200" : 12073.72,
    "volume" : 22789.00
  }, {
    "date" : "2025-07-24",
    "price" : 14165.00,
    "dma50" : 13665.63,
    "dma100" : 12840.13,
    "dma200" : 12094.52,
    "volume" : 108671.00
  }, {
    "date" : "2025-07-25",
    "price" : 13852.00,
    "dma50" : 13672.94,
    "dma100" : 12857.96,
    "dma200" : 12112.01,
    "volume" : 85192.00
  }, {
    "date" : "2025-07-28",
    "price" : 13802.00,
    "dma50" : 13678.00,
    "dma100" : 12880.24,
    "dma200" : 12128.83,
    "volume" : 53708.00
  }, {
    "date" : "2025-07-29",
    "price" : 14062.00,
    "dma50" : 13693.06,
    "dma100" : 12907.39,
    "dma200" : 12148.06,
    "volume" : 48540.00
  }, {
    "date" : "2025-07-30",
    "price" : 14059.00,
    "dma50" : 13707.41,
    "dma100" : 12935.89,
    "dma200" : 12167.08,
    "volume" : 17905.00
  }, {
    "date" : "2025-07-31",
    "price" : 13963.00,
    "dma50" : 13717.43,
    "dma100" : 12959.92,
    "dma200" : 12184.95,
    "volume" : 29526.00
  }, {
    "date" : "2025-08-01",
    "price" : 13848.00,
    "dma50" : 13722.55,
    "dma100" : 12984.78,
    "dma200" : 12201.49,
    "volume" : 22509.00
  }, {
    "date" : "2025-08-04",
    "price" : 13899.00,
    "dma50" : 13729.47,
    "dma100" : 13006.02,
    "dma200" : 12218.39,
    "volume" : 49781.00
  }, {
    "date" : "2025-08-05",
    "price" : 13861.00,
    "dma50" : 13734.63,
    "dma100" : 13028.26,
    "dma200" : 12234.73,
    "volume" : 23277.00
  }, {
    "date" : "2025-08-06",
    "price" : 13607.00,
    "dma50" : 13729.62,
    "dma100" : 13050.49,
    "dma200" : 12248.38,
    "volume" : 51052.00
  }, {
    "date" : "2025-08-07",
    "price" : 13780.00,
    "dma50" : 13731.60,
    "dma100" : 13073.70,
    "dma200" : 12263.62,
    "volume" : 312622.00
  }, {
    "date" : "2025-08-08",
    "price" : 13718.00,
    "dma50" : 13731.07,
    "dma100" : 13097.68,
    "dma200" : 12278.10,
    "volume" : 102188.00
  }, {
    "date" : "2025-08-11",
    "price" : 14047.00,
    "dma50" : 13743.46,
    "dma100" : 13122.48,
    "dma200" : 12295.70,
    "volume" : 46886.00
  }, {
    "date" : "2025-08-12",
    "price" : 13805.00,
    "dma50" : 13745.87,
    "dma100" : 13144.34,
    "dma200" : 12310.71,
    "volume" : 26127.00
  }, {
    "date" : "2025-08-13",
    "price" : 13917.00,
    "dma50" : 13752.58,
    "dma100" : 13164.81,
    "dma200" : 12326.70,
    "volume" : 23436.00
  }, {
    "date" : "2025-08-14",
    "price" : 14136.00,
    "dma50" : 13767.62,
    "dma100" : 13186.18,
    "dma200" : 12344.70,
    "volume" : 28044.00
  }, {
    "date" : "2025-08-18",
    "price" : 14523.00,
    "dma50" : 13797.24,
    "dma100" : 13208.68,
    "dma200" : 12366.37,
    "volume" : 99850.00
  }, {
    "date" : "2025-08-19",
    "price" : 13785.00,
    "dma50" : 13796.76,
    "dma100" : 13222.17,
    "dma200" : 12380.49,
    "volume" : 138722.00
  }, {
    "date" : "2025-08-20",
    "price" : 13642.00,
    "dma50" : 13790.69,
    "dma100" : 13233.38,
    "dma200" : 12393.04,
    "volume" : 118842.00
  }, {
    "date" : "2025-08-21",
    "price" : 13700.00,
    "dma50" : 13787.13,
    "dma100" : 13244.39,
    "dma200" : 12406.05,
    "volume" : 38922.00
  }, {
    "date" : "2025-08-22",
    "price" : 13545.00,
    "dma50" : 13777.64,
    "dma100" : 13255.21,
    "dma200" : 12417.38,
    "volume" : 34059.00
  }, {
    "date" : "2025-08-25",
    "price" : 13265.00,
    "dma50" : 13757.53,
    "dma100" : 13263.13,
    "dma200" : 12425.81,
    "volume" : 64718.00
  }, {
    "date" : "2025-08-26",
    "price" : 12997.00,
    "dma50" : 13727.71,
    "dma100" : 13273.99,
    "dma200" : 12431.50,
    "volume" : 94825.00
  }, {
    "date" : "2025-08-28",
    "price" : 12966.00,
    "dma50" : 13697.84,
    "dma100" : 13288.50,
    "dma200" : 12436.82,
    "volume" : 39657.00
  }, {
    "date" : "2025-08-29",
    "price" : 12770.00,
    "dma50" : 13661.45,
    "dma100" : 13301.20,
    "dma200" : 12440.13,
    "volume" : 41160.00
  }, {
    "date" : "2025-09-01",
    "price" : 12544.00,
    "dma50" : 13617.63,
    "dma100" : 13311.57,
    "dma200" : 12441.17,
    "volume" : 93850.00
  }, {
    "date" : "2025-09-02",
    "price" : 12620.00,
    "dma50" : 13578.51,
    "dma100" : 13329.97,
    "dma200" : 12442.94,
    "volume" : 46483.00
  }, {
    "date" : "2025-09-03",
    "price" : 13023.00,
    "dma50" : 13556.72,
    "dma100" : 13352.08,
    "dma200" : 12448.72,
    "volume" : 55821.00
  }, {
    "date" : "2025-09-04",
    "price" : 12981.00,
    "dma50" : 13534.15,
    "dma100" : 13370.97,
    "dma200" : 12454.01,
    "volume" : 41772.00
  }, {
    "date" : "2025-09-05",
    "price" : 12926.00,
    "dma50" : 13510.30,
    "dma100" : 13387.41,
    "dma200" : 12458.71,
    "volume" : 51661.00
  }, {
    "date" : "2025-09-08",
    "price" : 12771.00,
    "dma50" : 13481.31,
    "dma100" : 13396.86,
    "dma200" : 12461.82,
    "volume" : 62765.00
  }, {
    "date" : "2025-09-09",
    "price" : 13064.00,
    "dma50" : 13464.94,
    "dma100" : 13411.65,
    "dma200" : 12467.81,
    "volume" : 58929.00
  }, {
    "date" : "2025-09-10",
    "price" : 13054.00,
    "dma50" : 13448.83,
    "dma100" : 13422.64,
    "dma200" : 12473.64,
    "volume" : 48969.00
  }, {
    "date" : "2025-09-11",
    "price" : 13099.00,
    "dma50" : 13435.11,
    "dma100" : 13431.56,
    "dma200" : 12479.86,
    "volume" : 26450.00
  }, {
    "date" : "2025-09-12",
    "price" : 13211.00,
    "dma50" : 13426.32,
    "dma100" : 13440.43,
    "dma200" : 12487.14,
    "volume" : 67700.00
  }, {
    "date" : "2025-09-15",
    "price" : 13198.00,
    "dma50" : 13417.36,
    "dma100" : 13448.19,
    "dma200" : 12494.21,
    "volume" : 52023.00
  }, {
    "date" : "2025-09-16",
    "price" : 13525.00,
    "dma50" : 13421.59,
    "dma100" : 13459.65,
    "dma200" : 12504.47,
    "volume" : 57600.00
  }, {
    "date" : "2025-09-17",
    "price" : 13663.00,
    "dma50" : 13431.05,
    "dma100" : 13474.30,
    "dma200" : 12516.00,
    "volume" : 68649.00
  }, {
    "date" : "2025-09-18",
    "price" : 13467.00,
    "dma50" : 13432.46,
    "dma100" : 13485.43,
    "dma200" : 12525.46,
    "volume" : 27901.00
  }, {
    "date" : "2025-09-19",
    "price" : 13206.00,
    "dma50" : 13423.58,
    "dma100" : 13494.33,
    "dma200" : 12532.23,
    "volume" : 97649.00
  }, {
    "date" : "2025-09-22",
    "price" : 13279.00,
    "dma50" : 13417.91,
    "dma100" : 13507.39,
    "dma200" : 12539.66,
    "volume" : 30824.00
  }, {
    "date" : "2025-09-23",
    "price" : 13265.00,
    "dma50" : 13411.91,
    "dma100" : 13519.90,
    "dma200" : 12546.88,
    "volume" : 53740.00
  }, {
    "date" : "2025-09-24",
    "price" : 13203.00,
    "dma50" : 13403.72,
    "dma100" : 13532.92,
    "dma200" : 12553.41,
    "volume" : 83950.00
  }, {
    "date" : "2025-09-25",
    "price" : 12899.00,
    "dma50" : 13383.93,
    "dma100" : 13543.33,
    "dma200" : 12556.85,
    "volume" : 33185.00
  }, {
    "date" : "2025-09-26",
    "price" : 12698.00,
    "dma50" : 13357.03,
    "dma100" : 13551.24,
    "dma200" : 12558.25,
    "volume" : 34659.00
  }, {
    "date" : "2025-09-29",
    "price" : 12462.00,
    "dma50" : 13321.93,
    "dma100" : 13560.37,
    "dma200" : 12557.29,
    "volume" : 126527.00
  }, {
    "date" : "2025-09-30",
    "price" : 12247.00,
    "dma50" : 13279.78,
    "dma100" : 13570.46,
    "dma200" : 12554.20,
    "volume" : 114609.00
  }, {
    "date" : "2025-10-01",
    "price" : 11996.00,
    "dma50" : 13229.43,
    "dma100" : 13569.48,
    "dma200" : 12548.65,
    "volume" : 86945.00
  }, {
    "date" : "2025-10-03",
    "price" : 11819.00,
    "dma50" : 13174.12,
    "dma100" : 13568.46,
    "dma200" : 12541.39,
    "volume" : 159611.00
  }, {
    "date" : "2025-10-06",
    "price" : 11802.00,
    "dma50" : 13120.31,
    "dma100" : 13566.28,
    "dma200" : 12534.03,
    "volume" : 61291.00
  }, {
    "date" : "2025-10-07",
    "price" : 12089.00,
    "dma50" : 13079.87,
    "dma100" : 13560.87,
    "dma200" : 12529.60,
    "volume" : 115400.00
  }, {
    "date" : "2025-10-08",
    "price" : 12093.00,
    "dma50" : 13041.17,
    "dma100" : 13550.69,
    "dma200" : 12525.26,
    "volume" : 41538.00
  }, {
    "date" : "2025-10-09",
    "price" : 11909.00,
    "dma50" : 12996.77,
    "dma100" : 13530.05,
    "dma200" : 12519.13,
    "volume" : 34831.00
  }, {
    "date" : "2025-10-10",
    "price" : 12074.00,
    "dma50" : 12960.58,
    "dma100" : 13521.47,
    "dma200" : 12514.70,
    "volume" : 33177.00
  }, {
    "date" : "2025-10-13",
    "price" : 12354.00,
    "dma50" : 12936.79,
    "dma100" : 13513.59,
    "dma200" : 12513.10,
    "volume" : 46475.00
  }, {
    "date" : "2025-10-14",
    "price" : 12211.00,
    "dma50" : 12908.33,
    "dma100" : 13503.72,
    "dma200" : 12510.09,
    "volume" : 41522.00
  }, {
    "date" : "2025-10-15",
    "price" : 12217.00,
    "dma50" : 12881.22,
    "dma100" : 13488.41,
    "dma200" : 12507.18,
    "volume" : 28626.00
  }, {
    "date" : "2025-10-16",
    "price" : 12501.00,
    "dma50" : 12866.31,
    "dma100" : 13473.64,
    "dma200" : 12507.12,
    "volume" : 47272.00
  }, {
    "date" : "2025-10-17",
    "price" : 12655.00,
    "dma50" : 12858.02,
    "dma100" : 13462.16,
    "dma200" : 12508.59,
    "volume" : 50165.00
  }, {
    "date" : "2025-10-20",
    "price" : 12605.00,
    "dma50" : 12848.10,
    "dma100" : 13452.04,
    "dma200" : 12509.55,
    "volume" : 25158.00
  }, {
    "date" : "2025-10-21",
    "price" : 12732.00,
    "dma50" : 12843.55,
    "dma100" : 13446.09,
    "dma200" : 12511.76,
    "volume" : 8181.00
  }, {
    "date" : "2025-10-23",
    "price" : 13144.00,
    "dma50" : 12855.33,
    "dma100" : 13443.39,
    "dma200" : 12518.05,
    "volume" : 104492.00
  }, {
    "date" : "2025-10-24",
    "price" : 13144.00,
    "dma50" : 12866.65,
    "dma100" : 13440.65,
    "dma200" : 12524.28,
    "volume" : 78764.00
  }, {
    "date" : "2025-10-27",
    "price" : 12953.00,
    "dma50" : 12870.04,
    "dma100" : 13438.60,
    "dma200" : 12528.55,
    "volume" : 43100.00
  }, {
    "date" : "2025-10-28",
    "price" : 12787.00,
    "dma50" : 12866.78,
    "dma100" : 13432.33,
    "dma200" : 12531.12,
    "volume" : 79315.00
  }, {
    "date" : "2025-10-29",
    "price" : 12619.00,
    "dma50" : 12857.06,
    "dma100" : 13423.70,
    "dma200" : 12531.99,
    "volume" : 22961.00
  }, {
    "date" : "2025-10-30",
    "price" : 12446.00,
    "dma50" : 12840.94,
    "dma100" : 13405.65,
    "dma200" : 12531.14,
    "volume" : 25586.00
  }, {
    "date" : "2025-10-31",
    "price" : 12303.00,
    "dma50" : 12819.85,
    "dma100" : 13386.17,
    "dma200" : 12528.87,
    "volume" : 41675.00
  }, {
    "date" : "2025-11-03",
    "price" : 12127.00,
    "dma50" : 12792.68,
    "dma100" : 13363.62,
    "dma200" : 12524.87,
    "volume" : 44703.00
  }, {
    "date" : "2025-11-04",
    "price" : 12091.00,
    "dma50" : 12765.16,
    "dma100" : 13340.92,
    "dma200" : 12520.55,
    "volume" : 36062.00
  }, {
    "date" : "2025-11-06",
    "price" : 13139.00,
    "dma50" : 12779.82,
    "dma100" : 13331.41,
    "dma200" : 12526.70,
    "volume" : 732380.00
  }, {
    "date" : "2025-11-07",
    "price" : 12580.00,
    "dma50" : 12771.99,
    "dma100" : 13316.37,
    "dma200" : 12527.23,
    "volume" : 93578.00
  }, {
    "date" : "2025-11-10",
    "price" : 12614.00,
    "dma50" : 12765.79,
    "dma100" : 13302.73,
    "dma200" : 12528.10,
    "volume" : 92391.00
  }, {
    "date" : "2025-11-11",
    "price" : 12156.00,
    "dma50" : 12741.88,
    "dma100" : 13286.40,
    "dma200" : 12524.40,
    "volume" : 76038.00
  }, {
    "date" : "2025-11-12",
    "price" : 11998.00,
    "dma50" : 12712.70,
    "dma100" : 13269.54,
    "dma200" : 12519.16,
    "volume" : 88198.00
  }, {
    "date" : "2025-11-13",
    "price" : 11981.00,
    "dma50" : 12684.01,
    "dma100" : 13254.70,
    "dma200" : 12513.80,
    "volume" : 42375.00
  }, {
    "date" : "2025-11-14",
    "price" : 12570.00,
    "dma50" : 12679.54,
    "dma100" : 13244.26,
    "dma200" : 12514.36,
    "volume" : 188367.00
  }, {
    "date" : "2025-11-17",
    "price" : 12124.00,
    "dma50" : 12657.75,
    "dma100" : 13230.91,
    "dma200" : 12510.48,
    "volume" : 115400.00
  }, {
    "date" : "2025-11-18",
    "price" : 11872.00,
    "dma50" : 12626.94,
    "dma100" : 13211.89,
    "dma200" : 12504.13,
    "volume" : 91200.00
  }, {
    "date" : "2025-11-19",
    "price" : 11733.00,
    "dma50" : 12591.88,
    "dma100" : 13192.01,
    "dma200" : 12496.45,
    "volume" : 63737.00
  }, {
    "date" : "2025-11-20",
    "price" : 11747.00,
    "dma50" : 12558.75,
    "dma100" : 13170.78,
    "dma200" : 12488.99,
    "volume" : 41585.00
  }, {
    "date" : "2025-11-21",
    "price" : 11641.00,
    "dma50" : 12522.76,
    "dma100" : 13145.85,
    "dma200" : 12480.56,
    "volume" : 57361.00
  }, {
    "date" : "2025-11-24",
    "price" : 11473.00,
    "dma50" : 12481.59,
    "dma100" : 13116.79,
    "dma200" : 12470.53,
    "volume" : 164700.00
  }, {
    "date" : "2025-11-25",
    "price" : 11640.00,
    "dma50" : 12448.59,
    "dma100" : 13089.78,
    "dma200" : 12462.27,
    "volume" : 43267.00
  }, {
    "date" : "2025-11-26",
    "price" : 11734.00,
    "dma50" : 12420.57,
    "dma100" : 13062.95,
    "dma200" : 12455.02,
    "volume" : 68231.00
  }, {
    "date" : "2025-11-27",
    "price" : 11246.00,
    "dma50" : 12374.51,
    "dma100" : 13033.57,
    "dma200" : 12442.99,
    "volume" : 117226.00
  }, {
    "date" : "2025-11-28",
    "price" : 11499.00,
    "dma50" : 12340.17,
    "dma100" : 13006.29,
    "dma200" : 12433.60,
    "volume" : 210177.00
  }, {
    "date" : "2025-12-01",
    "price" : 11332.00,
    "dma50" : 12300.64,
    "dma100" : 12976.73,
    "dma200" : 12422.64,
    "volume" : 137543.00
  }, {
    "date" : "2025-12-02",
    "price" : 11049.00,
    "dma50" : 12251.55,
    "dma100" : 12948.40,
    "dma200" : 12408.97,
    "volume" : 368832.00
  }, {
    "date" : "2025-12-03",
    "price" : 11222.00,
    "dma50" : 12211.18,
    "dma100" : 12922.00,
    "dma200" : 12397.16,
    "volume" : 190161.00
  }, {
    "date" : "2025-12-04",
    "price" : 11118.00,
    "dma50" : 12168.31,
    "dma100" : 12894.43,
    "dma200" : 12384.43,
    "volume" : 64634.00
  }, {
    "date" : "2025-12-05",
    "price" : 11181.00,
    "dma50" : 12129.59,
    "dma100" : 12868.72,
    "dma200" : 12372.46,
    "volume" : 197516.00
  }, {
    "date" : "2025-12-08",
    "price" : 10968.00,
    "dma50" : 12084.04,
    "dma100" : 12836.92,
    "dma200" : 12358.48,
    "volume" : 65558.00
  }, {
    "date" : "2025-12-09",
    "price" : 11063.00,
    "dma50" : 12044.00,
    "dma100" : 12805.91,
    "dma200" : 12345.59,
    "volume" : 62764.00
  }, {
    "date" : "2025-12-10",
    "price" : 11102.00,
    "dma50" : 12007.06,
    "dma100" : 12775.98,
    "dma200" : 12333.22,
    "volume" : 45501.00
  }, {
    "date" : "2025-12-11",
    "price" : 10984.00,
    "dma50" : 11966.94,
    "dma100" : 12744.82,
    "dma200" : 12319.79,
    "volume" : 32897.00
  }, {
    "date" : "2025-12-12",
    "price" : 10900.00,
    "dma50" : 11925.09,
    "dma100" : 12715.34,
    "dma200" : 12305.66,
    "volume" : 40139.00
  }, {
    "date" : "2025-12-15",
    "price" : 11062.00,
    "dma50" : 11891.25,
    "dma100" : 12685.61,
    "dma200" : 12293.29,
    "volume" : 54368.00
  }, {
    "date" : "2025-12-16",
    "price" : 11068.00,
    "dma50" : 11858.96,
    "dma100" : 12655.59,
    "dma200" : 12281.10,
    "volume" : 66743.00
  }, {
    "date" : "2025-12-17",
    "price" : 11072.00,
    "dma50" : 11828.10,
    "dma100" : 12626.58,
    "dma200" : 12269.07,
    "volume" : 28045.00
  }, {
    "date" : "2025-12-18",
    "price" : 10941.00,
    "dma50" : 11793.31,
    "dma100" : 12594.34,
    "dma200" : 12255.85,
    "volume" : 30814.00
  }, {
    "date" : "2025-12-19",
    "price" : 11148.00,
    "dma50" : 11768.01,
    "dma100" : 12567.30,
    "dma200" : 12244.83,
    "volume" : 77386.00
  }, {
    "date" : "2025-12-22",
    "price" : 11255.00,
    "dma50" : 11747.89,
    "dma100" : 12541.83,
    "dma200" : 12234.98,
    "volume" : 38029.00
  }, {
    "date" : "2025-12-23",
    "price" : 11279.00,
    "dma50" : 11729.50,
    "dma100" : 12514.00,
    "dma200" : 12225.47,
    "volume" : 26672.00
  }, {
    "date" : "2025-12-24",
    "price" : 11224.00,
    "dma50" : 11709.68,
    "dma100" : 12485.65,
    "dma200" : 12215.50,
    "volume" : 16984.00
  }, {
    "date" : "2025-12-26",
    "price" : 11155.00,
    "dma50" : 11687.93,
    "dma100" : 12457.57,
    "dma200" : 12204.95,
    "volume" : 15706.00
  }, {
    "date" : "2025-12-29",
    "price" : 11250.00,
    "dma50" : 11670.75,
    "dma100" : 12431.59,
    "dma200" : 12195.45,
    "volume" : 22644.00
  }, {
    "date" : "2025-12-30",
    "price" : 10982.00,
    "dma50" : 11643.74,
    "dma100" : 12402.42,
    "dma200" : 12183.37,
    "volume" : 84785.00
  }, {
    "date" : "2025-12-31",
    "price" : 11328.00,
    "dma50" : 11631.36,
    "dma100" : 12377.09,
    "dma200" : 12174.86,
    "volume" : 141755.00
  }, {
    "date" : "2026-01-01",
    "price" : 11342.00,
    "dma50" : 11620.01,
    "dma100" : 12354.44,
    "dma200" : 12166.58,
    "volume" : 39153.00
  }, {
    "date" : "2026-01-02",
    "price" : 11181.00,
    "dma50" : 11602.80,
    "dma100" : 12328.45,
    "dma200" : 12156.77,
    "volume" : 64995.00
  }, {
    "date" : "2026-01-05",
    "price" : 11272.00,
    "dma50" : 11589.82,
    "dma100" : 12303.99,
    "dma200" : 12147.97,
    "volume" : 70552.00
  }, {
    "date" : "2026-01-06",
    "price" : 11202.00,
    "dma50" : 11574.62,
    "dma100" : 12275.54,
    "dma200" : 12138.55,
    "volume" : 56078.00
  }, {
    "date" : "2026-01-07",
    "price" : 11198.00,
    "dma50" : 11559.85,
    "dma100" : 12249.47,
    "dma200" : 12129.19,
    "volume" : 49010.00
  }, {
    "date" : "2026-01-08",
    "price" : 11209.00,
    "dma50" : 11546.09,
    "dma100" : 12222.39,
    "dma200" : 12120.04,
    "volume" : 304065.00
  }, {
    "date" : "2026-01-09",
    "price" : 11043.00,
    "dma50" : 11526.36,
    "dma100" : 12191.46,
    "dma200" : 12109.32,
    "volume" : 63746.00
  }, {
    "date" : "2026-01-12",
    "price" : 10745.00,
    "dma50" : 11495.72,
    "dma100" : 12153.68,
    "dma200" : 12095.75,
    "volume" : 135875.00
  }, {
    "date" : "2026-01-13",
    "price" : 10729.00,
    "dma50" : 11465.65,
    "dma100" : 12123.12,
    "dma200" : 12082.15,
    "volume" : 185011.00
  }, {
    "date" : "2026-01-14",
    "price" : 10741.00,
    "dma50" : 11437.23,
    "dma100" : 12094.11,
    "dma200" : 12068.80,
    "volume" : 374276.00
  }, {
    "date" : "2026-01-16",
    "price" : 10682.00,
    "dma50" : 11407.62,
    "dma100" : 12063.93,
    "dma200" : 12055.00,
    "volume" : 272211.00
  }, {
    "date" : "2026-01-19",
    "price" : 10648.00,
    "dma50" : 11377.83,
    "dma100" : 12034.96,
    "dma200" : 12041.00,
    "volume" : 44717.00
  }, {
    "date" : "2026-01-20",
    "price" : 10560.00,
    "dma50" : 11345.75,
    "dma100" : 12007.91,
    "dma200" : 12026.27,
    "volume" : 86001.00
  }, {
    "date" : "2026-01-21",
    "price" : 10613.00,
    "dma50" : 11317.02,
    "dma100" : 11984.07,
    "dma200" : 12012.20,
    "volume" : 44276.00
  }, {
    "date" : "2026-01-22",
    "price" : 10735.00,
    "dma50" : 11294.20,
    "dma100" : 11961.76,
    "dma200" : 11999.50,
    "volume" : 34073.00
  }, {
    "date" : "2026-01-23",
    "price" : 10668.00,
    "dma50" : 11269.64,
    "dma100" : 11940.74,
    "dma200" : 11986.25,
    "volume" : 132313.00
  }, {
    "date" : "2026-01-27",
    "price" : 10609.00,
    "dma50" : 11243.73,
    "dma100" : 11921.39,
    "dma200" : 11972.54,
    "volume" : 77480.00
  }, {
    "date" : "2026-01-28",
    "price" : 10704.00,
    "dma50" : 11222.57,
    "dma100" : 11902.23,
    "dma200" : 11959.92,
    "volume" : 52190.00
  }, {
    "date" : "2026-01-29",
    "price" : 10727.00,
    "dma50" : 11203.13,
    "dma100" : 11879.27,
    "dma200" : 11947.65,
    "volume" : 53118.00
  }, {
    "date" : "2026-01-30",
    "price" : 10800.00,
    "dma50" : 11187.32,
    "dma100" : 11857.46,
    "dma200" : 11936.23,
    "volume" : 67521.00
  }, {
    "date" : "2026-02-01",
    "price" : 10521.00,
    "dma50" : 11161.19,
    "dma100" : 11833.41,
    "dma200" : 11922.15,
    "volume" : 17279.00
  }, {
    "date" : "2026-02-02",
    "price" : 10661.00,
    "dma50" : 11141.58,
    "dma100" : 11812.31,
    "dma200" : 11909.60,
    "volume" : 48248.00
  }, {
    "date" : "2026-02-03",
    "price" : 10915.00,
    "dma50" : 11132.69,
    "dma100" : 11790.82,
    "dma200" : 11899.71,
    "volume" : 84704.00
  }, {
    "date" : "2026-02-04",
    "price" : 10889.00,
    "dma50" : 11123.13,
    "dma100" : 11769.17,
    "dma200" : 11889.65,
    "volume" : 50179.00
  }, {
    "date" : "2026-02-05",
    "price" : 10891.00,
    "dma50" : 11114.03,
    "dma100" : 11747.09,
    "dma200" : 11879.71,
    "volume" : 219521.00
  }, {
    "date" : "2026-02-06",
    "price" : 10999.00,
    "dma50" : 11109.52,
    "dma100" : 11724.97,
    "dma200" : 11870.95,
    "volume" : 100329.00
  }, {
    "date" : "2026-02-09",
    "price" : 11101.00,
    "dma50" : 11109.19,
    "dma100" : 11704.00,
    "dma200" : 11863.29,
    "volume" : 54033.00
  }, {
    "date" : "2026-02-10",
    "price" : 11081.00,
    "dma50" : 11108.08,
    "dma100" : 11679.56,
    "dma200" : 11855.50,
    "volume" : 34390.00
  }, {
    "date" : "2026-02-11",
    "price" : 11111.00,
    "dma50" : 11108.20,
    "dma100" : 11654.04,
    "dma200" : 11848.10,
    "volume" : 29731.00
  }, {
    "date" : "2026-02-12",
    "price" : 11040.00,
    "dma50" : 11105.52,
    "dma100" : 11629.77,
    "dma200" : 11840.06,
    "volume" : 25512.00
  }, {
    "date" : "2026-02-13",
    "price" : 10881.00,
    "dma50" : 11096.72,
    "dma100" : 11606.52,
    "dma200" : 11830.51,
    "volume" : 33793.00
  }, {
    "date" : "2026-02-16",
    "price" : 11133.00,
    "dma50" : 11098.14,
    "dma100" : 11585.06,
    "dma200" : 11823.57,
    "volume" : 48292.00
  }, {
    "date" : "2026-02-17",
    "price" : 11217.00,
    "dma50" : 11102.80,
    "dma100" : 11564.58,
    "dma200" : 11817.54,
    "volume" : 35462.00
  }, {
    "date" : "2026-02-18",
    "price" : 11413.00,
    "dma50" : 11114.97,
    "dma100" : 11546.68,
    "dma200" : 11813.51,
    "volume" : 61328.00
  }, {
    "date" : "2026-02-19",
    "price" : 11188.00,
    "dma50" : 11117.83,
    "dma100" : 11529.57,
    "dma200" : 11807.29,
    "volume" : 71089.00
  } ],
  "latestTechnicalAttributes" : {
    "date" : "2026-02-19",
    "price" : 11188.00,
    "dma50" : 11117.83,
    "dma100" : 11529.57,
    "dma200" : 11807.29,
    "volume" : 71089.00
  },
  "quarterlyResults" : [ {
    "date" : "2005-03-31",
    "sales" : 1634.61,
    "salesGrowthYoY" : null,
    "grossProfitMargin" : 31.18,
    "grossProfit" : 509.67,
    "operatingProfitMargin" : 15.19,
    "operatingProfit" : 248.30,
    "netProfitMargin" : 15.43,
    "netProfit" : 252.22
  }, {
    "date" : "2005-06-30",
    "sales" : 1634.15,
    "salesGrowthYoY" : null,
    "grossProfitMargin" : 30.09,
    "grossProfit" : 491.72,
    "operatingProfitMargin" : 15.76,
    "operatingProfit" : 257.54,
    "netProfitMargin" : 12.79,
    "netProfit" : 209.01
  }, {
    "date" : "2005-09-30",
    "sales" : 1866.95,
    "salesGrowthYoY" : null,
    "grossProfitMargin" : 30.47,
    "grossProfit" : 568.86,
    "operatingProfitMargin" : 16.91,
    "operatingProfit" : 315.70,
    "netProfitMargin" : 15.58,
    "netProfit" : 290.87
  }, {
    "date" : "2005-12-31",
    "sales" : 2000.94,
    "salesGrowthYoY" : null,
    "grossProfitMargin" : 30.14,
    "grossProfit" : 603.08,
    "operatingProfitMargin" : 17.85,
    "operatingProfit" : 357.17,
    "netProfitMargin" : 14.32,
    "netProfit" : 286.53
  }, {
    "date" : "2006-03-31",
    "sales" : 2165.86,
    "salesGrowthYoY" : 32.50,
    "grossProfitMargin" : 31.38,
    "grossProfit" : 679.65,
    "operatingProfitMargin" : 19.62,
    "operatingProfit" : 424.94,
    "netProfitMargin" : 16.42,
    "netProfit" : 355.63
  }, {
    "date" : "2006-06-30",
    "sales" : 2202.66,
    "salesGrowthYoY" : 34.79,
    "grossProfitMargin" : 29.43,
    "grossProfit" : 648.24,
    "operatingProfitMargin" : 16.43,
    "operatingProfit" : 361.90,
    "netProfitMargin" : 12.43,
    "netProfit" : 273.79
  }, {
    "date" : "2006-09-30",
    "sales" : 2435.97,
    "salesGrowthYoY" : 30.48,
    "grossProfitMargin" : 27.37,
    "grossProfit" : 666.72,
    "operatingProfitMargin" : 14.94,
    "operatingProfit" : 363.93,
    "netProfitMargin" : 13.41,
    "netProfit" : 326.66
  }, {
    "date" : "2006-12-31",
    "sales" : 2568.23,
    "salesGrowthYoY" : 28.35,
    "grossProfitMargin" : 26.58,
    "grossProfit" : 682.64,
    "operatingProfitMargin" : 14.16,
    "operatingProfit" : 363.66,
    "netProfitMargin" : 13.80,
    "netProfit" : 354.42
  }, {
    "date" : "2007-03-31",
    "sales" : 2313.55,
    "salesGrowthYoY" : 6.82,
    "grossProfitMargin" : 26.87,
    "grossProfit" : 621.65,
    "operatingProfitMargin" : 14.10,
    "operatingProfit" : 326.21,
    "netProfitMargin" : 13.72,
    "netProfit" : 317.42
  }, {
    "date" : "2007-06-30",
    "sales" : 65.78,
    "salesGrowthYoY" : -97.01,
    "grossProfitMargin" : 100.00,
    "grossProfit" : 65.78,
    "operatingProfitMargin" : 94.12,
    "operatingProfit" : 61.91,
    "netProfitMargin" : 83.38,
    "netProfit" : 54.85
  }, {
    "date" : "2007-09-30",
    "sales" : 101.73,
    "salesGrowthYoY" : -95.82,
    "grossProfitMargin" : 100.00,
    "grossProfit" : 101.73,
    "operatingProfitMargin" : 99.25,
    "operatingProfit" : 100.97,
    "netProfitMargin" : 91.39,
    "netProfit" : 92.97
  }, {
    "date" : "2007-12-31",
    "sales" : 125.75,
    "salesGrowthYoY" : -95.10,
    "grossProfitMargin" : 100.00,
    "grossProfit" : 125.75,
    "operatingProfitMargin" : 99.70,
    "operatingProfit" : 125.37,
    "netProfitMargin" : 87.98,
    "netProfit" : 110.63
  }, {
    "date" : "2008-03-31",
    "sales" : 61.90,
    "salesGrowthYoY" : -97.32,
    "grossProfitMargin" : 100.00,
    "grossProfit" : 61.90,
    "operatingProfitMargin" : 98.80,
    "operatingProfit" : 61.16,
    "netProfitMargin" : 78.47,
    "netProfit" : 48.57
  }, {
    "date" : "2008-06-30",
    "sales" : 19.72,
    "salesGrowthYoY" : -70.02,
    "grossProfitMargin" : 100.00,
    "grossProfit" : 19.72,
    "operatingProfitMargin" : 86.41,
    "operatingProfit" : 17.04,
    "netProfitMargin" : 77.08,
    "netProfit" : 15.20
  }, {
    "date" : "2008-09-30",
    "sales" : 160.11,
    "salesGrowthYoY" : 57.39,
    "grossProfitMargin" : 100.00,
    "grossProfit" : 160.11,
    "operatingProfitMargin" : 99.76,
    "operatingProfit" : 159.73,
    "netProfitMargin" : 94.47,
    "netProfit" : 151.26
  }, {
    "date" : "2008-12-31",
    "sales" : 13.37,
    "salesGrowthYoY" : -89.37,
    "grossProfitMargin" : 100.00,
    "grossProfit" : 13.37,
    "operatingProfitMargin" : 90.20,
    "operatingProfit" : 12.06,
    "netProfitMargin" : 59.99,
    "netProfit" : 8.02
  }, {
    "date" : "2009-03-31",
    "sales" : 28.36,
    "salesGrowthYoY" : -54.18,
    "grossProfitMargin" : 100.00,
    "grossProfit" : 28.36,
    "operatingProfitMargin" : 72.07,
    "operatingProfit" : 20.44,
    "netProfitMargin" : 164.14,
    "netProfit" : 46.55
  }, {
    "date" : "2009-06-30",
    "sales" : 303.14,
    "salesGrowthYoY" : 1437.22,
    "grossProfitMargin" : 100.00,
    "grossProfit" : 303.14,
    "operatingProfitMargin" : 99.35,
    "operatingProfit" : 301.17,
    "netProfitMargin" : 96.06,
    "netProfit" : 291.20
  }, {
    "date" : "2009-09-30",
    "sales" : 307.56,
    "salesGrowthYoY" : 92.09,
    "grossProfitMargin" : 100.00,
    "grossProfit" : 307.56,
    "operatingProfitMargin" : 99.62,
    "operatingProfit" : 306.39,
    "netProfitMargin" : 97.19,
    "netProfit" : 298.92
  }, {
    "date" : "2009-12-31",
    "sales" : 131.25,
    "salesGrowthYoY" : 881.68,
    "grossProfitMargin" : 100.00,
    "grossProfit" : 131.25,
    "operatingProfitMargin" : 98.76,
    "operatingProfit" : 129.62,
    "netProfitMargin" : 87.54,
    "netProfit" : 114.90
  }, {
    "date" : "2010-03-31",
    "sales" : 70.18,
    "salesGrowthYoY" : 147.46,
    "grossProfitMargin" : 100.00,
    "grossProfit" : 70.18,
    "operatingProfitMargin" : 97.86,
    "operatingProfit" : 68.68,
    "netProfitMargin" : 86.99,
    "netProfit" : 61.05
  }, {
    "date" : "2010-06-30",
    "sales" : 144.68,
    "salesGrowthYoY" : -52.27,
    "grossProfitMargin" : 100.00,
    "grossProfit" : 144.68,
    "operatingProfitMargin" : 98.44,
    "operatingProfit" : 142.42,
    "netProfitMargin" : 90.16,
    "netProfit" : 130.44
  }, {
    "date" : "2010-09-30",
    "sales" : 607.58,
    "salesGrowthYoY" : 97.55,
    "grossProfitMargin" : 100.00,
    "grossProfit" : 607.58,
    "operatingProfitMargin" : 99.66,
    "operatingProfit" : 605.51,
    "netProfitMargin" : 97.16,
    "netProfit" : 590.32
  }, {
    "date" : "2010-12-31",
    "sales" : 263.35,
    "salesGrowthYoY" : 100.65,
    "grossProfitMargin" : 100.00,
    "grossProfit" : 263.35,
    "operatingProfitMargin" : 99.45,
    "operatingProfit" : 261.90,
    "netProfitMargin" : 93.52,
    "netProfit" : 246.28
  }, {
    "date" : "2011-03-31",
    "sales" : 58.95,
    "salesGrowthYoY" : -16.00,
    "grossProfitMargin" : 100.00,
    "grossProfit" : 58.95,
    "operatingProfitMargin" : 97.81,
    "operatingProfit" : 57.66,
    "netProfitMargin" : 56.10,
    "netProfit" : 33.07
  }, {
    "date" : "2011-06-30",
    "sales" : 77.20,
    "salesGrowthYoY" : -46.64,
    "grossProfitMargin" : 100.00,
    "grossProfit" : 77.20,
    "operatingProfitMargin" : 97.44,
    "operatingProfit" : 75.22,
    "netProfitMargin" : 76.19,
    "netProfit" : 58.82
  }, {
    "date" : "2011-09-30",
    "sales" : 449.50,
    "salesGrowthYoY" : -26.02,
    "grossProfitMargin" : 100.00,
    "grossProfit" : 449.50,
    "operatingProfitMargin" : 99.63,
    "operatingProfit" : 447.84,
    "netProfitMargin" : 95.60,
    "netProfit" : 429.72
  }, {
    "date" : "2011-12-31",
    "sales" : 59.04,
    "salesGrowthYoY" : -77.58,
    "grossProfitMargin" : 100.00,
    "grossProfit" : 59.04,
    "operatingProfitMargin" : 96.97,
    "operatingProfit" : 57.25,
    "netProfitMargin" : 61.08,
    "netProfit" : 36.06
  }, {
    "date" : "2012-03-31",
    "sales" : 62.19,
    "salesGrowthYoY" : 5.50,
    "grossProfitMargin" : 100.00,
    "grossProfit" : 62.19,
    "operatingProfitMargin" : 96.96,
    "operatingProfit" : 60.30,
    "netProfitMargin" : 68.90,
    "netProfit" : 42.85
  }, {
    "date" : "2012-06-30",
    "sales" : 70.85,
    "salesGrowthYoY" : -8.23,
    "grossProfitMargin" : 100.00,
    "grossProfit" : 70.85,
    "operatingProfitMargin" : 96.33,
    "operatingProfit" : 68.25,
    "netProfitMargin" : 73.76,
    "netProfit" : 52.26
  }, {
    "date" : "2012-09-30",
    "sales" : 505.57,
    "salesGrowthYoY" : 12.47,
    "grossProfitMargin" : 100.00,
    "grossProfit" : 505.57,
    "operatingProfitMargin" : 99.12,
    "operatingProfit" : 501.12,
    "netProfitMargin" : 96.06,
    "netProfit" : 485.65
  }, {
    "date" : "2012-12-31",
    "sales" : 87.23,
    "salesGrowthYoY" : 47.75,
    "grossProfitMargin" : 100.00,
    "grossProfit" : 87.23,
    "operatingProfitMargin" : 96.77,
    "operatingProfit" : 84.41,
    "netProfitMargin" : 79.71,
    "netProfit" : 69.53
  }, {
    "date" : "2013-03-31",
    "sales" : 80.11,
    "salesGrowthYoY" : 28.81,
    "grossProfitMargin" : 100.00,
    "grossProfit" : 80.11,
    "operatingProfitMargin" : 96.63,
    "operatingProfit" : 77.41,
    "netProfitMargin" : 69.78,
    "netProfit" : 55.90
  }, {
    "date" : "2013-06-30",
    "sales" : 140.07,
    "salesGrowthYoY" : 97.70,
    "grossProfitMargin" : 100.00,
    "grossProfit" : 140.07,
    "operatingProfitMargin" : 97.07,
    "operatingProfit" : 135.97,
    "netProfitMargin" : 79.22,
    "netProfit" : 110.96
  }, {
    "date" : "2013-09-30",
    "sales" : 506.48,
    "salesGrowthYoY" : 0.18,
    "grossProfitMargin" : 100.00,
    "grossProfit" : 506.48,
    "operatingProfitMargin" : 98.42,
    "operatingProfit" : 498.48,
    "netProfitMargin" : 95.59,
    "netProfit" : 484.14
  }, {
    "date" : "2013-12-31",
    "sales" : 91.10,
    "salesGrowthYoY" : 4.44,
    "grossProfitMargin" : 100.00,
    "grossProfit" : 91.10,
    "operatingProfitMargin" : 97.27,
    "operatingProfit" : 88.61,
    "netProfitMargin" : 71.71,
    "netProfit" : 65.33
  }, {
    "date" : "2014-03-31",
    "sales" : 61.96,
    "salesGrowthYoY" : -22.66,
    "grossProfitMargin" : 100.00,
    "grossProfit" : 61.96,
    "operatingProfitMargin" : 89.46,
    "operatingProfit" : 55.43,
    "netProfitMargin" : 117.72,
    "netProfit" : 72.94
  }, {
    "date" : "2014-06-30",
    "sales" : 167.50,
    "salesGrowthYoY" : 19.58,
    "grossProfitMargin" : 100.00,
    "grossProfit" : 167.50,
    "operatingProfitMargin" : 97.84,
    "operatingProfit" : 163.88,
    "netProfitMargin" : 88.13,
    "netProfit" : 147.62
  }, {
    "date" : "2014-09-30",
    "sales" : 645.93,
    "salesGrowthYoY" : 27.53,
    "grossProfitMargin" : 100.00,
    "grossProfit" : 645.93,
    "operatingProfitMargin" : 99.29,
    "operatingProfit" : 641.34,
    "netProfitMargin" : 99.80,
    "netProfit" : 644.64
  }, {
    "date" : "2014-12-31",
    "sales" : 77.42,
    "salesGrowthYoY" : -15.02,
    "grossProfitMargin" : 100.00,
    "grossProfit" : 77.42,
    "operatingProfitMargin" : 72.06,
    "operatingProfit" : 55.79,
    "netProfitMargin" : 43.54,
    "netProfit" : 33.71
  }, {
    "date" : "2015-03-31",
    "sales" : 81.37,
    "salesGrowthYoY" : 31.33,
    "grossProfitMargin" : 100.00,
    "grossProfit" : 81.37,
    "operatingProfitMargin" : 91.46,
    "operatingProfit" : 74.42,
    "netProfitMargin" : 51.32,
    "netProfit" : 41.76
  }, {
    "date" : "2015-06-30",
    "sales" : 161.65,
    "salesGrowthYoY" : -3.49,
    "grossProfitMargin" : 100.00,
    "grossProfit" : 161.65,
    "operatingProfitMargin" : 93.82,
    "operatingProfit" : 151.66,
    "netProfitMargin" : 76.14,
    "netProfit" : 123.08
  }, {
    "date" : "2015-09-30",
    "sales" : 575.54,
    "salesGrowthYoY" : -10.90,
    "grossProfitMargin" : 100.00,
    "grossProfit" : 575.54,
    "operatingProfitMargin" : 98.60,
    "operatingProfit" : 567.48,
    "netProfitMargin" : 94.91,
    "netProfit" : 546.25
  }, {
    "date" : "2015-12-31",
    "sales" : 73.36,
    "salesGrowthYoY" : -5.24,
    "grossProfitMargin" : 100.00,
    "grossProfit" : 73.36,
    "operatingProfitMargin" : 87.46,
    "operatingProfit" : 64.16,
    "netProfitMargin" : 61.71,
    "netProfit" : 45.27
  }, {
    "date" : "2016-03-31",
    "sales" : 583.96,
    "salesGrowthYoY" : 617.66,
    "grossProfitMargin" : 100.00,
    "grossProfit" : 583.96,
    "operatingProfitMargin" : 98.26,
    "operatingProfit" : 573.80,
    "netProfitMargin" : 95.20,
    "netProfit" : 555.93
  }, {
    "date" : "2016-06-30",
    "sales" : 116.94,
    "salesGrowthYoY" : -27.66,
    "grossProfitMargin" : 100.00,
    "grossProfit" : 116.94,
    "operatingProfitMargin" : 92.42,
    "operatingProfit" : 108.08,
    "netProfitMargin" : 73.31,
    "netProfit" : 85.73
  }, {
    "date" : "2016-09-30",
    "sales" : 310.46,
    "salesGrowthYoY" : -46.06,
    "grossProfitMargin" : 100.00,
    "grossProfit" : 310.46,
    "operatingProfitMargin" : 70.25,
    "operatingProfit" : 218.10,
    "netProfitMargin" : 63.92,
    "netProfit" : 198.45
  }, {
    "date" : "2016-12-31",
    "sales" : 274.27,
    "salesGrowthYoY" : 273.87,
    "grossProfitMargin" : 100.00,
    "grossProfit" : 274.27,
    "operatingProfitMargin" : 66.72,
    "operatingProfit" : 182.99,
    "netProfitMargin" : 45.20,
    "netProfit" : 123.97
  }, {
    "date" : "2017-03-31",
    "sales" : 178.82,
    "salesGrowthYoY" : -69.38,
    "grossProfitMargin" : 100.00,
    "grossProfit" : 178.82,
    "operatingProfitMargin" : 89.83,
    "operatingProfit" : 160.63,
    "netProfitMargin" : 72.72,
    "netProfit" : 130.04
  }, {
    "date" : "2017-06-30",
    "sales" : 85.62,
    "salesGrowthYoY" : -26.78,
    "grossProfitMargin" : 100.00,
    "grossProfit" : 85.62,
    "operatingProfitMargin" : 83.39,
    "operatingProfit" : 71.40,
    "netProfitMargin" : 51.14,
    "netProfit" : 43.79
  }, {
    "date" : "2017-09-30",
    "sales" : 655.65,
    "salesGrowthYoY" : 111.19,
    "grossProfitMargin" : 100.00,
    "grossProfit" : 655.65,
    "operatingProfitMargin" : 97.80,
    "operatingProfit" : 641.23,
    "netProfitMargin" : 93.19,
    "netProfit" : 611.00
  }, {
    "date" : "2017-12-31",
    "sales" : 102.48,
    "salesGrowthYoY" : -62.64,
    "grossProfitMargin" : 100.00,
    "grossProfit" : 102.48,
    "operatingProfitMargin" : 82.59,
    "operatingProfit" : 84.64,
    "netProfitMargin" : 53.22,
    "netProfit" : 54.54
  }, {
    "date" : "2018-03-31",
    "sales" : 105.34,
    "salesGrowthYoY" : -41.09,
    "grossProfitMargin" : 100.00,
    "grossProfit" : 105.34,
    "operatingProfitMargin" : 82.88,
    "operatingProfit" : 87.31,
    "netProfitMargin" : 86.01,
    "netProfit" : 90.60
  }, {
    "date" : "2018-06-30",
    "sales" : 104.35,
    "salesGrowthYoY" : 21.88,
    "grossProfitMargin" : 100.00,
    "grossProfit" : 104.35,
    "operatingProfitMargin" : 86.32,
    "operatingProfit" : 90.07,
    "netProfitMargin" : 55.12,
    "netProfit" : 57.52
  }, {
    "date" : "2018-09-30",
    "sales" : 697.50,
    "salesGrowthYoY" : 6.38,
    "grossProfitMargin" : 100.00,
    "grossProfit" : 697.50,
    "operatingProfitMargin" : 97.42,
    "operatingProfit" : 679.50,
    "netProfitMargin" : 92.63,
    "netProfit" : 646.09
  }, {
    "date" : "2018-12-31",
    "sales" : 109.19,
    "salesGrowthYoY" : 6.55,
    "grossProfitMargin" : 100.00,
    "grossProfit" : 109.19,
    "operatingProfitMargin" : 85.94,
    "operatingProfit" : 93.84,
    "netProfitMargin" : 55.52,
    "netProfit" : 60.62
  }, {
    "date" : "2019-03-31",
    "sales" : 82.59,
    "salesGrowthYoY" : -21.60,
    "grossProfitMargin" : 100.00,
    "grossProfit" : 82.59,
    "operatingProfitMargin" : 55.31,
    "operatingProfit" : 45.68,
    "netProfitMargin" : 29.05,
    "netProfit" : 23.99
  }, {
    "date" : "2019-06-30",
    "sales" : 72.78,
    "salesGrowthYoY" : -30.25,
    "grossProfitMargin" : 100.00,
    "grossProfit" : 72.78,
    "operatingProfitMargin" : 58.52,
    "operatingProfit" : 42.59,
    "netProfitMargin" : 31.38,
    "netProfit" : 22.84
  }, {
    "date" : "2019-09-30",
    "sales" : 713.76,
    "salesGrowthYoY" : 2.33,
    "grossProfitMargin" : 100.00,
    "grossProfit" : 713.76,
    "operatingProfitMargin" : 96.67,
    "operatingProfit" : 689.99,
    "netProfitMargin" : 93.39,
    "netProfit" : 666.58
  }, {
    "date" : "2019-12-31",
    "sales" : 77.65,
    "salesGrowthYoY" : -28.89,
    "grossProfitMargin" : 100.00,
    "grossProfit" : 77.65,
    "operatingProfitMargin" : 66.01,
    "operatingProfit" : 51.26,
    "netProfitMargin" : 40.26,
    "netProfit" : 31.26
  }, {
    "date" : "2020-03-31",
    "sales" : 1299.60,
    "salesGrowthYoY" : 1473.56,
    "grossProfitMargin" : 100.00,
    "grossProfit" : 1299.60,
    "operatingProfitMargin" : 97.43,
    "operatingProfit" : 1266.20,
    "netProfitMargin" : 85.12,
    "netProfit" : 1106.22
  }, {
    "date" : "2020-06-30",
    "sales" : 84.43,
    "salesGrowthYoY" : 16.01,
    "grossProfitMargin" : 100.00,
    "grossProfit" : 84.43,
    "operatingProfitMargin" : 77.01,
    "operatingProfit" : 65.02,
    "netProfitMargin" : 51.08,
    "netProfit" : 43.13
  }, {
    "date" : "2020-09-30",
    "sales" : 110.05,
    "salesGrowthYoY" : -84.58,
    "grossProfitMargin" : 100.00,
    "grossProfit" : 110.05,
    "operatingProfitMargin" : 83.32,
    "operatingProfit" : 91.69,
    "netProfitMargin" : 64.42,
    "netProfit" : 70.89
  }, {
    "date" : "2020-12-31",
    "sales" : 92.01,
    "salesGrowthYoY" : 18.49,
    "grossProfitMargin" : 100.00,
    "grossProfit" : 92.01,
    "operatingProfitMargin" : 76.62,
    "operatingProfit" : 70.50,
    "netProfitMargin" : 55.23,
    "netProfit" : 50.82
  }, {
    "date" : "2021-03-31",
    "sales" : 80.98,
    "salesGrowthYoY" : -93.77,
    "grossProfitMargin" : 100.00,
    "grossProfit" : 80.98,
    "operatingProfitMargin" : 67.31,
    "operatingProfit" : 54.51,
    "netProfitMargin" : 41.68,
    "netProfit" : 33.75
  }, {
    "date" : "2021-06-30",
    "sales" : 90.83,
    "salesGrowthYoY" : 7.58,
    "grossProfitMargin" : 100.00,
    "grossProfit" : 90.83,
    "operatingProfitMargin" : 72.29,
    "operatingProfit" : 65.66,
    "netProfitMargin" : 53.79,
    "netProfit" : 48.86
  }, {
    "date" : "2021-09-30",
    "sales" : 1522.27,
    "salesGrowthYoY" : 1283.25,
    "grossProfitMargin" : 100.00,
    "grossProfit" : 1522.27,
    "operatingProfitMargin" : 98.57,
    "operatingProfit" : 1500.50,
    "netProfitMargin" : 97.64,
    "netProfit" : 1486.34
  }, {
    "date" : "2021-12-31",
    "sales" : 84.71,
    "salesGrowthYoY" : -7.93,
    "grossProfitMargin" : 100.00,
    "grossProfit" : 84.71,
    "operatingProfitMargin" : 70.09,
    "operatingProfit" : 59.37,
    "netProfitMargin" : 57.99,
    "netProfit" : 49.12
  }, {
    "date" : "2022-03-31",
    "sales" : 78.65,
    "salesGrowthYoY" : -2.88,
    "grossProfitMargin" : 100.00,
    "grossProfit" : 78.65,
    "operatingProfitMargin" : 68.35,
    "operatingProfit" : 53.76,
    "netProfitMargin" : 58.65,
    "netProfit" : 46.13
  }, {
    "date" : "2022-06-30",
    "sales" : 83.96,
    "salesGrowthYoY" : -7.56,
    "grossProfitMargin" : 100.00,
    "grossProfit" : 83.96,
    "operatingProfitMargin" : 61.77,
    "operatingProfit" : 51.86,
    "netProfitMargin" : 51.46,
    "netProfit" : 43.21
  }, {
    "date" : "2022-09-30",
    "sales" : 1623.64,
    "salesGrowthYoY" : 6.66,
    "grossProfitMargin" : 100.00,
    "grossProfit" : 1623.64,
    "operatingProfitMargin" : 98.14,
    "operatingProfit" : 1593.44,
    "netProfitMargin" : 96.94,
    "netProfit" : 1573.96
  }, {
    "date" : "2022-12-31",
    "sales" : 90.54,
    "salesGrowthYoY" : 6.88,
    "grossProfitMargin" : 100.00,
    "grossProfit" : 90.54,
    "operatingProfitMargin" : 63.87,
    "operatingProfit" : 57.83,
    "netProfitMargin" : 54.38,
    "netProfit" : 49.24
  }, {
    "date" : "2023-03-31",
    "sales" : 77.01,
    "salesGrowthYoY" : -2.09,
    "grossProfitMargin" : 100.00,
    "grossProfit" : 77.01,
    "operatingProfitMargin" : 68.34,
    "operatingProfit" : 52.63,
    "netProfitMargin" : 58.60,
    "netProfit" : 45.13
  }, {
    "date" : "2023-06-30",
    "sales" : 98.33,
    "salesGrowthYoY" : 17.12,
    "grossProfitMargin" : 100.00,
    "grossProfit" : 98.33,
    "operatingProfitMargin" : 67.65,
    "operatingProfit" : 66.52,
    "netProfitMargin" : 56.20,
    "netProfit" : 55.26
  }, {
    "date" : "2023-09-30",
    "sales" : 1663.70,
    "salesGrowthYoY" : 2.47,
    "grossProfitMargin" : 100.00,
    "grossProfit" : 1663.70,
    "operatingProfitMargin" : 98.34,
    "operatingProfit" : 1636.08,
    "netProfitMargin" : 94.44,
    "netProfit" : 1571.20
  }, {
    "date" : "2023-12-31",
    "sales" : 101.24,
    "salesGrowthYoY" : 11.82,
    "grossProfitMargin" : 100.00,
    "grossProfit" : 101.24,
    "operatingProfitMargin" : 69.52,
    "operatingProfit" : 70.38,
    "netProfitMargin" : 64.76,
    "netProfit" : 65.56
  }, {
    "date" : "2024-03-31",
    "sales" : 1248.64,
    "salesGrowthYoY" : 1521.40,
    "grossProfitMargin" : 100.00,
    "grossProfit" : 1248.64,
    "operatingProfitMargin" : 97.55,
    "operatingProfit" : 1218.05,
    "netProfitMargin" : 96.45,
    "netProfit" : 1204.31
  }, {
    "date" : "2024-06-30",
    "sales" : 125.55,
    "salesGrowthYoY" : 27.68,
    "grossProfitMargin" : 100.00,
    "grossProfit" : 125.55,
    "operatingProfitMargin" : 67.27,
    "operatingProfit" : 84.46,
    "netProfitMargin" : 52.54,
    "netProfit" : 65.96
  }, {
    "date" : "2024-09-30",
    "sales" : 1129.16,
    "salesGrowthYoY" : -32.13,
    "grossProfitMargin" : 100.00,
    "grossProfit" : 1129.16,
    "operatingProfitMargin" : 96.10,
    "operatingProfit" : 1085.12,
    "netProfitMargin" : 93.09,
    "netProfit" : 1051.14
  }, {
    "date" : "2024-12-31",
    "sales" : 120.04,
    "salesGrowthYoY" : 18.57,
    "grossProfitMargin" : 100.00,
    "grossProfit" : 120.04,
    "operatingProfitMargin" : 75.87,
    "operatingProfit" : 91.07,
    "netProfitMargin" : 69.97,
    "netProfit" : 83.99
  }, {
    "date" : "2025-03-31",
    "sales" : 138.02,
    "salesGrowthYoY" : -88.95,
    "grossProfitMargin" : 100.00,
    "grossProfit" : 138.02,
    "operatingProfitMargin" : 70.89,
    "operatingProfit" : 97.84,
    "netProfitMargin" : 65.73,
    "netProfit" : 90.72
  }, {
    "date" : "2025-06-30",
    "sales" : 294.75,
    "salesGrowthYoY" : 134.77,
    "grossProfitMargin" : 100.00,
    "grossProfit" : 294.75,
    "operatingProfitMargin" : 86.51,
    "operatingProfit" : 254.99,
    "netProfitMargin" : 79.99,
    "netProfit" : 235.77
  }, {
    "date" : "2025-09-30",
    "sales" : 2501.15,
    "salesGrowthYoY" : 121.51,
    "grossProfitMargin" : 100.00,
    "grossProfit" : 2501.15,
    "operatingProfitMargin" : 98.31,
    "operatingProfit" : 2458.88,
    "netProfitMargin" : 87.19,
    "netProfit" : 2180.75
  }, {
    "date" : "2025-12-31",
    "sales" : 280.61,
    "salesGrowthYoY" : 133.76,
    "grossProfitMargin" : 100.00,
    "grossProfit" : 280.61,
    "operatingProfitMargin" : 85.71,
    "operatingProfit" : 240.51,
    "netProfitMargin" : 64.48,
    "netProfit" : 180.94
  } ],
  "latestQuarterlyResult" : {
    "date" : "2025-12-31",
    "sales" : 280.61,
    "salesGrowthYoY" : 133.76,
    "grossProfitMargin" : 100.00,
    "grossProfit" : 280.61,
    "operatingProfitMargin" : 85.71,
    "operatingProfit" : 240.51,
    "netProfitMargin" : 64.48,
    "netProfit" : 180.94
  },
  "companyScore" : {
    "priceHigherThanDma50" : 5.00,
    "priceHigherThanDma100" : 0.00,
    "priceHigherThanDma200" : 0.00,
    "dma50HigherThanDma100" : 0.00,
    "dma50HigherThanDma200" : 0.00,
    "dma100HigherThanDma200" : 0.00,
    "pricePercentageAboveDma50" : 4.97,
    "pricePercentageAboveDma100" : 5.15,
    "pricePercentageAboveDma200" : 5.26,
    "weeklyVolumeHigherThanYearlyVolume" : 0.00,
    "salesGrowthPercentile" : 17.75,
    "operatingProfitMarginPercentile" : 16.72,
    "netProfitMarginPercentile" : 4.40,
    "totalTechnicalScore" : 20.38,
    "totalFundamentalScore" : 38.87,
    "totalScore" : 59.25
  }
}