{
  "metadata" : {
    "screenerCompanyId" : "369",
    "companyCode" : "BAJAJ-AUTO",
    "companyName" : "Bajaj Auto",
    "screenerCompanyLink" : "https://www.screener.in/company/BAJAJ-AUTO/consolidated/",
    "screenerTechnicalHistoryLink" : "https://www.screener.in/api/company/369/chart/?q=Price-DMA50-DMA200-Volume&days=365",
    "screenerQuarterlyResultsLink" : "https://www.screener.in/api/company/369/chart/?q=GPM-OPM-NPM-Quarter+Sales&days=10000",
    "attributes" : {
      "companyCode" : "BAJAJ-AUTO",
      "companyName" : "Bajaj Auto",
      "marketCap" : 265305.00,
      "peRatio" : 31.80,
      "description" : "Bajaj Auto, the flagship company of Bajaj Group, is a two-wheeler and three-wheeler manufacturing company that exports to 79 countries across several countries in Latin America, Southeast Asia, and many more. Its headquarter is in Pune, India. It has acquired 48% of the KTM Brand which manufactures sports and super sports two-wheelers, which was 14% in 2007 when the company first acquired KTM. [1]"
    },
    "companyScore" : {
      "priceHigherThanDma50" : 5.00,
      "priceHigherThanDma100" : 5.00,
      "priceHigherThanDma200" : 5.00,
      "dma50HigherThanDma100" : 5.00,
      "dma50HigherThanDma200" : 5.00,
      "dma100HigherThanDma200" : 5.00,
      "pricePercentageAboveDma50" : 4.86,
      "pricePercentageAboveDma100" : 4.77,
      "pricePercentageAboveDma200" : 4.67,
      "weeklyVolumeHigherThanYearlyVolume" : 0.00,
      "salesGrowthPercentile" : 12.57,
      "operatingProfitMarginPercentile" : 16.49,
      "netProfitMarginPercentile" : 7.80,
      "totalTechnicalScore" : 44.31,
      "totalFundamentalScore" : 36.86,
      "totalScore" : 81.16
    }
  },
  "attributes" : {
    "companyCode" : "BAJAJ-AUTO",
    "companyName" : "Bajaj Auto",
    "marketCap" : 265305.00,
    "peRatio" : 31.80,
    "description" : "Bajaj Auto, the flagship company of Bajaj Group, is a two-wheeler and three-wheeler manufacturing company that exports to 79 countries across several countries in Latin America, Southeast Asia, and many more. Its headquarter is in Pune, India. It has acquired 48% of the KTM Brand which manufactures sports and super sports two-wheelers, which was 14% in 2007 when the company first acquired KTM. [1]"
  },
  "technicalHistory" : [ {
    "date" : "2025-01-28",
    "price" : 8398.40,
    "dma50" : 8976.63,
    "dma100" : null,
    "dma200" : 9215.16,
    "volume" : 659676.00
  }, {
    "date" : "2025-01-29",
    "price" : 8625.85,
    "dma50" : 8962.87,
    "dma100" : null,
    "dma200" : 9209.29,
    "volume" : 817507.00
  }, {
    "date" : "2025-01-30",
    "price" : 8747.80,
    "dma50" : 8954.44,
    "dma100" : null,
    "dma200" : 9204.70,
    "volume" : 340315.00
  }, {
    "date" : "2025-01-31",
    "price" : 8847.80,
    "dma50" : 8950.26,
    "dma100" : null,
    "dma200" : 9201.15,
    "volume" : 324198.00
  }, {
    "date" : "2025-02-01",
    "price" : 9155.60,
    "dma50" : 8958.31,
    "dma100" : null,
    "dma200" : 9200.70,
    "volume" : 437218.00
  }, {
    "date" : "2025-02-03",
    "price" : 8926.55,
    "dma50" : 8957.07,
    "dma100" : null,
    "dma200" : 9197.97,
    "volume" : 709617.00
  }, {
    "date" : "2025-02-04",
    "price" : 8911.40,
    "dma50" : 8955.27,
    "dma100" : null,
    "dma200" : 9195.12,
    "volume" : 456548.00
  }, {
    "date" : "2025-02-05",
    "price" : 8927.80,
    "dma50" : 8954.20,
    "dma100" : null,
    "dma200" : 9192.46,
    "volume" : 334684.00
  }, {
    "date" : "2025-02-06",
    "price" : 8846.35,
    "dma50" : 8949.97,
    "dma100" : null,
    "dma200" : 9189.01,
    "volume" : 592267.00
  }, {
    "date" : "2025-02-07",
    "price" : 8989.40,
    "dma50" : 8951.51,
    "dma100" : null,
    "dma200" : 9187.03,
    "volume" : 253426.00
  }, {
    "date" : "2025-02-10",
    "price" : 8880.55,
    "dma50" : 8948.73,
    "dma100" : null,
    "dma200" : 9183.98,
    "volume" : 198844.00
  }, {
    "date" : "2025-02-11",
    "price" : 8762.00,
    "dma50" : 8941.41,
    "dma100" : null,
    "dma200" : 9179.78,
    "volume" : 286074.00
  }, {
    "date" : "2025-02-12",
    "price" : 8711.60,
    "dma50" : 8932.40,
    "dma100" : null,
    "dma200" : 9175.12,
    "volume" : 413923.00
  }, {
    "date" : "2025-02-13",
    "price" : 8691.35,
    "dma50" : 8922.94,
    "dma100" : null,
    "dma200" : 9170.31,
    "volume" : 216348.00
  }, {
    "date" : "2025-02-14",
    "price" : 8506.50,
    "dma50" : 8906.61,
    "dma100" : null,
    "dma200" : 9163.70,
    "volume" : 382227.00
  }, {
    "date" : "2025-02-17",
    "price" : 8537.15,
    "dma50" : 8892.12,
    "dma100" : null,
    "dma200" : 9157.47,
    "volume" : 231100.00
  }, {
    "date" : "2025-02-18",
    "price" : 8446.60,
    "dma50" : 8874.65,
    "dma100" : null,
    "dma200" : 9150.39,
    "volume" : 208730.00
  }, {
    "date" : "2025-02-19",
    "price" : 8479.50,
    "dma50" : 8859.16,
    "dma100" : null,
    "dma200" : 9143.72,
    "volume" : 202920.00
  }, {
    "date" : "2025-02-20",
    "price" : 8630.20,
    "dma50" : 8850.18,
    "dma100" : null,
    "dma200" : 9138.61,
    "volume" : 198101.00
  }, {
    "date" : "2025-02-21",
    "price" : 8506.05,
    "dma50" : 8836.68,
    "dma100" : null,
    "dma200" : 9132.31,
    "volume" : 225906.00
  }, {
    "date" : "2025-02-24",
    "price" : 8446.95,
    "dma50" : 8821.40,
    "dma100" : null,
    "dma200" : 9125.49,
    "volume" : 302947.00
  }, {
    "date" : "2025-02-25",
    "price" : 8417.90,
    "dma50" : 8805.58,
    "dma100" : null,
    "dma200" : 9118.45,
    "volume" : 245698.00
  }, {
    "date" : "2025-02-27",
    "price" : 8232.35,
    "dma50" : 8783.10,
    "dma100" : null,
    "dma200" : 9109.64,
    "volume" : 365678.00
  }, {
    "date" : "2025-02-28",
    "price" : 7902.90,
    "dma50" : 8748.58,
    "dma100" : null,
    "dma200" : 9097.63,
    "volume" : 592176.00
  }, {
    "date" : "2025-03-03",
    "price" : 7714.80,
    "dma50" : 8708.04,
    "dma100" : null,
    "dma200" : 9083.87,
    "volume" : 524305.00
  }, {
    "date" : "2025-03-04",
    "price" : 7333.30,
    "dma50" : 8654.13,
    "dma100" : null,
    "dma200" : 9066.45,
    "volume" : 1110412.00
  }, {
    "date" : "2025-03-05",
    "price" : 7420.30,
    "dma50" : 8605.74,
    "dma100" : null,
    "dma200" : 9050.07,
    "volume" : 772020.00
  }, {
    "date" : "2025-03-06",
    "price" : 7462.25,
    "dma50" : 8560.90,
    "dma100" : null,
    "dma200" : 9034.27,
    "volume" : 927804.00
  }, {
    "date" : "2025-03-07",
    "price" : 7574.75,
    "dma50" : 8522.23,
    "dma100" : null,
    "dma200" : 9019.75,
    "volume" : 955364.00
  }, {
    "date" : "2025-03-10",
    "price" : 7383.40,
    "dma50" : 8477.57,
    "dma100" : null,
    "dma200" : 9003.47,
    "volume" : 507306.00
  }, {
    "date" : "2025-03-11",
    "price" : 7499.95,
    "dma50" : 8439.23,
    "dma100" : null,
    "dma200" : 8988.51,
    "volume" : 423610.00
  }, {
    "date" : "2025-03-12",
    "price" : 7515.05,
    "dma50" : 8402.99,
    "dma100" : null,
    "dma200" : 8973.85,
    "volume" : 550832.00
  }, {
    "date" : "2025-03-13",
    "price" : 7504.70,
    "dma50" : 8367.76,
    "dma100" : null,
    "dma200" : 8959.23,
    "volume" : 459196.00
  }, {
    "date" : "2025-03-17",
    "price" : 7486.05,
    "dma50" : 8333.18,
    "dma100" : null,
    "dma200" : 8944.57,
    "volume" : 294502.00
  }, {
    "date" : "2025-03-18",
    "price" : 7613.40,
    "dma50" : 8304.96,
    "dma100" : null,
    "dma200" : 8931.32,
    "volume" : 368020.00
  }, {
    "date" : "2025-03-19",
    "price" : 7721.85,
    "dma50" : 8282.09,
    "dma100" : null,
    "dma200" : 8919.29,
    "volume" : 414663.00
  }, {
    "date" : "2025-03-20",
    "price" : 7920.00,
    "dma50" : 8267.89,
    "dma100" : null,
    "dma200" : 8909.35,
    "volume" : 619750.00
  }, {
    "date" : "2025-03-21",
    "price" : 8067.85,
    "dma50" : 8260.04,
    "dma100" : null,
    "dma200" : 8900.97,
    "volume" : 725793.00
  }, {
    "date" : "2025-03-24",
    "price" : 8125.55,
    "dma50" : 8254.77,
    "dma100" : null,
    "dma200" : 8893.26,
    "volume" : 495912.00
  }, {
    "date" : "2025-03-25",
    "price" : 8006.00,
    "dma50" : 8245.01,
    "dma100" : null,
    "dma200" : 8884.43,
    "volume" : 854429.00
  }, {
    "date" : "2025-03-26",
    "price" : 7977.10,
    "dma50" : 8234.51,
    "dma100" : null,
    "dma200" : 8875.40,
    "volume" : 399072.00
  }, {
    "date" : "2025-03-27",
    "price" : 7974.30,
    "dma50" : 8224.30,
    "dma100" : null,
    "dma200" : 8866.43,
    "volume" : 660649.00
  }, {
    "date" : "2025-03-28",
    "price" : 7878.85,
    "dma50" : 8210.76,
    "dma100" : null,
    "dma200" : 8856.61,
    "volume" : 406410.00
  }, {
    "date" : "2025-04-01",
    "price" : 7993.05,
    "dma50" : 8202.22,
    "dma100" : null,
    "dma200" : 8848.02,
    "volume" : 290770.00
  }, {
    "date" : "2025-04-02",
    "price" : 8072.95,
    "dma50" : 8197.15,
    "dma100" : null,
    "dma200" : 8840.30,
    "volume" : 243234.00
  }, {
    "date" : "2025-04-03",
    "price" : 7912.20,
    "dma50" : 8185.98,
    "dma100" : null,
    "dma200" : 8831.07,
    "volume" : 481360.00
  }, {
    "date" : "2025-04-04",
    "price" : 7685.10,
    "dma50" : 8166.33,
    "dma100" : null,
    "dma200" : 8819.67,
    "volume" : 472868.00
  }, {
    "date" : "2025-04-07",
    "price" : 7306.80,
    "dma50" : 8132.63,
    "dma100" : null,
    "dma200" : 8804.61,
    "volume" : 491445.00
  }, {
    "date" : "2025-04-08",
    "price" : 7498.05,
    "dma50" : 8107.74,
    "dma100" : null,
    "dma200" : 8791.61,
    "volume" : 268065.00
  }, {
    "date" : "2025-04-09",
    "price" : 7572.30,
    "dma50" : 8086.74,
    "dma100" : null,
    "dma200" : 8779.48,
    "volume" : 266868.00
  }, {
    "date" : "2025-04-11",
    "price" : 7768.85,
    "dma50" : 8074.28,
    "dma100" : null,
    "dma200" : 8769.42,
    "volume" : 297473.00
  }, {
    "date" : "2025-04-15",
    "price" : 7995.50,
    "dma50" : 8071.19,
    "dma100" : null,
    "dma200" : 8761.72,
    "volume" : 418924.00
  }, {
    "date" : "2025-04-16",
    "price" : 7961.50,
    "dma50" : 8066.89,
    "dma100" : null,
    "dma200" : 8753.76,
    "volume" : 304886.00
  }, {
    "date" : "2025-04-17",
    "price" : 8018.00,
    "dma50" : 8064.97,
    "dma100" : null,
    "dma200" : 8746.44,
    "volume" : 282677.00
  }, {
    "date" : "2025-04-21",
    "price" : 8247.50,
    "dma50" : 8072.13,
    "dma100" : null,
    "dma200" : 8741.47,
    "volume" : 292185.00
  }, {
    "date" : "2025-04-22",
    "price" : 8141.00,
    "dma50" : 8074.83,
    "dma100" : null,
    "dma200" : 8735.50,
    "volume" : 431321.00
  }, {
    "date" : "2025-04-23",
    "price" : 8261.50,
    "dma50" : 8082.15,
    "dma100" : null,
    "dma200" : 8730.78,
    "volume" : 607819.00
  }, {
    "date" : "2025-04-24",
    "price" : 8201.50,
    "dma50" : 8086.83,
    "dma100" : null,
    "dma200" : 8725.52,
    "volume" : 332007.00
  }, {
    "date" : "2025-04-25",
    "price" : 8034.00,
    "dma50" : 8084.76,
    "dma100" : null,
    "dma200" : 8718.64,
    "volume" : 514081.00
  }, {
    "date" : "2025-04-28",
    "price" : 8096.00,
    "dma50" : 8085.20,
    "dma100" : null,
    "dma200" : 8712.44,
    "volume" : 286136.00
  }, {
    "date" : "2025-04-29",
    "price" : 8078.50,
    "dma50" : 8084.94,
    "dma100" : null,
    "dma200" : 8706.13,
    "volume" : 242581.00
  }, {
    "date" : "2025-04-30",
    "price" : 8030.00,
    "dma50" : 8082.78,
    "dma100" : null,
    "dma200" : 8699.41,
    "volume" : 452063.00
  }, {
    "date" : "2025-05-02",
    "price" : 7836.50,
    "dma50" : 8073.12,
    "dma100" : null,
    "dma200" : 8690.82,
    "volume" : 468623.00
  }, {
    "date" : "2025-05-05",
    "price" : 7920.50,
    "dma50" : 8067.14,
    "dma100" : null,
    "dma200" : 8683.15,
    "volume" : 253872.00
  }, {
    "date" : "2025-05-06",
    "price" : 7945.50,
    "dma50" : 8062.37,
    "dma100" : null,
    "dma200" : 8675.81,
    "volume" : 275208.00
  }, {
    "date" : "2025-05-07",
    "price" : 7849.00,
    "dma50" : 8054.00,
    "dma100" : null,
    "dma200" : 8667.59,
    "volume" : 471723.00
  }, {
    "date" : "2025-05-08",
    "price" : 7724.50,
    "dma50" : 8041.08,
    "dma100" : null,
    "dma200" : 8658.20,
    "volume" : 471700.00
  }, {
    "date" : "2025-05-09",
    "price" : 7682.50,
    "dma50" : 8027.02,
    "dma100" : null,
    "dma200" : 8648.49,
    "volume" : 258519.00
  }, {
    "date" : "2025-05-12",
    "price" : 8039.50,
    "dma50" : 8027.51,
    "dma100" : null,
    "dma200" : 8642.44,
    "volume" : 308471.00
  }, {
    "date" : "2025-05-13",
    "price" : 8063.00,
    "dma50" : 8028.90,
    "dma100" : null,
    "dma200" : 8636.67,
    "volume" : 414854.00
  }, {
    "date" : "2025-05-14",
    "price" : 8102.50,
    "dma50" : 8031.78,
    "dma100" : null,
    "dma200" : 8631.35,
    "volume" : 234326.00
  }, {
    "date" : "2025-05-15",
    "price" : 8326.00,
    "dma50" : 8043.32,
    "dma100" : null,
    "dma200" : 8628.32,
    "volume" : 508718.00
  }, {
    "date" : "2025-05-16",
    "price" : 8482.50,
    "dma50" : 8060.54,
    "dma100" : null,
    "dma200" : 8626.87,
    "volume" : 499188.00
  }, {
    "date" : "2025-05-19",
    "price" : 8851.00,
    "dma50" : 8091.54,
    "dma100" : null,
    "dma200" : 8629.10,
    "volume" : 889696.00
  }, {
    "date" : "2025-05-20",
    "price" : 8565.00,
    "dma50" : 8110.11,
    "dma100" : null,
    "dma200" : 8628.46,
    "volume" : 461035.00
  }, {
    "date" : "2025-05-21",
    "price" : 8687.50,
    "dma50" : 8132.75,
    "dma100" : null,
    "dma200" : 8629.05,
    "volume" : 585289.00
  }, {
    "date" : "2025-05-22",
    "price" : 8733.50,
    "dma50" : 8156.31,
    "dma100" : null,
    "dma200" : 8630.08,
    "volume" : 927003.00
  }, {
    "date" : "2025-05-23",
    "price" : 8741.00,
    "dma50" : 8179.24,
    "dma100" : null,
    "dma200" : 8631.19,
    "volume" : 358890.00
  }, {
    "date" : "2025-05-26",
    "price" : 8958.50,
    "dma50" : 8209.80,
    "dma100" : null,
    "dma200" : 8634.44,
    "volume" : 454639.00
  }, {
    "date" : "2025-05-27",
    "price" : 8963.00,
    "dma50" : 8239.34,
    "dma100" : null,
    "dma200" : 8637.71,
    "volume" : 410918.00
  }, {
    "date" : "2025-05-28",
    "price" : 8849.00,
    "dma50" : 8263.25,
    "dma100" : null,
    "dma200" : 8639.82,
    "volume" : 321028.00
  }, {
    "date" : "2025-05-29",
    "price" : 8874.50,
    "dma50" : 8287.22,
    "dma100" : null,
    "dma200" : 8642.15,
    "volume" : 336399.00
  }, {
    "date" : "2025-05-30",
    "price" : 8607.00,
    "dma50" : 8299.76,
    "dma100" : null,
    "dma200" : 8641.80,
    "volume" : 1470197.00
  }, {
    "date" : "2025-06-02",
    "price" : 8513.50,
    "dma50" : 8308.14,
    "dma100" : null,
    "dma200" : 8640.53,
    "volume" : 477503.00
  }, {
    "date" : "2025-06-03",
    "price" : 8563.00,
    "dma50" : 8318.13,
    "dma100" : null,
    "dma200" : 8639.75,
    "volume" : 573470.00
  }, {
    "date" : "2025-06-04",
    "price" : 8563.50,
    "dma50" : 8327.76,
    "dma100" : null,
    "dma200" : 8639.00,
    "volume" : 438326.00
  }, {
    "date" : "2025-06-05",
    "price" : 8557.50,
    "dma50" : 8336.77,
    "dma100" : null,
    "dma200" : 8638.18,
    "volume" : 386558.00
  }, {
    "date" : "2025-06-06",
    "price" : 8637.00,
    "dma50" : 8348.54,
    "dma100" : null,
    "dma200" : 8638.17,
    "volume" : 451042.00
  }, {
    "date" : "2025-06-09",
    "price" : 8641.00,
    "dma50" : 8360.01,
    "dma100" : null,
    "dma200" : 8638.20,
    "volume" : 475599.00
  }, {
    "date" : "2025-06-10",
    "price" : 8626.00,
    "dma50" : 8370.44,
    "dma100" : null,
    "dma200" : 8638.08,
    "volume" : 360535.00
  }, {
    "date" : "2025-06-11",
    "price" : 8719.00,
    "dma50" : 8384.11,
    "dma100" : null,
    "dma200" : 8638.88,
    "volume" : 475813.00
  }, {
    "date" : "2025-06-12",
    "price" : 8567.00,
    "dma50" : 8391.28,
    "dma100" : null,
    "dma200" : 8638.17,
    "volume" : 392652.00
  }, {
    "date" : "2025-06-13",
    "price" : 8463.50,
    "dma50" : 8394.11,
    "dma100" : null,
    "dma200" : 8636.43,
    "volume" : 260690.00
  }, {
    "date" : "2025-06-16",
    "price" : 8529.50,
    "dma50" : 8399.42,
    "dma100" : null,
    "dma200" : 8635.37,
    "volume" : 216503.00
  }, {
    "date" : "2025-06-17",
    "price" : 8494.50,
    "dma50" : 8403.15,
    "dma100" : null,
    "dma200" : 8633.97,
    "volume" : 294134.00
  }, {
    "date" : "2025-06-18",
    "price" : 8468.00,
    "dma50" : 8405.69,
    "dma100" : null,
    "dma200" : 8632.31,
    "volume" : 576630.00
  }, {
    "date" : "2025-06-19",
    "price" : 8496.00,
    "dma50" : 8409.23,
    "dma100" : null,
    "dma200" : 8630.96,
    "volume" : 342449.00
  }, {
    "date" : "2025-06-20",
    "price" : 8371.00,
    "dma50" : 8407.74,
    "dma100" : null,
    "dma200" : 8628.37,
    "volume" : 577973.00
  }, {
    "date" : "2025-06-23",
    "price" : 8286.50,
    "dma50" : 8402.98,
    "dma100" : null,
    "dma200" : 8624.97,
    "volume" : 285018.00
  }, {
    "date" : "2025-06-24",
    "price" : 8377.00,
    "dma50" : 8401.96,
    "dma100" : null,
    "dma200" : 8622.50,
    "volume" : 223702.00
  }, {
    "date" : "2025-06-25",
    "price" : 8389.50,
    "dma50" : 8401.47,
    "dma100" : 8252.49,
    "dma200" : 8620.18,
    "volume" : 288472.00
  }, {
    "date" : "2025-06-26",
    "price" : 8433.00,
    "dma50" : 8402.71,
    "dma100" : 8250.56,
    "dma200" : 8618.32,
    "volume" : 374632.00
  }, {
    "date" : "2025-06-27",
    "price" : 8436.00,
    "dma50" : 8404.02,
    "dma100" : 8247.44,
    "dma200" : 8616.51,
    "volume" : 508340.00
  }, {
    "date" : "2025-06-30",
    "price" : 8376.00,
    "dma50" : 8402.92,
    "dma100" : 8242.72,
    "dma200" : 8614.11,
    "volume" : 309743.00
  }, {
    "date" : "2025-07-01",
    "price" : 8399.00,
    "dma50" : 8402.76,
    "dma100" : 8235.16,
    "dma200" : 8611.97,
    "volume" : 403475.00
  }, {
    "date" : "2025-07-02",
    "price" : 8356.50,
    "dma50" : 8400.95,
    "dma100" : 8229.46,
    "dma200" : 8609.43,
    "volume" : 273696.00
  }, {
    "date" : "2025-07-03",
    "price" : 8382.50,
    "dma50" : 8400.23,
    "dma100" : 8224.17,
    "dma200" : 8607.17,
    "volume" : 178833.00
  }, {
    "date" : "2025-07-04",
    "price" : 8433.00,
    "dma50" : 8401.51,
    "dma100" : 8219.22,
    "dma200" : 8605.44,
    "volume" : 189324.00
  }, {
    "date" : "2025-07-07",
    "price" : 8463.50,
    "dma50" : 8403.94,
    "dma100" : 8215.39,
    "dma200" : 8604.03,
    "volume" : 133372.00
  }, {
    "date" : "2025-07-08",
    "price" : 8339.50,
    "dma50" : 8401.41,
    "dma100" : 8208.89,
    "dma200" : 8601.40,
    "volume" : 267625.00
  }, {
    "date" : "2025-07-09",
    "price" : 8361.00,
    "dma50" : 8399.83,
    "dma100" : 8203.70,
    "dma200" : 8599.00,
    "volume" : 160770.00
  }, {
    "date" : "2025-07-10",
    "price" : 8285.00,
    "dma50" : 8395.33,
    "dma100" : 8198.93,
    "dma200" : 8595.88,
    "volume" : 232826.00
  }, {
    "date" : "2025-07-11",
    "price" : 8067.00,
    "dma50" : 8382.45,
    "dma100" : 8192.48,
    "dma200" : 8590.62,
    "volume" : 547654.00
  }, {
    "date" : "2025-07-14",
    "price" : 8087.50,
    "dma50" : 8370.88,
    "dma100" : 8186.44,
    "dma200" : 8585.61,
    "volume" : 258300.00
  }, {
    "date" : "2025-07-15",
    "price" : 8311.00,
    "dma50" : 8368.54,
    "dma100" : 8184.49,
    "dma200" : 8582.88,
    "volume" : 371145.00
  }, {
    "date" : "2025-07-16",
    "price" : 8302.50,
    "dma50" : 8365.95,
    "dma100" : 8182.14,
    "dma200" : 8580.09,
    "volume" : 279816.00
  }, {
    "date" : "2025-07-17",
    "price" : 8330.00,
    "dma50" : 8364.54,
    "dma100" : 8180.98,
    "dma200" : 8577.60,
    "volume" : 252626.00
  }, {
    "date" : "2025-07-18",
    "price" : 8347.50,
    "dma50" : 8363.87,
    "dma100" : 8179.66,
    "dma200" : 8575.31,
    "volume" : 271528.00
  }, {
    "date" : "2025-07-21",
    "price" : 8438.50,
    "dma50" : 8366.80,
    "dma100" : 8177.74,
    "dma200" : 8573.95,
    "volume" : 265535.00
  }, {
    "date" : "2025-07-22",
    "price" : 8295.00,
    "dma50" : 8363.98,
    "dma100" : 8175.63,
    "dma200" : 8571.17,
    "volume" : 310669.00
  }, {
    "date" : "2025-07-23",
    "price" : 8397.00,
    "dma50" : 8365.27,
    "dma100" : 8175.13,
    "dma200" : 8569.44,
    "volume" : 197605.00
  }, {
    "date" : "2025-07-24",
    "price" : 8288.50,
    "dma50" : 8362.26,
    "dma100" : 8173.83,
    "dma200" : 8566.65,
    "volume" : 324710.00
  }, {
    "date" : "2025-07-25",
    "price" : 8075.50,
    "dma50" : 8351.02,
    "dma100" : 8172.27,
    "dma200" : 8561.76,
    "volume" : 584522.00
  }, {
    "date" : "2025-07-28",
    "price" : 8089.50,
    "dma50" : 8340.76,
    "dma100" : 8174.13,
    "dma200" : 8557.06,
    "volume" : 236151.00
  }, {
    "date" : "2025-07-29",
    "price" : 8127.50,
    "dma50" : 8332.40,
    "dma100" : 8178.26,
    "dma200" : 8552.78,
    "volume" : 218907.00
  }, {
    "date" : "2025-07-30",
    "price" : 8043.50,
    "dma50" : 8321.07,
    "dma100" : 8185.36,
    "dma200" : 8547.72,
    "volume" : 237630.00
  }, {
    "date" : "2025-07-31",
    "price" : 8008.00,
    "dma50" : 8308.79,
    "dma100" : 8191.24,
    "dma200" : 8542.35,
    "volume" : 308619.00
  }, {
    "date" : "2025-08-01",
    "price" : 8044.50,
    "dma50" : 8298.43,
    "dma100" : 8197.06,
    "dma200" : 8537.39,
    "volume" : 334478.00
  }, {
    "date" : "2025-08-04",
    "price" : 8187.50,
    "dma50" : 8294.08,
    "dma100" : 8203.19,
    "dma200" : 8533.91,
    "volume" : 226723.00
  }, {
    "date" : "2025-08-05",
    "price" : 8230.50,
    "dma50" : 8291.58,
    "dma100" : 8211.66,
    "dma200" : 8530.89,
    "volume" : 197348.00
  }, {
    "date" : "2025-08-06",
    "price" : 8178.50,
    "dma50" : 8287.15,
    "dma100" : 8218.44,
    "dma200" : 8527.39,
    "volume" : 524243.00
  }, {
    "date" : "2025-08-07",
    "price" : 8229.00,
    "dma50" : 8284.87,
    "dma100" : 8225.58,
    "dma200" : 8524.42,
    "volume" : 468272.00
  }, {
    "date" : "2025-08-08",
    "price" : 8224.00,
    "dma50" : 8282.48,
    "dma100" : 8232.78,
    "dma200" : 8521.43,
    "volume" : 296859.00
  }, {
    "date" : "2025-08-11",
    "price" : 8275.00,
    "dma50" : 8282.19,
    "dma100" : 8240.67,
    "dma200" : 8518.98,
    "volume" : 184259.00
  }, {
    "date" : "2025-08-12",
    "price" : 8196.50,
    "dma50" : 8278.83,
    "dma100" : 8246.50,
    "dma200" : 8515.77,
    "volume" : 189952.00
  }, {
    "date" : "2025-08-13",
    "price" : 8248.50,
    "dma50" : 8277.64,
    "dma100" : 8251.76,
    "dma200" : 8513.11,
    "volume" : 375664.00
  }, {
    "date" : "2025-08-14",
    "price" : 8213.50,
    "dma50" : 8275.12,
    "dma100" : 8254.70,
    "dma200" : 8510.13,
    "volume" : 368723.00
  }, {
    "date" : "2025-08-18",
    "price" : 8588.50,
    "dma50" : 8287.41,
    "dma100" : 8259.91,
    "dma200" : 8510.91,
    "volume" : 1017096.00
  }, {
    "date" : "2025-08-19",
    "price" : 8795.50,
    "dma50" : 8307.34,
    "dma100" : 8266.61,
    "dma200" : 8513.74,
    "volume" : 1079516.00
  }, {
    "date" : "2025-08-20",
    "price" : 8827.50,
    "dma50" : 8327.74,
    "dma100" : 8274.82,
    "dma200" : 8516.86,
    "volume" : 501159.00
  }, {
    "date" : "2025-08-21",
    "price" : 8684.50,
    "dma50" : 8341.73,
    "dma100" : 8281.89,
    "dma200" : 8518.53,
    "volume" : 525267.00
  }, {
    "date" : "2025-08-22",
    "price" : 8679.50,
    "dma50" : 8354.97,
    "dma100" : 8288.95,
    "dma200" : 8520.13,
    "volume" : 379641.00
  }, {
    "date" : "2025-08-25",
    "price" : 8750.50,
    "dma50" : 8370.48,
    "dma100" : 8297.66,
    "dma200" : 8522.42,
    "volume" : 366525.00
  }, {
    "date" : "2025-08-26",
    "price" : 8691.50,
    "dma50" : 8383.07,
    "dma100" : 8304.65,
    "dma200" : 8524.10,
    "volume" : 797100.00
  }, {
    "date" : "2025-08-28",
    "price" : 8689.50,
    "dma50" : 8395.09,
    "dma100" : 8310.81,
    "dma200" : 8525.75,
    "volume" : 399852.00
  }, {
    "date" : "2025-08-29",
    "price" : 8631.50,
    "dma50" : 8404.36,
    "dma100" : 8318.01,
    "dma200" : 8526.80,
    "volume" : 351635.00
  }, {
    "date" : "2025-09-01",
    "price" : 8967.00,
    "dma50" : 8426.43,
    "dma100" : 8330.82,
    "dma200" : 8531.18,
    "volume" : 687312.00
  }, {
    "date" : "2025-09-02",
    "price" : 9030.50,
    "dma50" : 8450.11,
    "dma100" : 8348.06,
    "dma200" : 8536.15,
    "volume" : 563558.00
  }, {
    "date" : "2025-09-03",
    "price" : 9116.00,
    "dma50" : 8476.23,
    "dma100" : 8364.24,
    "dma200" : 8541.92,
    "volume" : 366087.00
  }, {
    "date" : "2025-09-04",
    "price" : 9071.00,
    "dma50" : 8499.55,
    "dma100" : 8379.23,
    "dma200" : 8547.19,
    "volume" : 687037.00
  }, {
    "date" : "2025-09-05",
    "price" : 9084.50,
    "dma50" : 8522.49,
    "dma100" : 8392.38,
    "dma200" : 8552.53,
    "volume" : 236758.00
  }, {
    "date" : "2025-09-08",
    "price" : 9433.50,
    "dma50" : 8558.22,
    "dma100" : 8406.76,
    "dma200" : 8561.30,
    "volume" : 752157.00
  }, {
    "date" : "2025-09-09",
    "price" : 9383.00,
    "dma50" : 8590.56,
    "dma100" : 8420.98,
    "dma200" : 8569.47,
    "volume" : 523245.00
  }, {
    "date" : "2025-09-10",
    "price" : 9244.00,
    "dma50" : 8616.19,
    "dma100" : 8433.24,
    "dma200" : 8576.19,
    "volume" : 465416.00
  }, {
    "date" : "2025-09-11",
    "price" : 9113.50,
    "dma50" : 8635.69,
    "dma100" : 8441.90,
    "dma200" : 8581.53,
    "volume" : 482813.00
  }, {
    "date" : "2025-09-12",
    "price" : 8999.50,
    "dma50" : 8649.96,
    "dma100" : 8450.48,
    "dma200" : 8585.69,
    "volume" : 491596.00
  }, {
    "date" : "2025-09-15",
    "price" : 9025.00,
    "dma50" : 8664.66,
    "dma100" : 8458.12,
    "dma200" : 8590.06,
    "volume" : 333910.00
  }, {
    "date" : "2025-09-16",
    "price" : 9072.50,
    "dma50" : 8680.66,
    "dma100" : 8466.83,
    "dma200" : 8594.86,
    "volume" : 225609.00
  }, {
    "date" : "2025-09-17",
    "price" : 9084.00,
    "dma50" : 8696.47,
    "dma100" : 8477.33,
    "dma200" : 8599.73,
    "volume" : 180634.00
  }, {
    "date" : "2025-09-18",
    "price" : 9075.00,
    "dma50" : 8711.32,
    "dma100" : 8487.12,
    "dma200" : 8604.46,
    "volume" : 193899.00
  }, {
    "date" : "2025-09-19",
    "price" : 8971.50,
    "dma50" : 8721.52,
    "dma100" : 8496.05,
    "dma200" : 8608.11,
    "volume" : 480712.00
  }, {
    "date" : "2025-09-22",
    "price" : 9054.50,
    "dma50" : 8734.58,
    "dma100" : 8506.29,
    "dma200" : 8612.55,
    "volume" : 535220.00
  }, {
    "date" : "2025-09-23",
    "price" : 8984.50,
    "dma50" : 8744.38,
    "dma100" : 8517.77,
    "dma200" : 8616.25,
    "volume" : 459324.00
  }, {
    "date" : "2025-09-24",
    "price" : 8839.00,
    "dma50" : 8748.09,
    "dma100" : 8526.96,
    "dma200" : 8618.47,
    "volume" : 246519.00
  }, {
    "date" : "2025-09-25",
    "price" : 8842.50,
    "dma50" : 8751.79,
    "dma100" : 8535.93,
    "dma200" : 8620.70,
    "volume" : 445234.00
  }, {
    "date" : "2025-09-26",
    "price" : 8702.00,
    "dma50" : 8749.84,
    "dma100" : 8544.46,
    "dma200" : 8621.51,
    "volume" : 340788.00
  }, {
    "date" : "2025-09-29",
    "price" : 8717.50,
    "dma50" : 8748.57,
    "dma100" : 8554.39,
    "dma200" : 8622.46,
    "volume" : 401640.00
  }, {
    "date" : "2025-09-30",
    "price" : 8678.50,
    "dma50" : 8745.82,
    "dma100" : 8564.35,
    "dma200" : 8623.02,
    "volume" : 292051.00
  }, {
    "date" : "2025-10-01",
    "price" : 8626.50,
    "dma50" : 8741.15,
    "dma100" : 8570.22,
    "dma200" : 8623.06,
    "volume" : 570473.00
  }, {
    "date" : "2025-10-03",
    "price" : 8679.50,
    "dma50" : 8738.73,
    "dma100" : 8576.38,
    "dma200" : 8623.62,
    "volume" : 923559.00
  }, {
    "date" : "2025-10-06",
    "price" : 8792.00,
    "dma50" : 8740.82,
    "dma100" : 8583.28,
    "dma200" : 8625.29,
    "volume" : 310088.00
  }, {
    "date" : "2025-10-07",
    "price" : 8904.00,
    "dma50" : 8747.22,
    "dma100" : 8589.06,
    "dma200" : 8628.07,
    "volume" : 501446.00
  }, {
    "date" : "2025-10-08",
    "price" : 8792.00,
    "dma50" : 8748.97,
    "dma100" : 8592.15,
    "dma200" : 8629.70,
    "volume" : 414359.00
  }, {
    "date" : "2025-10-09",
    "price" : 8810.00,
    "dma50" : 8751.37,
    "dma100" : 8591.74,
    "dma200" : 8631.49,
    "volume" : 222350.00
  }, {
    "date" : "2025-10-10",
    "price" : 8946.50,
    "dma50" : 8759.02,
    "dma100" : 8595.56,
    "dma200" : 8634.63,
    "volume" : 239842.00
  }, {
    "date" : "2025-10-13",
    "price" : 9066.00,
    "dma50" : 8771.06,
    "dma100" : 8599.34,
    "dma200" : 8638.92,
    "volume" : 393210.00
  }, {
    "date" : "2025-10-14",
    "price" : 9102.50,
    "dma50" : 8784.05,
    "dma100" : 8603.03,
    "dma200" : 8643.53,
    "volume" : 318749.00
  }, {
    "date" : "2025-10-15",
    "price" : 8998.00,
    "dma50" : 8792.44,
    "dma100" : 8605.60,
    "dma200" : 8647.06,
    "volume" : 311090.00
  }, {
    "date" : "2025-10-16",
    "price" : 9151.50,
    "dma50" : 8806.52,
    "dma100" : 8607.53,
    "dma200" : 8652.08,
    "volume" : 356188.00
  }, {
    "date" : "2025-10-17",
    "price" : 9150.50,
    "dma50" : 8820.01,
    "dma100" : 8609.41,
    "dma200" : 8657.04,
    "volume" : 479212.00
  }, {
    "date" : "2025-10-20",
    "price" : 9124.50,
    "dma50" : 8831.95,
    "dma100" : 8612.16,
    "dma200" : 8661.69,
    "volume" : 328100.00
  }, {
    "date" : "2025-10-21",
    "price" : 9118.00,
    "dma50" : 8843.17,
    "dma100" : 8614.60,
    "dma200" : 8666.23,
    "volume" : 31773.00
  }, {
    "date" : "2025-10-23",
    "price" : 9047.00,
    "dma50" : 8851.17,
    "dma100" : 8619.00,
    "dma200" : 8670.02,
    "volume" : 266206.00
  }, {
    "date" : "2025-10-24",
    "price" : 9076.50,
    "dma50" : 8860.00,
    "dma100" : 8624.63,
    "dma200" : 8674.06,
    "volume" : 347634.00
  }, {
    "date" : "2025-10-27",
    "price" : 9095.50,
    "dma50" : 8869.24,
    "dma100" : 8629.95,
    "dma200" : 8678.25,
    "volume" : 338172.00
  }, {
    "date" : "2025-10-28",
    "price" : 9057.50,
    "dma50" : 8876.62,
    "dma100" : 8634.89,
    "dma200" : 8682.03,
    "volume" : 474588.00
  }, {
    "date" : "2025-10-29",
    "price" : 9034.00,
    "dma50" : 8882.79,
    "dma100" : 8639.66,
    "dma200" : 8685.53,
    "volume" : 229906.00
  }, {
    "date" : "2025-10-30",
    "price" : 8923.00,
    "dma50" : 8884.37,
    "dma100" : 8642.52,
    "dma200" : 8687.89,
    "volume" : 255036.00
  }, {
    "date" : "2025-10-31",
    "price" : 8892.50,
    "dma50" : 8884.69,
    "dma100" : 8645.03,
    "dma200" : 8689.93,
    "volume" : 269691.00
  }, {
    "date" : "2025-11-03",
    "price" : 8922.50,
    "dma50" : 8886.17,
    "dma100" : 8648.00,
    "dma200" : 8692.24,
    "volume" : 212247.00
  }, {
    "date" : "2025-11-04",
    "price" : 8751.00,
    "dma50" : 8880.87,
    "dma100" : 8648.32,
    "dma200" : 8692.83,
    "volume" : 538042.00
  }, {
    "date" : "2025-11-06",
    "price" : 8720.50,
    "dma50" : 8874.58,
    "dma100" : 8649.85,
    "dma200" : 8693.10,
    "volume" : 330568.00
  }, {
    "date" : "2025-11-07",
    "price" : 8721.50,
    "dma50" : 8868.58,
    "dma100" : 8652.43,
    "dma200" : 8693.39,
    "volume" : 295551.00
  }, {
    "date" : "2025-11-10",
    "price" : 8772.00,
    "dma50" : 8864.79,
    "dma100" : 8654.86,
    "dma200" : 8694.17,
    "volume" : 1013496.00
  }, {
    "date" : "2025-11-11",
    "price" : 8895.00,
    "dma50" : 8865.97,
    "dma100" : 8658.86,
    "dma200" : 8696.17,
    "volume" : 389359.00
  }, {
    "date" : "2025-11-12",
    "price" : 8868.00,
    "dma50" : 8866.05,
    "dma100" : 8662.86,
    "dma200" : 8697.88,
    "volume" : 457768.00
  }, {
    "date" : "2025-11-13",
    "price" : 8867.50,
    "dma50" : 8866.11,
    "dma100" : 8666.58,
    "dma200" : 8699.56,
    "volume" : 289312.00
  }, {
    "date" : "2025-11-14",
    "price" : 8843.00,
    "dma50" : 8865.20,
    "dma100" : 8671.30,
    "dma200" : 8700.99,
    "volume" : 629031.00
  }, {
    "date" : "2025-11-17",
    "price" : 8945.50,
    "dma50" : 8868.35,
    "dma100" : 8677.89,
    "dma200" : 8703.42,
    "volume" : 468258.00
  }, {
    "date" : "2025-11-18",
    "price" : 8921.00,
    "dma50" : 8870.42,
    "dma100" : 8683.33,
    "dma200" : 8705.59,
    "volume" : 284453.00
  }, {
    "date" : "2025-11-19",
    "price" : 8884.50,
    "dma50" : 8870.97,
    "dma100" : 8688.28,
    "dma200" : 8707.37,
    "volume" : 335993.00
  }, {
    "date" : "2025-11-20",
    "price" : 8979.50,
    "dma50" : 8875.23,
    "dma100" : 8693.74,
    "dma200" : 8710.08,
    "volume" : 196133.00
  }, {
    "date" : "2025-11-21",
    "price" : 8892.00,
    "dma50" : 8875.88,
    "dma100" : 8698.30,
    "dma200" : 8711.89,
    "volume" : 336002.00
  }, {
    "date" : "2025-11-24",
    "price" : 9007.50,
    "dma50" : 8881.05,
    "dma100" : 8704.62,
    "dma200" : 8714.83,
    "volume" : 475057.00
  }, {
    "date" : "2025-11-25",
    "price" : 9048.00,
    "dma50" : 8887.59,
    "dma100" : 8711.11,
    "dma200" : 8718.14,
    "volume" : 491698.00
  }, {
    "date" : "2025-11-26",
    "price" : 9164.00,
    "dma50" : 8898.43,
    "dma100" : 8719.18,
    "dma200" : 8722.58,
    "volume" : 363282.00
  }, {
    "date" : "2025-11-27",
    "price" : 9022.50,
    "dma50" : 8903.30,
    "dma100" : 8725.58,
    "dma200" : 8725.56,
    "volume" : 705581.00
  }, {
    "date" : "2025-11-28",
    "price" : 9073.50,
    "dma50" : 8909.97,
    "dma100" : 8731.99,
    "dma200" : 8729.03,
    "volume" : 438015.00
  }, {
    "date" : "2025-12-01",
    "price" : 9096.00,
    "dma50" : 8917.27,
    "dma100" : 8738.31,
    "dma200" : 8732.68,
    "volume" : 469707.00
  }, {
    "date" : "2025-12-02",
    "price" : 9085.50,
    "dma50" : 8923.86,
    "dma100" : 8745.77,
    "dma200" : 8736.19,
    "volume" : 328715.00
  }, {
    "date" : "2025-12-03",
    "price" : 9000.50,
    "dma50" : 8926.87,
    "dma100" : 8752.17,
    "dma200" : 8738.82,
    "volume" : 440780.00
  }, {
    "date" : "2025-12-04",
    "price" : 9085.00,
    "dma50" : 8933.07,
    "dma100" : 8760.17,
    "dma200" : 8742.26,
    "volume" : 284985.00
  }, {
    "date" : "2025-12-05",
    "price" : 9109.00,
    "dma50" : 8939.97,
    "dma100" : 8770.59,
    "dma200" : 8745.91,
    "volume" : 301919.00
  }, {
    "date" : "2025-12-08",
    "price" : 9026.00,
    "dma50" : 8943.34,
    "dma100" : 8779.97,
    "dma200" : 8748.70,
    "volume" : 304290.00
  }, {
    "date" : "2025-12-09",
    "price" : 8961.00,
    "dma50" : 8944.04,
    "dma100" : 8786.47,
    "dma200" : 8750.81,
    "volume" : 381740.00
  }, {
    "date" : "2025-12-10",
    "price" : 8991.00,
    "dma50" : 8945.88,
    "dma100" : 8793.36,
    "dma200" : 8753.20,
    "volume" : 323917.00
  }, {
    "date" : "2025-12-11",
    "price" : 9053.50,
    "dma50" : 8950.10,
    "dma100" : 8800.59,
    "dma200" : 8756.19,
    "volume" : 140319.00
  }, {
    "date" : "2025-12-12",
    "price" : 9015.00,
    "dma50" : 8952.64,
    "dma100" : 8807.27,
    "dma200" : 8758.76,
    "volume" : 398998.00
  }, {
    "date" : "2025-12-15",
    "price" : 8940.00,
    "dma50" : 8952.15,
    "dma100" : 8812.28,
    "dma200" : 8760.57,
    "volume" : 523423.00
  }, {
    "date" : "2025-12-16",
    "price" : 9008.00,
    "dma50" : 8954.34,
    "dma100" : 8819.41,
    "dma200" : 8763.03,
    "volume" : 284924.00
  }, {
    "date" : "2025-12-17",
    "price" : 8895.00,
    "dma50" : 8952.01,
    "dma100" : 8824.39,
    "dma200" : 8764.34,
    "volume" : 262275.00
  }, {
    "date" : "2025-12-18",
    "price" : 8831.00,
    "dma50" : 8947.27,
    "dma100" : 8829.82,
    "dma200" : 8765.01,
    "volume" : 371054.00
  }, {
    "date" : "2025-12-19",
    "price" : 9002.00,
    "dma50" : 8949.41,
    "dma100" : 8839.08,
    "dma200" : 8767.36,
    "volume" : 218776.00
  }, {
    "date" : "2025-12-22",
    "price" : 9164.00,
    "dma50" : 8957.83,
    "dma100" : 8849.83,
    "dma200" : 8771.31,
    "volume" : 394533.00
  }, {
    "date" : "2025-12-23",
    "price" : 9099.00,
    "dma50" : 8963.36,
    "dma100" : 8859.54,
    "dma200" : 8774.57,
    "volume" : 220279.00
  }, {
    "date" : "2025-12-24",
    "price" : 9170.00,
    "dma50" : 8971.47,
    "dma100" : 8870.81,
    "dma200" : 8778.51,
    "volume" : 181455.00
  }, {
    "date" : "2025-12-26",
    "price" : 9064.50,
    "dma50" : 8975.12,
    "dma100" : 8881.37,
    "dma200" : 8781.35,
    "volume" : 108693.00
  }, {
    "date" : "2025-12-29",
    "price" : 9087.00,
    "dma50" : 8979.50,
    "dma100" : 8891.80,
    "dma200" : 8784.39,
    "volume" : 268162.00
  }, {
    "date" : "2025-12-30",
    "price" : 9282.00,
    "dma50" : 8991.37,
    "dma100" : 8902.74,
    "dma200" : 8789.34,
    "volume" : 474666.00
  }, {
    "date" : "2025-12-31",
    "price" : 9343.00,
    "dma50" : 9005.16,
    "dma100" : 8913.87,
    "dma200" : 8794.85,
    "volume" : 337071.00
  }, {
    "date" : "2026-01-01",
    "price" : 9558.00,
    "dma50" : 9026.84,
    "dma100" : 8927.66,
    "dma200" : 8802.45,
    "volume" : 334584.00
  }, {
    "date" : "2026-01-02",
    "price" : 9502.50,
    "dma50" : 9045.49,
    "dma100" : 8940.40,
    "dma200" : 8809.41,
    "volume" : 768247.00
  }, {
    "date" : "2026-01-05",
    "price" : 9497.50,
    "dma50" : 9063.21,
    "dma100" : 8953.13,
    "dma200" : 8816.26,
    "volume" : 314331.00
  }, {
    "date" : "2026-01-06",
    "price" : 9661.00,
    "dma50" : 9086.66,
    "dma100" : 8966.99,
    "dma200" : 8824.67,
    "volume" : 525240.00
  }, {
    "date" : "2026-01-07",
    "price" : 9789.50,
    "dma50" : 9114.22,
    "dma100" : 8982.92,
    "dma200" : 8834.27,
    "volume" : 342119.00
  }, {
    "date" : "2026-01-08",
    "price" : 9760.50,
    "dma50" : 9139.56,
    "dma100" : 8998.04,
    "dma200" : 8843.48,
    "volume" : 555656.00
  }, {
    "date" : "2026-01-09",
    "price" : 9562.50,
    "dma50" : 9156.15,
    "dma100" : 9011.53,
    "dma200" : 8850.64,
    "volume" : 263608.00
  }, {
    "date" : "2026-01-12",
    "price" : 9491.00,
    "dma50" : 9169.28,
    "dma100" : 9020.56,
    "dma200" : 8857.01,
    "volume" : 435340.00
  }, {
    "date" : "2026-01-13",
    "price" : 9554.00,
    "dma50" : 9184.37,
    "dma100" : 9028.14,
    "dma200" : 8863.94,
    "volume" : 235270.00
  }, {
    "date" : "2026-01-14",
    "price" : 9579.50,
    "dma50" : 9199.86,
    "dma100" : 9035.66,
    "dma200" : 8871.06,
    "volume" : 400369.00
  }, {
    "date" : "2026-01-16",
    "price" : 9489.00,
    "dma50" : 9211.20,
    "dma100" : 9043.71,
    "dma200" : 8877.21,
    "volume" : 547790.00
  }, {
    "date" : "2026-01-19",
    "price" : 9429.50,
    "dma50" : 9219.76,
    "dma100" : 9051.21,
    "dma200" : 8882.71,
    "volume" : 406816.00
  }, {
    "date" : "2026-01-20",
    "price" : 9180.00,
    "dma50" : 9218.20,
    "dma100" : 9055.50,
    "dma200" : 8885.67,
    "volume" : 391460.00
  }, {
    "date" : "2026-01-21",
    "price" : 9179.00,
    "dma50" : 9216.67,
    "dma100" : 9060.38,
    "dma200" : 8888.58,
    "volume" : 328585.00
  }, {
    "date" : "2026-01-22",
    "price" : 9370.00,
    "dma50" : 9222.68,
    "dma100" : 9067.18,
    "dma200" : 8893.37,
    "volume" : 200593.00
  }, {
    "date" : "2026-01-23",
    "price" : 9413.50,
    "dma50" : 9230.16,
    "dma100" : 9075.00,
    "dma200" : 8898.55,
    "volume" : 212694.00
  }, {
    "date" : "2026-01-27",
    "price" : 9492.00,
    "dma50" : 9240.43,
    "dma100" : 9080.25,
    "dma200" : 8904.45,
    "volume" : 307406.00
  } ],
  "latestTechnicalAttributes" : {
    "date" : "2026-01-27",
    "price" : 9492.00,
    "dma50" : 9240.43,
    "dma100" : 9080.25,
    "dma200" : 8904.45,
    "volume" : 307406.00
  },
  "quarterlyResults" : [ {
    "date" : "2007-06-30",
    "sales" : 2108.65,
    "salesGrowthYoY" : null,
    "grossProfitMargin" : 27.63,
    "grossProfit" : 582.62,
    "operatingProfitMargin" : 13.39,
    "operatingProfit" : 282.35,
    "netProfitMargin" : 8.68,
    "netProfit" : 183.03
  }, {
    "date" : "2007-09-30",
    "sales" : 2361.82,
    "salesGrowthYoY" : null,
    "grossProfitMargin" : 27.74,
    "grossProfit" : 655.17,
    "operatingProfitMargin" : 16.21,
    "operatingProfit" : 382.85,
    "netProfitMargin" : 10.10,
    "netProfit" : 238.54
  }, {
    "date" : "2007-12-31",
    "sales" : 2501.25,
    "salesGrowthYoY" : null,
    "grossProfitMargin" : 25.49,
    "grossProfit" : 637.57,
    "operatingProfitMargin" : 14.66,
    "operatingProfit" : 366.68,
    "netProfitMargin" : 9.92,
    "netProfit" : 248.12
  }, {
    "date" : "2008-03-31",
    "sales" : 2074.45,
    "salesGrowthYoY" : null,
    "grossProfitMargin" : 26.53,
    "grossProfit" : 550.35,
    "operatingProfitMargin" : 12.61,
    "operatingProfit" : 261.59,
    "netProfitMargin" : 7.41,
    "netProfit" : 153.72
  }, {
    "date" : "2008-06-30",
    "sales" : 2304.67,
    "salesGrowthYoY" : 9.30,
    "grossProfitMargin" : 24.27,
    "grossProfit" : 559.34,
    "operatingProfitMargin" : 11.58,
    "operatingProfit" : 266.88,
    "netProfitMargin" : 7.60,
    "netProfit" : 175.15
  }, {
    "date" : "2008-09-30",
    "sales" : 2519.18,
    "salesGrowthYoY" : 6.66,
    "grossProfitMargin" : 24.52,
    "grossProfit" : 617.70,
    "operatingProfitMargin" : 13.65,
    "operatingProfit" : 343.87,
    "netProfitMargin" : 9.03,
    "netProfit" : 227.48
  }, {
    "date" : "2008-12-31",
    "sales" : 2103.10,
    "salesGrowthYoY" : -15.92,
    "grossProfitMargin" : 27.66,
    "grossProfit" : 581.72,
    "operatingProfitMargin" : 14.54,
    "operatingProfit" : 305.79,
    "netProfitMargin" : 9.86,
    "netProfit" : 207.37
  }, {
    "date" : "2009-03-31",
    "sales" : 1883.41,
    "salesGrowthYoY" : -9.21,
    "grossProfitMargin" : 31.23,
    "grossProfit" : 588.19,
    "operatingProfitMargin" : 15.17,
    "operatingProfit" : 285.71,
    "netProfitMargin" : 9.94,
    "netProfit" : 187.21
  }, {
    "date" : "2009-06-30",
    "sales" : 2338.47,
    "salesGrowthYoY" : 1.47,
    "grossProfitMargin" : 33.84,
    "grossProfit" : 791.34,
    "operatingProfitMargin" : 19.48,
    "operatingProfit" : 455.53,
    "netProfitMargin" : 13.28,
    "netProfit" : 310.55
  }, {
    "date" : "2009-09-30",
    "sales" : 2887.51,
    "salesGrowthYoY" : 14.62,
    "grossProfitMargin" : 33.77,
    "grossProfit" : 975.11,
    "operatingProfitMargin" : 22.04,
    "operatingProfit" : 636.41,
    "netProfitMargin" : 15.06,
    "netProfit" : 434.86
  }, {
    "date" : "2009-12-31",
    "sales" : 3295.55,
    "salesGrowthYoY" : 56.70,
    "grossProfitMargin" : 31.52,
    "grossProfit" : 1038.76,
    "operatingProfitMargin" : 21.95,
    "operatingProfit" : 723.37,
    "netProfitMargin" : 15.39,
    "netProfit" : 507.19
  }, {
    "date" : "2010-03-31",
    "sales" : 3399.45,
    "salesGrowthYoY" : 80.49,
    "grossProfitMargin" : 30.74,
    "grossProfit" : 1044.99,
    "operatingProfitMargin" : 22.83,
    "operatingProfit" : 776.09,
    "netProfitMargin" : 16.52,
    "netProfit" : 561.59
  }, {
    "date" : "2010-06-30",
    "sales" : 3890.06,
    "salesGrowthYoY" : 66.35,
    "grossProfitMargin" : 28.84,
    "grossProfit" : 1121.89,
    "operatingProfitMargin" : 19.97,
    "operatingProfit" : 776.84,
    "netProfitMargin" : 15.17,
    "netProfit" : 590.12
  }, {
    "date" : "2010-09-30",
    "sales" : 4341.82,
    "salesGrowthYoY" : 50.37,
    "grossProfitMargin" : 29.26,
    "grossProfit" : 1270.42,
    "operatingProfitMargin" : 20.66,
    "operatingProfit" : 897.02,
    "netProfitMargin" : 15.71,
    "netProfit" : 682.10
  }, {
    "date" : "2010-12-31",
    "sales" : 4177.08,
    "salesGrowthYoY" : 26.75,
    "grossProfitMargin" : 28.60,
    "grossProfit" : 1194.64,
    "operatingProfitMargin" : 20.33,
    "operatingProfit" : 849.20,
    "netProfitMargin" : 15.97,
    "netProfit" : 667.08
  }, {
    "date" : "2011-03-31",
    "sales" : 4144.79,
    "salesGrowthYoY" : 21.93,
    "grossProfitMargin" : 28.18,
    "grossProfit" : 1168.00,
    "operatingProfitMargin" : 19.38,
    "operatingProfit" : 803.26,
    "netProfitMargin" : 18.99,
    "netProfit" : 787.10
  }, {
    "date" : "2011-06-30",
    "sales" : 4706.29,
    "salesGrowthYoY" : 20.98,
    "grossProfitMargin" : 26.36,
    "grossProfit" : 1240.58,
    "operatingProfitMargin" : 17.85,
    "operatingProfit" : 840.07,
    "netProfitMargin" : 15.11,
    "netProfit" : 711.12
  }, {
    "date" : "2011-09-30",
    "sales" : 5185.36,
    "salesGrowthYoY" : 19.43,
    "grossProfitMargin" : 27.44,
    "grossProfit" : 1422.86,
    "operatingProfitMargin" : 18.81,
    "operatingProfit" : 975.37,
    "netProfitMargin" : 15.36,
    "netProfit" : 796.47
  }, {
    "date" : "2011-12-31",
    "sales" : 4985.89,
    "salesGrowthYoY" : 19.36,
    "grossProfitMargin" : 28.57,
    "grossProfit" : 1424.47,
    "operatingProfitMargin" : 19.74,
    "operatingProfit" : 984.21,
    "netProfitMargin" : 16.83,
    "netProfit" : 839.13
  }, {
    "date" : "2012-03-31",
    "sales" : 4651.44,
    "salesGrowthYoY" : 12.22,
    "grossProfitMargin" : 28.78,
    "grossProfit" : 1338.68,
    "operatingProfitMargin" : 19.79,
    "operatingProfit" : 920.52,
    "netProfitMargin" : 16.27,
    "netProfit" : 756.79
  }, {
    "date" : "2012-06-30",
    "sales" : 4865.66,
    "salesGrowthYoY" : 3.39,
    "grossProfitMargin" : 27.90,
    "grossProfit" : 1357.52,
    "operatingProfitMargin" : 17.92,
    "operatingProfit" : 871.93,
    "netProfitMargin" : 14.76,
    "netProfit" : 718.17
  }, {
    "date" : "2012-09-30",
    "sales" : 4972.40,
    "salesGrowthYoY" : -4.11,
    "grossProfitMargin" : 28.23,
    "grossProfit" : 1403.71,
    "operatingProfitMargin" : 18.41,
    "operatingProfit" : 915.42,
    "netProfitMargin" : 14.90,
    "netProfit" : 740.89
  }, {
    "date" : "2012-12-31",
    "sales" : 5412.71,
    "salesGrowthYoY" : 8.56,
    "grossProfitMargin" : 27.56,
    "grossProfit" : 1491.74,
    "operatingProfitMargin" : 18.69,
    "operatingProfit" : 1011.64,
    "netProfitMargin" : 15.13,
    "netProfit" : 818.94
  }, {
    "date" : "2013-03-31",
    "sales" : 4746.48,
    "salesGrowthYoY" : 2.04,
    "grossProfitMargin" : 28.18,
    "grossProfit" : 1337.56,
    "operatingProfitMargin" : 17.64,
    "operatingProfit" : 837.28,
    "netProfitMargin" : 16.13,
    "netProfit" : 765.61
  }, {
    "date" : "2013-06-30",
    "sales" : 4911.09,
    "salesGrowthYoY" : 0.93,
    "grossProfitMargin" : 30.63,
    "grossProfit" : 1504.27,
    "operatingProfitMargin" : 18.47,
    "operatingProfit" : 907.08,
    "netProfitMargin" : 15.02,
    "netProfit" : 737.65
  }, {
    "date" : "2013-09-30",
    "sales" : 5174.89,
    "salesGrowthYoY" : 4.07,
    "grossProfitMargin" : 32.97,
    "grossProfit" : 1706.16,
    "operatingProfitMargin" : 21.88,
    "operatingProfit" : 1132.27,
    "netProfitMargin" : 16.18,
    "netProfit" : 837.30
  }, {
    "date" : "2013-12-31",
    "sales" : 5131.24,
    "salesGrowthYoY" : -5.20,
    "grossProfitMargin" : 30.50,
    "grossProfit" : 1565.03,
    "operatingProfitMargin" : 22.13,
    "operatingProfit" : 1135.54,
    "netProfitMargin" : 17.63,
    "netProfit" : 904.64
  }, {
    "date" : "2014-03-31",
    "sales" : 4932.29,
    "salesGrowthYoY" : 3.91,
    "grossProfitMargin" : 30.35,
    "grossProfit" : 1496.95,
    "operatingProfitMargin" : 18.88,
    "operatingProfit" : 931.22,
    "netProfitMargin" : 15.49,
    "netProfit" : 764.01
  }, {
    "date" : "2014-06-30",
    "sales" : 5252.41,
    "salesGrowthYoY" : 6.95,
    "grossProfitMargin" : 29.93,
    "grossProfit" : 1572.05,
    "operatingProfitMargin" : 17.61,
    "operatingProfit" : 924.95,
    "netProfitMargin" : 14.09,
    "netProfit" : 740.06
  }, {
    "date" : "2014-09-30",
    "sales" : 5963.09,
    "salesGrowthYoY" : 15.23,
    "grossProfitMargin" : 31.08,
    "grossProfit" : 1853.33,
    "operatingProfitMargin" : 18.90,
    "operatingProfit" : 1127.02,
    "netProfitMargin" : 13.97,
    "netProfit" : 833.04
  }, {
    "date" : "2014-12-31",
    "sales" : 5657.17,
    "salesGrowthYoY" : 10.25,
    "grossProfitMargin" : 31.73,
    "grossProfit" : 1795.02,
    "operatingProfitMargin" : 21.69,
    "operatingProfit" : 1227.04,
    "netProfitMargin" : 15.22,
    "netProfit" : 861.02
  }, {
    "date" : "2015-03-31",
    "sales" : 4739.34,
    "salesGrowthYoY" : -3.91,
    "grossProfitMargin" : 32.53,
    "grossProfit" : 1541.71,
    "operatingProfitMargin" : 17.68,
    "operatingProfit" : 837.92,
    "netProfitMargin" : 13.12,
    "netProfit" : 621.80
  }, {
    "date" : "2015-06-30",
    "sales" : 5599.28,
    "salesGrowthYoY" : 6.60,
    "grossProfitMargin" : 32.62,
    "grossProfit" : 1826.49,
    "operatingProfitMargin" : 20.36,
    "operatingProfit" : 1140.01,
    "netProfitMargin" : 17.10,
    "netProfit" : 957.48
  }, {
    "date" : "2015-09-30",
    "sales" : 6079.92,
    "salesGrowthYoY" : 1.96,
    "grossProfitMargin" : 33.30,
    "grossProfit" : 2024.61,
    "operatingProfitMargin" : 21.66,
    "operatingProfit" : 1316.91,
    "netProfitMargin" : 17.31,
    "netProfit" : 1052.43
  }, {
    "date" : "2015-12-31",
    "sales" : 5547.83,
    "salesGrowthYoY" : -1.93,
    "grossProfitMargin" : 33.38,
    "grossProfit" : 1851.87,
    "operatingProfitMargin" : 21.12,
    "operatingProfit" : 1171.70,
    "netProfitMargin" : 17.50,
    "netProfit" : 970.87
  }, {
    "date" : "2016-03-31",
    "sales" : 5359.49,
    "salesGrowthYoY" : 13.09,
    "grossProfitMargin" : 34.07,
    "grossProfit" : 1825.98,
    "operatingProfitMargin" : 21.52,
    "operatingProfit" : 1153.36,
    "netProfitMargin" : 17.71,
    "netProfit" : 949.17
  }, {
    "date" : "2016-06-30",
    "sales" : 5747.95,
    "salesGrowthYoY" : 2.66,
    "grossProfitMargin" : 32.80,
    "grossProfit" : 1885.33,
    "operatingProfitMargin" : 20.47,
    "operatingProfit" : 1176.61,
    "netProfitMargin" : 17.02,
    "netProfit" : 978.30
  }, {
    "date" : "2016-09-30",
    "sales" : 6054.52,
    "salesGrowthYoY" : -0.42,
    "grossProfitMargin" : 32.99,
    "grossProfit" : 1997.39,
    "operatingProfitMargin" : 21.41,
    "operatingProfit" : 1296.27,
    "netProfitMargin" : 18.54,
    "netProfit" : 1122.51
  }, {
    "date" : "2016-12-31",
    "sales" : 5066.89,
    "salesGrowthYoY" : -8.67,
    "grossProfitMargin" : 33.21,
    "grossProfit" : 1682.71,
    "operatingProfitMargin" : 20.60,
    "operatingProfit" : 1043.78,
    "netProfitMargin" : 18.25,
    "netProfit" : 924.71
  }, {
    "date" : "2017-03-31",
    "sales" : 4897.32,
    "salesGrowthYoY" : -8.62,
    "grossProfitMargin" : 32.20,
    "grossProfit" : 1576.94,
    "operatingProfitMargin" : 18.50,
    "operatingProfit" : 906.00,
    "netProfitMargin" : 16.37,
    "netProfit" : 801.69
  }, {
    "date" : "2017-06-30",
    "sales" : 5442.37,
    "salesGrowthYoY" : -5.32,
    "grossProfitMargin" : 30.01,
    "grossProfit" : 1633.26,
    "operatingProfitMargin" : 17.24,
    "operatingProfit" : 938.26,
    "netProfitMargin" : 17.40,
    "netProfit" : 946.97
  }, {
    "date" : "2017-09-30",
    "sales" : 6579.91,
    "salesGrowthYoY" : 8.68,
    "grossProfitMargin" : 30.86,
    "grossProfit" : 2030.56,
    "operatingProfitMargin" : 19.73,
    "operatingProfit" : 1298.22,
    "netProfitMargin" : 16.90,
    "netProfit" : 1112.00
  }, {
    "date" : "2017-12-31",
    "sales" : 6387.64,
    "salesGrowthYoY" : 26.07,
    "grossProfitMargin" : 31.83,
    "grossProfit" : 2033.19,
    "operatingProfitMargin" : 19.57,
    "operatingProfit" : 1250.06,
    "netProfitMargin" : 14.91,
    "netProfit" : 952.40
  }, {
    "date" : "2018-03-31",
    "sales" : 6788.42,
    "salesGrowthYoY" : 38.61,
    "grossProfitMargin" : 30.81,
    "grossProfit" : 2091.51,
    "operatingProfitMargin" : 19.60,
    "operatingProfit" : 1330.53,
    "netProfitMargin" : 15.91,
    "netProfit" : 1080.04
  }, {
    "date" : "2018-06-30",
    "sales" : 7464.89,
    "salesGrowthYoY" : 37.16,
    "grossProfitMargin" : 29.08,
    "grossProfit" : 2170.79,
    "operatingProfitMargin" : 17.94,
    "operatingProfit" : 1339.20,
    "netProfitMargin" : 14.94,
    "netProfit" : 1115.25
  }, {
    "date" : "2018-09-30",
    "sales" : 8036.34,
    "salesGrowthYoY" : 22.13,
    "grossProfitMargin" : 28.03,
    "grossProfit" : 2252.59,
    "operatingProfitMargin" : 17.60,
    "operatingProfit" : 1414.40,
    "netProfitMargin" : 14.34,
    "netProfit" : 1152.41
  }, {
    "date" : "2018-12-31",
    "sales" : 7435.80,
    "salesGrowthYoY" : 16.41,
    "grossProfitMargin" : 27.54,
    "grossProfit" : 2047.82,
    "operatingProfitMargin" : 16.31,
    "operatingProfit" : 1212.78,
    "netProfitMargin" : 14.82,
    "netProfit" : 1101.99
  }, {
    "date" : "2019-03-31",
    "sales" : 7420.54,
    "salesGrowthYoY" : 9.31,
    "grossProfitMargin" : 28.16,
    "grossProfit" : 2089.62,
    "operatingProfitMargin" : 16.53,
    "operatingProfit" : 1226.62,
    "netProfitMargin" : 14.39,
    "netProfit" : 1067.82
  }, {
    "date" : "2019-06-30",
    "sales" : 7755.82,
    "salesGrowthYoY" : 3.90,
    "grossProfitMargin" : 28.26,
    "grossProfit" : 2191.79,
    "operatingProfitMargin" : 15.45,
    "operatingProfit" : 1198.27,
    "netProfitMargin" : 14.51,
    "netProfit" : 1125.37
  }, {
    "date" : "2019-09-30",
    "sales" : 7707.32,
    "salesGrowthYoY" : -4.09,
    "grossProfitMargin" : 29.46,
    "grossProfit" : 2270.58,
    "operatingProfitMargin" : 16.58,
    "operatingProfit" : 1277.87,
    "netProfitMargin" : 18.20,
    "netProfit" : 1402.73
  }, {
    "date" : "2019-12-31",
    "sales" : 7639.66,
    "salesGrowthYoY" : 2.74,
    "grossProfitMargin" : 30.07,
    "grossProfit" : 2297.25,
    "operatingProfitMargin" : 17.90,
    "operatingProfit" : 1367.50,
    "netProfitMargin" : 16.51,
    "netProfit" : 1261.31
  }, {
    "date" : "2020-03-31",
    "sales" : 6815.85,
    "salesGrowthYoY" : -8.15,
    "grossProfitMargin" : 31.55,
    "grossProfit" : 2150.40,
    "operatingProfitMargin" : 18.38,
    "operatingProfit" : 1252.75,
    "netProfitMargin" : 19.22,
    "netProfit" : 1310.01
  }, {
    "date" : "2020-06-30",
    "sales" : 3079.24,
    "salesGrowthYoY" : -60.30,
    "grossProfitMargin" : 32.89,
    "grossProfit" : 1012.76,
    "operatingProfitMargin" : 13.27,
    "operatingProfit" : 408.62,
    "netProfitMargin" : 17.15,
    "netProfit" : 528.09
  }, {
    "date" : "2020-09-30",
    "sales" : 7155.86,
    "salesGrowthYoY" : -7.16,
    "grossProfitMargin" : 29.31,
    "grossProfit" : 2097.38,
    "operatingProfitMargin" : 17.70,
    "operatingProfit" : 1266.59,
    "netProfitMargin" : 15.91,
    "netProfit" : 1138.50
  }, {
    "date" : "2020-12-31",
    "sales" : 8909.88,
    "salesGrowthYoY" : 16.63,
    "grossProfitMargin" : 29.20,
    "grossProfit" : 2601.68,
    "operatingProfitMargin" : 19.41,
    "operatingProfit" : 1729.41,
    "netProfitMargin" : 17.47,
    "netProfit" : 1556.56
  }, {
    "date" : "2021-03-31",
    "sales" : 8596.10,
    "salesGrowthYoY" : 26.12,
    "grossProfitMargin" : 28.15,
    "grossProfit" : 2419.80,
    "operatingProfitMargin" : 17.73,
    "operatingProfit" : 1524.09,
    "netProfitMargin" : 15.50,
    "netProfit" : 1332.40
  }, {
    "date" : "2021-06-30",
    "sales" : 7386.04,
    "salesGrowthYoY" : 139.87,
    "grossProfitMargin" : 26.97,
    "grossProfit" : 1992.01,
    "operatingProfitMargin" : 15.16,
    "operatingProfit" : 1119.72,
    "netProfitMargin" : 14.37,
    "netProfit" : 1061.37
  }, {
    "date" : "2021-09-30",
    "sales" : 8762.18,
    "salesGrowthYoY" : 22.45,
    "grossProfitMargin" : 26.31,
    "grossProfit" : 2305.33,
    "operatingProfitMargin" : 15.99,
    "operatingProfit" : 1401.07,
    "netProfitMargin" : 14.55,
    "netProfit" : 1274.90
  }, {
    "date" : "2021-12-31",
    "sales" : 9021.65,
    "salesGrowthYoY" : 1.25,
    "grossProfitMargin" : 25.25,
    "grossProfit" : 2277.97,
    "operatingProfitMargin" : 15.21,
    "operatingProfit" : 1372.19,
    "netProfitMargin" : 13.46,
    "netProfit" : 1214.31
  }, {
    "date" : "2022-03-31",
    "sales" : 7974.84,
    "salesGrowthYoY" : -7.23,
    "grossProfitMargin" : 28.08,
    "grossProfit" : 2239.34,
    "operatingProfitMargin" : 17.12,
    "operatingProfit" : 1365.29,
    "netProfitMargin" : 15.39,
    "netProfit" : 1227.33
  }, {
    "date" : "2022-06-30",
    "sales" : 8004.97,
    "salesGrowthYoY" : 8.38,
    "grossProfitMargin" : 27.82,
    "grossProfit" : 2226.98,
    "operatingProfitMargin" : 16.20,
    "operatingProfit" : 1296.81,
    "netProfitMargin" : 14.66,
    "netProfit" : 1173.53
  }, {
    "date" : "2022-09-30",
    "sales" : 10202.77,
    "salesGrowthYoY" : 16.44,
    "grossProfitMargin" : 26.63,
    "grossProfit" : 2717.00,
    "operatingProfitMargin" : 17.24,
    "operatingProfit" : 1758.96,
    "netProfitMargin" : 15.00,
    "netProfit" : 1530.42
  }, {
    "date" : "2022-12-31",
    "sales" : 9315.14,
    "salesGrowthYoY" : 3.25,
    "grossProfitMargin" : 29.39,
    "grossProfit" : 2737.72,
    "operatingProfitMargin" : 19.07,
    "operatingProfit" : 1776.40,
    "netProfitMargin" : 16.01,
    "netProfit" : 1491.35
  }, {
    "date" : "2023-03-31",
    "sales" : 8904.72,
    "salesGrowthYoY" : 11.66,
    "grossProfitMargin" : 30.22,
    "grossProfit" : 2691.01,
    "operatingProfitMargin" : 19.28,
    "operatingProfit" : 1716.83,
    "netProfitMargin" : 16.09,
    "netProfit" : 1432.77
  }, {
    "date" : "2023-06-30",
    "sales" : 10309.77,
    "salesGrowthYoY" : 28.79,
    "grossProfitMargin" : 28.10,
    "grossProfit" : 2897.05,
    "operatingProfitMargin" : 18.95,
    "operatingProfit" : 1953.70,
    "netProfitMargin" : 16.15,
    "netProfit" : 1665.03
  }, {
    "date" : "2023-09-30",
    "sales" : 10777.27,
    "salesGrowthYoY" : 5.63,
    "grossProfitMargin" : 29.01,
    "grossProfit" : 3126.49,
    "operatingProfitMargin" : 19.79,
    "operatingProfit" : 2132.82,
    "netProfitMargin" : 17.04,
    "netProfit" : 1836.45
  }, {
    "date" : "2023-12-31",
    "sales" : 12113.51,
    "salesGrowthYoY" : 30.04,
    "grossProfitMargin" : 28.93,
    "grossProfit" : 3504.44,
    "operatingProfitMargin" : 20.06,
    "operatingProfit" : 2429.97,
    "netProfitMargin" : 16.86,
    "netProfit" : 2042.34
  }, {
    "date" : "2024-03-31",
    "sales" : 11484.68,
    "salesGrowthYoY" : 28.97,
    "grossProfitMargin" : 29.73,
    "grossProfit" : 3414.40,
    "operatingProfitMargin" : 20.08,
    "operatingProfit" : 2306.12,
    "netProfitMargin" : 16.86,
    "netProfit" : 1936.32
  }, {
    "date" : "2024-06-30",
    "sales" : 11928.02,
    "salesGrowthYoY" : 15.70,
    "grossProfitMargin" : 29.97,
    "grossProfit" : 3574.83,
    "operatingProfitMargin" : 20.25,
    "operatingProfit" : 2415.42,
    "netProfitMargin" : 16.67,
    "netProfit" : 1988.40
  }, {
    "date" : "2024-09-30",
    "sales" : 13127.47,
    "salesGrowthYoY" : 21.81,
    "grossProfitMargin" : 28.67,
    "grossProfit" : 3763.65,
    "operatingProfitMargin" : 20.20,
    "operatingProfit" : 2651.75,
    "netProfitMargin" : 16.88,
    "netProfit" : 2215.92
  }, {
    "date" : "2024-12-31",
    "sales" : 12806.85,
    "salesGrowthYoY" : 5.72,
    "grossProfitMargin" : 28.69,
    "grossProfit" : 3674.29,
    "operatingProfitMargin" : 20.15,
    "operatingProfit" : 2580.58,
    "netProfitMargin" : 16.47,
    "netProfit" : 2109.29
  }, {
    "date" : "2025-03-31",
    "sales" : 12147.97,
    "salesGrowthYoY" : 5.78,
    "grossProfitMargin" : 30.13,
    "grossProfit" : 3660.18,
    "operatingProfitMargin" : 20.17,
    "operatingProfit" : 2450.25,
    "netProfitMargin" : 16.87,
    "netProfit" : 2049.36
  }, {
    "date" : "2025-06-30",
    "sales" : 12584.45,
    "salesGrowthYoY" : 5.50,
    "grossProfitMargin" : 29.60,
    "grossProfit" : 3725.00,
    "operatingProfitMargin" : 19.72,
    "operatingProfit" : 2481.65,
    "netProfitMargin" : 16.66,
    "netProfit" : 2096.57
  }, {
    "date" : "2025-09-30",
    "sales" : 14922.05,
    "salesGrowthYoY" : 13.67,
    "grossProfitMargin" : 29.93,
    "grossProfit" : 4466.17,
    "operatingProfitMargin" : 20.45,
    "operatingProfit" : 3051.56,
    "netProfitMargin" : 16.62,
    "netProfit" : 2480.04
  } ],
  "latestQuarterlyResult" : {
    "date" : "2025-09-30",
    "sales" : 14922.05,
    "salesGrowthYoY" : 13.67,
    "grossProfitMargin" : 29.93,
    "grossProfit" : 4466.17,
    "operatingProfitMargin" : 20.45,
    "operatingProfit" : 3051.56,
    "netProfitMargin" : 16.62,
    "netProfit" : 2480.04
  },
  "companyScore" : {
    "priceHigherThanDma50" : 5.00,
    "priceHigherThanDma100" : 5.00,
    "priceHigherThanDma200" : 5.00,
    "dma50HigherThanDma100" : 5.00,
    "dma50HigherThanDma200" : 5.00,
    "dma100HigherThanDma200" : 5.00,
    "pricePercentageAboveDma50" : 4.86,
    "pricePercentageAboveDma100" : 4.77,
    "pricePercentageAboveDma200" : 4.67,
    "weeklyVolumeHigherThanYearlyVolume" : 0.00,
    "salesGrowthPercentile" : 12.57,
    "operatingProfitMarginPercentile" : 16.49,
    "netProfitMarginPercentile" : 7.80,
    "totalTechnicalScore" : 44.31,
    "totalFundamentalScore" : 36.86,
    "totalScore" : 81.16
  }
}