{
  "metadata" : {
    "screenerCompanyId" : "399",
    "companyCode" : "BANARISUG",
    "companyName" : "Bannari Amm.Sug.",
    "screenerCompanyLink" : "https://www.screener.in/company/BANARISUG/",
    "screenerTechnicalHistoryLink" : "https://www.screener.in/api/company/399/chart/?q=Price-DMA50-DMA200-Volume&days=365",
    "screenerQuarterlyResultsLink" : "https://www.screener.in/api/company/399/chart/?q=GPM-OPM-NPM-Quarter+Sales&days=10000",
    "attributes" : {
      "companyCode" : "BANARISUG",
      "companyName" : "Bannari Amm.Sug.",
      "marketCap" : 4514.00,
      "peRatio" : 31.90,
      "description" : "Bannari Amman Sugars Limited is one of the leading sugar manufacturers in India. It has three sugar factories with cogeneration plants in Tamilnadu and two sugar factories with co-generation plants in Karnataka. It has two distillery units one in Tamilnadu and another in Karnataka. It has a Granite Processing unit in Tamilnadu. The company also has windmills which are located in the southern part of Tamilnadu. [1]"
    },
    "companyScore" : {
      "priceHigherThanDma50" : 0.00,
      "priceHigherThanDma100" : 5.00,
      "priceHigherThanDma200" : 0.00,
      "dma50HigherThanDma100" : 5.00,
      "dma50HigherThanDma200" : 0.00,
      "dma100HigherThanDma200" : 0.00,
      "pricePercentageAboveDma50" : 5.00,
      "pricePercentageAboveDma100" : 4.97,
      "pricePercentageAboveDma200" : 5.04,
      "weeklyVolumeHigherThanYearlyVolume" : 0.00,
      "salesGrowthPercentile" : 16.50,
      "operatingProfitMarginPercentile" : 11.26,
      "netProfitMarginPercentile" : 5.98,
      "totalTechnicalScore" : 25.01,
      "totalFundamentalScore" : 33.74,
      "totalScore" : 58.75
    }
  },
  "attributes" : {
    "companyCode" : "BANARISUG",
    "companyName" : "Bannari Amm.Sug.",
    "marketCap" : 4514.00,
    "peRatio" : 31.90,
    "description" : "Bannari Amman Sugars Limited is one of the leading sugar manufacturers in India. It has three sugar factories with cogeneration plants in Tamilnadu and two sugar factories with co-generation plants in Karnataka. It has two distillery units one in Tamilnadu and another in Karnataka. It has a Granite Processing unit in Tamilnadu. The company also has windmills which are located in the southern part of Tamilnadu. [1]"
  },
  "technicalHistory" : [ {
    "date" : "2025-02-19",
    "price" : 3503.25,
    "dma50" : 3617.65,
    "dma100" : null,
    "dma200" : 3364.42,
    "volume" : 1141.00
  }, {
    "date" : "2025-02-20",
    "price" : 3501.20,
    "dma50" : 3613.08,
    "dma100" : null,
    "dma200" : 3365.78,
    "volume" : 165.00
  }, {
    "date" : "2025-02-21",
    "price" : 3500.40,
    "dma50" : 3608.66,
    "dma100" : null,
    "dma200" : 3367.12,
    "volume" : 1042.00
  }, {
    "date" : "2025-02-24",
    "price" : 3500.45,
    "dma50" : 3604.42,
    "dma100" : null,
    "dma200" : 3368.45,
    "volume" : 712.00
  }, {
    "date" : "2025-02-25",
    "price" : 3508.30,
    "dma50" : 3600.65,
    "dma100" : null,
    "dma200" : 3369.84,
    "volume" : 392.00
  }, {
    "date" : "2025-02-27",
    "price" : 3500.50,
    "dma50" : 3596.72,
    "dma100" : null,
    "dma200" : 3371.14,
    "volume" : 413.00
  }, {
    "date" : "2025-02-28",
    "price" : 3252.30,
    "dma50" : 3583.21,
    "dma100" : null,
    "dma200" : 3369.96,
    "volume" : 1005.00
  }, {
    "date" : "2025-03-03",
    "price" : 3270.35,
    "dma50" : 3570.94,
    "dma100" : null,
    "dma200" : 3368.97,
    "volume" : 909.00
  }, {
    "date" : "2025-03-04",
    "price" : 3270.65,
    "dma50" : 3559.17,
    "dma100" : null,
    "dma200" : 3367.99,
    "volume" : 621.00
  }, {
    "date" : "2025-03-05",
    "price" : 3293.85,
    "dma50" : 3548.76,
    "dma100" : null,
    "dma200" : 3367.25,
    "volume" : 310.00
  }, {
    "date" : "2025-03-06",
    "price" : 3270.75,
    "dma50" : 3537.86,
    "dma100" : null,
    "dma200" : 3366.29,
    "volume" : 1460.00
  }, {
    "date" : "2025-03-07",
    "price" : 3310.95,
    "dma50" : 3528.96,
    "dma100" : null,
    "dma200" : 3365.74,
    "volume" : 513.00
  }, {
    "date" : "2025-03-10",
    "price" : 3287.60,
    "dma50" : 3519.50,
    "dma100" : null,
    "dma200" : 3364.96,
    "volume" : 510.00
  }, {
    "date" : "2025-03-11",
    "price" : 3296.00,
    "dma50" : 3510.73,
    "dma100" : null,
    "dma200" : 3364.28,
    "volume" : 245.00
  }, {
    "date" : "2025-03-12",
    "price" : 3278.80,
    "dma50" : 3501.64,
    "dma100" : null,
    "dma200" : 3363.43,
    "volume" : 288.00
  }, {
    "date" : "2025-03-13",
    "price" : 3252.00,
    "dma50" : 3491.85,
    "dma100" : null,
    "dma200" : 3362.32,
    "volume" : 1002.00
  }, {
    "date" : "2025-03-17",
    "price" : 3250.30,
    "dma50" : 3482.38,
    "dma100" : null,
    "dma200" : 3361.20,
    "volume" : 896.00
  }, {
    "date" : "2025-03-18",
    "price" : 3353.95,
    "dma50" : 3477.34,
    "dma100" : null,
    "dma200" : 3361.13,
    "volume" : 1495.00
  }, {
    "date" : "2025-03-19",
    "price" : 3500.10,
    "dma50" : 3478.23,
    "dma100" : null,
    "dma200" : 3362.51,
    "volume" : 1758.00
  }, {
    "date" : "2025-03-20",
    "price" : 3633.55,
    "dma50" : 3484.32,
    "dma100" : null,
    "dma200" : 3365.21,
    "volume" : 1086.00
  }, {
    "date" : "2025-03-21",
    "price" : 3694.80,
    "dma50" : 3492.58,
    "dma100" : null,
    "dma200" : 3368.49,
    "volume" : 404.00
  }, {
    "date" : "2025-03-24",
    "price" : 3839.60,
    "dma50" : 3506.19,
    "dma100" : null,
    "dma200" : 3373.18,
    "volume" : 1101.00
  }, {
    "date" : "2025-03-25",
    "price" : 3797.90,
    "dma50" : 3517.62,
    "dma100" : null,
    "dma200" : 3377.40,
    "volume" : 2279.00
  }, {
    "date" : "2025-03-26",
    "price" : 3819.45,
    "dma50" : 3529.46,
    "dma100" : null,
    "dma200" : 3381.80,
    "volume" : 1190.00
  }, {
    "date" : "2025-03-27",
    "price" : 3706.20,
    "dma50" : 3536.39,
    "dma100" : null,
    "dma200" : 3385.03,
    "volume" : 640.00
  }, {
    "date" : "2025-03-28",
    "price" : 3634.85,
    "dma50" : 3540.25,
    "dma100" : null,
    "dma200" : 3387.52,
    "volume" : 477.00
  }, {
    "date" : "2025-04-01",
    "price" : 3789.20,
    "dma50" : 3550.02,
    "dma100" : null,
    "dma200" : 3391.51,
    "volume" : 700.00
  }, {
    "date" : "2025-04-02",
    "price" : 3706.70,
    "dma50" : 3556.16,
    "dma100" : null,
    "dma200" : 3394.65,
    "volume" : 575.00
  }, {
    "date" : "2025-04-03",
    "price" : 3814.20,
    "dma50" : 3566.28,
    "dma100" : null,
    "dma200" : 3398.82,
    "volume" : 1912.00
  }, {
    "date" : "2025-04-04",
    "price" : 3687.65,
    "dma50" : 3571.04,
    "dma100" : null,
    "dma200" : 3401.70,
    "volume" : 619.00
  }, {
    "date" : "2025-04-07",
    "price" : 3707.25,
    "dma50" : 3576.38,
    "dma100" : null,
    "dma200" : 3404.74,
    "volume" : 4138.00
  }, {
    "date" : "2025-04-08",
    "price" : 3745.60,
    "dma50" : 3583.02,
    "dma100" : null,
    "dma200" : 3408.13,
    "volume" : 230.00
  }, {
    "date" : "2025-04-09",
    "price" : 3726.95,
    "dma50" : 3588.66,
    "dma100" : null,
    "dma200" : 3411.30,
    "volume" : 461.00
  }, {
    "date" : "2025-04-11",
    "price" : 3709.90,
    "dma50" : 3593.42,
    "dma100" : null,
    "dma200" : 3414.27,
    "volume" : 378.00
  }, {
    "date" : "2025-04-15",
    "price" : 3853.10,
    "dma50" : 3603.60,
    "dma100" : null,
    "dma200" : 3418.64,
    "volume" : 1075.00
  }, {
    "date" : "2025-04-16",
    "price" : 3799.50,
    "dma50" : 3611.28,
    "dma100" : null,
    "dma200" : 3422.43,
    "volume" : 762.00
  }, {
    "date" : "2025-04-17",
    "price" : 3742.50,
    "dma50" : 3616.43,
    "dma100" : null,
    "dma200" : 3425.61,
    "volume" : 271.00
  }, {
    "date" : "2025-04-21",
    "price" : 3788.60,
    "dma50" : 3623.18,
    "dma100" : null,
    "dma200" : 3429.23,
    "volume" : 1965.00
  }, {
    "date" : "2025-04-22",
    "price" : 3802.90,
    "dma50" : 3630.23,
    "dma100" : null,
    "dma200" : 3432.94,
    "volume" : 443.00
  }, {
    "date" : "2025-04-23",
    "price" : 3879.80,
    "dma50" : 3640.01,
    "dma100" : null,
    "dma200" : 3437.39,
    "volume" : 1569.00
  }, {
    "date" : "2025-04-24",
    "price" : 4135.80,
    "dma50" : 3659.46,
    "dma100" : null,
    "dma200" : 3444.34,
    "volume" : 9826.00
  }, {
    "date" : "2025-04-25",
    "price" : 4109.80,
    "dma50" : 3677.12,
    "dma100" : null,
    "dma200" : 3450.96,
    "volume" : 3813.00
  }, {
    "date" : "2025-04-28",
    "price" : 4101.90,
    "dma50" : 3693.78,
    "dma100" : null,
    "dma200" : 3457.44,
    "volume" : 1822.00
  }, {
    "date" : "2025-04-29",
    "price" : 4125.20,
    "dma50" : 3710.69,
    "dma100" : null,
    "dma200" : 3464.08,
    "volume" : 1363.00
  }, {
    "date" : "2025-04-30",
    "price" : 4107.70,
    "dma50" : 3726.26,
    "dma100" : null,
    "dma200" : 3470.49,
    "volume" : 17348.00
  }, {
    "date" : "2025-05-02",
    "price" : 4115.70,
    "dma50" : 3741.54,
    "dma100" : null,
    "dma200" : 3476.91,
    "volume" : 5012.00
  }, {
    "date" : "2025-05-05",
    "price" : 4146.30,
    "dma50" : 3757.41,
    "dma100" : null,
    "dma200" : 3483.57,
    "volume" : 1165.00
  }, {
    "date" : "2025-05-06",
    "price" : 4060.80,
    "dma50" : 3769.31,
    "dma100" : null,
    "dma200" : 3489.31,
    "volume" : 1519.00
  }, {
    "date" : "2025-05-07",
    "price" : 3907.40,
    "dma50" : 3774.72,
    "dma100" : null,
    "dma200" : 3493.47,
    "volume" : 1922.00
  }, {
    "date" : "2025-05-08",
    "price" : 4000.70,
    "dma50" : 3783.58,
    "dma100" : null,
    "dma200" : 3498.52,
    "volume" : 1310.00
  }, {
    "date" : "2025-05-09",
    "price" : 3908.00,
    "dma50" : 3788.46,
    "dma100" : null,
    "dma200" : 3502.59,
    "volume" : 12449.00
  }, {
    "date" : "2025-05-12",
    "price" : 3968.00,
    "dma50" : 3795.50,
    "dma100" : null,
    "dma200" : 3507.22,
    "volume" : 2169.00
  }, {
    "date" : "2025-05-13",
    "price" : 4096.70,
    "dma50" : 3807.31,
    "dma100" : null,
    "dma200" : 3513.09,
    "volume" : 1929.00
  }, {
    "date" : "2025-05-14",
    "price" : 4015.40,
    "dma50" : 3815.47,
    "dma100" : null,
    "dma200" : 3518.09,
    "volume" : 2284.00
  }, {
    "date" : "2025-05-15",
    "price" : 4292.90,
    "dma50" : 3834.20,
    "dma100" : null,
    "dma200" : 3525.80,
    "volume" : 3414.00
  }, {
    "date" : "2025-05-16",
    "price" : 4303.10,
    "dma50" : 3852.59,
    "dma100" : null,
    "dma200" : 3533.53,
    "volume" : 2355.00
  }, {
    "date" : "2025-05-19",
    "price" : 4299.10,
    "dma50" : 3870.10,
    "dma100" : null,
    "dma200" : 3541.15,
    "volume" : 1947.00
  }, {
    "date" : "2025-05-20",
    "price" : 4310.80,
    "dma50" : 3887.38,
    "dma100" : null,
    "dma200" : 3548.81,
    "volume" : 1287.00
  }, {
    "date" : "2025-05-21",
    "price" : 4290.70,
    "dma50" : 3903.20,
    "dma100" : null,
    "dma200" : 3556.19,
    "volume" : 1014.00
  }, {
    "date" : "2025-05-22",
    "price" : 4321.70,
    "dma50" : 3919.61,
    "dma100" : null,
    "dma200" : 3563.81,
    "volume" : 648.00
  }, {
    "date" : "2025-05-23",
    "price" : 4307.80,
    "dma50" : 3934.83,
    "dma100" : null,
    "dma200" : 3571.21,
    "volume" : 691.00
  }, {
    "date" : "2025-05-26",
    "price" : 4268.90,
    "dma50" : 3947.93,
    "dma100" : null,
    "dma200" : 3578.15,
    "volume" : 651.00
  }, {
    "date" : "2025-05-27",
    "price" : 4264.00,
    "dma50" : 3960.33,
    "dma100" : null,
    "dma200" : 3584.98,
    "volume" : 785.00
  }, {
    "date" : "2025-05-28",
    "price" : 4257.60,
    "dma50" : 3971.98,
    "dma100" : null,
    "dma200" : 3591.67,
    "volume" : 1155.00
  }, {
    "date" : "2025-05-29",
    "price" : 4258.00,
    "dma50" : 3983.20,
    "dma100" : null,
    "dma200" : 3598.30,
    "volume" : 434.00
  }, {
    "date" : "2025-05-30",
    "price" : 4189.10,
    "dma50" : 3991.27,
    "dma100" : null,
    "dma200" : 3604.18,
    "volume" : 586.00
  }, {
    "date" : "2025-06-02",
    "price" : 4050.70,
    "dma50" : 3993.61,
    "dma100" : null,
    "dma200" : 3608.62,
    "volume" : 1601.00
  }, {
    "date" : "2025-06-03",
    "price" : 3942.90,
    "dma50" : 3991.62,
    "dma100" : null,
    "dma200" : 3611.95,
    "volume" : 1664.00
  }, {
    "date" : "2025-06-04",
    "price" : 3915.20,
    "dma50" : 3988.62,
    "dma100" : null,
    "dma200" : 3614.96,
    "volume" : 2508.00
  }, {
    "date" : "2025-06-05",
    "price" : 3905.60,
    "dma50" : 3985.36,
    "dma100" : null,
    "dma200" : 3617.86,
    "volume" : 5548.00
  }, {
    "date" : "2025-06-06",
    "price" : 3944.40,
    "dma50" : 3983.76,
    "dma100" : null,
    "dma200" : 3621.10,
    "volume" : 825.00
  }, {
    "date" : "2025-06-09",
    "price" : 4000.30,
    "dma50" : 3984.41,
    "dma100" : null,
    "dma200" : 3624.88,
    "volume" : 10125.00
  }, {
    "date" : "2025-06-10",
    "price" : 4087.70,
    "dma50" : 3988.46,
    "dma100" : null,
    "dma200" : 3629.48,
    "volume" : 3808.00
  }, {
    "date" : "2025-06-11",
    "price" : 4056.20,
    "dma50" : 3991.11,
    "dma100" : null,
    "dma200" : 3633.73,
    "volume" : 9092.00
  }, {
    "date" : "2025-06-12",
    "price" : 3913.00,
    "dma50" : 3988.05,
    "dma100" : null,
    "dma200" : 3636.51,
    "volume" : 4348.00
  }, {
    "date" : "2025-06-13",
    "price" : 3902.40,
    "dma50" : 3984.69,
    "dma100" : null,
    "dma200" : 3639.15,
    "volume" : 1738.00
  }, {
    "date" : "2025-06-16",
    "price" : 3901.40,
    "dma50" : 3981.43,
    "dma100" : null,
    "dma200" : 3641.76,
    "volume" : 1041.00
  }, {
    "date" : "2025-06-17",
    "price" : 3912.80,
    "dma50" : 3978.73,
    "dma100" : null,
    "dma200" : 3644.46,
    "volume" : 700.00
  }, {
    "date" : "2025-06-18",
    "price" : 3905.00,
    "dma50" : 3975.84,
    "dma100" : null,
    "dma200" : 3647.05,
    "volume" : 782.00
  }, {
    "date" : "2025-06-19",
    "price" : 3902.80,
    "dma50" : 3972.98,
    "dma100" : null,
    "dma200" : 3649.60,
    "volume" : 905.00
  }, {
    "date" : "2025-06-20",
    "price" : 3903.60,
    "dma50" : 3970.26,
    "dma100" : null,
    "dma200" : 3652.12,
    "volume" : 333.00
  }, {
    "date" : "2025-06-23",
    "price" : 3903.50,
    "dma50" : 3967.64,
    "dma100" : null,
    "dma200" : 3654.63,
    "volume" : 1277.00
  }, {
    "date" : "2025-06-24",
    "price" : 3911.30,
    "dma50" : 3965.43,
    "dma100" : null,
    "dma200" : 3657.18,
    "volume" : 665.00
  }, {
    "date" : "2025-06-25",
    "price" : 3904.00,
    "dma50" : 3963.02,
    "dma100" : null,
    "dma200" : 3659.64,
    "volume" : 1761.00
  }, {
    "date" : "2025-06-26",
    "price" : 3905.50,
    "dma50" : 3960.77,
    "dma100" : null,
    "dma200" : 3662.08,
    "volume" : 422.00
  }, {
    "date" : "2025-06-27",
    "price" : 3929.60,
    "dma50" : 3959.54,
    "dma100" : null,
    "dma200" : 3664.74,
    "volume" : 615.00
  }, {
    "date" : "2025-06-30",
    "price" : 3907.50,
    "dma50" : 3957.50,
    "dma100" : null,
    "dma200" : 3667.16,
    "volume" : 1696.00
  }, {
    "date" : "2025-07-01",
    "price" : 3901.60,
    "dma50" : 3955.31,
    "dma100" : null,
    "dma200" : 3669.49,
    "volume" : 1141.00
  }, {
    "date" : "2025-07-02",
    "price" : 3915.70,
    "dma50" : 3953.76,
    "dma100" : null,
    "dma200" : 3671.94,
    "volume" : 9170.00
  }, {
    "date" : "2025-07-03",
    "price" : 3903.10,
    "dma50" : 3951.77,
    "dma100" : null,
    "dma200" : 3674.24,
    "volume" : 1575.00
  }, {
    "date" : "2025-07-04",
    "price" : 3900.60,
    "dma50" : 3949.76,
    "dma100" : null,
    "dma200" : 3676.49,
    "volume" : 5494.00
  }, {
    "date" : "2025-07-07",
    "price" : 3900.20,
    "dma50" : 3947.82,
    "dma100" : null,
    "dma200" : 3678.72,
    "volume" : 2009.00
  }, {
    "date" : "2025-07-08",
    "price" : 3908.50,
    "dma50" : 3946.28,
    "dma100" : null,
    "dma200" : 3681.01,
    "volume" : 1215.00
  }, {
    "date" : "2025-07-09",
    "price" : 3901.10,
    "dma50" : 3944.51,
    "dma100" : null,
    "dma200" : 3683.20,
    "volume" : 511.00
  }, {
    "date" : "2025-07-10",
    "price" : 3775.50,
    "dma50" : 3937.88,
    "dma100" : null,
    "dma200" : 3684.12,
    "volume" : 2385.00
  }, {
    "date" : "2025-07-11",
    "price" : 3772.80,
    "dma50" : 3931.40,
    "dma100" : null,
    "dma200" : 3685.00,
    "volume" : 1127.00
  }, {
    "date" : "2025-07-14",
    "price" : 3750.40,
    "dma50" : 3924.31,
    "dma100" : null,
    "dma200" : 3685.65,
    "volume" : 2817.00
  }, {
    "date" : "2025-07-15",
    "price" : 3745.80,
    "dma50" : 3917.31,
    "dma100" : null,
    "dma200" : 3686.25,
    "volume" : 1366.00
  }, {
    "date" : "2025-07-16",
    "price" : 3751.80,
    "dma50" : 3910.82,
    "dma100" : null,
    "dma200" : 3686.90,
    "volume" : 626.00
  }, {
    "date" : "2025-07-17",
    "price" : 3791.00,
    "dma50" : 3906.12,
    "dma100" : null,
    "dma200" : 3687.93,
    "volume" : 873.00
  }, {
    "date" : "2025-07-18",
    "price" : 3783.80,
    "dma50" : 3901.32,
    "dma100" : 3838.49,
    "dma200" : 3688.89,
    "volume" : 614.00
  }, {
    "date" : "2025-07-21",
    "price" : 3751.40,
    "dma50" : 3895.44,
    "dma100" : 3840.99,
    "dma200" : 3689.51,
    "volume" : 478.00
  }, {
    "date" : "2025-07-22",
    "price" : 3755.70,
    "dma50" : 3889.96,
    "dma100" : 3843.55,
    "dma200" : 3690.17,
    "volume" : 374.00
  }, {
    "date" : "2025-07-23",
    "price" : 3750.00,
    "dma50" : 3884.47,
    "dma100" : 3846.04,
    "dma200" : 3690.76,
    "volume" : 1879.00
  }, {
    "date" : "2025-07-24",
    "price" : 3750.00,
    "dma50" : 3879.20,
    "dma100" : 3848.46,
    "dma200" : 3691.35,
    "volume" : 486.00
  }, {
    "date" : "2025-07-25",
    "price" : 3770.80,
    "dma50" : 3874.95,
    "dma100" : 3851.16,
    "dma200" : 3692.14,
    "volume" : 801.00
  }, {
    "date" : "2025-07-28",
    "price" : 3763.20,
    "dma50" : 3870.57,
    "dma100" : 3856.27,
    "dma200" : 3692.85,
    "volume" : 1057.00
  }, {
    "date" : "2025-07-29",
    "price" : 3751.40,
    "dma50" : 3865.89,
    "dma100" : 3861.08,
    "dma200" : 3693.43,
    "volume" : 333.00
  }, {
    "date" : "2025-07-30",
    "price" : 3768.00,
    "dma50" : 3862.05,
    "dma100" : 3866.05,
    "dma200" : 3694.18,
    "volume" : 228.00
  }, {
    "date" : "2025-07-31",
    "price" : 3758.20,
    "dma50" : 3857.98,
    "dma100" : 3870.70,
    "dma200" : 3694.81,
    "volume" : 356.00
  }, {
    "date" : "2025-08-01",
    "price" : 3801.20,
    "dma50" : 3855.75,
    "dma100" : 3876.00,
    "dma200" : 3695.87,
    "volume" : 674.00
  }, {
    "date" : "2025-08-04",
    "price" : 3758.60,
    "dma50" : 3851.94,
    "dma100" : 3880.48,
    "dma200" : 3696.50,
    "volume" : 767.00
  }, {
    "date" : "2025-08-05",
    "price" : 3751.80,
    "dma50" : 3848.02,
    "dma100" : 3885.12,
    "dma200" : 3697.05,
    "volume" : 833.00
  }, {
    "date" : "2025-08-06",
    "price" : 3750.30,
    "dma50" : 3844.19,
    "dma100" : 3889.66,
    "dma200" : 3697.58,
    "volume" : 691.00
  }, {
    "date" : "2025-08-07",
    "price" : 3752.90,
    "dma50" : 3840.61,
    "dma100" : 3894.40,
    "dma200" : 3698.13,
    "volume" : 1380.00
  }, {
    "date" : "2025-08-08",
    "price" : 3768.90,
    "dma50" : 3837.79,
    "dma100" : 3899.57,
    "dma200" : 3698.83,
    "volume" : 160.00
  }, {
    "date" : "2025-08-11",
    "price" : 3750.80,
    "dma50" : 3834.38,
    "dma100" : 3904.58,
    "dma200" : 3699.35,
    "volume" : 976.00
  }, {
    "date" : "2025-08-12",
    "price" : 3750.70,
    "dma50" : 3831.10,
    "dma100" : 3908.55,
    "dma200" : 3699.86,
    "volume" : 440.00
  }, {
    "date" : "2025-08-13",
    "price" : 3750.30,
    "dma50" : 3827.93,
    "dma100" : 3911.05,
    "dma200" : 3700.36,
    "volume" : 454.00
  }, {
    "date" : "2025-08-14",
    "price" : 3750.20,
    "dma50" : 3824.88,
    "dma100" : 3912.21,
    "dma200" : 3700.86,
    "volume" : 120.00
  }, {
    "date" : "2025-08-18",
    "price" : 3750.90,
    "dma50" : 3821.98,
    "dma100" : 3912.78,
    "dma200" : 3701.35,
    "volume" : 538.00
  }, {
    "date" : "2025-08-19",
    "price" : 3753.10,
    "dma50" : 3819.28,
    "dma100" : 3911.91,
    "dma200" : 3701.87,
    "volume" : 369.00
  }, {
    "date" : "2025-08-20",
    "price" : 3754.20,
    "dma50" : 3816.73,
    "dma100" : 3911.47,
    "dma200" : 3702.39,
    "volume" : 624.00
  }, {
    "date" : "2025-08-21",
    "price" : 3763.00,
    "dma50" : 3814.62,
    "dma100" : 3910.91,
    "dma200" : 3702.99,
    "volume" : 269.00
  }, {
    "date" : "2025-08-22",
    "price" : 3755.20,
    "dma50" : 3812.29,
    "dma100" : 3911.40,
    "dma200" : 3703.51,
    "volume" : 268.00
  }, {
    "date" : "2025-08-25",
    "price" : 3755.50,
    "dma50" : 3810.06,
    "dma100" : 3912.61,
    "dma200" : 3704.03,
    "volume" : 258.00
  }, {
    "date" : "2025-08-26",
    "price" : 3754.70,
    "dma50" : 3807.89,
    "dma100" : 3912.26,
    "dma200" : 3704.53,
    "volume" : 496.00
  }, {
    "date" : "2025-08-28",
    "price" : 3749.60,
    "dma50" : 3805.61,
    "dma100" : 3912.69,
    "dma200" : 3704.98,
    "volume" : 330.00
  }, {
    "date" : "2025-08-29",
    "price" : 3744.30,
    "dma50" : 3803.20,
    "dma100" : 3911.99,
    "dma200" : 3705.37,
    "volume" : 376.00
  }, {
    "date" : "2025-09-01",
    "price" : 3636.00,
    "dma50" : 3796.65,
    "dma100" : 3911.47,
    "dma200" : 3704.68,
    "volume" : 996.00
  }, {
    "date" : "2025-09-02",
    "price" : 3684.80,
    "dma50" : 3792.26,
    "dma100" : 3911.25,
    "dma200" : 3704.49,
    "volume" : 3572.00
  }, {
    "date" : "2025-09-03",
    "price" : 3676.40,
    "dma50" : 3787.72,
    "dma100" : 3910.56,
    "dma200" : 3704.21,
    "volume" : 3264.00
  }, {
    "date" : "2025-09-04",
    "price" : 3650.60,
    "dma50" : 3782.34,
    "dma100" : 3909.79,
    "dma200" : 3703.67,
    "volume" : 2599.00
  }, {
    "date" : "2025-09-05",
    "price" : 3651.90,
    "dma50" : 3777.22,
    "dma100" : 3909.21,
    "dma200" : 3703.16,
    "volume" : 998.00
  }, {
    "date" : "2025-09-08",
    "price" : 3646.60,
    "dma50" : 3772.10,
    "dma100" : 3907.15,
    "dma200" : 3702.60,
    "volume" : 731.00
  }, {
    "date" : "2025-09-09",
    "price" : 3649.90,
    "dma50" : 3767.31,
    "dma100" : 3905.65,
    "dma200" : 3702.07,
    "volume" : 475.00
  }, {
    "date" : "2025-09-10",
    "price" : 3647.90,
    "dma50" : 3762.63,
    "dma100" : 3904.71,
    "dma200" : 3701.53,
    "volume" : 385.00
  }, {
    "date" : "2025-09-11",
    "price" : 3712.50,
    "dma50" : 3760.66,
    "dma100" : 3903.95,
    "dma200" : 3701.64,
    "volume" : 1480.00
  }, {
    "date" : "2025-09-12",
    "price" : 3735.10,
    "dma50" : 3759.66,
    "dma100" : 3903.27,
    "dma200" : 3701.97,
    "volume" : 866.00
  }, {
    "date" : "2025-09-15",
    "price" : 3760.20,
    "dma50" : 3759.68,
    "dma100" : 3902.07,
    "dma200" : 3702.55,
    "volume" : 846.00
  }, {
    "date" : "2025-09-16",
    "price" : 3749.00,
    "dma50" : 3759.26,
    "dma100" : 3898.20,
    "dma200" : 3703.02,
    "volume" : 765.00
  }, {
    "date" : "2025-09-17",
    "price" : 3666.80,
    "dma50" : 3755.63,
    "dma100" : 3893.77,
    "dma200" : 3702.65,
    "volume" : 660.00
  }, {
    "date" : "2025-09-18",
    "price" : 3650.10,
    "dma50" : 3751.50,
    "dma100" : 3889.26,
    "dma200" : 3702.13,
    "volume" : 2585.00
  }, {
    "date" : "2025-09-19",
    "price" : 3650.20,
    "dma50" : 3747.52,
    "dma100" : 3884.51,
    "dma200" : 3701.62,
    "volume" : 1098.00
  }, {
    "date" : "2025-09-22",
    "price" : 3677.00,
    "dma50" : 3744.76,
    "dma100" : 3880.20,
    "dma200" : 3701.37,
    "volume" : 915.00
  }, {
    "date" : "2025-09-23",
    "price" : 3678.10,
    "dma50" : 3742.14,
    "dma100" : 3875.82,
    "dma200" : 3701.14,
    "volume" : 189.00
  }, {
    "date" : "2025-09-24",
    "price" : 3663.00,
    "dma50" : 3739.04,
    "dma100" : 3870.99,
    "dma200" : 3700.76,
    "volume" : 217.00
  }, {
    "date" : "2025-09-25",
    "price" : 3651.40,
    "dma50" : 3735.60,
    "dma100" : 3866.90,
    "dma200" : 3700.27,
    "volume" : 489.00
  }, {
    "date" : "2025-09-26",
    "price" : 3650.20,
    "dma50" : 3732.25,
    "dma100" : 3864.32,
    "dma200" : 3699.77,
    "volume" : 673.00
  }, {
    "date" : "2025-09-29",
    "price" : 3650.50,
    "dma50" : 3729.05,
    "dma100" : 3860.82,
    "dma200" : 3699.28,
    "volume" : 2889.00
  }, {
    "date" : "2025-09-30",
    "price" : 3651.30,
    "dma50" : 3726.00,
    "dma100" : 3858.25,
    "dma200" : 3698.80,
    "volume" : 177.00
  }, {
    "date" : "2025-10-01",
    "price" : 3653.50,
    "dma50" : 3723.16,
    "dma100" : 3855.11,
    "dma200" : 3698.35,
    "volume" : 229.00
  }, {
    "date" : "2025-10-03",
    "price" : 3538.20,
    "dma50" : 3715.90,
    "dma100" : 3849.52,
    "dma200" : 3696.76,
    "volume" : 4176.00
  }, {
    "date" : "2025-10-06",
    "price" : 3359.20,
    "dma50" : 3701.91,
    "dma100" : 3842.96,
    "dma200" : 3693.40,
    "volume" : 36348.00
  }, {
    "date" : "2025-10-07",
    "price" : 3303.40,
    "dma50" : 3686.29,
    "dma100" : 3833.07,
    "dma200" : 3689.52,
    "volume" : 3841.00
  }, {
    "date" : "2025-10-08",
    "price" : 3313.70,
    "dma50" : 3671.68,
    "dma100" : 3823.17,
    "dma200" : 3685.78,
    "volume" : 1907.00
  }, {
    "date" : "2025-10-09",
    "price" : 3269.70,
    "dma50" : 3655.91,
    "dma100" : 3812.88,
    "dma200" : 3681.64,
    "volume" : 757.00
  }, {
    "date" : "2025-10-10",
    "price" : 3474.20,
    "dma50" : 3648.79,
    "dma100" : 3804.51,
    "dma200" : 3679.57,
    "volume" : 4587.00
  }, {
    "date" : "2025-10-13",
    "price" : 3403.50,
    "dma50" : 3639.17,
    "dma100" : 3795.64,
    "dma200" : 3676.83,
    "volume" : 1569.00
  }, {
    "date" : "2025-10-14",
    "price" : 3408.20,
    "dma50" : 3630.11,
    "dma100" : 3786.51,
    "dma200" : 3674.16,
    "volume" : 720.00
  }, {
    "date" : "2025-10-15",
    "price" : 3400.10,
    "dma50" : 3621.09,
    "dma100" : 3777.43,
    "dma200" : 3671.43,
    "volume" : 696.00
  }, {
    "date" : "2025-10-16",
    "price" : 3400.00,
    "dma50" : 3612.42,
    "dma100" : 3768.74,
    "dma200" : 3668.73,
    "volume" : 856.00
  }, {
    "date" : "2025-10-17",
    "price" : 3400.00,
    "dma50" : 3604.09,
    "dma100" : 3760.10,
    "dma200" : 3666.05,
    "volume" : 1293.00
  }, {
    "date" : "2025-10-20",
    "price" : 3400.00,
    "dma50" : 3596.09,
    "dma100" : 3751.53,
    "dma200" : 3663.41,
    "volume" : 603.00
  }, {
    "date" : "2025-10-21",
    "price" : 3384.60,
    "dma50" : 3587.79,
    "dma100" : 3742.79,
    "dma200" : 3660.63,
    "volume" : 417.00
  }, {
    "date" : "2025-10-23",
    "price" : 3500.60,
    "dma50" : 3584.37,
    "dma100" : 3735.91,
    "dma200" : 3659.04,
    "volume" : 1176.00
  }, {
    "date" : "2025-10-24",
    "price" : 3500.90,
    "dma50" : 3581.10,
    "dma100" : 3730.41,
    "dma200" : 3657.47,
    "volume" : 547.00
  }, {
    "date" : "2025-10-27",
    "price" : 3605.20,
    "dma50" : 3582.04,
    "dma100" : 3727.03,
    "dma200" : 3656.95,
    "volume" : 2272.00
  }, {
    "date" : "2025-10-28",
    "price" : 3604.00,
    "dma50" : 3582.91,
    "dma100" : 3723.92,
    "dma200" : 3656.42,
    "volume" : 458.00
  }, {
    "date" : "2025-10-29",
    "price" : 3607.50,
    "dma50" : 3583.87,
    "dma100" : 3720.94,
    "dma200" : 3655.93,
    "volume" : 294.00
  }, {
    "date" : "2025-10-30",
    "price" : 3600.80,
    "dma50" : 3584.53,
    "dma100" : 3717.50,
    "dma200" : 3655.38,
    "volume" : 410.00
  }, {
    "date" : "2025-10-31",
    "price" : 3600.40,
    "dma50" : 3585.16,
    "dma100" : 3713.50,
    "dma200" : 3654.84,
    "volume" : 596.00
  }, {
    "date" : "2025-11-03",
    "price" : 3600.00,
    "dma50" : 3585.74,
    "dma100" : 3708.63,
    "dma200" : 3654.29,
    "volume" : 119.00
  }, {
    "date" : "2025-11-04",
    "price" : 3598.20,
    "dma50" : 3586.23,
    "dma100" : 3704.05,
    "dma200" : 3653.73,
    "volume" : 574.00
  }, {
    "date" : "2025-11-06",
    "price" : 3600.00,
    "dma50" : 3586.77,
    "dma100" : 3700.92,
    "dma200" : 3653.20,
    "volume" : 552.00
  }, {
    "date" : "2025-11-07",
    "price" : 3601.10,
    "dma50" : 3587.33,
    "dma100" : 3697.90,
    "dma200" : 3652.68,
    "volume" : 203.00
  }, {
    "date" : "2025-11-10",
    "price" : 3654.10,
    "dma50" : 3589.95,
    "dma100" : 3695.43,
    "dma200" : 3652.69,
    "volume" : 834.00
  }, {
    "date" : "2025-11-11",
    "price" : 3603.20,
    "dma50" : 3590.47,
    "dma100" : 3692.33,
    "dma200" : 3652.20,
    "volume" : 490.00
  }, {
    "date" : "2025-11-12",
    "price" : 3598.50,
    "dma50" : 3590.78,
    "dma100" : 3689.27,
    "dma200" : 3651.67,
    "volume" : 149.00
  }, {
    "date" : "2025-11-13",
    "price" : 3600.60,
    "dma50" : 3591.17,
    "dma100" : 3686.25,
    "dma200" : 3651.16,
    "volume" : 218.00
  }, {
    "date" : "2025-11-14",
    "price" : 3603.10,
    "dma50" : 3591.64,
    "dma100" : 3683.24,
    "dma200" : 3650.68,
    "volume" : 117.00
  }, {
    "date" : "2025-11-17",
    "price" : 3601.60,
    "dma50" : 3592.03,
    "dma100" : 3680.22,
    "dma200" : 3650.19,
    "volume" : 324.00
  }, {
    "date" : "2025-11-18",
    "price" : 3603.50,
    "dma50" : 3592.48,
    "dma100" : 3677.14,
    "dma200" : 3649.73,
    "volume" : 1223.00
  }, {
    "date" : "2025-11-19",
    "price" : 3672.30,
    "dma50" : 3595.61,
    "dma100" : 3674.83,
    "dma200" : 3649.95,
    "volume" : 1125.00
  }, {
    "date" : "2025-11-20",
    "price" : 3654.60,
    "dma50" : 3597.92,
    "dma100" : 3672.32,
    "dma200" : 3650.00,
    "volume" : 68.00
  }, {
    "date" : "2025-11-21",
    "price" : 3639.30,
    "dma50" : 3599.54,
    "dma100" : 3669.42,
    "dma200" : 3649.89,
    "volume" : 74.00
  }, {
    "date" : "2025-11-24",
    "price" : 3600.80,
    "dma50" : 3599.59,
    "dma100" : 3666.35,
    "dma200" : 3649.40,
    "volume" : 310.00
  }, {
    "date" : "2025-11-25",
    "price" : 3601.80,
    "dma50" : 3599.68,
    "dma100" : 3663.35,
    "dma200" : 3648.93,
    "volume" : 1243.00
  }, {
    "date" : "2025-11-26",
    "price" : 3604.30,
    "dma50" : 3599.86,
    "dma100" : 3660.24,
    "dma200" : 3648.49,
    "volume" : 259.00
  }, {
    "date" : "2025-11-27",
    "price" : 3644.90,
    "dma50" : 3601.63,
    "dma100" : 3657.65,
    "dma200" : 3648.45,
    "volume" : 805.00
  }, {
    "date" : "2025-11-28",
    "price" : 3601.50,
    "dma50" : 3601.62,
    "dma100" : 3654.66,
    "dma200" : 3647.98,
    "volume" : 207.00
  }, {
    "date" : "2025-12-01",
    "price" : 3600.00,
    "dma50" : 3601.56,
    "dma100" : 3651.66,
    "dma200" : 3647.51,
    "volume" : 1539.00
  }, {
    "date" : "2025-12-02",
    "price" : 3600.00,
    "dma50" : 3601.50,
    "dma100" : 3648.58,
    "dma200" : 3647.03,
    "volume" : 142.00
  }, {
    "date" : "2025-12-03",
    "price" : 3600.20,
    "dma50" : 3601.45,
    "dma100" : 3645.57,
    "dma200" : 3646.57,
    "volume" : 477.00
  }, {
    "date" : "2025-12-04",
    "price" : 3600.80,
    "dma50" : 3601.42,
    "dma100" : 3643.82,
    "dma200" : 3646.11,
    "volume" : 417.00
  }, {
    "date" : "2025-12-05",
    "price" : 3600.00,
    "dma50" : 3601.36,
    "dma100" : 3642.09,
    "dma200" : 3645.65,
    "volume" : 367.00
  }, {
    "date" : "2025-12-08",
    "price" : 3600.10,
    "dma50" : 3601.31,
    "dma100" : 3640.59,
    "dma200" : 3645.20,
    "volume" : 1336.00
  }, {
    "date" : "2025-12-09",
    "price" : 3601.40,
    "dma50" : 3601.32,
    "dma100" : 3639.15,
    "dma200" : 3644.76,
    "volume" : 539.00
  }, {
    "date" : "2025-12-10",
    "price" : 3593.50,
    "dma50" : 3601.01,
    "dma100" : 3637.56,
    "dma200" : 3644.25,
    "volume" : 257.00
  }, {
    "date" : "2025-12-11",
    "price" : 3600.40,
    "dma50" : 3600.99,
    "dma100" : 3635.66,
    "dma200" : 3643.82,
    "volume" : 268.00
  }, {
    "date" : "2025-12-12",
    "price" : 3638.10,
    "dma50" : 3602.44,
    "dma100" : 3634.20,
    "dma200" : 3643.76,
    "volume" : 408.00
  }, {
    "date" : "2025-12-15",
    "price" : 3603.50,
    "dma50" : 3602.48,
    "dma100" : 3632.72,
    "dma200" : 3643.36,
    "volume" : 574.00
  }, {
    "date" : "2025-12-16",
    "price" : 3600.30,
    "dma50" : 3602.40,
    "dma100" : 3631.17,
    "dma200" : 3642.93,
    "volume" : 334.00
  }, {
    "date" : "2025-12-17",
    "price" : 3601.80,
    "dma50" : 3602.38,
    "dma100" : 3629.68,
    "dma200" : 3642.52,
    "volume" : 378.00
  }, {
    "date" : "2025-12-18",
    "price" : 3628.50,
    "dma50" : 3603.40,
    "dma100" : 3628.47,
    "dma200" : 3642.38,
    "volume" : 272.00
  }, {
    "date" : "2025-12-19",
    "price" : 3606.00,
    "dma50" : 3603.50,
    "dma100" : 3626.82,
    "dma200" : 3642.02,
    "volume" : 71.00
  }, {
    "date" : "2025-12-22",
    "price" : 3601.30,
    "dma50" : 3603.42,
    "dma100" : 3625.20,
    "dma200" : 3641.62,
    "volume" : 163.00
  }, {
    "date" : "2025-12-23",
    "price" : 3601.80,
    "dma50" : 3603.35,
    "dma100" : 3623.71,
    "dma200" : 3641.22,
    "volume" : 220.00
  }, {
    "date" : "2025-12-24",
    "price" : 3638.40,
    "dma50" : 3604.73,
    "dma100" : 3622.41,
    "dma200" : 3641.19,
    "volume" : 135.00
  }, {
    "date" : "2025-12-26",
    "price" : 3607.00,
    "dma50" : 3604.82,
    "dma100" : 3620.90,
    "dma200" : 3640.85,
    "volume" : 209.00
  }, {
    "date" : "2025-12-29",
    "price" : 3600.80,
    "dma50" : 3604.66,
    "dma100" : 3618.89,
    "dma200" : 3640.45,
    "volume" : 208.00
  }, {
    "date" : "2025-12-30",
    "price" : 3600.00,
    "dma50" : 3604.48,
    "dma100" : 3617.31,
    "dma200" : 3640.05,
    "volume" : 2716.00
  }, {
    "date" : "2025-12-31",
    "price" : 3600.20,
    "dma50" : 3604.31,
    "dma100" : 3615.79,
    "dma200" : 3639.65,
    "volume" : 1662.00
  }, {
    "date" : "2026-01-01",
    "price" : 3600.60,
    "dma50" : 3604.16,
    "dma100" : 3614.30,
    "dma200" : 3639.26,
    "volume" : 421.00
  }, {
    "date" : "2026-01-02",
    "price" : 3602.40,
    "dma50" : 3604.09,
    "dma100" : 3612.79,
    "dma200" : 3638.90,
    "volume" : 400.00
  }, {
    "date" : "2026-01-05",
    "price" : 3664.20,
    "dma50" : 3606.45,
    "dma100" : 3611.74,
    "dma200" : 3639.15,
    "volume" : 957.00
  }, {
    "date" : "2026-01-06",
    "price" : 3618.20,
    "dma50" : 3606.91,
    "dma100" : 3610.42,
    "dma200" : 3638.94,
    "volume" : 64.00
  }, {
    "date" : "2026-01-07",
    "price" : 3603.60,
    "dma50" : 3606.78,
    "dma100" : 3608.95,
    "dma200" : 3638.59,
    "volume" : 3204.00
  }, {
    "date" : "2026-01-08",
    "price" : 3601.10,
    "dma50" : 3606.56,
    "dma100" : 3607.45,
    "dma200" : 3638.22,
    "volume" : 342.00
  }, {
    "date" : "2026-01-09",
    "price" : 3601.40,
    "dma50" : 3606.36,
    "dma100" : 3605.97,
    "dma200" : 3637.85,
    "volume" : 356.00
  }, {
    "date" : "2026-01-12",
    "price" : 3600.20,
    "dma50" : 3606.11,
    "dma100" : 3604.46,
    "dma200" : 3637.48,
    "volume" : 455.00
  }, {
    "date" : "2026-01-13",
    "price" : 3600.50,
    "dma50" : 3605.89,
    "dma100" : 3602.93,
    "dma200" : 3637.11,
    "volume" : 50.00
  }, {
    "date" : "2026-01-14",
    "price" : 3600.50,
    "dma50" : 3605.68,
    "dma100" : 3601.40,
    "dma200" : 3636.74,
    "volume" : 84.00
  }, {
    "date" : "2026-01-16",
    "price" : 3590.80,
    "dma50" : 3605.10,
    "dma100" : 3599.67,
    "dma200" : 3636.29,
    "volume" : 391.00
  }, {
    "date" : "2026-01-19",
    "price" : 3600.20,
    "dma50" : 3604.91,
    "dma100" : 3598.12,
    "dma200" : 3635.93,
    "volume" : 668.00
  }, {
    "date" : "2026-01-20",
    "price" : 3599.80,
    "dma50" : 3604.71,
    "dma100" : 3596.57,
    "dma200" : 3635.57,
    "volume" : 888.00
  }, {
    "date" : "2026-01-21",
    "price" : 3591.40,
    "dma50" : 3604.19,
    "dma100" : 3594.93,
    "dma200" : 3635.13,
    "volume" : 1674.00
  }, {
    "date" : "2026-01-22",
    "price" : 3596.00,
    "dma50" : 3603.86,
    "dma100" : 3593.40,
    "dma200" : 3634.74,
    "volume" : 795.00
  }, {
    "date" : "2026-01-23",
    "price" : 3588.60,
    "dma50" : 3603.27,
    "dma100" : 3591.84,
    "dma200" : 3634.28,
    "volume" : 1779.00
  }, {
    "date" : "2026-01-27",
    "price" : 3601.20,
    "dma50" : 3603.18,
    "dma100" : 3591.49,
    "dma200" : 3633.95,
    "volume" : 2117.00
  }, {
    "date" : "2026-01-28",
    "price" : 3597.90,
    "dma50" : 3602.98,
    "dma100" : 3590.62,
    "dma200" : 3633.59,
    "volume" : 335.00
  }, {
    "date" : "2026-01-29",
    "price" : 3599.20,
    "dma50" : 3602.83,
    "dma100" : 3589.85,
    "dma200" : 3633.25,
    "volume" : 430.00
  }, {
    "date" : "2026-01-30",
    "price" : 3596.80,
    "dma50" : 3602.59,
    "dma100" : 3589.31,
    "dma200" : 3632.89,
    "volume" : 879.00
  }, {
    "date" : "2026-02-01",
    "price" : 3580.90,
    "dma50" : 3601.74,
    "dma100" : 3588.60,
    "dma200" : 3632.37,
    "volume" : 262.00
  }, {
    "date" : "2026-02-02",
    "price" : 3596.40,
    "dma50" : 3601.53,
    "dma100" : 3588.10,
    "dma200" : 3632.01,
    "volume" : 282.00
  }, {
    "date" : "2026-02-03",
    "price" : 3616.50,
    "dma50" : 3602.12,
    "dma100" : 3587.77,
    "dma200" : 3631.86,
    "volume" : 363.00
  }, {
    "date" : "2026-02-04",
    "price" : 3600.50,
    "dma50" : 3602.06,
    "dma100" : 3587.29,
    "dma200" : 3631.55,
    "volume" : 658.00
  }, {
    "date" : "2026-02-05",
    "price" : 3600.00,
    "dma50" : 3601.98,
    "dma100" : 3586.17,
    "dma200" : 3631.23,
    "volume" : 1126.00
  }, {
    "date" : "2026-02-06",
    "price" : 3592.30,
    "dma50" : 3601.60,
    "dma100" : 3584.74,
    "dma200" : 3630.84,
    "volume" : 6097.00
  }, {
    "date" : "2026-02-09",
    "price" : 3605.10,
    "dma50" : 3601.73,
    "dma100" : 3583.19,
    "dma200" : 3630.59,
    "volume" : 480.00
  }, {
    "date" : "2026-02-10",
    "price" : 3598.50,
    "dma50" : 3601.61,
    "dma100" : 3581.69,
    "dma200" : 3630.27,
    "volume" : 743.00
  }, {
    "date" : "2026-02-11",
    "price" : 3601.40,
    "dma50" : 3601.60,
    "dma100" : 3581.03,
    "dma200" : 3629.98,
    "volume" : 228.00
  }, {
    "date" : "2026-02-12",
    "price" : 3595.60,
    "dma50" : 3601.36,
    "dma100" : 3580.49,
    "dma200" : 3629.64,
    "volume" : 171.00
  }, {
    "date" : "2026-02-13",
    "price" : 3581.40,
    "dma50" : 3600.58,
    "dma100" : 3579.80,
    "dma200" : 3629.16,
    "volume" : 580.00
  }, {
    "date" : "2026-02-16",
    "price" : 3579.50,
    "dma50" : 3599.75,
    "dma100" : 3578.82,
    "dma200" : 3628.67,
    "volume" : 758.00
  }, {
    "date" : "2026-02-17",
    "price" : 3603.70,
    "dma50" : 3599.91,
    "dma100" : 3578.08,
    "dma200" : 3628.42,
    "volume" : 248.00
  }, {
    "date" : "2026-02-18",
    "price" : 3599.80,
    "dma50" : 3599.90,
    "dma100" : 3577.45,
    "dma200" : 3628.13,
    "volume" : 524.00
  } ],
  "latestTechnicalAttributes" : {
    "date" : "2026-02-18",
    "price" : 3599.80,
    "dma50" : 3599.90,
    "dma100" : 3577.45,
    "dma200" : 3628.13,
    "volume" : 524.00
  },
  "quarterlyResults" : [ {
    "date" : "2005-03-31",
    "sales" : 161.24,
    "salesGrowthYoY" : null,
    "grossProfitMargin" : 30.83,
    "grossProfit" : 49.71,
    "operatingProfitMargin" : 18.18,
    "operatingProfit" : 29.31,
    "netProfitMargin" : 10.57,
    "netProfit" : 17.04
  }, {
    "date" : "2005-06-30",
    "sales" : 118.68,
    "salesGrowthYoY" : null,
    "grossProfitMargin" : 33.07,
    "grossProfit" : 39.25,
    "operatingProfitMargin" : 19.67,
    "operatingProfit" : 23.34,
    "netProfitMargin" : 8.50,
    "netProfit" : 10.09
  }, {
    "date" : "2005-09-30",
    "sales" : 130.24,
    "salesGrowthYoY" : null,
    "grossProfitMargin" : 48.13,
    "grossProfit" : 62.68,
    "operatingProfitMargin" : 31.93,
    "operatingProfit" : 41.59,
    "netProfitMargin" : 16.74,
    "netProfit" : 21.80
  }, {
    "date" : "2005-12-31",
    "sales" : 184.75,
    "salesGrowthYoY" : null,
    "grossProfitMargin" : 34.09,
    "grossProfit" : 62.98,
    "operatingProfitMargin" : 22.71,
    "operatingProfit" : 41.96,
    "netProfitMargin" : 11.91,
    "netProfit" : 22.00
  }, {
    "date" : "2006-03-31",
    "sales" : 194.61,
    "salesGrowthYoY" : 20.70,
    "grossProfitMargin" : 33.34,
    "grossProfit" : 64.88,
    "operatingProfitMargin" : 21.22,
    "operatingProfit" : 41.30,
    "netProfitMargin" : 12.38,
    "netProfit" : 24.09
  }, {
    "date" : "2006-06-30",
    "sales" : 166.60,
    "salesGrowthYoY" : 40.38,
    "grossProfitMargin" : 37.70,
    "grossProfit" : 62.81,
    "operatingProfitMargin" : 22.76,
    "operatingProfit" : 37.92,
    "netProfitMargin" : 12.29,
    "netProfit" : 20.48
  }, {
    "date" : "2006-09-30",
    "sales" : 214.90,
    "salesGrowthYoY" : 65.00,
    "grossProfitMargin" : 36.49,
    "grossProfit" : 78.42,
    "operatingProfitMargin" : 23.81,
    "operatingProfit" : 51.17,
    "netProfitMargin" : 15.11,
    "netProfit" : 32.47
  }, {
    "date" : "2006-12-31",
    "sales" : 216.60,
    "salesGrowthYoY" : 17.24,
    "grossProfitMargin" : 32.60,
    "grossProfit" : 70.61,
    "operatingProfitMargin" : 20.92,
    "operatingProfit" : 45.31,
    "netProfitMargin" : 13.09,
    "netProfit" : 28.35
  }, {
    "date" : "2007-03-31",
    "sales" : 197.57,
    "salesGrowthYoY" : 1.52,
    "grossProfitMargin" : 26.34,
    "grossProfit" : 52.04,
    "operatingProfitMargin" : 6.90,
    "operatingProfit" : 13.63,
    "netProfitMargin" : 4.55,
    "netProfit" : 8.99
  }, {
    "date" : "2007-06-30",
    "sales" : 141.64,
    "salesGrowthYoY" : -14.98,
    "grossProfitMargin" : 31.62,
    "grossProfit" : 44.79,
    "operatingProfitMargin" : 10.70,
    "operatingProfit" : 15.16,
    "netProfitMargin" : 4.46,
    "netProfit" : 6.32
  }, {
    "date" : "2007-09-30",
    "sales" : 144.84,
    "salesGrowthYoY" : -32.60,
    "grossProfitMargin" : 26.22,
    "grossProfit" : 37.98,
    "operatingProfitMargin" : 4.68,
    "operatingProfit" : 6.78,
    "netProfitMargin" : -0.86,
    "netProfit" : -1.25
  }, {
    "date" : "2007-12-31",
    "sales" : 175.66,
    "salesGrowthYoY" : -18.90,
    "grossProfitMargin" : 21.30,
    "grossProfit" : 37.42,
    "operatingProfitMargin" : 6.22,
    "operatingProfit" : 10.93,
    "netProfitMargin" : 1.50,
    "netProfit" : 2.63
  }, {
    "date" : "2008-03-31",
    "sales" : 213.33,
    "salesGrowthYoY" : 7.98,
    "grossProfitMargin" : 37.71,
    "grossProfit" : 80.45,
    "operatingProfitMargin" : 19.53,
    "operatingProfit" : 41.66,
    "netProfitMargin" : 15.86,
    "netProfit" : 33.83
  }, {
    "date" : "2008-06-30",
    "sales" : 143.09,
    "salesGrowthYoY" : 1.02,
    "grossProfitMargin" : 42.58,
    "grossProfit" : 60.93,
    "operatingProfitMargin" : 21.15,
    "operatingProfit" : 30.26,
    "netProfitMargin" : 14.45,
    "netProfit" : 20.68
  }, {
    "date" : "2008-09-30",
    "sales" : 183.32,
    "salesGrowthYoY" : 26.57,
    "grossProfitMargin" : 43.57,
    "grossProfit" : 79.87,
    "operatingProfitMargin" : 27.31,
    "operatingProfit" : 50.06,
    "netProfitMargin" : 16.40,
    "netProfit" : 30.06
  }, {
    "date" : "2008-12-31",
    "sales" : 216.73,
    "salesGrowthYoY" : 23.38,
    "grossProfitMargin" : 35.08,
    "grossProfit" : 76.03,
    "operatingProfitMargin" : 22.65,
    "operatingProfit" : 49.09,
    "netProfitMargin" : 15.62,
    "netProfit" : 33.85
  }, {
    "date" : "2009-03-31",
    "sales" : 167.91,
    "salesGrowthYoY" : -21.29,
    "grossProfitMargin" : 50.51,
    "grossProfit" : 84.81,
    "operatingProfitMargin" : 26.85,
    "operatingProfit" : 45.08,
    "netProfitMargin" : 20.98,
    "netProfit" : 35.23
  }, {
    "date" : "2009-06-30",
    "sales" : 220.56,
    "salesGrowthYoY" : 54.14,
    "grossProfitMargin" : 41.79,
    "grossProfit" : 92.17,
    "operatingProfitMargin" : 28.06,
    "operatingProfit" : 61.89,
    "netProfitMargin" : 23.58,
    "netProfit" : 52.01
  }, {
    "date" : "2009-09-30",
    "sales" : 212.96,
    "salesGrowthYoY" : 16.17,
    "grossProfitMargin" : 44.75,
    "grossProfit" : 95.30,
    "operatingProfitMargin" : 30.46,
    "operatingProfit" : 64.87,
    "netProfitMargin" : 19.76,
    "netProfit" : 42.08
  }, {
    "date" : "2009-12-31",
    "sales" : 248.36,
    "salesGrowthYoY" : 14.59,
    "grossProfitMargin" : 47.37,
    "grossProfit" : 117.65,
    "operatingProfitMargin" : 32.38,
    "operatingProfit" : 80.42,
    "netProfitMargin" : 23.28,
    "netProfit" : 57.82
  }, {
    "date" : "2010-03-31",
    "sales" : 202.57,
    "salesGrowthYoY" : 20.64,
    "grossProfitMargin" : 38.52,
    "grossProfit" : 78.03,
    "operatingProfitMargin" : 16.62,
    "operatingProfit" : 33.67,
    "netProfitMargin" : -1.15,
    "netProfit" : -2.33
  }, {
    "date" : "2010-06-30",
    "sales" : 184.70,
    "salesGrowthYoY" : -16.26,
    "grossProfitMargin" : 34.49,
    "grossProfit" : 63.70,
    "operatingProfitMargin" : 15.67,
    "operatingProfit" : 28.94,
    "netProfitMargin" : 4.96,
    "netProfit" : 9.16
  }, {
    "date" : "2010-09-30",
    "sales" : 162.99,
    "salesGrowthYoY" : -23.46,
    "grossProfitMargin" : 42.57,
    "grossProfit" : 69.38,
    "operatingProfitMargin" : 15.99,
    "operatingProfit" : 26.06,
    "netProfitMargin" : 2.64,
    "netProfit" : 4.30
  }, {
    "date" : "2010-12-31",
    "sales" : 254.14,
    "salesGrowthYoY" : 2.33,
    "grossProfitMargin" : 28.36,
    "grossProfit" : 72.07,
    "operatingProfitMargin" : 11.32,
    "operatingProfit" : 28.77,
    "netProfitMargin" : 0.82,
    "netProfit" : 2.08
  }, {
    "date" : "2011-03-31",
    "sales" : 225.21,
    "salesGrowthYoY" : 11.18,
    "grossProfitMargin" : 48.80,
    "grossProfit" : 109.90,
    "operatingProfitMargin" : 27.08,
    "operatingProfit" : 60.99,
    "netProfitMargin" : 16.66,
    "netProfit" : 37.52
  }, {
    "date" : "2011-06-30",
    "sales" : 259.71,
    "salesGrowthYoY" : 40.61,
    "grossProfitMargin" : 26.77,
    "grossProfit" : 69.52,
    "operatingProfitMargin" : 13.55,
    "operatingProfit" : 35.19,
    "netProfitMargin" : 2.73,
    "netProfit" : 7.09
  }, {
    "date" : "2011-09-30",
    "sales" : 267.96,
    "salesGrowthYoY" : 64.40,
    "grossProfitMargin" : 30.93,
    "grossProfit" : 82.88,
    "operatingProfitMargin" : 16.22,
    "operatingProfit" : 43.46,
    "netProfitMargin" : 5.27,
    "netProfit" : 14.12
  }, {
    "date" : "2011-12-31",
    "sales" : 347.05,
    "salesGrowthYoY" : 36.56,
    "grossProfitMargin" : 28.49,
    "grossProfit" : 98.87,
    "operatingProfitMargin" : 15.62,
    "operatingProfit" : 54.21,
    "netProfitMargin" : 5.81,
    "netProfit" : 20.16
  }, {
    "date" : "2012-03-31",
    "sales" : 308.52,
    "salesGrowthYoY" : 36.99,
    "grossProfitMargin" : 49.13,
    "grossProfit" : 151.58,
    "operatingProfitMargin" : 30.34,
    "operatingProfit" : 93.60,
    "netProfitMargin" : 20.84,
    "netProfit" : 64.30
  }, {
    "date" : "2012-06-30",
    "sales" : 361.92,
    "salesGrowthYoY" : 39.36,
    "grossProfitMargin" : 28.84,
    "grossProfit" : 104.38,
    "operatingProfitMargin" : 17.85,
    "operatingProfit" : 64.60,
    "netProfitMargin" : 7.79,
    "netProfit" : 28.19
  }, {
    "date" : "2012-09-30",
    "sales" : 299.42,
    "salesGrowthYoY" : 11.74,
    "grossProfitMargin" : 42.44,
    "grossProfit" : 127.07,
    "operatingProfitMargin" : 27.74,
    "operatingProfit" : 83.06,
    "netProfitMargin" : 16.76,
    "netProfit" : 50.18
  }, {
    "date" : "2012-12-31",
    "sales" : 338.63,
    "salesGrowthYoY" : -2.43,
    "grossProfitMargin" : 31.85,
    "grossProfit" : 107.85,
    "operatingProfitMargin" : 19.40,
    "operatingProfit" : 65.69,
    "netProfitMargin" : 11.22,
    "netProfit" : 37.99
  }, {
    "date" : "2013-03-31",
    "sales" : 339.12,
    "salesGrowthYoY" : 9.92,
    "grossProfitMargin" : 46.24,
    "grossProfit" : 156.81,
    "operatingProfitMargin" : 18.93,
    "operatingProfit" : 64.20,
    "netProfitMargin" : 7.71,
    "netProfit" : 26.15
  }, {
    "date" : "2013-06-30",
    "sales" : 128.70,
    "salesGrowthYoY" : -64.44,
    "grossProfitMargin" : 56.58,
    "grossProfit" : 72.82,
    "operatingProfitMargin" : 28.50,
    "operatingProfit" : 36.68,
    "netProfitMargin" : 7.28,
    "netProfit" : 9.37
  }, {
    "date" : "2013-09-30",
    "sales" : 130.23,
    "salesGrowthYoY" : -56.51,
    "grossProfitMargin" : 55.54,
    "grossProfit" : 72.33,
    "operatingProfitMargin" : 19.90,
    "operatingProfit" : 25.92,
    "netProfitMargin" : 0.35,
    "netProfit" : 0.46
  }, {
    "date" : "2013-12-31",
    "sales" : 193.61,
    "salesGrowthYoY" : -42.83,
    "grossProfitMargin" : 41.25,
    "grossProfit" : 79.86,
    "operatingProfitMargin" : 18.87,
    "operatingProfit" : 36.53,
    "netProfitMargin" : 3.33,
    "netProfit" : 6.45
  }, {
    "date" : "2014-03-31",
    "sales" : 198.94,
    "salesGrowthYoY" : -41.34,
    "grossProfitMargin" : 53.35,
    "grossProfit" : 106.13,
    "operatingProfitMargin" : 22.48,
    "operatingProfit" : 44.72,
    "netProfitMargin" : 6.24,
    "netProfit" : 12.41
  }, {
    "date" : "2014-06-30",
    "sales" : 230.07,
    "salesGrowthYoY" : 78.76,
    "grossProfitMargin" : 36.05,
    "grossProfit" : 82.94,
    "operatingProfitMargin" : 13.86,
    "operatingProfit" : 31.89,
    "netProfitMargin" : 0.96,
    "netProfit" : 2.21
  }, {
    "date" : "2014-09-30",
    "sales" : 293.93,
    "salesGrowthYoY" : 125.70,
    "grossProfitMargin" : 31.57,
    "grossProfit" : 92.79,
    "operatingProfitMargin" : 12.31,
    "operatingProfit" : 36.18,
    "netProfitMargin" : 0.63,
    "netProfit" : 1.85
  }, {
    "date" : "2014-12-31",
    "sales" : 133.28,
    "salesGrowthYoY" : -31.16,
    "grossProfitMargin" : 78.41,
    "grossProfit" : 104.50,
    "operatingProfitMargin" : 30.59,
    "operatingProfit" : 40.77,
    "netProfitMargin" : 0.86,
    "netProfit" : 1.15
  }, {
    "date" : "2015-03-31",
    "sales" : 275.30,
    "salesGrowthYoY" : 38.38,
    "grossProfitMargin" : 25.03,
    "grossProfit" : 68.91,
    "operatingProfitMargin" : 8.01,
    "operatingProfit" : 22.05,
    "netProfitMargin" : -1.52,
    "netProfit" : -4.18
  }, {
    "date" : "2015-06-30",
    "sales" : 370.12,
    "salesGrowthYoY" : 60.87,
    "grossProfitMargin" : 0.99,
    "grossProfit" : 3.66,
    "operatingProfitMargin" : -12.33,
    "operatingProfit" : -45.64,
    "netProfitMargin" : -16.42,
    "netProfit" : -60.77
  }, {
    "date" : "2015-09-30",
    "sales" : 363.68,
    "salesGrowthYoY" : 23.73,
    "grossProfitMargin" : 25.57,
    "grossProfit" : 92.99,
    "operatingProfitMargin" : 12.26,
    "operatingProfit" : 44.59,
    "netProfitMargin" : 1.05,
    "netProfit" : 3.82
  }, {
    "date" : "2015-12-31",
    "sales" : 287.98,
    "salesGrowthYoY" : 116.07,
    "grossProfitMargin" : 53.72,
    "grossProfit" : 154.70,
    "operatingProfitMargin" : 29.01,
    "operatingProfit" : 83.54,
    "netProfitMargin" : 11.83,
    "netProfit" : 34.07
  }, {
    "date" : "2016-03-31",
    "sales" : 429.70,
    "salesGrowthYoY" : 56.08,
    "grossProfitMargin" : 55.63,
    "grossProfit" : 239.04,
    "operatingProfitMargin" : 27.40,
    "operatingProfit" : 117.74,
    "netProfitMargin" : 12.71,
    "netProfit" : 54.61
  }, {
    "date" : "2016-06-30",
    "sales" : 387.19,
    "salesGrowthYoY" : 4.61,
    "grossProfitMargin" : 32.81,
    "grossProfit" : 127.04,
    "operatingProfitMargin" : 20.18,
    "operatingProfit" : 78.13,
    "netProfitMargin" : 5.69,
    "netProfit" : 22.03
  }, {
    "date" : "2016-09-30",
    "sales" : 561.12,
    "salesGrowthYoY" : 54.29,
    "grossProfitMargin" : 26.73,
    "grossProfit" : 149.99,
    "operatingProfitMargin" : 17.99,
    "operatingProfit" : 100.95,
    "netProfitMargin" : 8.09,
    "netProfit" : 45.39
  }, {
    "date" : "2016-12-31",
    "sales" : 452.30,
    "salesGrowthYoY" : 57.06,
    "grossProfitMargin" : 30.49,
    "grossProfit" : 137.91,
    "operatingProfitMargin" : 18.89,
    "operatingProfit" : 85.44,
    "netProfitMargin" : 10.73,
    "netProfit" : 48.53
  }, {
    "date" : "2017-03-31",
    "sales" : 351.18,
    "salesGrowthYoY" : -18.27,
    "grossProfitMargin" : 47.77,
    "grossProfit" : 167.76,
    "operatingProfitMargin" : 23.67,
    "operatingProfit" : 83.12,
    "netProfitMargin" : 8.32,
    "netProfit" : 29.22
  }, {
    "date" : "2017-06-30",
    "sales" : 348.27,
    "salesGrowthYoY" : -10.05,
    "grossProfitMargin" : 23.85,
    "grossProfit" : 83.06,
    "operatingProfitMargin" : 10.90,
    "operatingProfit" : 37.96,
    "netProfitMargin" : 1.56,
    "netProfit" : 5.43
  }, {
    "date" : "2017-09-30",
    "sales" : 492.54,
    "salesGrowthYoY" : -12.22,
    "grossProfitMargin" : 23.81,
    "grossProfit" : 117.27,
    "operatingProfitMargin" : 18.21,
    "operatingProfit" : 89.69,
    "netProfitMargin" : 9.27,
    "netProfit" : 45.66
  }, {
    "date" : "2017-12-31",
    "sales" : 460.32,
    "salesGrowthYoY" : 1.77,
    "grossProfitMargin" : 29.80,
    "grossProfit" : 137.18,
    "operatingProfitMargin" : 14.45,
    "operatingProfit" : 66.52,
    "netProfitMargin" : 7.01,
    "netProfit" : 32.27
  }, {
    "date" : "2018-03-31",
    "sales" : 179.62,
    "salesGrowthYoY" : -48.85,
    "grossProfitMargin" : 52.57,
    "grossProfit" : 94.43,
    "operatingProfitMargin" : 8.96,
    "operatingProfit" : 16.09,
    "netProfitMargin" : 2.17,
    "netProfit" : 3.90
  }, {
    "date" : "2018-06-30",
    "sales" : 242.04,
    "salesGrowthYoY" : -30.50,
    "grossProfitMargin" : 33.92,
    "grossProfit" : 82.10,
    "operatingProfitMargin" : 9.49,
    "operatingProfit" : 22.97,
    "netProfitMargin" : 1.24,
    "netProfit" : 3.00
  }, {
    "date" : "2018-09-30",
    "sales" : 237.74,
    "salesGrowthYoY" : -51.73,
    "grossProfitMargin" : 59.53,
    "grossProfit" : 141.53,
    "operatingProfitMargin" : 25.60,
    "operatingProfit" : 60.86,
    "netProfitMargin" : 12.93,
    "netProfit" : 30.74
  }, {
    "date" : "2018-12-31",
    "sales" : 361.86,
    "salesGrowthYoY" : -21.39,
    "grossProfitMargin" : 31.53,
    "grossProfit" : 114.09,
    "operatingProfitMargin" : 13.34,
    "operatingProfit" : 48.27,
    "netProfitMargin" : 5.58,
    "netProfit" : 20.19
  }, {
    "date" : "2019-03-31",
    "sales" : 282.68,
    "salesGrowthYoY" : 57.38,
    "grossProfitMargin" : 45.85,
    "grossProfit" : 129.61,
    "operatingProfitMargin" : 17.79,
    "operatingProfit" : 50.29,
    "netProfitMargin" : 7.79,
    "netProfit" : 22.02
  }, {
    "date" : "2019-06-30",
    "sales" : 260.86,
    "salesGrowthYoY" : 7.78,
    "grossProfitMargin" : 36.59,
    "grossProfit" : 95.45,
    "operatingProfitMargin" : 14.57,
    "operatingProfit" : 38.01,
    "netProfitMargin" : 2.13,
    "netProfit" : 5.56
  }, {
    "date" : "2019-09-30",
    "sales" : 438.51,
    "salesGrowthYoY" : 84.45,
    "grossProfitMargin" : 30.77,
    "grossProfit" : 134.93,
    "operatingProfitMargin" : 12.62,
    "operatingProfit" : 55.34,
    "netProfitMargin" : 5.17,
    "netProfit" : 22.67
  }, {
    "date" : "2019-12-31",
    "sales" : 431.51,
    "salesGrowthYoY" : 19.25,
    "grossProfitMargin" : 31.28,
    "grossProfit" : 134.98,
    "operatingProfitMargin" : 16.46,
    "operatingProfit" : 71.03,
    "netProfitMargin" : 8.36,
    "netProfit" : 36.07
  }, {
    "date" : "2020-03-31",
    "sales" : 478.42,
    "salesGrowthYoY" : 69.24,
    "grossProfitMargin" : 35.42,
    "grossProfit" : 169.46,
    "operatingProfitMargin" : 14.02,
    "operatingProfit" : 67.07,
    "netProfitMargin" : 6.55,
    "netProfit" : 31.34
  }, {
    "date" : "2020-06-30",
    "sales" : 325.80,
    "salesGrowthYoY" : 24.89,
    "grossProfitMargin" : 29.95,
    "grossProfit" : 97.58,
    "operatingProfitMargin" : 13.12,
    "operatingProfit" : 42.74,
    "netProfitMargin" : 3.93,
    "netProfit" : 12.80
  }, {
    "date" : "2020-09-30",
    "sales" : 410.23,
    "salesGrowthYoY" : -6.45,
    "grossProfitMargin" : 30.47,
    "grossProfit" : 125.00,
    "operatingProfitMargin" : 14.38,
    "operatingProfit" : 58.99,
    "netProfitMargin" : 6.23,
    "netProfit" : 25.56
  }, {
    "date" : "2020-12-31",
    "sales" : 453.26,
    "salesGrowthYoY" : 5.04,
    "grossProfitMargin" : 27.92,
    "grossProfit" : 126.55,
    "operatingProfitMargin" : 13.99,
    "operatingProfit" : 63.41,
    "netProfitMargin" : 7.04,
    "netProfit" : 31.91
  }, {
    "date" : "2021-03-31",
    "sales" : 372.40,
    "salesGrowthYoY" : -22.16,
    "grossProfitMargin" : 33.94,
    "grossProfit" : 126.39,
    "operatingProfitMargin" : 12.19,
    "operatingProfit" : 45.40,
    "netProfitMargin" : 5.87,
    "netProfit" : 21.86
  }, {
    "date" : "2021-06-30",
    "sales" : 373.33,
    "salesGrowthYoY" : 14.59,
    "grossProfitMargin" : 24.72,
    "grossProfit" : 92.29,
    "operatingProfitMargin" : 7.51,
    "operatingProfit" : 28.04,
    "netProfitMargin" : 1.35,
    "netProfit" : 5.04
  }, {
    "date" : "2021-09-30",
    "sales" : 447.12,
    "salesGrowthYoY" : 8.99,
    "grossProfitMargin" : 31.28,
    "grossProfit" : 139.86,
    "operatingProfitMargin" : 11.61,
    "operatingProfit" : 51.91,
    "netProfitMargin" : 4.72,
    "netProfit" : 21.10
  }, {
    "date" : "2021-12-31",
    "sales" : 715.76,
    "salesGrowthYoY" : 57.91,
    "grossProfitMargin" : 19.74,
    "grossProfit" : 141.29,
    "operatingProfitMargin" : 9.15,
    "operatingProfit" : 65.49,
    "netProfitMargin" : 4.13,
    "netProfit" : 29.56
  }, {
    "date" : "2022-03-31",
    "sales" : 461.88,
    "salesGrowthYoY" : 24.03,
    "grossProfitMargin" : 35.72,
    "grossProfit" : 164.98,
    "operatingProfitMargin" : 15.17,
    "operatingProfit" : 70.07,
    "netProfitMargin" : 5.26,
    "netProfit" : 24.29
  }, {
    "date" : "2022-06-30",
    "sales" : 426.72,
    "salesGrowthYoY" : 14.30,
    "grossProfitMargin" : 34.08,
    "grossProfit" : 145.43,
    "operatingProfitMargin" : 8.24,
    "operatingProfit" : 35.16,
    "netProfitMargin" : 6.02,
    "netProfit" : 25.69
  }, {
    "date" : "2022-09-30",
    "sales" : 510.06,
    "salesGrowthYoY" : 14.08,
    "grossProfitMargin" : 34.19,
    "grossProfit" : 174.39,
    "operatingProfitMargin" : 13.37,
    "operatingProfit" : 68.20,
    "netProfitMargin" : 5.28,
    "netProfit" : 26.93
  }, {
    "date" : "2022-12-31",
    "sales" : 932.36,
    "salesGrowthYoY" : 30.26,
    "grossProfitMargin" : 23.74,
    "grossProfit" : 221.34,
    "operatingProfitMargin" : 10.49,
    "operatingProfit" : 97.80,
    "netProfitMargin" : 4.38,
    "netProfit" : 40.84
  }, {
    "date" : "2023-03-31",
    "sales" : 656.44,
    "salesGrowthYoY" : 42.12,
    "grossProfitMargin" : 34.79,
    "grossProfit" : 228.38,
    "operatingProfitMargin" : 15.69,
    "operatingProfit" : 103.00,
    "netProfitMargin" : 7.60,
    "netProfit" : 49.89
  }, {
    "date" : "2023-06-30",
    "sales" : 430.86,
    "salesGrowthYoY" : 0.97,
    "grossProfitMargin" : 30.76,
    "grossProfit" : 132.53,
    "operatingProfitMargin" : 10.10,
    "operatingProfit" : 43.52,
    "netProfitMargin" : 3.15,
    "netProfit" : 13.57
  }, {
    "date" : "2023-09-30",
    "sales" : 600.13,
    "salesGrowthYoY" : 17.66,
    "grossProfitMargin" : 31.96,
    "grossProfit" : 191.80,
    "operatingProfitMargin" : 15.39,
    "operatingProfit" : 92.36,
    "netProfitMargin" : 8.13,
    "netProfit" : 48.79
  }, {
    "date" : "2023-12-31",
    "sales" : 768.17,
    "salesGrowthYoY" : -17.61,
    "grossProfitMargin" : 29.82,
    "grossProfit" : 229.07,
    "operatingProfitMargin" : 15.55,
    "operatingProfit" : 119.45,
    "netProfitMargin" : 8.86,
    "netProfit" : 68.06
  }, {
    "date" : "2024-03-31",
    "sales" : 421.16,
    "salesGrowthYoY" : -35.84,
    "grossProfitMargin" : 36.44,
    "grossProfit" : 153.47,
    "operatingProfitMargin" : 12.11,
    "operatingProfit" : 51.00,
    "netProfitMargin" : 5.18,
    "netProfit" : 21.82
  }, {
    "date" : "2024-06-30",
    "sales" : 403.95,
    "salesGrowthYoY" : -6.25,
    "grossProfitMargin" : 29.11,
    "grossProfit" : 117.59,
    "operatingProfitMargin" : 7.20,
    "operatingProfit" : 29.08,
    "netProfitMargin" : 1.59,
    "netProfit" : 6.42
  }, {
    "date" : "2024-09-30",
    "sales" : 473.73,
    "salesGrowthYoY" : -21.06,
    "grossProfitMargin" : 33.86,
    "grossProfit" : 160.40,
    "operatingProfitMargin" : 14.23,
    "operatingProfit" : 67.41,
    "netProfitMargin" : 7.23,
    "netProfit" : 34.25
  }, {
    "date" : "2024-12-31",
    "sales" : 421.43,
    "salesGrowthYoY" : -45.14,
    "grossProfitMargin" : 37.05,
    "grossProfit" : 156.14,
    "operatingProfitMargin" : 14.57,
    "operatingProfit" : 61.40,
    "netProfitMargin" : 6.84,
    "netProfit" : 28.83
  }, {
    "date" : "2025-03-31",
    "sales" : 493.87,
    "salesGrowthYoY" : 17.26,
    "grossProfitMargin" : 36.15,
    "grossProfit" : 178.53,
    "operatingProfitMargin" : 10.74,
    "operatingProfit" : 53.04,
    "netProfitMargin" : 7.12,
    "netProfit" : 35.16
  }, {
    "date" : "2025-06-30",
    "sales" : 418.62,
    "salesGrowthYoY" : 3.63,
    "grossProfitMargin" : 30.57,
    "grossProfit" : 127.97,
    "operatingProfitMargin" : 8.73,
    "operatingProfit" : 36.55,
    "netProfitMargin" : 3.64,
    "netProfit" : 15.24
  }, {
    "date" : "2025-09-30",
    "sales" : 571.65,
    "salesGrowthYoY" : 20.67,
    "grossProfitMargin" : 31.83,
    "grossProfit" : 181.96,
    "operatingProfitMargin" : 13.08,
    "operatingProfit" : 74.77,
    "netProfitMargin" : 7.47,
    "netProfit" : 42.70
  }, {
    "date" : "2025-12-31",
    "sales" : 644.11,
    "salesGrowthYoY" : 52.84,
    "grossProfitMargin" : 26.38,
    "grossProfit" : 169.92,
    "operatingProfitMargin" : 12.84,
    "operatingProfit" : 82.70,
    "netProfitMargin" : 7.51,
    "netProfit" : 48.37
  } ],
  "latestQuarterlyResult" : {
    "date" : "2025-12-31",
    "sales" : 644.11,
    "salesGrowthYoY" : 52.84,
    "grossProfitMargin" : 26.38,
    "grossProfit" : 169.92,
    "operatingProfitMargin" : 12.84,
    "operatingProfit" : 82.70,
    "netProfitMargin" : 7.51,
    "netProfit" : 48.37
  },
  "companyScore" : {
    "priceHigherThanDma50" : 0.00,
    "priceHigherThanDma100" : 5.00,
    "priceHigherThanDma200" : 0.00,
    "dma50HigherThanDma100" : 5.00,
    "dma50HigherThanDma200" : 0.00,
    "dma100HigherThanDma200" : 0.00,
    "pricePercentageAboveDma50" : 5.00,
    "pricePercentageAboveDma100" : 4.97,
    "pricePercentageAboveDma200" : 5.04,
    "weeklyVolumeHigherThanYearlyVolume" : 0.00,
    "salesGrowthPercentile" : 16.50,
    "operatingProfitMarginPercentile" : 11.26,
    "netProfitMarginPercentile" : 5.98,
    "totalTechnicalScore" : 25.01,
    "totalFundamentalScore" : 33.74,
    "totalScore" : 58.75
  }
}