{
  "metadata" : {
    "screenerCompanyId" : "393",
    "companyCode" : "BANCOINDIA",
    "companyName" : "Banco Products",
    "screenerCompanyLink" : "https://www.screener.in/company/BANCOINDIA/consolidated/",
    "screenerTechnicalHistoryLink" : "https://www.screener.in/api/company/393/chart/?q=Price-DMA50-DMA200-Volume&days=365",
    "screenerQuarterlyResultsLink" : "https://www.screener.in/api/company/393/chart/?q=GPM-OPM-NPM-Quarter+Sales&days=10000",
    "attributes" : {
      "companyCode" : "BANCOINDIA",
      "companyName" : "Banco Products",
      "marketCap" : 9303.00,
      "peRatio" : 19.50,
      "description" : "Banco Products (India) Ltd manufactures and supplies engine cooling modules and systems for automotive and industrial applications in both the domestic and international markets. It was Incorporated in 1961, promoted by Mr. Mehul K. Patel who has more than 40 years of experience in the automotive industry [1]"
    },
    "companyScore" : {
      "priceHigherThanDma50" : 0.00,
      "priceHigherThanDma100" : 0.00,
      "priceHigherThanDma200" : 5.00,
      "dma50HigherThanDma100" : 0.00,
      "dma50HigherThanDma200" : 5.00,
      "dma100HigherThanDma200" : 5.00,
      "pricePercentageAboveDma50" : 5.04,
      "pricePercentageAboveDma100" : 5.40,
      "pricePercentageAboveDma200" : 4.85,
      "weeklyVolumeHigherThanYearlyVolume" : 0.00,
      "salesGrowthPercentile" : 11.75,
      "operatingProfitMarginPercentile" : 7.14,
      "netProfitMarginPercentile" : 3.45,
      "totalTechnicalScore" : 30.29,
      "totalFundamentalScore" : 22.35,
      "totalScore" : 52.63
    }
  },
  "attributes" : {
    "companyCode" : "BANCOINDIA",
    "companyName" : "Banco Products",
    "marketCap" : 9303.00,
    "peRatio" : 19.50,
    "description" : "Banco Products (India) Ltd manufactures and supplies engine cooling modules and systems for automotive and industrial applications in both the domestic and international markets. It was Incorporated in 1961, promoted by Mr. Mehul K. Patel who has more than 40 years of experience in the automotive industry [1]"
  },
  "technicalHistory" : [ {
    "date" : "2025-02-20",
    "price" : 320.35,
    "dma50" : 422.46,
    "dma100" : null,
    "dma200" : 392.99,
    "volume" : 221091.00
  }, {
    "date" : "2025-02-21",
    "price" : 325.25,
    "dma50" : 418.65,
    "dma100" : null,
    "dma200" : 392.32,
    "volume" : 222860.00
  }, {
    "date" : "2025-02-24",
    "price" : 326.40,
    "dma50" : 415.03,
    "dma100" : null,
    "dma200" : 391.66,
    "volume" : 177189.00
  }, {
    "date" : "2025-02-25",
    "price" : 321.35,
    "dma50" : 411.36,
    "dma100" : null,
    "dma200" : 390.96,
    "volume" : 96664.00
  }, {
    "date" : "2025-02-27",
    "price" : 309.80,
    "dma50" : 407.38,
    "dma100" : null,
    "dma200" : 390.16,
    "volume" : 178277.00
  }, {
    "date" : "2025-02-28",
    "price" : 316.10,
    "dma50" : 403.80,
    "dma100" : null,
    "dma200" : 389.42,
    "volume" : 440641.00
  }, {
    "date" : "2025-03-03",
    "price" : 308.25,
    "dma50" : 400.05,
    "dma100" : null,
    "dma200" : 388.61,
    "volume" : 274004.00
  }, {
    "date" : "2025-03-04",
    "price" : 314.15,
    "dma50" : 396.68,
    "dma100" : null,
    "dma200" : 387.87,
    "volume" : 208967.00
  }, {
    "date" : "2025-03-05",
    "price" : 329.30,
    "dma50" : 394.04,
    "dma100" : null,
    "dma200" : 387.29,
    "volume" : 180614.00
  }, {
    "date" : "2025-03-06",
    "price" : 342.30,
    "dma50" : 392.01,
    "dma100" : null,
    "dma200" : 386.84,
    "volume" : 204434.00
  }, {
    "date" : "2025-03-07",
    "price" : 361.85,
    "dma50" : 390.83,
    "dma100" : null,
    "dma200" : 386.59,
    "volume" : 485718.00
  }, {
    "date" : "2025-03-10",
    "price" : 336.80,
    "dma50" : 388.71,
    "dma100" : null,
    "dma200" : 386.10,
    "volume" : 278417.00
  }, {
    "date" : "2025-03-11",
    "price" : 331.90,
    "dma50" : 386.48,
    "dma100" : null,
    "dma200" : 385.56,
    "volume" : 192999.00
  }, {
    "date" : "2025-03-12",
    "price" : 339.55,
    "dma50" : 384.64,
    "dma100" : null,
    "dma200" : 385.10,
    "volume" : 192522.00
  }, {
    "date" : "2025-03-13",
    "price" : 334.20,
    "dma50" : 382.66,
    "dma100" : null,
    "dma200" : 384.59,
    "volume" : 257551.00
  }, {
    "date" : "2025-03-17",
    "price" : 330.25,
    "dma50" : 380.61,
    "dma100" : null,
    "dma200" : 384.05,
    "volume" : 205890.00
  }, {
    "date" : "2025-03-18",
    "price" : 337.45,
    "dma50" : 378.92,
    "dma100" : null,
    "dma200" : 383.59,
    "volume" : 305315.00
  }, {
    "date" : "2025-03-19",
    "price" : 350.40,
    "dma50" : 377.80,
    "dma100" : null,
    "dma200" : 383.26,
    "volume" : 566568.00
  }, {
    "date" : "2025-03-20",
    "price" : 344.20,
    "dma50" : 376.48,
    "dma100" : null,
    "dma200" : 382.87,
    "volume" : 304216.00
  }, {
    "date" : "2025-03-21",
    "price" : 353.55,
    "dma50" : 375.58,
    "dma100" : null,
    "dma200" : 382.58,
    "volume" : 348795.00
  }, {
    "date" : "2025-03-24",
    "price" : 362.35,
    "dma50" : 375.06,
    "dma100" : null,
    "dma200" : 382.38,
    "volume" : 337068.00
  }, {
    "date" : "2025-03-25",
    "price" : 352.00,
    "dma50" : 374.16,
    "dma100" : null,
    "dma200" : 382.07,
    "volume" : 176753.00
  }, {
    "date" : "2025-03-26",
    "price" : 345.45,
    "dma50" : 373.03,
    "dma100" : null,
    "dma200" : 381.71,
    "volume" : 145050.00
  }, {
    "date" : "2025-03-27",
    "price" : 344.70,
    "dma50" : 371.92,
    "dma100" : null,
    "dma200" : 381.34,
    "volume" : 244893.00
  }, {
    "date" : "2025-03-28",
    "price" : 345.25,
    "dma50" : 370.87,
    "dma100" : null,
    "dma200" : 380.98,
    "volume" : 201060.00
  }, {
    "date" : "2025-04-01",
    "price" : 344.30,
    "dma50" : 369.83,
    "dma100" : null,
    "dma200" : 380.62,
    "volume" : 95775.00
  }, {
    "date" : "2025-04-02",
    "price" : 353.30,
    "dma50" : 369.18,
    "dma100" : null,
    "dma200" : 380.35,
    "volume" : 200637.00
  }, {
    "date" : "2025-04-03",
    "price" : 354.15,
    "dma50" : 368.59,
    "dma100" : null,
    "dma200" : 380.08,
    "volume" : 117079.00
  }, {
    "date" : "2025-04-04",
    "price" : 334.55,
    "dma50" : 367.26,
    "dma100" : null,
    "dma200" : 379.63,
    "volume" : 177928.00
  }, {
    "date" : "2025-04-07",
    "price" : 319.50,
    "dma50" : 365.39,
    "dma100" : null,
    "dma200" : 379.03,
    "volume" : 242724.00
  }, {
    "date" : "2025-04-08",
    "price" : 329.10,
    "dma50" : 363.96,
    "dma100" : null,
    "dma200" : 378.54,
    "volume" : 108625.00
  }, {
    "date" : "2025-04-09",
    "price" : 322.75,
    "dma50" : 362.35,
    "dma100" : null,
    "dma200" : 377.98,
    "volume" : 96549.00
  }, {
    "date" : "2025-04-11",
    "price" : 335.85,
    "dma50" : 361.31,
    "dma100" : null,
    "dma200" : 377.56,
    "volume" : 153863.00
  }, {
    "date" : "2025-04-15",
    "price" : 348.10,
    "dma50" : 360.79,
    "dma100" : null,
    "dma200" : 377.27,
    "volume" : 103015.00
  }, {
    "date" : "2025-04-16",
    "price" : 353.30,
    "dma50" : 360.50,
    "dma100" : null,
    "dma200" : 377.03,
    "volume" : 120768.00
  }, {
    "date" : "2025-04-17",
    "price" : 356.75,
    "dma50" : 360.35,
    "dma100" : null,
    "dma200" : 376.83,
    "volume" : 123795.00
  }, {
    "date" : "2025-04-21",
    "price" : 360.70,
    "dma50" : 360.36,
    "dma100" : null,
    "dma200" : 376.67,
    "volume" : 187302.00
  }, {
    "date" : "2025-04-22",
    "price" : 405.35,
    "dma50" : 362.13,
    "dma100" : null,
    "dma200" : 376.95,
    "volume" : 2097621.00
  }, {
    "date" : "2025-04-23",
    "price" : 408.75,
    "dma50" : 363.96,
    "dma100" : null,
    "dma200" : 377.27,
    "volume" : 766667.00
  }, {
    "date" : "2025-04-24",
    "price" : 400.20,
    "dma50" : 365.38,
    "dma100" : null,
    "dma200" : 377.50,
    "volume" : 181847.00
  }, {
    "date" : "2025-04-25",
    "price" : 387.20,
    "dma50" : 366.23,
    "dma100" : null,
    "dma200" : 377.59,
    "volume" : 414953.00
  }, {
    "date" : "2025-04-28",
    "price" : 384.25,
    "dma50" : 366.94,
    "dma100" : null,
    "dma200" : 377.66,
    "volume" : 164044.00
  }, {
    "date" : "2025-04-29",
    "price" : 381.85,
    "dma50" : 367.52,
    "dma100" : null,
    "dma200" : 377.70,
    "volume" : 132933.00
  }, {
    "date" : "2025-04-30",
    "price" : 367.00,
    "dma50" : 367.50,
    "dma100" : null,
    "dma200" : 377.60,
    "volume" : 159747.00
  }, {
    "date" : "2025-05-02",
    "price" : 367.75,
    "dma50" : 367.51,
    "dma100" : null,
    "dma200" : 377.50,
    "volume" : 113251.00
  }, {
    "date" : "2025-05-05",
    "price" : 385.05,
    "dma50" : 368.20,
    "dma100" : null,
    "dma200" : 377.57,
    "volume" : 225349.00
  }, {
    "date" : "2025-05-06",
    "price" : 366.30,
    "dma50" : 368.13,
    "dma100" : null,
    "dma200" : 377.46,
    "volume" : 162349.00
  }, {
    "date" : "2025-05-07",
    "price" : 374.30,
    "dma50" : 368.37,
    "dma100" : null,
    "dma200" : 377.43,
    "volume" : 173264.00
  }, {
    "date" : "2025-05-08",
    "price" : 367.35,
    "dma50" : 368.33,
    "dma100" : null,
    "dma200" : 377.33,
    "volume" : 138228.00
  }, {
    "date" : "2025-05-09",
    "price" : 365.65,
    "dma50" : 368.22,
    "dma100" : null,
    "dma200" : 377.21,
    "volume" : 125348.00
  }, {
    "date" : "2025-05-12",
    "price" : 390.50,
    "dma50" : 369.10,
    "dma100" : null,
    "dma200" : 377.35,
    "volume" : 257783.00
  }, {
    "date" : "2025-05-13",
    "price" : 394.95,
    "dma50" : 370.11,
    "dma100" : null,
    "dma200" : 377.52,
    "volume" : 153992.00
  }, {
    "date" : "2025-05-14",
    "price" : 398.05,
    "dma50" : 371.21,
    "dma100" : null,
    "dma200" : 377.72,
    "volume" : 114001.00
  }, {
    "date" : "2025-05-15",
    "price" : 403.85,
    "dma50" : 372.49,
    "dma100" : null,
    "dma200" : 377.98,
    "volume" : 180964.00
  }, {
    "date" : "2025-05-16",
    "price" : 412.10,
    "dma50" : 374.04,
    "dma100" : null,
    "dma200" : 378.32,
    "volume" : 225910.00
  }, {
    "date" : "2025-05-19",
    "price" : 494.50,
    "dma50" : 378.76,
    "dma100" : null,
    "dma200" : 379.48,
    "volume" : 1279107.00
  }, {
    "date" : "2025-05-20",
    "price" : 514.70,
    "dma50" : 384.09,
    "dma100" : null,
    "dma200" : 380.83,
    "volume" : 5091649.00
  }, {
    "date" : "2025-05-21",
    "price" : 572.35,
    "dma50" : 391.48,
    "dma100" : null,
    "dma200" : 382.73,
    "volume" : 8290677.00
  }, {
    "date" : "2025-05-22",
    "price" : 555.85,
    "dma50" : 397.92,
    "dma100" : null,
    "dma200" : 384.45,
    "volume" : 1162834.00
  }, {
    "date" : "2025-05-23",
    "price" : 552.85,
    "dma50" : 404.00,
    "dma100" : null,
    "dma200" : 386.13,
    "volume" : 467918.00
  }, {
    "date" : "2025-05-26",
    "price" : 542.20,
    "dma50" : 409.42,
    "dma100" : null,
    "dma200" : 387.68,
    "volume" : 380515.00
  }, {
    "date" : "2025-05-27",
    "price" : 545.15,
    "dma50" : 414.74,
    "dma100" : null,
    "dma200" : 389.25,
    "volume" : 273545.00
  }, {
    "date" : "2025-05-28",
    "price" : 553.65,
    "dma50" : 420.19,
    "dma100" : null,
    "dma200" : 390.89,
    "volume" : 362343.00
  }, {
    "date" : "2025-05-29",
    "price" : 559.60,
    "dma50" : 425.66,
    "dma100" : null,
    "dma200" : 392.56,
    "volume" : 351028.00
  }, {
    "date" : "2025-05-30",
    "price" : 570.55,
    "dma50" : 431.34,
    "dma100" : null,
    "dma200" : 394.34,
    "volume" : 650793.00
  }, {
    "date" : "2025-06-02",
    "price" : 558.75,
    "dma50" : 436.33,
    "dma100" : null,
    "dma200" : 395.97,
    "volume" : 514671.00
  }, {
    "date" : "2025-06-03",
    "price" : 555.25,
    "dma50" : 441.00,
    "dma100" : null,
    "dma200" : 397.56,
    "volume" : 307222.00
  }, {
    "date" : "2025-06-04",
    "price" : 577.50,
    "dma50" : 446.35,
    "dma100" : null,
    "dma200" : 399.35,
    "volume" : 520085.00
  }, {
    "date" : "2025-06-05",
    "price" : 559.00,
    "dma50" : 450.77,
    "dma100" : null,
    "dma200" : 400.93,
    "volume" : 323129.00
  }, {
    "date" : "2025-06-06",
    "price" : 558.75,
    "dma50" : 455.00,
    "dma100" : null,
    "dma200" : 402.51,
    "volume" : 443810.00
  }, {
    "date" : "2025-06-09",
    "price" : 567.70,
    "dma50" : 459.42,
    "dma100" : null,
    "dma200" : 404.15,
    "volume" : 388919.00
  }, {
    "date" : "2025-06-10",
    "price" : 609.35,
    "dma50" : 465.30,
    "dma100" : null,
    "dma200" : 406.19,
    "volume" : 1068103.00
  }, {
    "date" : "2025-06-11",
    "price" : 604.00,
    "dma50" : 470.74,
    "dma100" : null,
    "dma200" : 408.16,
    "volume" : 1037244.00
  }, {
    "date" : "2025-06-12",
    "price" : 608.30,
    "dma50" : 476.14,
    "dma100" : null,
    "dma200" : 410.15,
    "volume" : 871716.00
  }, {
    "date" : "2025-06-13",
    "price" : 606.45,
    "dma50" : 481.25,
    "dma100" : null,
    "dma200" : 412.10,
    "volume" : 343732.00
  }, {
    "date" : "2025-06-16",
    "price" : 609.35,
    "dma50" : 486.27,
    "dma100" : null,
    "dma200" : 414.07,
    "volume" : 443086.00
  }, {
    "date" : "2025-06-17",
    "price" : 596.30,
    "dma50" : 490.58,
    "dma100" : null,
    "dma200" : 415.88,
    "volume" : 244122.00
  }, {
    "date" : "2025-06-18",
    "price" : 587.25,
    "dma50" : 494.38,
    "dma100" : null,
    "dma200" : 417.58,
    "volume" : 211809.00
  }, {
    "date" : "2025-06-19",
    "price" : 559.80,
    "dma50" : 496.94,
    "dma100" : null,
    "dma200" : 419.00,
    "volume" : 513222.00
  }, {
    "date" : "2025-06-20",
    "price" : 569.60,
    "dma50" : 499.79,
    "dma100" : null,
    "dma200" : 420.50,
    "volume" : 206962.00
  }, {
    "date" : "2025-06-23",
    "price" : 568.75,
    "dma50" : 502.49,
    "dma100" : null,
    "dma200" : 421.97,
    "volume" : 205201.00
  }, {
    "date" : "2025-06-24",
    "price" : 571.00,
    "dma50" : 505.18,
    "dma100" : null,
    "dma200" : 423.46,
    "volume" : 193840.00
  }, {
    "date" : "2025-06-25",
    "price" : 597.65,
    "dma50" : 508.81,
    "dma100" : null,
    "dma200" : 425.19,
    "volume" : 459114.00
  }, {
    "date" : "2025-06-26",
    "price" : 587.75,
    "dma50" : 511.90,
    "dma100" : null,
    "dma200" : 426.81,
    "volume" : 132064.00
  }, {
    "date" : "2025-06-27",
    "price" : 589.20,
    "dma50" : 514.93,
    "dma100" : null,
    "dma200" : 428.42,
    "volume" : 179278.00
  }, {
    "date" : "2025-06-30",
    "price" : 641.00,
    "dma50" : 519.88,
    "dma100" : null,
    "dma200" : 430.54,
    "volume" : 1523979.00
  }, {
    "date" : "2025-07-01",
    "price" : 670.25,
    "dma50" : 525.78,
    "dma100" : null,
    "dma200" : 432.92,
    "volume" : 1507570.00
  }, {
    "date" : "2025-07-02",
    "price" : 672.10,
    "dma50" : 531.51,
    "dma100" : null,
    "dma200" : 435.30,
    "volume" : 469979.00
  }, {
    "date" : "2025-07-03",
    "price" : 670.35,
    "dma50" : 536.96,
    "dma100" : null,
    "dma200" : 437.64,
    "volume" : 529323.00
  }, {
    "date" : "2025-07-04",
    "price" : 669.00,
    "dma50" : 542.14,
    "dma100" : null,
    "dma200" : 439.94,
    "volume" : 343685.00
  }, {
    "date" : "2025-07-07",
    "price" : 665.25,
    "dma50" : 546.96,
    "dma100" : null,
    "dma200" : 442.19,
    "volume" : 266141.00
  }, {
    "date" : "2025-07-08",
    "price" : 639.50,
    "dma50" : 550.59,
    "dma100" : null,
    "dma200" : 444.15,
    "volume" : 292137.00
  }, {
    "date" : "2025-07-09",
    "price" : 654.95,
    "dma50" : 554.69,
    "dma100" : null,
    "dma200" : 446.25,
    "volume" : 302688.00
  }, {
    "date" : "2025-07-10",
    "price" : 654.70,
    "dma50" : 558.61,
    "dma100" : null,
    "dma200" : 448.32,
    "volume" : 181868.00
  }, {
    "date" : "2025-07-11",
    "price" : 641.40,
    "dma50" : 561.85,
    "dma100" : null,
    "dma200" : 450.24,
    "volume" : 213144.00
  }, {
    "date" : "2025-07-14",
    "price" : 662.25,
    "dma50" : 565.79,
    "dma100" : null,
    "dma200" : 452.35,
    "volume" : 362717.00
  }, {
    "date" : "2025-07-15",
    "price" : 673.95,
    "dma50" : 570.03,
    "dma100" : null,
    "dma200" : 454.56,
    "volume" : 401059.00
  }, {
    "date" : "2025-07-16",
    "price" : 667.65,
    "dma50" : 573.86,
    "dma100" : null,
    "dma200" : 456.68,
    "volume" : 305038.00
  }, {
    "date" : "2025-07-17",
    "price" : 664.70,
    "dma50" : 577.42,
    "dma100" : null,
    "dma200" : 458.75,
    "volume" : 191982.00
  }, {
    "date" : "2025-07-18",
    "price" : 660.20,
    "dma50" : 580.67,
    "dma100" : null,
    "dma200" : 460.75,
    "volume" : 138392.00
  }, {
    "date" : "2025-07-21",
    "price" : 656.10,
    "dma50" : 583.63,
    "dma100" : 468.02,
    "dma200" : 462.70,
    "volume" : 133569.00
  }, {
    "date" : "2025-07-22",
    "price" : 658.05,
    "dma50" : 586.55,
    "dma100" : 471.35,
    "dma200" : 464.64,
    "volume" : 145050.00
  }, {
    "date" : "2025-07-23",
    "price" : 644.30,
    "dma50" : 588.81,
    "dma100" : 474.53,
    "dma200" : 466.43,
    "volume" : 231390.00
  }, {
    "date" : "2025-07-24",
    "price" : 638.95,
    "dma50" : 590.78,
    "dma100" : 477.70,
    "dma200" : 468.14,
    "volume" : 273159.00
  }, {
    "date" : "2025-07-25",
    "price" : 613.70,
    "dma50" : 591.68,
    "dma100" : 480.74,
    "dma200" : 469.59,
    "volume" : 342640.00
  }, {
    "date" : "2025-07-28",
    "price" : 600.30,
    "dma50" : 592.01,
    "dma100" : 483.58,
    "dma200" : 470.89,
    "volume" : 277083.00
  }, {
    "date" : "2025-07-29",
    "price" : 605.30,
    "dma50" : 592.54,
    "dma100" : 486.55,
    "dma200" : 472.23,
    "volume" : 232322.00
  }, {
    "date" : "2025-07-30",
    "price" : 604.75,
    "dma50" : 593.01,
    "dma100" : 489.46,
    "dma200" : 473.55,
    "volume" : 173000.00
  }, {
    "date" : "2025-07-31",
    "price" : 591.80,
    "dma50" : 592.97,
    "dma100" : 492.09,
    "dma200" : 474.72,
    "volume" : 135233.00
  }, {
    "date" : "2025-08-01",
    "price" : 575.15,
    "dma50" : 592.27,
    "dma100" : 494.41,
    "dma200" : 475.72,
    "volume" : 174898.00
  }, {
    "date" : "2025-08-04",
    "price" : 602.45,
    "dma50" : 592.67,
    "dma100" : 496.82,
    "dma200" : 476.99,
    "volume" : 288914.00
  }, {
    "date" : "2025-08-05",
    "price" : 605.35,
    "dma50" : 593.16,
    "dma100" : 499.51,
    "dma200" : 478.26,
    "volume" : 159857.00
  }, {
    "date" : "2025-08-06",
    "price" : 606.20,
    "dma50" : 593.68,
    "dma100" : 502.25,
    "dma200" : 479.54,
    "volume" : 160375.00
  }, {
    "date" : "2025-08-07",
    "price" : 590.05,
    "dma50" : 593.53,
    "dma100" : 504.75,
    "dma200" : 480.63,
    "volume" : 230972.00
  }, {
    "date" : "2025-08-08",
    "price" : 565.15,
    "dma50" : 592.42,
    "dma100" : 507.06,
    "dma200" : 481.48,
    "volume" : 357061.00
  }, {
    "date" : "2025-08-11",
    "price" : 601.35,
    "dma50" : 592.77,
    "dma100" : 509.77,
    "dma200" : 482.67,
    "volume" : 952472.00
  }, {
    "date" : "2025-08-12",
    "price" : 540.00,
    "dma50" : 590.70,
    "dma100" : 511.80,
    "dma200" : 483.24,
    "volume" : 931031.00
  }, {
    "date" : "2025-08-13",
    "price" : 541.10,
    "dma50" : 588.76,
    "dma100" : 513.71,
    "dma200" : 483.81,
    "volume" : 496855.00
  }, {
    "date" : "2025-08-14",
    "price" : 536.90,
    "dma50" : 586.72,
    "dma100" : 515.63,
    "dma200" : 484.34,
    "volume" : 176301.00
  }, {
    "date" : "2025-08-18",
    "price" : 556.00,
    "dma50" : 585.52,
    "dma100" : 517.66,
    "dma200" : 485.06,
    "volume" : 301840.00
  }, {
    "date" : "2025-08-19",
    "price" : 585.75,
    "dma50" : 585.53,
    "dma100" : 519.89,
    "dma200" : 486.06,
    "volume" : 541542.00
  }, {
    "date" : "2025-08-20",
    "price" : 590.75,
    "dma50" : 585.73,
    "dma100" : 522.28,
    "dma200" : 487.10,
    "volume" : 264978.00
  }, {
    "date" : "2025-08-21",
    "price" : 583.10,
    "dma50" : 585.63,
    "dma100" : 524.66,
    "dma200" : 488.05,
    "volume" : 113633.00
  }, {
    "date" : "2025-08-22",
    "price" : 580.65,
    "dma50" : 585.43,
    "dma100" : 527.02,
    "dma200" : 488.98,
    "volume" : 110439.00
  }, {
    "date" : "2025-08-25",
    "price" : 589.20,
    "dma50" : 585.58,
    "dma100" : 529.46,
    "dma200" : 489.97,
    "volume" : 204223.00
  }, {
    "date" : "2025-08-26",
    "price" : 583.20,
    "dma50" : 585.49,
    "dma100" : 531.84,
    "dma200" : 490.90,
    "volume" : 235760.00
  }, {
    "date" : "2025-08-28",
    "price" : 587.40,
    "dma50" : 585.56,
    "dma100" : 534.19,
    "dma200" : 491.86,
    "volume" : 647991.00
  }, {
    "date" : "2025-08-29",
    "price" : 576.55,
    "dma50" : 585.21,
    "dma100" : 536.41,
    "dma200" : 492.70,
    "volume" : 188834.00
  }, {
    "date" : "2025-09-01",
    "price" : 590.70,
    "dma50" : 585.42,
    "dma100" : 538.97,
    "dma200" : 493.68,
    "volume" : 167118.00
  }, {
    "date" : "2025-09-02",
    "price" : 595.65,
    "dma50" : 585.83,
    "dma100" : 541.73,
    "dma200" : 494.69,
    "volume" : 215154.00
  }, {
    "date" : "2025-09-03",
    "price" : 630.85,
    "dma50" : 587.59,
    "dma100" : 544.75,
    "dma200" : 496.05,
    "volume" : 837278.00
  }, {
    "date" : "2025-09-04",
    "price" : 608.15,
    "dma50" : 588.40,
    "dma100" : 547.60,
    "dma200" : 497.16,
    "volume" : 276053.00
  }, {
    "date" : "2025-09-05",
    "price" : 608.70,
    "dma50" : 589.19,
    "dma100" : 550.33,
    "dma200" : 498.27,
    "volume" : 179541.00
  }, {
    "date" : "2025-09-08",
    "price" : 632.25,
    "dma50" : 590.88,
    "dma100" : 553.17,
    "dma200" : 499.61,
    "volume" : 333753.00
  }, {
    "date" : "2025-09-09",
    "price" : 620.55,
    "dma50" : 592.05,
    "dma100" : 555.85,
    "dma200" : 500.81,
    "volume" : 160054.00
  }, {
    "date" : "2025-09-10",
    "price" : 620.20,
    "dma50" : 593.15,
    "dma100" : 558.48,
    "dma200" : 502.00,
    "volume" : 139869.00
  }, {
    "date" : "2025-09-11",
    "price" : 619.05,
    "dma50" : 594.17,
    "dma100" : 561.06,
    "dma200" : 503.16,
    "volume" : 389624.00
  }, {
    "date" : "2025-09-12",
    "price" : 618.10,
    "dma50" : 595.10,
    "dma100" : 563.19,
    "dma200" : 504.31,
    "volume" : 130867.00
  }, {
    "date" : "2025-09-15",
    "price" : 697.45,
    "dma50" : 599.12,
    "dma100" : 566.08,
    "dma200" : 506.23,
    "volume" : 11420364.00
  }, {
    "date" : "2025-09-16",
    "price" : 690.35,
    "dma50" : 602.70,
    "dma100" : 568.98,
    "dma200" : 508.06,
    "volume" : 1438834.00
  }, {
    "date" : "2025-09-17",
    "price" : 743.75,
    "dma50" : 608.23,
    "dma100" : 572.55,
    "dma200" : 510.41,
    "volume" : 4859895.00
  }, {
    "date" : "2025-09-18",
    "price" : 802.25,
    "dma50" : 615.84,
    "dma100" : 576.73,
    "dma200" : 513.31,
    "volume" : 16491972.00
  }, {
    "date" : "2025-09-19",
    "price" : 835.60,
    "dma50" : 624.45,
    "dma100" : 581.26,
    "dma200" : 516.52,
    "volume" : 5971493.00
  }, {
    "date" : "2025-09-22",
    "price" : 823.75,
    "dma50" : 632.27,
    "dma100" : 585.83,
    "dma200" : 519.57,
    "volume" : 1413261.00
  }, {
    "date" : "2025-09-23",
    "price" : 815.10,
    "dma50" : 639.44,
    "dma100" : 590.30,
    "dma200" : 522.51,
    "volume" : 760965.00
  }, {
    "date" : "2025-09-24",
    "price" : 826.15,
    "dma50" : 646.76,
    "dma100" : 594.72,
    "dma200" : 525.54,
    "volume" : 3091308.00
  }, {
    "date" : "2025-09-25",
    "price" : 829.15,
    "dma50" : 653.91,
    "dma100" : 599.34,
    "dma200" : 528.56,
    "volume" : 655366.00
  }, {
    "date" : "2025-09-26",
    "price" : 829.40,
    "dma50" : 660.80,
    "dma100" : 603.89,
    "dma200" : 531.55,
    "volume" : 2478269.00
  }, {
    "date" : "2025-09-29",
    "price" : 860.55,
    "dma50" : 668.63,
    "dma100" : 608.83,
    "dma200" : 534.82,
    "volume" : 1501967.00
  }, {
    "date" : "2025-09-30",
    "price" : 830.40,
    "dma50" : 674.97,
    "dma100" : 613.47,
    "dma200" : 537.76,
    "volume" : 688393.00
  }, {
    "date" : "2025-10-01",
    "price" : 859.85,
    "dma50" : 682.22,
    "dma100" : 618.17,
    "dma200" : 540.97,
    "volume" : 1261682.00
  }, {
    "date" : "2025-10-03",
    "price" : 847.95,
    "dma50" : 688.72,
    "dma100" : 622.70,
    "dma200" : 544.02,
    "volume" : 728641.00
  }, {
    "date" : "2025-10-06",
    "price" : 875.05,
    "dma50" : 696.03,
    "dma100" : 627.47,
    "dma200" : 547.32,
    "volume" : 1401287.00
  }, {
    "date" : "2025-10-07",
    "price" : 795.65,
    "dma50" : 699.94,
    "dma100" : 631.39,
    "dma200" : 549.79,
    "volume" : 3842295.00
  }, {
    "date" : "2025-10-08",
    "price" : 817.70,
    "dma50" : 704.55,
    "dma100" : 635.44,
    "dma200" : 552.45,
    "volume" : 1226801.00
  }, {
    "date" : "2025-10-09",
    "price" : 806.15,
    "dma50" : 708.54,
    "dma100" : 638.56,
    "dma200" : 554.98,
    "volume" : 551483.00
  }, {
    "date" : "2025-10-10",
    "price" : 803.95,
    "dma50" : 712.28,
    "dma100" : 641.45,
    "dma200" : 557.46,
    "volume" : 425332.00
  }, {
    "date" : "2025-10-13",
    "price" : 788.85,
    "dma50" : 715.28,
    "dma100" : 643.62,
    "dma200" : 559.76,
    "volume" : 365082.00
  }, {
    "date" : "2025-10-14",
    "price" : 741.65,
    "dma50" : 716.32,
    "dma100" : 645.47,
    "dma200" : 561.57,
    "volume" : 795918.00
  }, {
    "date" : "2025-10-15",
    "price" : 744.55,
    "dma50" : 717.42,
    "dma100" : 647.39,
    "dma200" : 563.39,
    "volume" : 524430.00
  }, {
    "date" : "2025-10-16",
    "price" : 743.40,
    "dma50" : 718.44,
    "dma100" : 649.40,
    "dma200" : 565.18,
    "volume" : 417938.00
  }, {
    "date" : "2025-10-17",
    "price" : 727.45,
    "dma50" : 718.80,
    "dma100" : 651.23,
    "dma200" : 566.79,
    "volume" : 425312.00
  }, {
    "date" : "2025-10-20",
    "price" : 725.60,
    "dma50" : 719.06,
    "dma100" : 652.95,
    "dma200" : 568.38,
    "volume" : 271984.00
  }, {
    "date" : "2025-10-21",
    "price" : 741.75,
    "dma50" : 719.95,
    "dma100" : 654.77,
    "dma200" : 570.10,
    "volume" : 106713.00
  }, {
    "date" : "2025-10-23",
    "price" : 724.95,
    "dma50" : 720.15,
    "dma100" : 656.31,
    "dma200" : 571.64,
    "volume" : 230000.00
  }, {
    "date" : "2025-10-24",
    "price" : 717.50,
    "dma50" : 720.04,
    "dma100" : 657.90,
    "dma200" : 573.09,
    "volume" : 166744.00
  }, {
    "date" : "2025-10-27",
    "price" : 720.10,
    "dma50" : 720.05,
    "dma100" : 659.55,
    "dma200" : 574.56,
    "volume" : 141003.00
  }, {
    "date" : "2025-10-28",
    "price" : 721.60,
    "dma50" : 720.11,
    "dma100" : 660.99,
    "dma200" : 576.02,
    "volume" : 281393.00
  }, {
    "date" : "2025-10-29",
    "price" : 720.65,
    "dma50" : 720.13,
    "dma100" : 662.60,
    "dma200" : 577.46,
    "volume" : 134938.00
  }, {
    "date" : "2025-10-30",
    "price" : 712.95,
    "dma50" : 719.85,
    "dma100" : 664.15,
    "dma200" : 578.81,
    "volume" : 150712.00
  }, {
    "date" : "2025-10-31",
    "price" : 709.50,
    "dma50" : 719.44,
    "dma100" : 665.56,
    "dma200" : 580.11,
    "volume" : 179742.00
  }, {
    "date" : "2025-11-03",
    "price" : 733.25,
    "dma50" : 719.98,
    "dma100" : 666.80,
    "dma200" : 581.63,
    "volume" : 445884.00
  }, {
    "date" : "2025-11-04",
    "price" : 820.20,
    "dma50" : 723.91,
    "dma100" : 668.97,
    "dma200" : 584.00,
    "volume" : 14194022.00
  }, {
    "date" : "2025-11-06",
    "price" : 794.35,
    "dma50" : 726.68,
    "dma100" : 670.83,
    "dma200" : 586.10,
    "volume" : 6880589.00
  }, {
    "date" : "2025-11-07",
    "price" : 798.60,
    "dma50" : 729.50,
    "dma100" : 672.75,
    "dma200" : 588.21,
    "volume" : 2569415.00
  }, {
    "date" : "2025-11-10",
    "price" : 801.55,
    "dma50" : 732.32,
    "dma100" : 674.67,
    "dma200" : 590.33,
    "volume" : 749252.00
  }, {
    "date" : "2025-11-11",
    "price" : 807.35,
    "dma50" : 735.26,
    "dma100" : 676.78,
    "dma200" : 592.49,
    "volume" : 1478371.00
  }, {
    "date" : "2025-11-12",
    "price" : 797.10,
    "dma50" : 737.69,
    "dma100" : 678.88,
    "dma200" : 594.53,
    "volume" : 579294.00
  }, {
    "date" : "2025-11-13",
    "price" : 783.35,
    "dma50" : 739.48,
    "dma100" : 681.11,
    "dma200" : 596.41,
    "volume" : 651163.00
  }, {
    "date" : "2025-11-14",
    "price" : 806.05,
    "dma50" : 742.09,
    "dma100" : 683.48,
    "dma200" : 598.49,
    "volume" : 7981342.00
  }, {
    "date" : "2025-11-17",
    "price" : 814.35,
    "dma50" : 744.92,
    "dma100" : 685.93,
    "dma200" : 600.64,
    "volume" : 817207.00
  }, {
    "date" : "2025-11-18",
    "price" : 777.85,
    "dma50" : 746.21,
    "dma100" : 688.00,
    "dma200" : 602.40,
    "volume" : 761619.00
  }, {
    "date" : "2025-11-19",
    "price" : 787.45,
    "dma50" : 747.83,
    "dma100" : 689.90,
    "dma200" : 604.25,
    "volume" : 1992475.00
  }, {
    "date" : "2025-11-20",
    "price" : 774.05,
    "dma50" : 748.86,
    "dma100" : 691.76,
    "dma200" : 605.94,
    "volume" : 493856.00
  }, {
    "date" : "2025-11-21",
    "price" : 708.25,
    "dma50" : 747.27,
    "dma100" : 692.95,
    "dma200" : 606.95,
    "volume" : 1674148.00
  }, {
    "date" : "2025-11-24",
    "price" : 690.40,
    "dma50" : 745.04,
    "dma100" : 693.45,
    "dma200" : 607.78,
    "volume" : 874634.00
  }, {
    "date" : "2025-11-25",
    "price" : 673.65,
    "dma50" : 742.24,
    "dma100" : 693.48,
    "dma200" : 608.44,
    "volume" : 668095.00
  }, {
    "date" : "2025-11-26",
    "price" : 684.45,
    "dma50" : 739.97,
    "dma100" : 693.61,
    "dma200" : 609.20,
    "volume" : 481498.00
  }, {
    "date" : "2025-11-27",
    "price" : 683.30,
    "dma50" : 737.75,
    "dma100" : 693.74,
    "dma200" : 609.93,
    "volume" : 355209.00
  }, {
    "date" : "2025-11-28",
    "price" : 678.90,
    "dma50" : 735.44,
    "dma100" : 693.83,
    "dma200" : 610.62,
    "volume" : 264753.00
  }, {
    "date" : "2025-12-01",
    "price" : 682.95,
    "dma50" : 733.38,
    "dma100" : 694.01,
    "dma200" : 611.34,
    "volume" : 740291.00
  }, {
    "date" : "2025-12-02",
    "price" : 676.85,
    "dma50" : 731.17,
    "dma100" : 694.38,
    "dma200" : 611.99,
    "volume" : 198937.00
  }, {
    "date" : "2025-12-03",
    "price" : 669.25,
    "dma50" : 728.74,
    "dma100" : 694.53,
    "dma200" : 612.56,
    "volume" : 222031.00
  }, {
    "date" : "2025-12-04",
    "price" : 722.10,
    "dma50" : 728.48,
    "dma100" : 695.20,
    "dma200" : 613.65,
    "volume" : 7394682.00
  }, {
    "date" : "2025-12-05",
    "price" : 747.75,
    "dma50" : 729.23,
    "dma100" : 696.27,
    "dma200" : 614.99,
    "volume" : 3277477.00
  }, {
    "date" : "2025-12-08",
    "price" : 705.95,
    "dma50" : 728.32,
    "dma100" : 696.70,
    "dma200" : 615.89,
    "volume" : 652847.00
  }, {
    "date" : "2025-12-09",
    "price" : 728.50,
    "dma50" : 728.33,
    "dma100" : 697.25,
    "dma200" : 617.01,
    "volume" : 684111.00
  }, {
    "date" : "2025-12-10",
    "price" : 710.90,
    "dma50" : 727.64,
    "dma100" : 697.68,
    "dma200" : 617.94,
    "volume" : 275712.00
  }, {
    "date" : "2025-12-11",
    "price" : 707.10,
    "dma50" : 726.84,
    "dma100" : 698.10,
    "dma200" : 618.83,
    "volume" : 172430.00
  }, {
    "date" : "2025-12-12",
    "price" : 710.65,
    "dma50" : 726.20,
    "dma100" : 698.61,
    "dma200" : 619.75,
    "volume" : 218554.00
  }, {
    "date" : "2025-12-15",
    "price" : 707.80,
    "dma50" : 725.48,
    "dma100" : 699.13,
    "dma200" : 620.62,
    "volume" : 269019.00
  }, {
    "date" : "2025-12-16",
    "price" : 707.20,
    "dma50" : 724.76,
    "dma100" : 699.62,
    "dma200" : 621.48,
    "volume" : 183215.00
  }, {
    "date" : "2025-12-17",
    "price" : 695.55,
    "dma50" : 723.62,
    "dma100" : 700.13,
    "dma200" : 622.22,
    "volume" : 167835.00
  }, {
    "date" : "2025-12-18",
    "price" : 693.45,
    "dma50" : 722.44,
    "dma100" : 700.68,
    "dma200" : 622.93,
    "volume" : 221698.00
  }, {
    "date" : "2025-12-19",
    "price" : 704.15,
    "dma50" : 721.72,
    "dma100" : 701.58,
    "dma200" : 623.74,
    "volume" : 214228.00
  }, {
    "date" : "2025-12-22",
    "price" : 708.25,
    "dma50" : 721.19,
    "dma100" : 702.66,
    "dma200" : 624.58,
    "volume" : 295887.00
  }, {
    "date" : "2025-12-23",
    "price" : 701.80,
    "dma50" : 720.43,
    "dma100" : 703.62,
    "dma200" : 625.35,
    "volume" : 203408.00
  }, {
    "date" : "2025-12-24",
    "price" : 698.90,
    "dma50" : 719.59,
    "dma100" : 704.57,
    "dma200" : 626.08,
    "volume" : 147328.00
  }, {
    "date" : "2025-12-26",
    "price" : 690.20,
    "dma50" : 718.43,
    "dma100" : 705.55,
    "dma200" : 626.72,
    "volume" : 139040.00
  }, {
    "date" : "2025-12-29",
    "price" : 679.65,
    "dma50" : 716.91,
    "dma100" : 706.59,
    "dma200" : 627.24,
    "volume" : 154784.00
  }, {
    "date" : "2025-12-30",
    "price" : 686.20,
    "dma50" : 715.71,
    "dma100" : 707.43,
    "dma200" : 627.83,
    "volume" : 185318.00
  }, {
    "date" : "2025-12-31",
    "price" : 688.85,
    "dma50" : 714.66,
    "dma100" : 708.27,
    "dma200" : 628.44,
    "volume" : 106959.00
  }, {
    "date" : "2026-01-01",
    "price" : 682.60,
    "dma50" : 713.40,
    "dma100" : 709.03,
    "dma200" : 628.98,
    "volume" : 79046.00
  }, {
    "date" : "2026-01-02",
    "price" : 708.70,
    "dma50" : 713.21,
    "dma100" : 710.22,
    "dma200" : 629.77,
    "volume" : 526484.00
  }, {
    "date" : "2026-01-05",
    "price" : 708.35,
    "dma50" : 713.02,
    "dma100" : 711.65,
    "dma200" : 630.55,
    "volume" : 215307.00
  }, {
    "date" : "2026-01-06",
    "price" : 698.20,
    "dma50" : 712.44,
    "dma100" : 712.62,
    "dma200" : 631.22,
    "volume" : 145144.00
  }, {
    "date" : "2026-01-07",
    "price" : 694.45,
    "dma50" : 711.74,
    "dma100" : 714.16,
    "dma200" : 631.85,
    "volume" : 127704.00
  }, {
    "date" : "2026-01-08",
    "price" : 682.60,
    "dma50" : 710.59,
    "dma100" : 715.58,
    "dma200" : 632.36,
    "volume" : 122850.00
  }, {
    "date" : "2026-01-09",
    "price" : 668.30,
    "dma50" : 708.93,
    "dma100" : 716.89,
    "dma200" : 632.72,
    "volume" : 185673.00
  }, {
    "date" : "2026-01-12",
    "price" : 642.45,
    "dma50" : 706.33,
    "dma100" : 717.76,
    "dma200" : 632.81,
    "volume" : 483424.00
  }, {
    "date" : "2026-01-13",
    "price" : 648.85,
    "dma50" : 704.07,
    "dma100" : 718.39,
    "dma200" : 632.97,
    "volume" : 185804.00
  }, {
    "date" : "2026-01-14",
    "price" : 640.85,
    "dma50" : 701.59,
    "dma100" : 718.89,
    "dma200" : 633.05,
    "volume" : 149160.00
  }, {
    "date" : "2026-01-16",
    "price" : 630.05,
    "dma50" : 698.79,
    "dma100" : 719.36,
    "dma200" : 633.02,
    "volume" : 177090.00
  }, {
    "date" : "2026-01-19",
    "price" : 612.20,
    "dma50" : 695.39,
    "dma100" : 719.67,
    "dma200" : 632.81,
    "volume" : 241775.00
  }, {
    "date" : "2026-01-20",
    "price" : 574.00,
    "dma50" : 690.63,
    "dma100" : 719.52,
    "dma200" : 632.23,
    "volume" : 455298.00
  }, {
    "date" : "2026-01-21",
    "price" : 571.85,
    "dma50" : 685.97,
    "dma100" : 719.41,
    "dma200" : 631.63,
    "volume" : 454274.00
  }, {
    "date" : "2026-01-22",
    "price" : 576.55,
    "dma50" : 681.68,
    "dma100" : 719.30,
    "dma200" : 631.08,
    "volume" : 202793.00
  }, {
    "date" : "2026-01-23",
    "price" : 549.15,
    "dma50" : 676.49,
    "dma100" : 719.03,
    "dma200" : 630.26,
    "volume" : 242458.00
  }, {
    "date" : "2026-01-27",
    "price" : 554.60,
    "dma50" : 671.71,
    "dma100" : 718.66,
    "dma200" : 629.51,
    "volume" : 236835.00
  }, {
    "date" : "2026-01-28",
    "price" : 575.35,
    "dma50" : 667.93,
    "dma100" : 718.46,
    "dma200" : 628.97,
    "volume" : 217124.00
  }, {
    "date" : "2026-01-29",
    "price" : 568.45,
    "dma50" : 664.03,
    "dma100" : 717.84,
    "dma200" : 628.37,
    "volume" : 237030.00
  }, {
    "date" : "2026-01-30",
    "price" : 593.60,
    "dma50" : 661.26,
    "dma100" : 717.69,
    "dma200" : 628.02,
    "volume" : 651730.00
  }, {
    "date" : "2026-02-01",
    "price" : 595.70,
    "dma50" : 658.69,
    "dma100" : 717.56,
    "dma200" : 627.70,
    "volume" : 227867.00
  }, {
    "date" : "2026-02-02",
    "price" : 591.65,
    "dma50" : 656.06,
    "dma100" : 717.16,
    "dma200" : 627.34,
    "volume" : 284053.00
  }, {
    "date" : "2026-02-03",
    "price" : 615.00,
    "dma50" : 654.45,
    "dma100" : 717.10,
    "dma200" : 627.22,
    "volume" : 292355.00
  }, {
    "date" : "2026-02-04",
    "price" : 644.10,
    "dma50" : 654.05,
    "dma100" : 717.34,
    "dma200" : 627.39,
    "volume" : 400546.00
  }, {
    "date" : "2026-02-05",
    "price" : 635.15,
    "dma50" : 653.31,
    "dma100" : 717.50,
    "dma200" : 627.47,
    "volume" : 110928.00
  }, {
    "date" : "2026-02-06",
    "price" : 626.40,
    "dma50" : 652.25,
    "dma100" : 717.58,
    "dma200" : 627.46,
    "volume" : 115006.00
  }, {
    "date" : "2026-02-09",
    "price" : 644.50,
    "dma50" : 651.95,
    "dma100" : 717.05,
    "dma200" : 627.63,
    "volume" : 227583.00
  }, {
    "date" : "2026-02-10",
    "price" : 653.65,
    "dma50" : 652.01,
    "dma100" : 716.69,
    "dma200" : 627.88,
    "volume" : 195798.00
  }, {
    "date" : "2026-02-11",
    "price" : 690.15,
    "dma50" : 653.51,
    "dma100" : 716.15,
    "dma200" : 628.50,
    "volume" : 1424488.00
  }, {
    "date" : "2026-02-12",
    "price" : 690.90,
    "dma50" : 654.98,
    "dma100" : 715.04,
    "dma200" : 629.12,
    "volume" : 441447.00
  }, {
    "date" : "2026-02-13",
    "price" : 661.90,
    "dma50" : 655.25,
    "dma100" : 713.30,
    "dma200" : 629.45,
    "volume" : 479320.00
  }, {
    "date" : "2026-02-16",
    "price" : 649.85,
    "dma50" : 655.04,
    "dma100" : 711.56,
    "dma200" : 629.65,
    "volume" : 282035.00
  }, {
    "date" : "2026-02-17",
    "price" : 657.05,
    "dma50" : 655.11,
    "dma100" : 709.98,
    "dma200" : 629.93,
    "volume" : 158756.00
  }, {
    "date" : "2026-02-18",
    "price" : 660.20,
    "dma50" : 655.31,
    "dma100" : 708.32,
    "dma200" : 630.23,
    "volume" : 232307.00
  }, {
    "date" : "2026-02-19",
    "price" : 649.80,
    "dma50" : 655.10,
    "dma100" : 706.53,
    "dma200" : 630.42,
    "volume" : 218845.00
  } ],
  "latestTechnicalAttributes" : {
    "date" : "2026-02-19",
    "price" : 649.80,
    "dma50" : 655.10,
    "dma100" : 706.53,
    "dma200" : 630.42,
    "volume" : 218845.00
  },
  "quarterlyResults" : [ {
    "date" : "2005-03-31",
    "sales" : 38.67,
    "salesGrowthYoY" : null,
    "grossProfitMargin" : 40.76,
    "grossProfit" : 15.76,
    "operatingProfitMargin" : 11.38,
    "operatingProfit" : 4.40,
    "netProfitMargin" : 4.63,
    "netProfit" : 1.79
  }, {
    "date" : "2005-06-30",
    "sales" : 34.27,
    "salesGrowthYoY" : null,
    "grossProfitMargin" : 41.06,
    "grossProfit" : 14.07,
    "operatingProfitMargin" : 11.99,
    "operatingProfit" : 4.11,
    "netProfitMargin" : 6.92,
    "netProfit" : 2.37
  }, {
    "date" : "2005-09-30",
    "sales" : 48.72,
    "salesGrowthYoY" : null,
    "grossProfitMargin" : 35.57,
    "grossProfit" : 17.33,
    "operatingProfitMargin" : 11.93,
    "operatingProfit" : 5.81,
    "netProfitMargin" : 7.04,
    "netProfit" : 3.43
  }, {
    "date" : "2005-12-31",
    "sales" : 42.56,
    "salesGrowthYoY" : null,
    "grossProfitMargin" : 38.39,
    "grossProfit" : 16.34,
    "operatingProfitMargin" : 12.88,
    "operatingProfit" : 5.48,
    "netProfitMargin" : 7.05,
    "netProfit" : 3.00
  }, {
    "date" : "2006-03-31",
    "sales" : 47.11,
    "salesGrowthYoY" : 21.83,
    "grossProfitMargin" : 39.82,
    "grossProfit" : 18.76,
    "operatingProfitMargin" : 14.03,
    "operatingProfit" : 6.61,
    "netProfitMargin" : 8.24,
    "netProfit" : 3.88
  }, {
    "date" : "2006-06-30",
    "sales" : 53.73,
    "salesGrowthYoY" : 56.78,
    "grossProfitMargin" : 36.20,
    "grossProfit" : 19.45,
    "operatingProfitMargin" : 12.94,
    "operatingProfit" : 6.95,
    "netProfitMargin" : 11.41,
    "netProfit" : 6.13
  }, {
    "date" : "2006-09-30",
    "sales" : 65.79,
    "salesGrowthYoY" : 35.04,
    "grossProfitMargin" : 37.44,
    "grossProfit" : 24.63,
    "operatingProfitMargin" : 14.50,
    "operatingProfit" : 9.54,
    "netProfitMargin" : 10.17,
    "netProfit" : 6.69
  }, {
    "date" : "2006-12-31",
    "sales" : 66.34,
    "salesGrowthYoY" : 55.87,
    "grossProfitMargin" : 37.82,
    "grossProfit" : 25.09,
    "operatingProfitMargin" : 14.02,
    "operatingProfit" : 9.30,
    "netProfitMargin" : 9.39,
    "netProfit" : 6.23
  }, {
    "date" : "2007-03-31",
    "sales" : 74.35,
    "salesGrowthYoY" : 57.82,
    "grossProfitMargin" : 35.84,
    "grossProfit" : 26.65,
    "operatingProfitMargin" : 11.24,
    "operatingProfit" : 8.36,
    "netProfitMargin" : 8.35,
    "netProfit" : 6.21
  }, {
    "date" : "2007-06-30",
    "sales" : 68.12,
    "salesGrowthYoY" : 26.78,
    "grossProfitMargin" : 36.92,
    "grossProfit" : 25.15,
    "operatingProfitMargin" : 13.67,
    "operatingProfit" : 9.31,
    "netProfitMargin" : 9.48,
    "netProfit" : 6.46
  }, {
    "date" : "2007-09-30",
    "sales" : 69.40,
    "salesGrowthYoY" : 5.49,
    "grossProfitMargin" : 38.14,
    "grossProfit" : 26.47,
    "operatingProfitMargin" : 16.46,
    "operatingProfit" : 11.42,
    "netProfitMargin" : 13.67,
    "netProfit" : 9.49
  }, {
    "date" : "2007-12-31",
    "sales" : 80.14,
    "salesGrowthYoY" : 20.80,
    "grossProfitMargin" : 42.33,
    "grossProfit" : 33.92,
    "operatingProfitMargin" : 21.41,
    "operatingProfit" : 17.16,
    "netProfitMargin" : 15.42,
    "netProfit" : 12.36
  }, {
    "date" : "2008-03-31",
    "sales" : 81.19,
    "salesGrowthYoY" : 9.20,
    "grossProfitMargin" : 47.11,
    "grossProfit" : 38.25,
    "operatingProfitMargin" : 21.53,
    "operatingProfit" : 17.48,
    "netProfitMargin" : 18.46,
    "netProfit" : 14.99
  }, {
    "date" : "2008-06-30",
    "sales" : 86.72,
    "salesGrowthYoY" : 27.30,
    "grossProfitMargin" : 44.95,
    "grossProfit" : 38.98,
    "operatingProfitMargin" : 21.32,
    "operatingProfit" : 18.49,
    "netProfitMargin" : 15.86,
    "netProfit" : 13.75
  }, {
    "date" : "2008-09-30",
    "sales" : 80.66,
    "salesGrowthYoY" : 16.22,
    "grossProfitMargin" : 43.55,
    "grossProfit" : 35.13,
    "operatingProfitMargin" : 17.68,
    "operatingProfit" : 14.26,
    "netProfitMargin" : 13.12,
    "netProfit" : 10.58
  }, {
    "date" : "2008-12-31",
    "sales" : 64.25,
    "salesGrowthYoY" : -19.83,
    "grossProfitMargin" : 44.08,
    "grossProfit" : 28.32,
    "operatingProfitMargin" : 15.83,
    "operatingProfit" : 10.17,
    "netProfitMargin" : 7.69,
    "netProfit" : 4.94
  }, {
    "date" : "2009-03-31",
    "sales" : 61.19,
    "salesGrowthYoY" : -24.63,
    "grossProfitMargin" : 46.77,
    "grossProfit" : 28.62,
    "operatingProfitMargin" : 23.65,
    "operatingProfit" : 14.47,
    "netProfitMargin" : 18.01,
    "netProfit" : 11.02
  }, {
    "date" : "2009-06-30",
    "sales" : 87.17,
    "salesGrowthYoY" : 0.52,
    "grossProfitMargin" : 48.31,
    "grossProfit" : 42.11,
    "operatingProfitMargin" : 25.20,
    "operatingProfit" : 21.97,
    "netProfitMargin" : 18.63,
    "netProfit" : 16.24
  }, {
    "date" : "2009-09-30",
    "sales" : 98.22,
    "salesGrowthYoY" : 21.77,
    "grossProfitMargin" : 54.80,
    "grossProfit" : 53.82,
    "operatingProfitMargin" : 29.21,
    "operatingProfit" : 28.69,
    "netProfitMargin" : 21.48,
    "netProfit" : 21.10
  }, {
    "date" : "2009-12-31",
    "sales" : 107.24,
    "salesGrowthYoY" : 66.91,
    "grossProfitMargin" : 46.16,
    "grossProfit" : 49.50,
    "operatingProfitMargin" : 24.55,
    "operatingProfit" : 26.33,
    "netProfitMargin" : 17.94,
    "netProfit" : 19.24
  }, {
    "date" : "2010-03-31",
    "sales" : 120.47,
    "salesGrowthYoY" : 96.88,
    "grossProfitMargin" : 44.40,
    "grossProfit" : 53.49,
    "operatingProfitMargin" : 24.08,
    "operatingProfit" : 29.01,
    "netProfitMargin" : 18.27,
    "netProfit" : 22.01
  }, {
    "date" : "2010-06-30",
    "sales" : 111.97,
    "salesGrowthYoY" : 28.45,
    "grossProfitMargin" : 50.31,
    "grossProfit" : 56.33,
    "operatingProfitMargin" : 25.77,
    "operatingProfit" : 28.85,
    "netProfitMargin" : 17.17,
    "netProfit" : 19.23
  }, {
    "date" : "2010-09-30",
    "sales" : 119.38,
    "salesGrowthYoY" : 21.54,
    "grossProfitMargin" : 44.61,
    "grossProfit" : 53.26,
    "operatingProfitMargin" : 19.95,
    "operatingProfit" : 23.82,
    "netProfitMargin" : 12.34,
    "netProfit" : 14.73
  }, {
    "date" : "2010-12-31",
    "sales" : 103.42,
    "salesGrowthYoY" : -3.56,
    "grossProfitMargin" : 47.90,
    "grossProfit" : 49.54,
    "operatingProfitMargin" : 20.19,
    "operatingProfit" : 20.88,
    "netProfitMargin" : 12.83,
    "netProfit" : 13.27
  }, {
    "date" : "2011-03-31",
    "sales" : 129.53,
    "salesGrowthYoY" : 7.52,
    "grossProfitMargin" : 41.16,
    "grossProfit" : 53.31,
    "operatingProfitMargin" : 15.70,
    "operatingProfit" : 20.34,
    "netProfitMargin" : 8.96,
    "netProfit" : 11.61
  }, {
    "date" : "2011-06-30",
    "sales" : 144.07,
    "salesGrowthYoY" : 28.67,
    "grossProfitMargin" : 43.72,
    "grossProfit" : 62.99,
    "operatingProfitMargin" : 21.35,
    "operatingProfit" : 30.76,
    "netProfitMargin" : 14.22,
    "netProfit" : 20.49
  }, {
    "date" : "2011-09-30",
    "sales" : 142.13,
    "salesGrowthYoY" : 19.06,
    "grossProfitMargin" : 41.57,
    "grossProfit" : 59.08,
    "operatingProfitMargin" : 15.32,
    "operatingProfit" : 21.77,
    "netProfitMargin" : 7.80,
    "netProfit" : 11.09
  }, {
    "date" : "2011-12-31",
    "sales" : 129.54,
    "salesGrowthYoY" : 25.26,
    "grossProfitMargin" : 44.03,
    "grossProfit" : 57.04,
    "operatingProfitMargin" : 15.15,
    "operatingProfit" : 19.63,
    "netProfitMargin" : 10.08,
    "netProfit" : 13.06
  }, {
    "date" : "2012-03-31",
    "sales" : 146.44,
    "salesGrowthYoY" : 13.05,
    "grossProfitMargin" : 42.83,
    "grossProfit" : 62.72,
    "operatingProfitMargin" : 14.76,
    "operatingProfit" : 21.61,
    "netProfitMargin" : 18.78,
    "netProfit" : 27.50
  }, {
    "date" : "2012-06-30",
    "sales" : 111.36,
    "salesGrowthYoY" : -22.70,
    "grossProfitMargin" : 43.57,
    "grossProfit" : 48.52,
    "operatingProfitMargin" : 15.69,
    "operatingProfit" : 17.47,
    "netProfitMargin" : 8.96,
    "netProfit" : 9.98
  }, {
    "date" : "2012-09-30",
    "sales" : 118.83,
    "salesGrowthYoY" : -16.39,
    "grossProfitMargin" : 42.17,
    "grossProfit" : 50.11,
    "operatingProfitMargin" : 14.68,
    "operatingProfit" : 17.44,
    "netProfitMargin" : 7.62,
    "netProfit" : 9.05
  }, {
    "date" : "2012-12-31",
    "sales" : 103.91,
    "salesGrowthYoY" : -19.79,
    "grossProfitMargin" : 43.62,
    "grossProfit" : 45.33,
    "operatingProfitMargin" : 14.33,
    "operatingProfit" : 14.89,
    "netProfitMargin" : 5.96,
    "netProfit" : 6.19
  }, {
    "date" : "2013-03-31",
    "sales" : 114.76,
    "salesGrowthYoY" : -21.63,
    "grossProfitMargin" : 41.60,
    "grossProfit" : 47.74,
    "operatingProfitMargin" : 15.21,
    "operatingProfit" : 17.45,
    "netProfitMargin" : 8.39,
    "netProfit" : 9.63
  }, {
    "date" : "2013-06-30",
    "sales" : 126.98,
    "salesGrowthYoY" : 14.03,
    "grossProfitMargin" : 41.97,
    "grossProfit" : 53.29,
    "operatingProfitMargin" : 14.80,
    "operatingProfit" : 18.79,
    "netProfitMargin" : 17.63,
    "netProfit" : 22.39
  }, {
    "date" : "2013-09-30",
    "sales" : 99.86,
    "salesGrowthYoY" : -15.96,
    "grossProfitMargin" : 45.93,
    "grossProfit" : 45.87,
    "operatingProfitMargin" : 14.81,
    "operatingProfit" : 14.79,
    "netProfitMargin" : 9.57,
    "netProfit" : 9.56
  }, {
    "date" : "2013-12-31",
    "sales" : 101.00,
    "salesGrowthYoY" : -2.80,
    "grossProfitMargin" : 45.36,
    "grossProfit" : 45.81,
    "operatingProfitMargin" : 15.66,
    "operatingProfit" : 15.82,
    "netProfitMargin" : 11.53,
    "netProfit" : 11.65
  }, {
    "date" : "2014-03-31",
    "sales" : 119.39,
    "salesGrowthYoY" : 4.03,
    "grossProfitMargin" : 44.85,
    "grossProfit" : 53.55,
    "operatingProfitMargin" : 25.60,
    "operatingProfit" : 30.56,
    "netProfitMargin" : 19.11,
    "netProfit" : 22.82
  }, {
    "date" : "2014-06-30",
    "sales" : 113.49,
    "salesGrowthYoY" : -10.62,
    "grossProfitMargin" : 43.76,
    "grossProfit" : 49.66,
    "operatingProfitMargin" : 19.37,
    "operatingProfit" : 21.98,
    "netProfitMargin" : 12.94,
    "netProfit" : 14.69
  }, {
    "date" : "2014-09-30",
    "sales" : 104.79,
    "salesGrowthYoY" : 4.94,
    "grossProfitMargin" : 46.93,
    "grossProfit" : 49.18,
    "operatingProfitMargin" : 17.46,
    "operatingProfit" : 18.30,
    "netProfitMargin" : 13.31,
    "netProfit" : 13.95
  }, {
    "date" : "2014-12-31",
    "sales" : 96.39,
    "salesGrowthYoY" : -4.56,
    "grossProfitMargin" : 41.01,
    "grossProfit" : 39.53,
    "operatingProfitMargin" : 11.62,
    "operatingProfit" : 11.20,
    "netProfitMargin" : 9.36,
    "netProfit" : 9.02
  }, {
    "date" : "2015-03-31",
    "sales" : 105.44,
    "salesGrowthYoY" : -11.68,
    "grossProfitMargin" : 41.65,
    "grossProfit" : 43.92,
    "operatingProfitMargin" : 8.14,
    "operatingProfit" : 8.58,
    "netProfitMargin" : 3.85,
    "netProfit" : 4.06
  }, {
    "date" : "2015-06-30",
    "sales" : 113.43,
    "salesGrowthYoY" : -0.05,
    "grossProfitMargin" : 43.29,
    "grossProfit" : 49.10,
    "operatingProfitMargin" : 18.22,
    "operatingProfit" : 20.67,
    "netProfitMargin" : 20.98,
    "netProfit" : 23.80
  }, {
    "date" : "2015-09-30",
    "sales" : 126.91,
    "salesGrowthYoY" : 21.11,
    "grossProfitMargin" : 44.40,
    "grossProfit" : 56.35,
    "operatingProfitMargin" : 18.27,
    "operatingProfit" : 23.19,
    "netProfitMargin" : 17.62,
    "netProfit" : 22.36
  }, {
    "date" : "2015-12-31",
    "sales" : 115.32,
    "salesGrowthYoY" : 19.64,
    "grossProfitMargin" : 45.08,
    "grossProfit" : 51.99,
    "operatingProfitMargin" : 20.25,
    "operatingProfit" : 23.35,
    "netProfitMargin" : 13.94,
    "netProfit" : 16.08
  }, {
    "date" : "2016-03-31",
    "sales" : 137.35,
    "salesGrowthYoY" : 30.26,
    "grossProfitMargin" : 42.18,
    "grossProfit" : 57.93,
    "operatingProfitMargin" : 18.56,
    "operatingProfit" : 25.49,
    "netProfitMargin" : 14.47,
    "netProfit" : 19.87
  }, {
    "date" : "2016-06-30",
    "sales" : 137.34,
    "salesGrowthYoY" : 21.08,
    "grossProfitMargin" : 46.12,
    "grossProfit" : 63.34,
    "operatingProfitMargin" : 22.47,
    "operatingProfit" : 30.86,
    "netProfitMargin" : 23.48,
    "netProfit" : 32.25
  }, {
    "date" : "2016-09-30",
    "sales" : 133.37,
    "salesGrowthYoY" : 5.09,
    "grossProfitMargin" : 46.66,
    "grossProfit" : 62.23,
    "operatingProfitMargin" : 19.56,
    "operatingProfit" : 26.09,
    "netProfitMargin" : 24.74,
    "netProfit" : 33.00
  }, {
    "date" : "2016-12-31",
    "sales" : 109.48,
    "salesGrowthYoY" : -5.06,
    "grossProfitMargin" : 44.02,
    "grossProfit" : 48.19,
    "operatingProfitMargin" : 16.68,
    "operatingProfit" : 18.26,
    "netProfitMargin" : 20.45,
    "netProfit" : 22.39
  }, {
    "date" : "2017-03-31",
    "sales" : 129.91,
    "salesGrowthYoY" : -5.42,
    "grossProfitMargin" : 40.36,
    "grossProfit" : 52.43,
    "operatingProfitMargin" : 13.77,
    "operatingProfit" : 17.89,
    "netProfitMargin" : 16.91,
    "netProfit" : 21.97
  }, {
    "date" : "2017-06-30",
    "sales" : 135.42,
    "salesGrowthYoY" : -1.40,
    "grossProfitMargin" : 39.85,
    "grossProfit" : 53.96,
    "operatingProfitMargin" : 12.93,
    "operatingProfit" : 17.51,
    "netProfitMargin" : 16.06,
    "netProfit" : 21.75
  }, {
    "date" : "2017-09-30",
    "sales" : 153.75,
    "salesGrowthYoY" : 15.28,
    "grossProfitMargin" : 39.56,
    "grossProfit" : 60.82,
    "operatingProfitMargin" : 16.98,
    "operatingProfit" : 26.11,
    "netProfitMargin" : 23.29,
    "netProfit" : 35.81
  }, {
    "date" : "2017-12-31",
    "sales" : 148.22,
    "salesGrowthYoY" : 35.39,
    "grossProfitMargin" : 41.20,
    "grossProfit" : 61.07,
    "operatingProfitMargin" : 16.10,
    "operatingProfit" : 23.86,
    "netProfitMargin" : 15.14,
    "netProfit" : 22.44
  }, {
    "date" : "2018-03-31",
    "sales" : 180.73,
    "salesGrowthYoY" : 39.12,
    "grossProfitMargin" : 36.86,
    "grossProfit" : 66.62,
    "operatingProfitMargin" : 14.44,
    "operatingProfit" : 26.10,
    "netProfitMargin" : 21.98,
    "netProfit" : 39.72
  }, {
    "date" : "2018-06-30",
    "sales" : 179.09,
    "salesGrowthYoY" : 32.25,
    "grossProfitMargin" : 38.23,
    "grossProfit" : 68.47,
    "operatingProfitMargin" : 15.44,
    "operatingProfit" : 27.65,
    "netProfitMargin" : 9.03,
    "netProfit" : 16.17
  }, {
    "date" : "2018-09-30",
    "sales" : 184.73,
    "salesGrowthYoY" : 20.15,
    "grossProfitMargin" : 36.74,
    "grossProfit" : 67.87,
    "operatingProfitMargin" : 13.06,
    "operatingProfit" : 24.13,
    "netProfitMargin" : 26.86,
    "netProfit" : 49.62
  }, {
    "date" : "2018-12-31",
    "sales" : 182.78,
    "salesGrowthYoY" : 23.32,
    "grossProfitMargin" : 35.23,
    "grossProfit" : 64.39,
    "operatingProfitMargin" : 12.29,
    "operatingProfit" : 22.46,
    "netProfitMargin" : 11.21,
    "netProfit" : 20.49
  }, {
    "date" : "2019-03-31",
    "sales" : 189.59,
    "salesGrowthYoY" : 4.90,
    "grossProfitMargin" : 37.79,
    "grossProfit" : 71.65,
    "operatingProfitMargin" : 14.16,
    "operatingProfit" : 26.85,
    "netProfitMargin" : 15.53,
    "netProfit" : 29.44
  }, {
    "date" : "2019-06-30",
    "sales" : 165.81,
    "salesGrowthYoY" : -7.42,
    "grossProfitMargin" : 36.49,
    "grossProfit" : 60.50,
    "operatingProfitMargin" : 12.39,
    "operatingProfit" : 20.54,
    "netProfitMargin" : 20.55,
    "netProfit" : 34.07
  }, {
    "date" : "2019-09-30",
    "sales" : 151.26,
    "salesGrowthYoY" : -18.12,
    "grossProfitMargin" : 40.67,
    "grossProfit" : 61.52,
    "operatingProfitMargin" : 15.17,
    "operatingProfit" : 22.95,
    "netProfitMargin" : 9.35,
    "netProfit" : 14.14
  }, {
    "date" : "2019-12-31",
    "sales" : 145.59,
    "salesGrowthYoY" : -20.35,
    "grossProfitMargin" : 37.35,
    "grossProfit" : 54.38,
    "operatingProfitMargin" : 10.19,
    "operatingProfit" : 14.84,
    "netProfitMargin" : 7.03,
    "netProfit" : 10.23
  }, {
    "date" : "2020-03-31",
    "sales" : 135.73,
    "salesGrowthYoY" : -28.41,
    "grossProfitMargin" : 39.73,
    "grossProfit" : 53.93,
    "operatingProfitMargin" : 11.88,
    "operatingProfit" : 16.12,
    "netProfitMargin" : 8.17,
    "netProfit" : 11.09
  }, {
    "date" : "2020-06-30",
    "sales" : 74.43,
    "salesGrowthYoY" : -55.11,
    "grossProfitMargin" : 44.48,
    "grossProfit" : 33.11,
    "operatingProfitMargin" : 9.20,
    "operatingProfit" : 6.85,
    "netProfitMargin" : 4.51,
    "netProfit" : 3.36
  }, {
    "date" : "2020-09-30",
    "sales" : 171.89,
    "salesGrowthYoY" : 13.64,
    "grossProfitMargin" : 43.17,
    "grossProfit" : 74.20,
    "operatingProfitMargin" : 21.86,
    "operatingProfit" : 37.58,
    "netProfitMargin" : 12.16,
    "netProfit" : 20.90
  }, {
    "date" : "2020-12-31",
    "sales" : 200.70,
    "salesGrowthYoY" : 37.85,
    "grossProfitMargin" : 41.66,
    "grossProfit" : 83.61,
    "operatingProfitMargin" : 20.61,
    "operatingProfit" : 41.36,
    "netProfitMargin" : 14.05,
    "netProfit" : 28.20
  }, {
    "date" : "2021-03-31",
    "sales" : 206.59,
    "salesGrowthYoY" : 52.21,
    "grossProfitMargin" : 38.66,
    "grossProfit" : 79.87,
    "operatingProfitMargin" : 15.03,
    "operatingProfit" : 31.05,
    "netProfitMargin" : 13.35,
    "netProfit" : 27.58
  }, {
    "date" : "2021-06-30",
    "sales" : 169.56,
    "salesGrowthYoY" : 127.81,
    "grossProfitMargin" : 39.02,
    "grossProfit" : 66.16,
    "operatingProfitMargin" : 13.15,
    "operatingProfit" : 22.30,
    "netProfitMargin" : 9.88,
    "netProfit" : 16.75
  }, {
    "date" : "2021-09-30",
    "sales" : 208.84,
    "salesGrowthYoY" : 21.50,
    "grossProfitMargin" : 34.95,
    "grossProfit" : 72.99,
    "operatingProfitMargin" : 11.77,
    "operatingProfit" : 24.58,
    "netProfitMargin" : 16.66,
    "netProfit" : 34.79
  }, {
    "date" : "2021-12-31",
    "sales" : 191.75,
    "salesGrowthYoY" : -4.46,
    "grossProfitMargin" : 37.36,
    "grossProfit" : 71.64,
    "operatingProfitMargin" : 12.96,
    "operatingProfit" : 24.85,
    "netProfitMargin" : 7.83,
    "netProfit" : 15.01
  }, {
    "date" : "2022-03-31",
    "sales" : 226.67,
    "salesGrowthYoY" : 9.72,
    "grossProfitMargin" : 35.72,
    "grossProfit" : 80.97,
    "operatingProfitMargin" : 12.90,
    "operatingProfit" : 29.24,
    "netProfitMargin" : 8.43,
    "netProfit" : 19.11
  }, {
    "date" : "2022-06-30",
    "sales" : 251.62,
    "salesGrowthYoY" : 48.40,
    "grossProfitMargin" : 38.25,
    "grossProfit" : 96.24,
    "operatingProfitMargin" : 17.44,
    "operatingProfit" : 43.88,
    "netProfitMargin" : 13.42,
    "netProfit" : 33.77
  }, {
    "date" : "2022-09-30",
    "sales" : 260.80,
    "salesGrowthYoY" : 24.88,
    "grossProfitMargin" : 35.92,
    "grossProfit" : 93.68,
    "operatingProfitMargin" : 14.62,
    "operatingProfit" : 38.13,
    "netProfitMargin" : 51.32,
    "netProfit" : 133.84
  }, {
    "date" : "2022-12-31",
    "sales" : 237.01,
    "salesGrowthYoY" : 23.60,
    "grossProfitMargin" : 38.75,
    "grossProfit" : 91.84,
    "operatingProfitMargin" : 17.51,
    "operatingProfit" : 41.50,
    "netProfitMargin" : 13.93,
    "netProfit" : 33.02
  }, {
    "date" : "2023-03-31",
    "sales" : 254.36,
    "salesGrowthYoY" : 12.22,
    "grossProfitMargin" : 39.57,
    "grossProfit" : 100.65,
    "operatingProfitMargin" : 18.27,
    "operatingProfit" : 46.47,
    "netProfitMargin" : 17.66,
    "netProfit" : 44.92
  }, {
    "date" : "2023-06-30",
    "sales" : 272.36,
    "salesGrowthYoY" : 8.24,
    "grossProfitMargin" : 40.07,
    "grossProfit" : 109.13,
    "operatingProfitMargin" : 21.05,
    "operatingProfit" : 57.33,
    "netProfitMargin" : 40.51,
    "netProfit" : 110.33
  }, {
    "date" : "2023-09-30",
    "sales" : 241.84,
    "salesGrowthYoY" : -7.27,
    "grossProfitMargin" : 41.30,
    "grossProfit" : 99.88,
    "operatingProfitMargin" : 17.40,
    "operatingProfit" : 42.08,
    "netProfitMargin" : 12.72,
    "netProfit" : 30.76
  }, {
    "date" : "2023-12-31",
    "sales" : 232.91,
    "salesGrowthYoY" : -1.73,
    "grossProfitMargin" : 40.34,
    "grossProfit" : 93.96,
    "operatingProfitMargin" : 16.89,
    "operatingProfit" : 39.34,
    "netProfitMargin" : 26.08,
    "netProfit" : 60.74
  }, {
    "date" : "2024-03-31",
    "sales" : 264.25,
    "salesGrowthYoY" : 3.89,
    "grossProfitMargin" : 38.47,
    "grossProfit" : 101.66,
    "operatingProfitMargin" : 15.81,
    "operatingProfit" : 41.78,
    "netProfitMargin" : 20.20,
    "netProfit" : 53.38
  }, {
    "date" : "2024-06-30",
    "sales" : 257.14,
    "salesGrowthYoY" : -5.59,
    "grossProfitMargin" : 39.65,
    "grossProfit" : 101.96,
    "operatingProfitMargin" : 17.38,
    "operatingProfit" : 44.69,
    "netProfitMargin" : 10.81,
    "netProfit" : 27.80
  }, {
    "date" : "2024-09-30",
    "sales" : 282.50,
    "salesGrowthYoY" : 16.81,
    "grossProfitMargin" : 39.85,
    "grossProfit" : 112.58,
    "operatingProfitMargin" : 18.20,
    "operatingProfit" : 51.41,
    "netProfitMargin" : 13.43,
    "netProfit" : 37.94
  }, {
    "date" : "2024-12-31",
    "sales" : 257.04,
    "salesGrowthYoY" : 10.36,
    "grossProfitMargin" : 40.22,
    "grossProfit" : 103.38,
    "operatingProfitMargin" : 16.62,
    "operatingProfit" : 42.72,
    "netProfitMargin" : 24.59,
    "netProfit" : 63.21
  }, {
    "date" : "2025-03-31",
    "sales" : 308.30,
    "salesGrowthYoY" : 16.67,
    "grossProfitMargin" : 41.64,
    "grossProfit" : 128.38,
    "operatingProfitMargin" : 18.57,
    "operatingProfit" : 57.25,
    "netProfitMargin" : 44.54,
    "netProfit" : 137.32
  }, {
    "date" : "2025-06-30",
    "sales" : 301.34,
    "salesGrowthYoY" : 17.19,
    "grossProfitMargin" : 42.74,
    "grossProfit" : 128.79,
    "operatingProfitMargin" : 19.77,
    "operatingProfit" : 59.57,
    "netProfitMargin" : 15.90,
    "netProfit" : 47.91
  }, {
    "date" : "2025-09-30",
    "sales" : 287.72,
    "salesGrowthYoY" : 1.85,
    "grossProfitMargin" : 41.05,
    "grossProfit" : 118.11,
    "operatingProfitMargin" : 16.57,
    "operatingProfit" : 47.68,
    "netProfitMargin" : 47.88,
    "netProfit" : 137.76
  }, {
    "date" : "2025-12-31",
    "sales" : 300.96,
    "salesGrowthYoY" : 17.09,
    "grossProfitMargin" : 41.13,
    "grossProfit" : 123.78,
    "operatingProfitMargin" : 14.72,
    "operatingProfit" : 44.30,
    "netProfitMargin" : 10.40,
    "netProfit" : 31.30
  } ],
  "latestQuarterlyResult" : {
    "date" : "2025-12-31",
    "sales" : 300.96,
    "salesGrowthYoY" : 17.09,
    "grossProfitMargin" : 41.13,
    "grossProfit" : 123.78,
    "operatingProfitMargin" : 14.72,
    "operatingProfit" : 44.30,
    "netProfitMargin" : 10.40,
    "netProfit" : 31.30
  },
  "companyScore" : {
    "priceHigherThanDma50" : 0.00,
    "priceHigherThanDma100" : 0.00,
    "priceHigherThanDma200" : 5.00,
    "dma50HigherThanDma100" : 0.00,
    "dma50HigherThanDma200" : 5.00,
    "dma100HigherThanDma200" : 5.00,
    "pricePercentageAboveDma50" : 5.04,
    "pricePercentageAboveDma100" : 5.40,
    "pricePercentageAboveDma200" : 4.85,
    "weeklyVolumeHigherThanYearlyVolume" : 0.00,
    "salesGrowthPercentile" : 11.75,
    "operatingProfitMarginPercentile" : 7.14,
    "netProfitMarginPercentile" : 3.45,
    "totalTechnicalScore" : 30.29,
    "totalFundamentalScore" : 22.35,
    "totalScore" : 52.63
  }
}