{
  "metadata" : {
    "screenerCompanyId" : "410",
    "companyCode" : "BAYERCROP",
    "companyName" : "Bayer Crop Sci.",
    "screenerCompanyLink" : "https://www.screener.in/company/BAYERCROP/",
    "screenerTechnicalHistoryLink" : "https://www.screener.in/api/company/410/chart/?q=Price-DMA50-DMA200-Volume&days=365",
    "screenerQuarterlyResultsLink" : "https://www.screener.in/api/company/410/chart/?q=GPM-OPM-NPM-Quarter+Sales&days=10000",
    "attributes" : {
      "companyCode" : "BAYERCROP",
      "companyName" : "Bayer Crop Sci.",
      "marketCap" : 21455.00,
      "peRatio" : 32.00,
      "description" : "Bayer CropScience is engaged in Agri Care business which primarily includes manufacture, sale and distribution of insecticides, fungicides, herbicide and various other agrochemical products and corn seeds.[1]"
    },
    "companyScore" : {
      "priceHigherThanDma50" : 5.00,
      "priceHigherThanDma100" : 5.00,
      "priceHigherThanDma200" : 0.00,
      "dma50HigherThanDma100" : 0.00,
      "dma50HigherThanDma200" : 0.00,
      "dma100HigherThanDma200" : 0.00,
      "pricePercentageAboveDma50" : 4.74,
      "pricePercentageAboveDma100" : 4.88,
      "pricePercentageAboveDma200" : 5.19,
      "weeklyVolumeHigherThanYearlyVolume" : 0.00,
      "salesGrowthPercentile" : 7.15,
      "operatingProfitMarginPercentile" : 14.70,
      "netProfitMarginPercentile" : 7.24,
      "totalTechnicalScore" : 24.81,
      "totalFundamentalScore" : 29.09,
      "totalScore" : 53.90
    }
  },
  "attributes" : {
    "companyCode" : "BAYERCROP",
    "companyName" : "Bayer Crop Sci.",
    "marketCap" : 21455.00,
    "peRatio" : 32.00,
    "description" : "Bayer CropScience is engaged in Agri Care business which primarily includes manufacture, sale and distribution of insecticides, fungicides, herbicide and various other agrochemical products and corn seeds.[1]"
  },
  "technicalHistory" : [ {
    "date" : "2025-02-12",
    "price" : 4389.50,
    "dma50" : 5334.24,
    "dma100" : null,
    "dma200" : 5788.29,
    "volume" : 177051.00
  }, {
    "date" : "2025-02-13",
    "price" : 4369.05,
    "dma50" : 5296.39,
    "dma100" : null,
    "dma200" : 5774.17,
    "volume" : 178908.00
  }, {
    "date" : "2025-02-14",
    "price" : 4490.55,
    "dma50" : 5264.79,
    "dma100" : null,
    "dma200" : 5761.40,
    "volume" : 138455.00
  }, {
    "date" : "2025-02-17",
    "price" : 4587.60,
    "dma50" : 5238.23,
    "dma100" : null,
    "dma200" : 5749.72,
    "volume" : 49271.00
  }, {
    "date" : "2025-02-18",
    "price" : 4700.10,
    "dma50" : 5217.13,
    "dma100" : null,
    "dma200" : 5739.28,
    "volume" : 41287.00
  }, {
    "date" : "2025-02-19",
    "price" : 4735.70,
    "dma50" : 5198.25,
    "dma100" : null,
    "dma200" : 5729.29,
    "volume" : 20340.00
  }, {
    "date" : "2025-02-20",
    "price" : 4749.25,
    "dma50" : 5180.64,
    "dma100" : null,
    "dma200" : 5719.54,
    "volume" : 21198.00
  }, {
    "date" : "2025-02-21",
    "price" : 4825.60,
    "dma50" : 5166.72,
    "dma100" : null,
    "dma200" : 5710.64,
    "volume" : 22403.00
  }, {
    "date" : "2025-02-24",
    "price" : 4723.10,
    "dma50" : 5149.32,
    "dma100" : null,
    "dma200" : 5700.82,
    "volume" : 16593.00
  }, {
    "date" : "2025-02-25",
    "price" : 4727.15,
    "dma50" : 5132.77,
    "dma100" : null,
    "dma200" : 5691.13,
    "volume" : 17149.00
  }, {
    "date" : "2025-02-27",
    "price" : 4926.00,
    "dma50" : 5124.66,
    "dma100" : null,
    "dma200" : 5683.52,
    "volume" : 80533.00
  }, {
    "date" : "2025-02-28",
    "price" : 4729.10,
    "dma50" : 5109.15,
    "dma100" : null,
    "dma200" : 5674.02,
    "volume" : 44769.00
  }, {
    "date" : "2025-03-03",
    "price" : 4704.00,
    "dma50" : 5093.26,
    "dma100" : null,
    "dma200" : 5664.37,
    "volume" : 20314.00
  }, {
    "date" : "2025-03-04",
    "price" : 4846.50,
    "dma50" : 5083.58,
    "dma100" : null,
    "dma200" : 5656.23,
    "volume" : 21242.00
  }, {
    "date" : "2025-03-05",
    "price" : 4830.50,
    "dma50" : 5073.66,
    "dma100" : null,
    "dma200" : 5648.01,
    "volume" : 20654.00
  }, {
    "date" : "2025-03-06",
    "price" : 4877.45,
    "dma50" : 5065.96,
    "dma100" : null,
    "dma200" : 5640.35,
    "volume" : 28585.00
  }, {
    "date" : "2025-03-07",
    "price" : 4877.45,
    "dma50" : 5058.57,
    "dma100" : null,
    "dma200" : 5632.76,
    "volume" : 24165.00
  }, {
    "date" : "2025-03-10",
    "price" : 4909.00,
    "dma50" : 5052.70,
    "dma100" : null,
    "dma200" : 5625.55,
    "volume" : 31645.00
  }, {
    "date" : "2025-03-11",
    "price" : 4842.05,
    "dma50" : 5044.44,
    "dma100" : null,
    "dma200" : 5617.76,
    "volume" : 20907.00
  }, {
    "date" : "2025-03-12",
    "price" : 4730.95,
    "dma50" : 5032.15,
    "dma100" : null,
    "dma200" : 5608.93,
    "volume" : 47105.00
  }, {
    "date" : "2025-03-13",
    "price" : 4737.95,
    "dma50" : 5020.61,
    "dma100" : null,
    "dma200" : 5600.27,
    "volume" : 18322.00
  }, {
    "date" : "2025-03-17",
    "price" : 4821.30,
    "dma50" : 5012.80,
    "dma100" : null,
    "dma200" : 5592.52,
    "volume" : 16340.00
  }, {
    "date" : "2025-03-18",
    "price" : 4859.80,
    "dma50" : 5006.80,
    "dma100" : null,
    "dma200" : 5585.23,
    "volume" : 21076.00
  }, {
    "date" : "2025-03-19",
    "price" : 4934.75,
    "dma50" : 5003.97,
    "dma100" : null,
    "dma200" : 5578.75,
    "volume" : 30145.00
  }, {
    "date" : "2025-03-20",
    "price" : 4970.80,
    "dma50" : 5002.67,
    "dma100" : null,
    "dma200" : 5572.70,
    "volume" : 14625.00
  }, {
    "date" : "2025-03-21",
    "price" : 4874.25,
    "dma50" : 4997.63,
    "dma100" : null,
    "dma200" : 5565.75,
    "volume" : 46511.00
  }, {
    "date" : "2025-03-24",
    "price" : 4936.45,
    "dma50" : 4995.23,
    "dma100" : null,
    "dma200" : 5559.49,
    "volume" : 23400.00
  }, {
    "date" : "2025-03-25",
    "price" : 4870.15,
    "dma50" : 4990.33,
    "dma100" : null,
    "dma200" : 5552.63,
    "volume" : 27894.00
  }, {
    "date" : "2025-03-26",
    "price" : 4855.35,
    "dma50" : 4985.04,
    "dma100" : null,
    "dma200" : 5545.70,
    "volume" : 10715.00
  }, {
    "date" : "2025-03-27",
    "price" : 4708.30,
    "dma50" : 4974.18,
    "dma100" : null,
    "dma200" : 5537.36,
    "volume" : 88061.00
  }, {
    "date" : "2025-03-28",
    "price" : 4909.60,
    "dma50" : 4971.65,
    "dma100" : null,
    "dma200" : 5531.12,
    "volume" : 420087.00
  }, {
    "date" : "2025-04-01",
    "price" : 4812.40,
    "dma50" : 4965.41,
    "dma100" : null,
    "dma200" : 5523.97,
    "volume" : 27411.00
  }, {
    "date" : "2025-04-02",
    "price" : 4817.90,
    "dma50" : 4959.62,
    "dma100" : null,
    "dma200" : 5516.94,
    "volume" : 36458.00
  }, {
    "date" : "2025-04-03",
    "price" : 4932.40,
    "dma50" : 4958.55,
    "dma100" : null,
    "dma200" : 5511.12,
    "volume" : 30894.00
  }, {
    "date" : "2025-04-04",
    "price" : 4815.90,
    "dma50" : 4952.96,
    "dma100" : null,
    "dma200" : 5504.21,
    "volume" : 20626.00
  }, {
    "date" : "2025-04-07",
    "price" : 4700.35,
    "dma50" : 4943.05,
    "dma100" : null,
    "dma200" : 5496.21,
    "volume" : 34984.00
  }, {
    "date" : "2025-04-08",
    "price" : 4819.85,
    "dma50" : 4938.22,
    "dma100" : null,
    "dma200" : 5489.48,
    "volume" : 26358.00
  }, {
    "date" : "2025-04-09",
    "price" : 4720.90,
    "dma50" : 4929.70,
    "dma100" : null,
    "dma200" : 5481.83,
    "volume" : 13978.00
  }, {
    "date" : "2025-04-11",
    "price" : 4826.90,
    "dma50" : 4925.67,
    "dma100" : null,
    "dma200" : 5475.31,
    "volume" : 27116.00
  }, {
    "date" : "2025-04-15",
    "price" : 4798.40,
    "dma50" : 4920.68,
    "dma100" : null,
    "dma200" : 5468.58,
    "volume" : 25927.00
  }, {
    "date" : "2025-04-16",
    "price" : 4860.00,
    "dma50" : 4918.30,
    "dma100" : null,
    "dma200" : 5462.52,
    "volume" : 62477.00
  }, {
    "date" : "2025-04-17",
    "price" : 4997.50,
    "dma50" : 4921.40,
    "dma100" : null,
    "dma200" : 5457.89,
    "volume" : 52244.00
  }, {
    "date" : "2025-04-21",
    "price" : 4897.20,
    "dma50" : 4920.45,
    "dma100" : null,
    "dma200" : 5452.32,
    "volume" : 23913.00
  }, {
    "date" : "2025-04-22",
    "price" : 4893.80,
    "dma50" : 4919.41,
    "dma100" : null,
    "dma200" : 5446.76,
    "volume" : 24562.00
  }, {
    "date" : "2025-04-23",
    "price" : 4950.70,
    "dma50" : 4920.64,
    "dma100" : null,
    "dma200" : 5441.82,
    "volume" : 33744.00
  }, {
    "date" : "2025-04-24",
    "price" : 4981.20,
    "dma50" : 4923.01,
    "dma100" : null,
    "dma200" : 5437.24,
    "volume" : 17884.00
  }, {
    "date" : "2025-04-25",
    "price" : 4897.40,
    "dma50" : 4922.01,
    "dma100" : null,
    "dma200" : 5431.87,
    "volume" : 37288.00
  }, {
    "date" : "2025-04-28",
    "price" : 4793.80,
    "dma50" : 4916.98,
    "dma100" : null,
    "dma200" : 5425.52,
    "volume" : 19567.00
  }, {
    "date" : "2025-04-29",
    "price" : 4767.20,
    "dma50" : 4911.11,
    "dma100" : null,
    "dma200" : 5418.97,
    "volume" : 19028.00
  }, {
    "date" : "2025-04-30",
    "price" : 4690.40,
    "dma50" : 4902.45,
    "dma100" : null,
    "dma200" : 5411.72,
    "volume" : 17553.00
  }, {
    "date" : "2025-05-02",
    "price" : 4677.80,
    "dma50" : 4893.64,
    "dma100" : null,
    "dma200" : 5404.42,
    "volume" : 24102.00
  }, {
    "date" : "2025-05-05",
    "price" : 4655.10,
    "dma50" : 4884.29,
    "dma100" : null,
    "dma200" : 5396.96,
    "volume" : 31822.00
  }, {
    "date" : "2025-05-06",
    "price" : 4687.40,
    "dma50" : 4876.57,
    "dma100" : null,
    "dma200" : 5389.90,
    "volume" : 21025.00
  }, {
    "date" : "2025-05-07",
    "price" : 4677.20,
    "dma50" : 4868.75,
    "dma100" : null,
    "dma200" : 5382.81,
    "volume" : 37695.00
  }, {
    "date" : "2025-05-08",
    "price" : 4614.60,
    "dma50" : 4858.78,
    "dma100" : null,
    "dma200" : 5375.16,
    "volume" : 21190.00
  }, {
    "date" : "2025-05-09",
    "price" : 4617.90,
    "dma50" : 4849.33,
    "dma100" : null,
    "dma200" : 5367.63,
    "volume" : 11098.00
  }, {
    "date" : "2025-05-12",
    "price" : 4774.10,
    "dma50" : 4846.38,
    "dma100" : null,
    "dma200" : 5361.72,
    "volume" : 24105.00
  }, {
    "date" : "2025-05-13",
    "price" : 4766.30,
    "dma50" : 4843.24,
    "dma100" : null,
    "dma200" : 5355.80,
    "volume" : 48774.00
  }, {
    "date" : "2025-05-14",
    "price" : 4884.70,
    "dma50" : 4844.87,
    "dma100" : null,
    "dma200" : 5351.11,
    "volume" : 35662.00
  }, {
    "date" : "2025-05-15",
    "price" : 4965.30,
    "dma50" : 4849.59,
    "dma100" : null,
    "dma200" : 5347.27,
    "volume" : 27693.00
  }, {
    "date" : "2025-05-16",
    "price" : 5040.70,
    "dma50" : 4857.09,
    "dma100" : null,
    "dma200" : 5344.22,
    "volume" : 22957.00
  }, {
    "date" : "2025-05-19",
    "price" : 5079.80,
    "dma50" : 4865.82,
    "dma100" : null,
    "dma200" : 5341.59,
    "volume" : 36393.00
  }, {
    "date" : "2025-05-20",
    "price" : 5107.40,
    "dma50" : 4875.29,
    "dma100" : null,
    "dma200" : 5339.26,
    "volume" : 47023.00
  }, {
    "date" : "2025-05-21",
    "price" : 5148.30,
    "dma50" : 4886.00,
    "dma100" : null,
    "dma200" : 5337.36,
    "volume" : 39296.00
  }, {
    "date" : "2025-05-22",
    "price" : 5056.90,
    "dma50" : 4892.70,
    "dma100" : null,
    "dma200" : 5334.57,
    "volume" : 16861.00
  }, {
    "date" : "2025-05-23",
    "price" : 4989.20,
    "dma50" : 4896.49,
    "dma100" : null,
    "dma200" : 5331.13,
    "volume" : 18524.00
  }, {
    "date" : "2025-05-26",
    "price" : 5130.80,
    "dma50" : 4905.67,
    "dma100" : null,
    "dma200" : 5329.14,
    "volume" : 55773.00
  }, {
    "date" : "2025-05-27",
    "price" : 5674.00,
    "dma50" : 4935.81,
    "dma100" : null,
    "dma200" : 5332.57,
    "volume" : 1642765.00
  }, {
    "date" : "2025-05-28",
    "price" : 5715.50,
    "dma50" : 4966.38,
    "dma100" : null,
    "dma200" : 5336.38,
    "volume" : 135583.00
  }, {
    "date" : "2025-05-29",
    "price" : 5693.00,
    "dma50" : 4994.88,
    "dma100" : null,
    "dma200" : 5339.93,
    "volume" : 97739.00
  }, {
    "date" : "2025-05-30",
    "price" : 5678.30,
    "dma50" : 5021.68,
    "dma100" : null,
    "dma200" : 5343.30,
    "volume" : 39195.00
  }, {
    "date" : "2025-06-02",
    "price" : 5617.00,
    "dma50" : 5045.02,
    "dma100" : null,
    "dma200" : 5346.02,
    "volume" : 27376.00
  }, {
    "date" : "2025-06-03",
    "price" : 5628.00,
    "dma50" : 5067.89,
    "dma100" : null,
    "dma200" : 5348.83,
    "volume" : 38836.00
  }, {
    "date" : "2025-06-04",
    "price" : 5599.50,
    "dma50" : 5088.73,
    "dma100" : null,
    "dma200" : 5351.32,
    "volume" : 51816.00
  }, {
    "date" : "2025-06-05",
    "price" : 5575.00,
    "dma50" : 5107.80,
    "dma100" : null,
    "dma200" : 5353.55,
    "volume" : 26587.00
  }, {
    "date" : "2025-06-06",
    "price" : 5498.00,
    "dma50" : 5123.10,
    "dma100" : null,
    "dma200" : 5354.98,
    "volume" : 18111.00
  }, {
    "date" : "2025-06-09",
    "price" : 5493.00,
    "dma50" : 5137.61,
    "dma100" : null,
    "dma200" : 5356.36,
    "volume" : 25878.00
  }, {
    "date" : "2025-06-10",
    "price" : 5429.00,
    "dma50" : 5149.04,
    "dma100" : null,
    "dma200" : 5357.08,
    "volume" : 18493.00
  }, {
    "date" : "2025-06-11",
    "price" : 5450.00,
    "dma50" : 5160.84,
    "dma100" : null,
    "dma200" : 5358.00,
    "volume" : 22469.00
  }, {
    "date" : "2025-06-12",
    "price" : 5387.00,
    "dma50" : 5169.71,
    "dma100" : null,
    "dma200" : 5358.29,
    "volume" : 17838.00
  }, {
    "date" : "2025-06-13",
    "price" : 5451.00,
    "dma50" : 5180.74,
    "dma100" : null,
    "dma200" : 5359.22,
    "volume" : 29414.00
  }, {
    "date" : "2025-06-16",
    "price" : 5501.50,
    "dma50" : 5193.32,
    "dma100" : null,
    "dma200" : 5360.63,
    "volume" : 30350.00
  }, {
    "date" : "2025-06-17",
    "price" : 5654.50,
    "dma50" : 5211.40,
    "dma100" : null,
    "dma200" : 5363.56,
    "volume" : 35280.00
  }, {
    "date" : "2025-06-18",
    "price" : 5659.50,
    "dma50" : 5228.98,
    "dma100" : null,
    "dma200" : 5366.50,
    "volume" : 20802.00
  }, {
    "date" : "2025-06-19",
    "price" : 5594.50,
    "dma50" : 5243.31,
    "dma100" : null,
    "dma200" : 5368.77,
    "volume" : 41895.00
  }, {
    "date" : "2025-06-20",
    "price" : 5550.50,
    "dma50" : 5255.36,
    "dma100" : null,
    "dma200" : 5370.58,
    "volume" : 53514.00
  }, {
    "date" : "2025-06-23",
    "price" : 5511.00,
    "dma50" : 5265.38,
    "dma100" : null,
    "dma200" : 5371.97,
    "volume" : 11919.00
  }, {
    "date" : "2025-06-24",
    "price" : 5654.50,
    "dma50" : 5280.64,
    "dma100" : null,
    "dma200" : 5374.79,
    "volume" : 31366.00
  }, {
    "date" : "2025-06-25",
    "price" : 5750.00,
    "dma50" : 5299.05,
    "dma100" : null,
    "dma200" : 5378.52,
    "volume" : 37613.00
  }, {
    "date" : "2025-06-26",
    "price" : 5911.00,
    "dma50" : 5323.05,
    "dma100" : null,
    "dma200" : 5383.82,
    "volume" : 60789.00
  }, {
    "date" : "2025-06-27",
    "price" : 6114.00,
    "dma50" : 5354.06,
    "dma100" : null,
    "dma200" : 5391.08,
    "volume" : 204517.00
  }, {
    "date" : "2025-06-30",
    "price" : 6294.50,
    "dma50" : 5390.94,
    "dma100" : null,
    "dma200" : 5400.07,
    "volume" : 131339.00
  }, {
    "date" : "2025-07-01",
    "price" : 6361.00,
    "dma50" : 5428.99,
    "dma100" : null,
    "dma200" : 5409.63,
    "volume" : 92259.00
  }, {
    "date" : "2025-07-02",
    "price" : 6386.50,
    "dma50" : 5466.53,
    "dma100" : null,
    "dma200" : 5419.35,
    "volume" : 119479.00
  }, {
    "date" : "2025-07-03",
    "price" : 6405.50,
    "dma50" : 5503.36,
    "dma100" : null,
    "dma200" : 5429.17,
    "volume" : 43468.00
  }, {
    "date" : "2025-07-04",
    "price" : 6435.50,
    "dma50" : 5539.91,
    "dma100" : null,
    "dma200" : 5439.18,
    "volume" : 47055.00
  }, {
    "date" : "2025-07-07",
    "price" : 6438.00,
    "dma50" : 5575.13,
    "dma100" : null,
    "dma200" : 5449.12,
    "volume" : 38024.00
  }, {
    "date" : "2025-07-08",
    "price" : 6482.50,
    "dma50" : 5610.71,
    "dma100" : null,
    "dma200" : 5459.40,
    "volume" : 59590.00
  }, {
    "date" : "2025-07-09",
    "price" : 6443.00,
    "dma50" : 5643.35,
    "dma100" : null,
    "dma200" : 5469.19,
    "volume" : 31655.00
  }, {
    "date" : "2025-07-10",
    "price" : 6282.00,
    "dma50" : 5668.40,
    "dma100" : null,
    "dma200" : 5477.27,
    "volume" : 48761.00
  }, {
    "date" : "2025-07-11",
    "price" : 6196.00,
    "dma50" : 5689.09,
    "dma100" : 5170.21,
    "dma200" : 5484.43,
    "volume" : 44207.00
  }, {
    "date" : "2025-07-14",
    "price" : 6224.50,
    "dma50" : 5710.08,
    "dma100" : 5188.77,
    "dma200" : 5491.79,
    "volume" : 25452.00
  }, {
    "date" : "2025-07-15",
    "price" : 6359.00,
    "dma50" : 5735.53,
    "dma100" : 5207.45,
    "dma200" : 5500.42,
    "volume" : 72008.00
  }, {
    "date" : "2025-07-16",
    "price" : 6340.00,
    "dma50" : 5759.24,
    "dma100" : 5224.98,
    "dma200" : 5508.77,
    "volume" : 36722.00
  }, {
    "date" : "2025-07-17",
    "price" : 6354.50,
    "dma50" : 5782.58,
    "dma100" : 5241.52,
    "dma200" : 5517.19,
    "volume" : 15352.00
  }, {
    "date" : "2025-07-18",
    "price" : 6347.50,
    "dma50" : 5804.73,
    "dma100" : 5257.64,
    "dma200" : 5525.45,
    "volume" : 26781.00
  }, {
    "date" : "2025-07-21",
    "price" : 6288.00,
    "dma50" : 5823.69,
    "dma100" : 5273.03,
    "dma200" : 5533.04,
    "volume" : 8233.00
  }, {
    "date" : "2025-07-22",
    "price" : 6280.50,
    "dma50" : 5841.60,
    "dma100" : 5287.57,
    "dma200" : 5540.48,
    "volume" : 10969.00
  }, {
    "date" : "2025-07-23",
    "price" : 6353.50,
    "dma50" : 5861.67,
    "dma100" : 5303.88,
    "dma200" : 5548.56,
    "volume" : 24594.00
  }, {
    "date" : "2025-07-24",
    "price" : 6364.00,
    "dma50" : 5881.37,
    "dma100" : 5320.25,
    "dma200" : 5556.68,
    "volume" : 26050.00
  }, {
    "date" : "2025-07-25",
    "price" : 6336.00,
    "dma50" : 5899.20,
    "dma100" : 5334.35,
    "dma200" : 5564.43,
    "volume" : 28746.00
  }, {
    "date" : "2025-07-28",
    "price" : 6327.50,
    "dma50" : 5916.00,
    "dma100" : 5350.33,
    "dma200" : 5572.03,
    "volume" : 42670.00
  }, {
    "date" : "2025-07-29",
    "price" : 6352.00,
    "dma50" : 5933.10,
    "dma100" : 5366.81,
    "dma200" : 5579.79,
    "volume" : 22740.00
  }, {
    "date" : "2025-07-30",
    "price" : 6335.00,
    "dma50" : 5948.86,
    "dma100" : 5381.70,
    "dma200" : 5587.30,
    "volume" : 70379.00
  }, {
    "date" : "2025-07-31",
    "price" : 6322.50,
    "dma50" : 5963.51,
    "dma100" : 5396.62,
    "dma200" : 5594.62,
    "volume" : 27155.00
  }, {
    "date" : "2025-08-01",
    "price" : 6254.50,
    "dma50" : 5974.92,
    "dma100" : 5410.39,
    "dma200" : 5601.18,
    "volume" : 31816.00
  }, {
    "date" : "2025-08-04",
    "price" : 6251.00,
    "dma50" : 5985.75,
    "dma100" : 5424.12,
    "dma200" : 5607.65,
    "volume" : 28690.00
  }, {
    "date" : "2025-08-05",
    "price" : 6281.00,
    "dma50" : 5997.33,
    "dma100" : 5437.84,
    "dma200" : 5614.35,
    "volume" : 34805.00
  }, {
    "date" : "2025-08-06",
    "price" : 6019.00,
    "dma50" : 5998.18,
    "dma100" : 5449.61,
    "dma200" : 5618.38,
    "volume" : 188321.00
  }, {
    "date" : "2025-08-07",
    "price" : 5677.50,
    "dma50" : 5985.60,
    "dma100" : 5459.08,
    "dma200" : 5618.96,
    "volume" : 137336.00
  }, {
    "date" : "2025-08-08",
    "price" : 5572.50,
    "dma50" : 5969.40,
    "dma100" : 5467.42,
    "dma200" : 5618.50,
    "volume" : 35889.00
  }, {
    "date" : "2025-08-11",
    "price" : 5631.00,
    "dma50" : 5956.13,
    "dma100" : 5475.52,
    "dma200" : 5618.63,
    "volume" : 19419.00
  }, {
    "date" : "2025-08-12",
    "price" : 5642.00,
    "dma50" : 5943.81,
    "dma100" : 5483.34,
    "dma200" : 5618.86,
    "volume" : 21657.00
  }, {
    "date" : "2025-08-13",
    "price" : 5652.50,
    "dma50" : 5932.39,
    "dma100" : 5490.52,
    "dma200" : 5619.19,
    "volume" : 14228.00
  }, {
    "date" : "2025-08-14",
    "price" : 5649.50,
    "dma50" : 5921.29,
    "dma100" : 5497.31,
    "dma200" : 5619.49,
    "volume" : 16790.00
  }, {
    "date" : "2025-08-18",
    "price" : 5521.50,
    "dma50" : 5905.62,
    "dma100" : 5503.78,
    "dma200" : 5618.52,
    "volume" : 37443.00
  }, {
    "date" : "2025-08-19",
    "price" : 5564.00,
    "dma50" : 5892.22,
    "dma100" : 5510.05,
    "dma200" : 5617.98,
    "volume" : 15698.00
  }, {
    "date" : "2025-08-20",
    "price" : 5582.50,
    "dma50" : 5880.07,
    "dma100" : 5517.18,
    "dma200" : 5617.62,
    "volume" : 13557.00
  }, {
    "date" : "2025-08-21",
    "price" : 5594.50,
    "dma50" : 5868.87,
    "dma100" : 5524.57,
    "dma200" : 5617.39,
    "volume" : 8266.00
  }, {
    "date" : "2025-08-22",
    "price" : 5519.00,
    "dma50" : 5855.15,
    "dma100" : 5532.68,
    "dma200" : 5616.41,
    "volume" : 23430.00
  }, {
    "date" : "2025-08-25",
    "price" : 5501.00,
    "dma50" : 5841.27,
    "dma100" : 5538.59,
    "dma200" : 5615.27,
    "volume" : 15573.00
  }, {
    "date" : "2025-08-26",
    "price" : 5331.00,
    "dma50" : 5821.25,
    "dma100" : 5543.78,
    "dma200" : 5612.44,
    "volume" : 28809.00
  }, {
    "date" : "2025-08-28",
    "price" : 5269.00,
    "dma50" : 5799.60,
    "dma100" : 5548.29,
    "dma200" : 5609.02,
    "volume" : 21828.00
  }, {
    "date" : "2025-08-29",
    "price" : 5231.50,
    "dma50" : 5777.32,
    "dma100" : 5551.28,
    "dma200" : 5605.26,
    "volume" : 21692.00
  }, {
    "date" : "2025-09-01",
    "price" : 5214.00,
    "dma50" : 5755.23,
    "dma100" : 5555.26,
    "dma200" : 5601.37,
    "volume" : 19111.00
  }, {
    "date" : "2025-09-02",
    "price" : 5202.50,
    "dma50" : 5733.55,
    "dma100" : 5560.28,
    "dma200" : 5597.40,
    "volume" : 20703.00
  }, {
    "date" : "2025-09-03",
    "price" : 5176.00,
    "dma50" : 5711.69,
    "dma100" : 5563.84,
    "dma200" : 5593.21,
    "volume" : 39142.00
  }, {
    "date" : "2025-09-04",
    "price" : 5112.00,
    "dma50" : 5688.17,
    "dma100" : 5567.75,
    "dma200" : 5588.42,
    "volume" : 30026.00
  }, {
    "date" : "2025-09-05",
    "price" : 5082.50,
    "dma50" : 5664.42,
    "dma100" : 5570.31,
    "dma200" : 5583.39,
    "volume" : 14980.00
  }, {
    "date" : "2025-09-08",
    "price" : 5057.00,
    "dma50" : 5640.60,
    "dma100" : 5572.90,
    "dma200" : 5578.15,
    "volume" : 20258.00
  }, {
    "date" : "2025-09-09",
    "price" : 5103.00,
    "dma50" : 5619.52,
    "dma100" : 5575.32,
    "dma200" : 5573.42,
    "volume" : 23250.00
  }, {
    "date" : "2025-09-10",
    "price" : 5109.50,
    "dma50" : 5599.52,
    "dma100" : 5576.44,
    "dma200" : 5568.81,
    "volume" : 19809.00
  }, {
    "date" : "2025-09-11",
    "price" : 5114.50,
    "dma50" : 5580.50,
    "dma100" : 5578.62,
    "dma200" : 5564.28,
    "volume" : 16795.00
  }, {
    "date" : "2025-09-12",
    "price" : 5102.00,
    "dma50" : 5561.73,
    "dma100" : 5580.70,
    "dma200" : 5559.68,
    "volume" : 34886.00
  }, {
    "date" : "2025-09-15",
    "price" : 5107.50,
    "dma50" : 5543.92,
    "dma100" : 5582.27,
    "dma200" : 5555.19,
    "volume" : 18414.00
  }, {
    "date" : "2025-09-16",
    "price" : 5220.00,
    "dma50" : 5531.22,
    "dma100" : 5584.66,
    "dma200" : 5551.85,
    "volume" : 53655.00
  }, {
    "date" : "2025-09-17",
    "price" : 5195.00,
    "dma50" : 5518.03,
    "dma100" : 5587.63,
    "dma200" : 5548.30,
    "volume" : 35636.00
  }, {
    "date" : "2025-09-18",
    "price" : 5197.50,
    "dma50" : 5505.46,
    "dma100" : 5591.67,
    "dma200" : 5544.81,
    "volume" : 18195.00
  }, {
    "date" : "2025-09-19",
    "price" : 5347.00,
    "dma50" : 5499.25,
    "dma100" : 5597.47,
    "dma200" : 5542.84,
    "volume" : 174074.00
  }, {
    "date" : "2025-09-22",
    "price" : 5245.00,
    "dma50" : 5489.28,
    "dma100" : 5603.01,
    "dma200" : 5539.88,
    "volume" : 20565.00
  }, {
    "date" : "2025-09-23",
    "price" : 5072.00,
    "dma50" : 5472.91,
    "dma100" : 5606.95,
    "dma200" : 5535.22,
    "volume" : 36584.00
  }, {
    "date" : "2025-09-24",
    "price" : 5033.50,
    "dma50" : 5455.68,
    "dma100" : 5610.74,
    "dma200" : 5530.23,
    "volume" : 23037.00
  }, {
    "date" : "2025-09-25",
    "price" : 4985.00,
    "dma50" : 5437.22,
    "dma100" : 5613.72,
    "dma200" : 5524.80,
    "volume" : 17524.00
  }, {
    "date" : "2025-09-26",
    "price" : 5049.00,
    "dma50" : 5422.00,
    "dma100" : 5617.43,
    "dma200" : 5520.07,
    "volume" : 26385.00
  }, {
    "date" : "2025-09-29",
    "price" : 4924.00,
    "dma50" : 5402.47,
    "dma100" : 5620.53,
    "dma200" : 5514.14,
    "volume" : 22597.00
  }, {
    "date" : "2025-09-30",
    "price" : 4810.50,
    "dma50" : 5379.25,
    "dma100" : 5622.45,
    "dma200" : 5507.14,
    "volume" : 28074.00
  }, {
    "date" : "2025-10-01",
    "price" : 4912.90,
    "dma50" : 5360.97,
    "dma100" : 5623.84,
    "dma200" : 5501.22,
    "volume" : 22330.00
  }, {
    "date" : "2025-10-03",
    "price" : 5054.90,
    "dma50" : 5348.96,
    "dma100" : 5626.73,
    "dma200" : 5496.78,
    "volume" : 16926.00
  }, {
    "date" : "2025-10-06",
    "price" : 4997.30,
    "dma50" : 5335.17,
    "dma100" : 5627.85,
    "dma200" : 5491.81,
    "volume" : 33020.00
  }, {
    "date" : "2025-10-07",
    "price" : 4991.50,
    "dma50" : 5321.70,
    "dma100" : 5628.12,
    "dma200" : 5486.84,
    "volume" : 55028.00
  }, {
    "date" : "2025-10-08",
    "price" : 4995.30,
    "dma50" : 5308.90,
    "dma100" : 5627.66,
    "dma200" : 5481.94,
    "volume" : 8979.00
  }, {
    "date" : "2025-10-09",
    "price" : 5057.60,
    "dma50" : 5299.04,
    "dma100" : 5627.44,
    "dma200" : 5477.72,
    "volume" : 12531.00
  }, {
    "date" : "2025-10-10",
    "price" : 5007.10,
    "dma50" : 5287.59,
    "dma100" : 5626.44,
    "dma200" : 5473.04,
    "volume" : 14568.00
  }, {
    "date" : "2025-10-13",
    "price" : 5005.80,
    "dma50" : 5276.54,
    "dma100" : 5625.01,
    "dma200" : 5468.39,
    "volume" : 22373.00
  }, {
    "date" : "2025-10-14",
    "price" : 4973.50,
    "dma50" : 5264.66,
    "dma100" : 5624.18,
    "dma200" : 5463.47,
    "volume" : 14954.00
  }, {
    "date" : "2025-10-15",
    "price" : 5066.30,
    "dma50" : 5256.88,
    "dma100" : 5624.95,
    "dma200" : 5459.51,
    "volume" : 13187.00
  }, {
    "date" : "2025-10-16",
    "price" : 5113.20,
    "dma50" : 5251.24,
    "dma100" : 5624.77,
    "dma200" : 5456.07,
    "volume" : 17855.00
  }, {
    "date" : "2025-10-17",
    "price" : 5023.40,
    "dma50" : 5242.31,
    "dma100" : 5618.27,
    "dma200" : 5451.76,
    "volume" : 16718.00
  }, {
    "date" : "2025-10-20",
    "price" : 4996.50,
    "dma50" : 5232.67,
    "dma100" : 5611.08,
    "dma200" : 5447.23,
    "volume" : 29007.00
  }, {
    "date" : "2025-10-21",
    "price" : 5009.40,
    "dma50" : 5223.91,
    "dma100" : 5604.24,
    "dma200" : 5442.88,
    "volume" : 2158.00
  }, {
    "date" : "2025-10-23",
    "price" : 4999.60,
    "dma50" : 5215.12,
    "dma100" : 5597.45,
    "dma200" : 5438.47,
    "volume" : 11378.00
  }, {
    "date" : "2025-10-24",
    "price" : 5019.70,
    "dma50" : 5207.45,
    "dma100" : 5591.48,
    "dma200" : 5434.30,
    "volume" : 8211.00
  }, {
    "date" : "2025-10-27",
    "price" : 5034.30,
    "dma50" : 5200.66,
    "dma100" : 5585.54,
    "dma200" : 5430.32,
    "volume" : 60540.00
  }, {
    "date" : "2025-10-28",
    "price" : 4949.30,
    "dma50" : 5190.81,
    "dma100" : 5579.04,
    "dma200" : 5425.53,
    "volume" : 17309.00
  }, {
    "date" : "2025-10-29",
    "price" : 4854.50,
    "dma50" : 5177.62,
    "dma100" : 5571.84,
    "dma200" : 5419.85,
    "volume" : 65540.00
  }, {
    "date" : "2025-10-30",
    "price" : 4925.70,
    "dma50" : 5167.74,
    "dma100" : 5566.11,
    "dma200" : 5414.93,
    "volume" : 31600.00
  }, {
    "date" : "2025-10-31",
    "price" : 4884.60,
    "dma50" : 5156.63,
    "dma100" : 5560.03,
    "dma200" : 5409.66,
    "volume" : 14294.00
  }, {
    "date" : "2025-11-03",
    "price" : 4871.70,
    "dma50" : 5145.46,
    "dma100" : 5554.46,
    "dma200" : 5404.30,
    "volume" : 15695.00
  }, {
    "date" : "2025-11-04",
    "price" : 4835.60,
    "dma50" : 5133.31,
    "dma100" : 5548.31,
    "dma200" : 5398.65,
    "volume" : 23766.00
  }, {
    "date" : "2025-11-06",
    "price" : 4744.70,
    "dma50" : 5118.07,
    "dma100" : 5541.89,
    "dma200" : 5392.14,
    "volume" : 17967.00
  }, {
    "date" : "2025-11-07",
    "price" : 4591.90,
    "dma50" : 5097.44,
    "dma100" : 5533.30,
    "dma200" : 5384.18,
    "volume" : 38936.00
  }, {
    "date" : "2025-11-10",
    "price" : 4642.70,
    "dma50" : 5079.60,
    "dma100" : 5524.71,
    "dma200" : 5376.80,
    "volume" : 43815.00
  }, {
    "date" : "2025-11-11",
    "price" : 4499.80,
    "dma50" : 5056.87,
    "dma100" : 5513.16,
    "dma200" : 5368.07,
    "volume" : 60073.00
  }, {
    "date" : "2025-11-12",
    "price" : 4506.00,
    "dma50" : 5035.26,
    "dma100" : 5501.63,
    "dma200" : 5359.49,
    "volume" : 136226.00
  }, {
    "date" : "2025-11-13",
    "price" : 4521.90,
    "dma50" : 5015.13,
    "dma100" : 5490.90,
    "dma200" : 5351.16,
    "volume" : 34907.00
  }, {
    "date" : "2025-11-14",
    "price" : 4476.20,
    "dma50" : 4994.00,
    "dma100" : 5480.16,
    "dma200" : 5342.45,
    "volume" : 40581.00
  }, {
    "date" : "2025-11-17",
    "price" : 4558.40,
    "dma50" : 4976.91,
    "dma100" : 5470.63,
    "dma200" : 5334.65,
    "volume" : 40224.00
  }, {
    "date" : "2025-11-18",
    "price" : 4553.50,
    "dma50" : 4960.31,
    "dma100" : 5459.62,
    "dma200" : 5326.88,
    "volume" : 36773.00
  }, {
    "date" : "2025-11-19",
    "price" : 4557.90,
    "dma50" : 4944.53,
    "dma100" : 5447.70,
    "dma200" : 5319.23,
    "volume" : 21544.00
  }, {
    "date" : "2025-11-20",
    "price" : 4576.20,
    "dma50" : 4930.08,
    "dma100" : 5434.35,
    "dma200" : 5311.83,
    "volume" : 22433.00
  }, {
    "date" : "2025-11-21",
    "price" : 4544.60,
    "dma50" : 4914.97,
    "dma100" : 5418.66,
    "dma200" : 5304.20,
    "volume" : 13621.00
  }, {
    "date" : "2025-11-24",
    "price" : 4535.20,
    "dma50" : 4900.08,
    "dma100" : 5401.07,
    "dma200" : 5296.55,
    "volume" : 18529.00
  }, {
    "date" : "2025-11-25",
    "price" : 4607.50,
    "dma50" : 4888.60,
    "dma100" : 5383.53,
    "dma200" : 5289.69,
    "volume" : 22656.00
  }, {
    "date" : "2025-11-26",
    "price" : 4587.50,
    "dma50" : 4876.79,
    "dma100" : 5365.54,
    "dma200" : 5282.71,
    "volume" : 22943.00
  }, {
    "date" : "2025-11-27",
    "price" : 4572.40,
    "dma50" : 4864.86,
    "dma100" : 5347.21,
    "dma200" : 5275.64,
    "volume" : 244601.00
  }, {
    "date" : "2025-11-28",
    "price" : 4658.40,
    "dma50" : 4856.76,
    "dma100" : 5329.44,
    "dma200" : 5269.50,
    "volume" : 122739.00
  }, {
    "date" : "2025-12-01",
    "price" : 4607.80,
    "dma50" : 4847.00,
    "dma100" : 5311.14,
    "dma200" : 5262.91,
    "volume" : 27654.00
  }, {
    "date" : "2025-12-02",
    "price" : 4606.20,
    "dma50" : 4837.55,
    "dma100" : 5292.37,
    "dma200" : 5256.38,
    "volume" : 23385.00
  }, {
    "date" : "2025-12-03",
    "price" : 4507.30,
    "dma50" : 4824.60,
    "dma100" : 5273.02,
    "dma200" : 5248.92,
    "volume" : 27163.00
  }, {
    "date" : "2025-12-04",
    "price" : 4506.00,
    "dma50" : 4812.11,
    "dma100" : 5255.26,
    "dma200" : 5241.53,
    "volume" : 30490.00
  }, {
    "date" : "2025-12-05",
    "price" : 4495.10,
    "dma50" : 4799.68,
    "dma100" : 5238.25,
    "dma200" : 5234.10,
    "volume" : 25921.00
  }, {
    "date" : "2025-12-08",
    "price" : 4435.60,
    "dma50" : 4785.40,
    "dma100" : 5220.36,
    "dma200" : 5226.16,
    "volume" : 34617.00
  }, {
    "date" : "2025-12-09",
    "price" : 4389.70,
    "dma50" : 4769.88,
    "dma100" : 5200.67,
    "dma200" : 5217.84,
    "volume" : 23332.00
  }, {
    "date" : "2025-12-10",
    "price" : 4401.60,
    "dma50" : 4755.44,
    "dma100" : 5181.28,
    "dma200" : 5209.71,
    "volume" : 35891.00
  }, {
    "date" : "2025-12-11",
    "price" : 4394.10,
    "dma50" : 4741.27,
    "dma100" : 5161.68,
    "dma200" : 5201.60,
    "volume" : 10771.00
  }, {
    "date" : "2025-12-12",
    "price" : 4408.80,
    "dma50" : 4728.23,
    "dma100" : 5142.29,
    "dma200" : 5193.71,
    "volume" : 12906.00
  }, {
    "date" : "2025-12-15",
    "price" : 4388.70,
    "dma50" : 4714.92,
    "dma100" : 5123.30,
    "dma200" : 5185.70,
    "volume" : 12598.00
  }, {
    "date" : "2025-12-16",
    "price" : 4374.90,
    "dma50" : 4701.58,
    "dma100" : 5104.24,
    "dma200" : 5177.63,
    "volume" : 11978.00
  }, {
    "date" : "2025-12-17",
    "price" : 4349.30,
    "dma50" : 4687.77,
    "dma100" : 5084.20,
    "dma200" : 5169.39,
    "volume" : 10614.00
  }, {
    "date" : "2025-12-18",
    "price" : 4289.70,
    "dma50" : 4672.16,
    "dma100" : 5063.46,
    "dma200" : 5160.64,
    "volume" : 17483.00
  }, {
    "date" : "2025-12-19",
    "price" : 4301.40,
    "dma50" : 4657.62,
    "dma100" : 5043.11,
    "dma200" : 5152.09,
    "volume" : 145346.00
  }, {
    "date" : "2025-12-22",
    "price" : 4364.00,
    "dma50" : 4646.10,
    "dma100" : 5023.48,
    "dma200" : 5144.25,
    "volume" : 100814.00
  }, {
    "date" : "2025-12-23",
    "price" : 4456.60,
    "dma50" : 4638.67,
    "dma100" : 5004.52,
    "dma200" : 5137.40,
    "volume" : 31644.00
  }, {
    "date" : "2025-12-24",
    "price" : 4526.90,
    "dma50" : 4634.29,
    "dma100" : 4986.44,
    "dma200" : 5131.33,
    "volume" : 26761.00
  }, {
    "date" : "2025-12-26",
    "price" : 4550.70,
    "dma50" : 4631.01,
    "dma100" : 4968.72,
    "dma200" : 5125.55,
    "volume" : 24423.00
  }, {
    "date" : "2025-12-29",
    "price" : 4537.00,
    "dma50" : 4627.32,
    "dma100" : 4951.55,
    "dma200" : 5119.70,
    "volume" : 55511.00
  }, {
    "date" : "2025-12-30",
    "price" : 4514.10,
    "dma50" : 4622.88,
    "dma100" : 4934.18,
    "dma200" : 5113.67,
    "volume" : 95527.00
  }, {
    "date" : "2025-12-31",
    "price" : 4558.00,
    "dma50" : 4620.34,
    "dma100" : 4916.95,
    "dma200" : 5108.14,
    "volume" : 17749.00
  }, {
    "date" : "2026-01-01",
    "price" : 4543.20,
    "dma50" : 4617.31,
    "dma100" : 4902.19,
    "dma200" : 5102.52,
    "volume" : 7088.00
  }, {
    "date" : "2026-01-02",
    "price" : 4546.70,
    "dma50" : 4614.54,
    "dma100" : 4890.88,
    "dma200" : 5096.99,
    "volume" : 27980.00
  }, {
    "date" : "2026-01-05",
    "price" : 4562.70,
    "dma50" : 4612.51,
    "dma100" : 4880.79,
    "dma200" : 5091.67,
    "volume" : 21229.00
  }, {
    "date" : "2026-01-06",
    "price" : 4508.10,
    "dma50" : 4608.42,
    "dma100" : 4869.56,
    "dma200" : 5085.87,
    "volume" : 19160.00
  }, {
    "date" : "2026-01-07",
    "price" : 4535.90,
    "dma50" : 4605.57,
    "dma100" : 4858.50,
    "dma200" : 5080.39,
    "volume" : 8976.00
  }, {
    "date" : "2026-01-08",
    "price" : 4495.70,
    "dma50" : 4601.26,
    "dma100" : 4846.93,
    "dma200" : 5074.58,
    "volume" : 19265.00
  }, {
    "date" : "2026-01-09",
    "price" : 4469.00,
    "dma50" : 4596.08,
    "dma100" : 4835.12,
    "dma200" : 5068.55,
    "volume" : 12041.00
  }, {
    "date" : "2026-01-12",
    "price" : 4425.50,
    "dma50" : 4589.39,
    "dma100" : 4824.16,
    "dma200" : 5062.15,
    "volume" : 20557.00
  }, {
    "date" : "2026-01-13",
    "price" : 4427.80,
    "dma50" : 4583.05,
    "dma100" : 4812.80,
    "dma200" : 5055.84,
    "volume" : 13629.00
  }, {
    "date" : "2026-01-14",
    "price" : 4412.30,
    "dma50" : 4576.36,
    "dma100" : 4801.10,
    "dma200" : 5049.44,
    "volume" : 19049.00
  }, {
    "date" : "2026-01-16",
    "price" : 4398.70,
    "dma50" : 4569.39,
    "dma100" : 4789.14,
    "dma200" : 5042.96,
    "volume" : 17963.00
  }, {
    "date" : "2026-01-19",
    "price" : 4386.30,
    "dma50" : 4562.21,
    "dma100" : 4777.81,
    "dma200" : 5036.43,
    "volume" : 12772.00
  }, {
    "date" : "2026-01-20",
    "price" : 4385.00,
    "dma50" : 4555.26,
    "dma100" : 4766.65,
    "dma200" : 5029.95,
    "volume" : 25150.00
  }, {
    "date" : "2026-01-21",
    "price" : 4399.80,
    "dma50" : 4549.16,
    "dma100" : 4757.34,
    "dma200" : 5023.68,
    "volume" : 21591.00
  }, {
    "date" : "2026-01-22",
    "price" : 4365.70,
    "dma50" : 4541.97,
    "dma100" : 4748.31,
    "dma200" : 5017.13,
    "volume" : 21430.00
  }, {
    "date" : "2026-01-23",
    "price" : 4385.20,
    "dma50" : 4535.82,
    "dma100" : 4739.85,
    "dma200" : 5010.84,
    "volume" : 11877.00
  }, {
    "date" : "2026-01-27",
    "price" : 4355.30,
    "dma50" : 4528.74,
    "dma100" : 4731.26,
    "dma200" : 5004.32,
    "volume" : 13742.00
  }, {
    "date" : "2026-01-28",
    "price" : 4374.70,
    "dma50" : 4522.70,
    "dma100" : 4722.98,
    "dma200" : 4998.05,
    "volume" : 15065.00
  }, {
    "date" : "2026-01-29",
    "price" : 4362.30,
    "dma50" : 4516.41,
    "dma100" : 4714.84,
    "dma200" : 4991.73,
    "volume" : 14334.00
  }, {
    "date" : "2026-01-30",
    "price" : 4466.20,
    "dma50" : 4514.44,
    "dma100" : 4708.39,
    "dma200" : 4986.50,
    "volume" : 24713.00
  }, {
    "date" : "2026-02-01",
    "price" : 4397.60,
    "dma50" : 4509.86,
    "dma100" : 4701.54,
    "dma200" : 4980.64,
    "volume" : 16193.00
  }, {
    "date" : "2026-02-02",
    "price" : 4424.70,
    "dma50" : 4506.52,
    "dma100" : 4695.21,
    "dma200" : 4975.11,
    "volume" : 21320.00
  }, {
    "date" : "2026-02-03",
    "price" : 4428.00,
    "dma50" : 4503.44,
    "dma100" : 4688.46,
    "dma200" : 4969.66,
    "volume" : 28227.00
  }, {
    "date" : "2026-02-04",
    "price" : 4489.30,
    "dma50" : 4502.89,
    "dma100" : 4682.26,
    "dma200" : 4964.88,
    "volume" : 11086.00
  }, {
    "date" : "2026-02-05",
    "price" : 4458.10,
    "dma50" : 4501.13,
    "dma100" : 4675.70,
    "dma200" : 4959.84,
    "volume" : 18048.00
  }, {
    "date" : "2026-02-06",
    "price" : 4489.90,
    "dma50" : 4500.69,
    "dma100" : 4669.58,
    "dma200" : 4955.16,
    "volume" : 16802.00
  }, {
    "date" : "2026-02-09",
    "price" : 4637.00,
    "dma50" : 4506.03,
    "dma100" : 4664.87,
    "dma200" : 4952.00,
    "volume" : 37653.00
  }, {
    "date" : "2026-02-10",
    "price" : 4696.40,
    "dma50" : 4513.50,
    "dma100" : 4659.64,
    "dma200" : 4949.45,
    "volume" : 47231.00
  }, {
    "date" : "2026-02-11",
    "price" : 4762.40,
    "dma50" : 4523.26,
    "dma100" : 4655.31,
    "dma200" : 4947.59,
    "volume" : 31142.00
  } ],
  "latestTechnicalAttributes" : {
    "date" : "2026-02-11",
    "price" : 4762.40,
    "dma50" : 4523.26,
    "dma100" : 4655.31,
    "dma200" : 4947.59,
    "volume" : 31142.00
  },
  "quarterlyResults" : [ {
    "date" : "2005-03-31",
    "sales" : 113.44,
    "salesGrowthYoY" : null,
    "grossProfitMargin" : 43.42,
    "grossProfit" : 49.26,
    "operatingProfitMargin" : 1.03,
    "operatingProfit" : 1.17,
    "netProfitMargin" : -1.38,
    "netProfit" : -1.57
  }, {
    "date" : "2005-06-30",
    "sales" : 134.16,
    "salesGrowthYoY" : null,
    "grossProfitMargin" : 55.13,
    "grossProfit" : 73.96,
    "operatingProfitMargin" : 11.32,
    "operatingProfit" : 15.19,
    "netProfitMargin" : 7.07,
    "netProfit" : 9.49
  }, {
    "date" : "2005-09-30",
    "sales" : 216.74,
    "salesGrowthYoY" : null,
    "grossProfitMargin" : 44.32,
    "grossProfit" : 96.06,
    "operatingProfitMargin" : 13.84,
    "operatingProfit" : 30.00,
    "netProfitMargin" : 12.00,
    "netProfit" : 26.01
  }, {
    "date" : "2005-12-31",
    "sales" : 221.01,
    "salesGrowthYoY" : null,
    "grossProfitMargin" : 40.77,
    "grossProfit" : 90.11,
    "operatingProfitMargin" : 12.66,
    "operatingProfit" : 27.98,
    "netProfitMargin" : 3.42,
    "netProfit" : 7.56
  }, {
    "date" : "2006-03-31",
    "sales" : 105.38,
    "salesGrowthYoY" : -7.11,
    "grossProfitMargin" : 46.00,
    "grossProfit" : 48.47,
    "operatingProfitMargin" : -0.59,
    "operatingProfit" : -0.62,
    "netProfitMargin" : -2.57,
    "netProfit" : -2.71
  }, {
    "date" : "2006-06-30",
    "sales" : 157.00,
    "salesGrowthYoY" : 17.02,
    "grossProfitMargin" : 49.36,
    "grossProfit" : 77.50,
    "operatingProfitMargin" : 8.87,
    "operatingProfit" : 13.93,
    "netProfitMargin" : 5.87,
    "netProfit" : 9.22
  }, {
    "date" : "2006-09-30",
    "sales" : 272.82,
    "salesGrowthYoY" : 25.87,
    "grossProfitMargin" : 41.07,
    "grossProfit" : 112.05,
    "operatingProfitMargin" : 18.96,
    "operatingProfit" : 51.73,
    "netProfitMargin" : 11.21,
    "netProfit" : 30.58
  }, {
    "date" : "2006-12-31",
    "sales" : 240.53,
    "salesGrowthYoY" : 8.83,
    "grossProfitMargin" : 36.25,
    "grossProfit" : 87.19,
    "operatingProfitMargin" : 9.94,
    "operatingProfit" : 23.91,
    "netProfitMargin" : 6.20,
    "netProfit" : 14.91
  }, {
    "date" : "2007-03-31",
    "sales" : 138.63,
    "salesGrowthYoY" : 31.55,
    "grossProfitMargin" : 42.11,
    "grossProfit" : 58.38,
    "operatingProfitMargin" : -0.19,
    "operatingProfit" : -0.26,
    "netProfitMargin" : -1.89,
    "netProfit" : -2.62
  }, {
    "date" : "2007-06-30",
    "sales" : 324.31,
    "salesGrowthYoY" : 106.57,
    "grossProfitMargin" : 27.65,
    "grossProfit" : 89.67,
    "operatingProfitMargin" : 4.00,
    "operatingProfit" : 12.97,
    "netProfitMargin" : 3.44,
    "netProfit" : 11.16
  }, {
    "date" : "2007-09-30",
    "sales" : 367.89,
    "salesGrowthYoY" : 34.85,
    "grossProfitMargin" : 41.56,
    "grossProfit" : 152.90,
    "operatingProfitMargin" : 21.20,
    "operatingProfit" : 77.99,
    "netProfitMargin" : 10.51,
    "netProfit" : 38.67
  }, {
    "date" : "2007-12-31",
    "sales" : 208.13,
    "salesGrowthYoY" : -13.47,
    "grossProfitMargin" : 37.54,
    "grossProfit" : 78.13,
    "operatingProfitMargin" : -8.48,
    "operatingProfit" : -17.65,
    "netProfitMargin" : -2.68,
    "netProfit" : -5.58
  }, {
    "date" : "2008-03-31",
    "sales" : 183.20,
    "salesGrowthYoY" : 32.15,
    "grossProfitMargin" : 38.29,
    "grossProfit" : 70.15,
    "operatingProfitMargin" : -1.36,
    "operatingProfit" : -2.49,
    "netProfitMargin" : 0.53,
    "netProfit" : 0.97
  }, {
    "date" : "2008-06-30",
    "sales" : 495.38,
    "salesGrowthYoY" : 52.75,
    "grossProfitMargin" : 32.91,
    "grossProfit" : 163.03,
    "operatingProfitMargin" : 11.33,
    "operatingProfit" : 56.13,
    "netProfitMargin" : 7.01,
    "netProfit" : 34.73
  }, {
    "date" : "2008-09-30",
    "sales" : 435.14,
    "salesGrowthYoY" : 18.28,
    "grossProfitMargin" : 41.41,
    "grossProfit" : 180.19,
    "operatingProfitMargin" : 18.31,
    "operatingProfit" : 79.67,
    "netProfitMargin" : 11.73,
    "netProfit" : 51.04
  }, {
    "date" : "2008-12-31",
    "sales" : 308.44,
    "salesGrowthYoY" : 48.20,
    "grossProfitMargin" : 47.14,
    "grossProfit" : 145.40,
    "operatingProfitMargin" : 6.49,
    "operatingProfit" : 20.02,
    "netProfitMargin" : 2.15,
    "netProfit" : 6.63
  }, {
    "date" : "2009-03-31",
    "sales" : 243.63,
    "salesGrowthYoY" : 32.99,
    "grossProfitMargin" : 41.84,
    "grossProfit" : 101.93,
    "operatingProfitMargin" : 3.71,
    "operatingProfit" : 9.04,
    "netProfitMargin" : 1.10,
    "netProfit" : 2.68
  }, {
    "date" : "2009-06-30",
    "sales" : 601.77,
    "salesGrowthYoY" : 21.48,
    "grossProfitMargin" : 33.45,
    "grossProfit" : 201.29,
    "operatingProfitMargin" : 14.09,
    "operatingProfit" : 84.79,
    "netProfitMargin" : 9.50,
    "netProfit" : 57.17
  }, {
    "date" : "2009-09-30",
    "sales" : 506.95,
    "salesGrowthYoY" : 16.50,
    "grossProfitMargin" : 39.97,
    "grossProfit" : 202.63,
    "operatingProfitMargin" : 17.61,
    "operatingProfit" : 89.27,
    "netProfitMargin" : 11.09,
    "netProfit" : 56.22
  }, {
    "date" : "2009-12-31",
    "sales" : 385.51,
    "salesGrowthYoY" : 24.99,
    "grossProfitMargin" : 42.69,
    "grossProfit" : 164.57,
    "operatingProfitMargin" : 10.66,
    "operatingProfit" : 41.10,
    "netProfitMargin" : 5.94,
    "netProfit" : 22.90
  }, {
    "date" : "2010-03-31",
    "sales" : 229.87,
    "salesGrowthYoY" : -5.65,
    "grossProfitMargin" : 41.35,
    "grossProfit" : 95.05,
    "operatingProfitMargin" : 1.13,
    "operatingProfit" : 2.60,
    "netProfitMargin" : -1.42,
    "netProfit" : -3.26
  }, {
    "date" : "2010-06-30",
    "sales" : 720.68,
    "salesGrowthYoY" : 19.76,
    "grossProfitMargin" : 29.54,
    "grossProfit" : 212.89,
    "operatingProfitMargin" : 10.61,
    "operatingProfit" : 76.46,
    "netProfitMargin" : 6.89,
    "netProfit" : 49.65
  }, {
    "date" : "2010-09-30",
    "sales" : 650.73,
    "salesGrowthYoY" : 28.36,
    "grossProfitMargin" : 38.95,
    "grossProfit" : 253.46,
    "operatingProfitMargin" : 15.74,
    "operatingProfit" : 102.42,
    "netProfitMargin" : 9.88,
    "netProfit" : 64.29
  }, {
    "date" : "2010-12-31",
    "sales" : 531.35,
    "salesGrowthYoY" : 37.83,
    "grossProfitMargin" : 39.02,
    "grossProfit" : 207.33,
    "operatingProfitMargin" : 11.78,
    "operatingProfit" : 62.59,
    "netProfitMargin" : 6.83,
    "netProfit" : 36.29
  }, {
    "date" : "2011-03-31",
    "sales" : 234.54,
    "salesGrowthYoY" : 2.03,
    "grossProfitMargin" : 38.14,
    "grossProfit" : 89.45,
    "operatingProfitMargin" : -7.84,
    "operatingProfit" : -18.39,
    "netProfitMargin" : -6.74,
    "netProfit" : -15.81
  }, {
    "date" : "2011-06-30",
    "sales" : 790.09,
    "salesGrowthYoY" : 9.63,
    "grossProfitMargin" : 29.02,
    "grossProfit" : 229.28,
    "operatingProfitMargin" : 10.30,
    "operatingProfit" : 81.38,
    "netProfitMargin" : 7.15,
    "netProfit" : 56.49
  }, {
    "date" : "2011-09-30",
    "sales" : 730.16,
    "salesGrowthYoY" : 12.21,
    "grossProfitMargin" : 37.65,
    "grossProfit" : 274.91,
    "operatingProfitMargin" : 17.35,
    "operatingProfit" : 126.68,
    "netProfitMargin" : 11.99,
    "netProfit" : 87.55
  }, {
    "date" : "2011-12-31",
    "sales" : 498.60,
    "salesGrowthYoY" : -6.16,
    "grossProfitMargin" : 39.93,
    "grossProfit" : 199.09,
    "operatingProfitMargin" : 11.63,
    "operatingProfit" : 57.99,
    "netProfitMargin" : 7.55,
    "netProfit" : 37.64
  }, {
    "date" : "2012-03-31",
    "sales" : 253.40,
    "salesGrowthYoY" : 8.04,
    "grossProfitMargin" : 44.63,
    "grossProfit" : 113.09,
    "operatingProfitMargin" : -5.20,
    "operatingProfit" : -13.18,
    "netProfitMargin" : 1.99,
    "netProfit" : 5.04
  }, {
    "date" : "2012-06-30",
    "sales" : 921.30,
    "salesGrowthYoY" : 16.61,
    "grossProfitMargin" : 32.88,
    "grossProfit" : 302.92,
    "operatingProfitMargin" : 15.13,
    "operatingProfit" : 139.39,
    "netProfitMargin" : 11.23,
    "netProfit" : 103.46
  }, {
    "date" : "2012-09-30",
    "sales" : 826.80,
    "salesGrowthYoY" : 13.24,
    "grossProfitMargin" : 37.94,
    "grossProfit" : 313.69,
    "operatingProfitMargin" : 17.79,
    "operatingProfit" : 147.09,
    "netProfitMargin" : 12.34,
    "netProfit" : 102.03
  }, {
    "date" : "2012-12-31",
    "sales" : 587.50,
    "salesGrowthYoY" : 17.83,
    "grossProfitMargin" : 38.13,
    "grossProfit" : 224.01,
    "operatingProfitMargin" : 10.77,
    "operatingProfit" : 63.27,
    "netProfitMargin" : 8.34,
    "netProfit" : 49.00
  }, {
    "date" : "2013-03-31",
    "sales" : 390.50,
    "salesGrowthYoY" : 54.10,
    "grossProfitMargin" : 36.08,
    "grossProfit" : 140.89,
    "operatingProfitMargin" : 2.84,
    "operatingProfit" : 11.09,
    "netProfitMargin" : 3.72,
    "netProfit" : 14.53
  }, {
    "date" : "2013-06-30",
    "sales" : 987.70,
    "salesGrowthYoY" : 7.21,
    "grossProfitMargin" : 30.88,
    "grossProfit" : 305.00,
    "operatingProfitMargin" : 11.93,
    "operatingProfit" : 117.83,
    "netProfitMargin" : 8.89,
    "netProfit" : 87.81
  }, {
    "date" : "2013-09-30",
    "sales" : 1050.40,
    "salesGrowthYoY" : 27.04,
    "grossProfitMargin" : 36.21,
    "grossProfit" : 380.35,
    "operatingProfitMargin" : 17.60,
    "operatingProfit" : 184.87,
    "netProfitMargin" : 11.09,
    "netProfit" : 116.49
  }, {
    "date" : "2013-12-31",
    "sales" : 654.40,
    "salesGrowthYoY" : 11.39,
    "grossProfitMargin" : 39.30,
    "grossProfit" : 257.18,
    "operatingProfitMargin" : 7.38,
    "operatingProfit" : 48.29,
    "netProfitMargin" : 5.96,
    "netProfit" : 39.00
  }, {
    "date" : "2014-03-31",
    "sales" : 552.70,
    "salesGrowthYoY" : 41.54,
    "grossProfitMargin" : 38.47,
    "grossProfit" : 212.62,
    "operatingProfitMargin" : 12.36,
    "operatingProfit" : 68.31,
    "netProfitMargin" : 8.36,
    "netProfit" : 46.21
  }, {
    "date" : "2014-06-30",
    "sales" : 1200.70,
    "salesGrowthYoY" : 21.57,
    "grossProfitMargin" : 30.97,
    "grossProfit" : 371.86,
    "operatingProfitMargin" : 12.34,
    "operatingProfit" : 148.17,
    "netProfitMargin" : 9.04,
    "netProfit" : 108.54
  }, {
    "date" : "2014-09-30",
    "sales" : 1241.00,
    "salesGrowthYoY" : 18.15,
    "grossProfitMargin" : 37.47,
    "grossProfit" : 465.00,
    "operatingProfitMargin" : 19.66,
    "operatingProfit" : 243.98,
    "netProfitMargin" : 14.19,
    "netProfit" : 176.10
  }, {
    "date" : "2014-12-31",
    "sales" : 712.00,
    "salesGrowthYoY" : 8.80,
    "grossProfitMargin" : 37.19,
    "grossProfit" : 264.79,
    "operatingProfitMargin" : 10.21,
    "operatingProfit" : 72.70,
    "netProfitMargin" : 7.72,
    "netProfit" : 54.97
  }, {
    "date" : "2015-03-31",
    "sales" : 569.60,
    "salesGrowthYoY" : 3.06,
    "grossProfitMargin" : 36.53,
    "grossProfit" : 208.07,
    "operatingProfitMargin" : 8.88,
    "operatingProfit" : 50.58,
    "netProfitMargin" : 7.62,
    "netProfit" : 43.40
  }, {
    "date" : "2015-06-30",
    "sales" : 761.40,
    "salesGrowthYoY" : -36.59,
    "grossProfitMargin" : 47.15,
    "grossProfit" : 359.00,
    "operatingProfitMargin" : 19.24,
    "operatingProfit" : 146.49,
    "netProfitMargin" : 14.53,
    "netProfit" : 110.63
  }, {
    "date" : "2015-09-30",
    "sales" : 1010.90,
    "salesGrowthYoY" : -18.54,
    "grossProfitMargin" : 42.32,
    "grossProfit" : 427.81,
    "operatingProfitMargin" : 22.11,
    "operatingProfit" : 223.51,
    "netProfitMargin" : 15.41,
    "netProfit" : 155.78
  }, {
    "date" : "2015-12-31",
    "sales" : 547.60,
    "salesGrowthYoY" : -23.09,
    "grossProfitMargin" : 41.93,
    "grossProfit" : 229.61,
    "operatingProfitMargin" : 8.05,
    "operatingProfit" : 44.08,
    "netProfitMargin" : 5.35,
    "netProfit" : 29.30
  }, {
    "date" : "2016-03-31",
    "sales" : 449.10,
    "salesGrowthYoY" : -21.16,
    "grossProfitMargin" : 37.83,
    "grossProfit" : 169.89,
    "operatingProfitMargin" : 4.56,
    "operatingProfit" : 20.48,
    "netProfitMargin" : 4.32,
    "netProfit" : 19.40
  }, {
    "date" : "2016-06-30",
    "sales" : 821.20,
    "salesGrowthYoY" : 7.85,
    "grossProfitMargin" : 48.49,
    "grossProfit" : 398.20,
    "operatingProfitMargin" : 22.93,
    "operatingProfit" : 188.30,
    "netProfitMargin" : 15.98,
    "netProfit" : 131.23
  }, {
    "date" : "2016-09-30",
    "sales" : 1103.80,
    "salesGrowthYoY" : 9.19,
    "grossProfitMargin" : 40.17,
    "grossProfit" : 443.40,
    "operatingProfitMargin" : 21.51,
    "operatingProfit" : 237.43,
    "netProfitMargin" : 14.41,
    "netProfit" : 159.06
  }, {
    "date" : "2016-12-31",
    "sales" : 662.50,
    "salesGrowthYoY" : 20.98,
    "grossProfitMargin" : 34.97,
    "grossProfit" : 231.68,
    "operatingProfitMargin" : 6.94,
    "operatingProfit" : 45.98,
    "netProfitMargin" : 5.55,
    "netProfit" : 36.77
  }, {
    "date" : "2017-03-31",
    "sales" : 215.30,
    "salesGrowthYoY" : -52.06,
    "grossProfitMargin" : 38.74,
    "grossProfit" : 83.41,
    "operatingProfitMargin" : -26.99,
    "operatingProfit" : -58.11,
    "netProfitMargin" : -16.77,
    "netProfit" : -36.11
  }, {
    "date" : "2017-06-30",
    "sales" : 698.00,
    "salesGrowthYoY" : -15.00,
    "grossProfitMargin" : 45.10,
    "grossProfit" : 314.80,
    "operatingProfitMargin" : 16.56,
    "operatingProfit" : 115.59,
    "netProfitMargin" : 16.00,
    "netProfit" : 111.68
  }, {
    "date" : "2017-09-30",
    "sales" : 1232.00,
    "salesGrowthYoY" : 11.61,
    "grossProfitMargin" : 38.17,
    "grossProfit" : 470.25,
    "operatingProfitMargin" : 23.34,
    "operatingProfit" : 287.55,
    "netProfitMargin" : 15.47,
    "netProfit" : 190.59
  }, {
    "date" : "2017-12-31",
    "sales" : 479.70,
    "salesGrowthYoY" : -27.59,
    "grossProfitMargin" : 40.73,
    "grossProfit" : 195.38,
    "operatingProfitMargin" : 4.71,
    "operatingProfit" : 22.59,
    "netProfitMargin" : 2.23,
    "netProfit" : 10.70
  }, {
    "date" : "2018-03-31",
    "sales" : 300.20,
    "salesGrowthYoY" : 39.43,
    "grossProfitMargin" : 42.90,
    "grossProfit" : 128.79,
    "operatingProfitMargin" : -5.43,
    "operatingProfit" : -16.30,
    "netProfitMargin" : -4.30,
    "netProfit" : -12.91
  }, {
    "date" : "2018-06-30",
    "sales" : 831.80,
    "salesGrowthYoY" : 19.17,
    "grossProfitMargin" : 52.56,
    "grossProfit" : 437.19,
    "operatingProfitMargin" : 27.63,
    "operatingProfit" : 229.83,
    "netProfitMargin" : 17.70,
    "netProfit" : 147.23
  }, {
    "date" : "2018-09-30",
    "sales" : 1233.90,
    "salesGrowthYoY" : 0.15,
    "grossProfitMargin" : 41.76,
    "grossProfit" : 515.28,
    "operatingProfitMargin" : 19.53,
    "operatingProfit" : 240.98,
    "netProfitMargin" : 13.52,
    "netProfit" : 166.82
  }, {
    "date" : "2018-12-31",
    "sales" : 775.10,
    "salesGrowthYoY" : 61.58,
    "grossProfitMargin" : 45.90,
    "grossProfit" : 355.77,
    "operatingProfitMargin" : 10.68,
    "operatingProfit" : 82.78,
    "netProfitMargin" : 8.14,
    "netProfit" : 63.09
  }, {
    "date" : "2019-03-31",
    "sales" : 252.20,
    "salesGrowthYoY" : -15.99,
    "grossProfitMargin" : 64.75,
    "grossProfit" : 163.30,
    "operatingProfitMargin" : -36.72,
    "operatingProfit" : -92.61,
    "netProfitMargin" : -22.64,
    "netProfit" : -57.10
  }, {
    "date" : "2019-06-30",
    "sales" : 950.40,
    "salesGrowthYoY" : 14.26,
    "grossProfitMargin" : 49.74,
    "grossProfit" : 472.73,
    "operatingProfitMargin" : 21.23,
    "operatingProfit" : 201.77,
    "netProfitMargin" : 16.30,
    "netProfit" : 154.92
  }, {
    "date" : "2019-09-30",
    "sales" : 1346.30,
    "salesGrowthYoY" : 9.11,
    "grossProfitMargin" : 42.06,
    "grossProfit" : 566.25,
    "operatingProfitMargin" : 22.74,
    "operatingProfit" : 306.15,
    "netProfitMargin" : 16.90,
    "netProfit" : 227.52
  }, {
    "date" : "2019-12-31",
    "sales" : 854.00,
    "salesGrowthYoY" : 10.18,
    "grossProfitMargin" : 46.03,
    "grossProfit" : 393.10,
    "operatingProfitMargin" : 18.77,
    "operatingProfit" : 160.30,
    "netProfitMargin" : 15.87,
    "netProfit" : 135.53
  }, {
    "date" : "2020-03-31",
    "sales" : 458.70,
    "salesGrowthYoY" : 81.88,
    "grossProfitMargin" : 58.32,
    "grossProfit" : 267.51,
    "operatingProfitMargin" : 12.69,
    "operatingProfit" : 58.21,
    "netProfitMargin" : 13.10,
    "netProfit" : 60.09
  }, {
    "date" : "2020-06-30",
    "sales" : 1227.80,
    "salesGrowthYoY" : 29.19,
    "grossProfitMargin" : 47.34,
    "grossProfit" : 581.24,
    "operatingProfitMargin" : 26.49,
    "operatingProfit" : 325.24,
    "netProfitMargin" : 20.58,
    "netProfit" : 252.68
  }, {
    "date" : "2020-09-30",
    "sales" : 1381.60,
    "salesGrowthYoY" : 2.62,
    "grossProfitMargin" : 38.67,
    "grossProfit" : 534.26,
    "operatingProfitMargin" : 21.55,
    "operatingProfit" : 297.73,
    "netProfitMargin" : 16.26,
    "netProfit" : 224.65
  }, {
    "date" : "2020-12-31",
    "sales" : 918.20,
    "salesGrowthYoY" : 7.52,
    "grossProfitMargin" : 40.61,
    "grossProfit" : 372.88,
    "operatingProfitMargin" : 11.54,
    "operatingProfit" : 105.96,
    "netProfitMargin" : -4.91,
    "netProfit" : -45.08
  }, {
    "date" : "2021-03-31",
    "sales" : 733.70,
    "salesGrowthYoY" : 59.95,
    "grossProfitMargin" : 44.58,
    "grossProfit" : 327.08,
    "operatingProfitMargin" : 11.27,
    "operatingProfit" : 82.69,
    "netProfitMargin" : 7.78,
    "netProfit" : 57.08
  }, {
    "date" : "2021-06-30",
    "sales" : 1415.90,
    "salesGrowthYoY" : 15.32,
    "grossProfitMargin" : 44.47,
    "grossProfit" : 629.65,
    "operatingProfitMargin" : 22.76,
    "operatingProfit" : 322.26,
    "netProfitMargin" : 17.92,
    "netProfit" : 253.73
  }, {
    "date" : "2021-09-30",
    "sales" : 1365.10,
    "salesGrowthYoY" : -1.19,
    "grossProfitMargin" : 38.77,
    "grossProfit" : 529.25,
    "operatingProfitMargin" : 16.25,
    "operatingProfit" : 221.83,
    "netProfitMargin" : 11.29,
    "netProfit" : 154.12
  }, {
    "date" : "2021-12-31",
    "sales" : 990.10,
    "salesGrowthYoY" : 7.83,
    "grossProfitMargin" : 42.95,
    "grossProfit" : 425.25,
    "operatingProfitMargin" : 6.70,
    "operatingProfit" : 66.34,
    "netProfitMargin" : 4.31,
    "netProfit" : 42.67
  }, {
    "date" : "2022-03-31",
    "sales" : 963.30,
    "salesGrowthYoY" : 31.29,
    "grossProfitMargin" : 50.46,
    "grossProfit" : 486.08,
    "operatingProfitMargin" : 20.83,
    "operatingProfit" : 200.66,
    "netProfitMargin" : 15.85,
    "netProfit" : 152.68
  }, {
    "date" : "2022-06-30",
    "sales" : 1667.40,
    "salesGrowthYoY" : 17.76,
    "grossProfitMargin" : 48.46,
    "grossProfit" : 808.02,
    "operatingProfitMargin" : 23.70,
    "operatingProfit" : 395.17,
    "netProfitMargin" : 18.15,
    "netProfit" : 302.63
  }, {
    "date" : "2022-09-30",
    "sales" : 1451.90,
    "salesGrowthYoY" : 6.36,
    "grossProfitMargin" : 39.37,
    "grossProfit" : 571.61,
    "operatingProfitMargin" : 16.39,
    "operatingProfit" : 237.97,
    "netProfitMargin" : 11.20,
    "netProfit" : 162.61
  }, {
    "date" : "2022-12-31",
    "sales" : 1037.90,
    "salesGrowthYoY" : 4.83,
    "grossProfitMargin" : 42.67,
    "grossProfit" : 442.87,
    "operatingProfitMargin" : 8.23,
    "operatingProfit" : 85.42,
    "netProfitMargin" : 5.85,
    "netProfit" : 60.72
  }, {
    "date" : "2023-03-31",
    "sales" : 982.50,
    "salesGrowthYoY" : 1.99,
    "grossProfitMargin" : 51.01,
    "grossProfit" : 501.17,
    "operatingProfitMargin" : 20.95,
    "operatingProfit" : 205.83,
    "netProfitMargin" : 15.88,
    "netProfit" : 156.02
  }, {
    "date" : "2023-06-30",
    "sales" : 1739.60,
    "salesGrowthYoY" : 4.33,
    "grossProfitMargin" : 42.67,
    "grossProfit" : 742.29,
    "operatingProfitMargin" : 24.41,
    "operatingProfit" : 424.64,
    "netProfitMargin" : 18.88,
    "netProfit" : 328.44
  }, {
    "date" : "2023-09-30",
    "sales" : 1617.20,
    "salesGrowthYoY" : 11.39,
    "grossProfitMargin" : 37.60,
    "grossProfit" : 608.07,
    "operatingProfitMargin" : 18.85,
    "operatingProfit" : 304.84,
    "netProfitMargin" : 13.78,
    "netProfit" : 222.85
  }, {
    "date" : "2023-12-31",
    "sales" : 954.90,
    "salesGrowthYoY" : -8.00,
    "grossProfitMargin" : 44.66,
    "grossProfit" : 426.46,
    "operatingProfitMargin" : 13.39,
    "operatingProfit" : 127.86,
    "netProfitMargin" : 9.75,
    "netProfit" : 93.10
  }, {
    "date" : "2024-03-31",
    "sales" : 792.30,
    "salesGrowthYoY" : -19.36,
    "grossProfitMargin" : 52.44,
    "grossProfit" : 415.48,
    "operatingProfitMargin" : 12.29,
    "operatingProfit" : 97.37,
    "netProfitMargin" : 12.12,
    "netProfit" : 96.03
  }, {
    "date" : "2024-06-30",
    "sales" : 1631.40,
    "salesGrowthYoY" : -6.22,
    "grossProfitMargin" : 39.65,
    "grossProfit" : 646.85,
    "operatingProfitMargin" : 19.26,
    "operatingProfit" : 314.21,
    "netProfitMargin" : 15.58,
    "netProfit" : 254.17
  }, {
    "date" : "2024-09-30",
    "sales" : 1737.60,
    "salesGrowthYoY" : 7.44,
    "grossProfitMargin" : 31.41,
    "grossProfit" : 545.78,
    "operatingProfitMargin" : 10.58,
    "operatingProfit" : 183.84,
    "netProfitMargin" : 7.84,
    "netProfit" : 136.23
  }, {
    "date" : "2024-12-31",
    "sales" : 1057.40,
    "salesGrowthYoY" : 10.73,
    "grossProfitMargin" : 37.74,
    "grossProfit" : 399.06,
    "operatingProfitMargin" : 1.91,
    "operatingProfit" : 20.20,
    "netProfitMargin" : 3.23,
    "netProfit" : 34.15
  }, {
    "date" : "2025-03-31",
    "sales" : 1046.40,
    "salesGrowthYoY" : 32.07,
    "grossProfitMargin" : 46.09,
    "grossProfit" : 482.29,
    "operatingProfitMargin" : 16.32,
    "operatingProfit" : 170.77,
    "netProfitMargin" : 13.69,
    "netProfit" : 143.25
  }, {
    "date" : "2025-06-30",
    "sales" : 1914.60,
    "salesGrowthYoY" : 17.36,
    "grossProfitMargin" : 38.86,
    "grossProfit" : 744.01,
    "operatingProfitMargin" : 18.20,
    "operatingProfit" : 348.46,
    "netProfitMargin" : 14.56,
    "netProfit" : 278.77
  }, {
    "date" : "2025-09-30",
    "sales" : 1553.40,
    "salesGrowthYoY" : -10.60,
    "grossProfitMargin" : 34.23,
    "grossProfit" : 531.73,
    "operatingProfitMargin" : 13.22,
    "operatingProfit" : 205.36,
    "netProfitMargin" : 9.83,
    "netProfit" : 152.70
  }, {
    "date" : "2025-12-31",
    "sales" : 1106.20,
    "salesGrowthYoY" : 4.62,
    "grossProfitMargin" : 43.18,
    "grossProfit" : 477.66,
    "operatingProfitMargin" : 10.59,
    "operatingProfit" : 117.15,
    "netProfitMargin" : 8.65,
    "netProfit" : 95.69
  } ],
  "latestQuarterlyResult" : {
    "date" : "2025-12-31",
    "sales" : 1106.20,
    "salesGrowthYoY" : 4.62,
    "grossProfitMargin" : 43.18,
    "grossProfit" : 477.66,
    "operatingProfitMargin" : 10.59,
    "operatingProfit" : 117.15,
    "netProfitMargin" : 8.65,
    "netProfit" : 95.69
  },
  "companyScore" : {
    "priceHigherThanDma50" : 5.00,
    "priceHigherThanDma100" : 5.00,
    "priceHigherThanDma200" : 0.00,
    "dma50HigherThanDma100" : 0.00,
    "dma50HigherThanDma200" : 0.00,
    "dma100HigherThanDma200" : 0.00,
    "pricePercentageAboveDma50" : 4.74,
    "pricePercentageAboveDma100" : 4.88,
    "pricePercentageAboveDma200" : 5.19,
    "weeklyVolumeHigherThanYearlyVolume" : 0.00,
    "salesGrowthPercentile" : 7.15,
    "operatingProfitMarginPercentile" : 14.70,
    "netProfitMarginPercentile" : 7.24,
    "totalTechnicalScore" : 24.81,
    "totalFundamentalScore" : 29.09,
    "totalScore" : 53.90
  }
}