{
  "metadata" : {
    "screenerCompanyId" : "456",
    "companyCode" : "BEL",
    "companyName" : "Bharat Electron",
    "screenerCompanyLink" : "https://www.screener.in/company/BEL/consolidated/",
    "screenerTechnicalHistoryLink" : "https://www.screener.in/api/company/456/chart/?q=Price-DMA50-DMA200-Volume&days=365",
    "screenerQuarterlyResultsLink" : "https://www.screener.in/api/company/456/chart/?q=GPM-OPM-NPM-Quarter+Sales&days=10000",
    "attributes" : {
      "companyCode" : "BEL",
      "companyName" : "Bharat Electron",
      "marketCap" : 287165.00,
      "peRatio" : 50.40,
      "description" : "Incorporated in 1954, Bharat Electronics Ltd manufactures and supplies electronic equipment and systems to the defence sector. Company also has a limited presence in the civilian market[1]"
    },
    "companyScore" : {
      "priceHigherThanDma50" : 0.00,
      "priceHigherThanDma100" : 0.00,
      "priceHigherThanDma200" : 5.00,
      "dma50HigherThanDma100" : 5.00,
      "dma50HigherThanDma200" : 5.00,
      "dma100HigherThanDma200" : 5.00,
      "pricePercentageAboveDma50" : 5.13,
      "pricePercentageAboveDma100" : 5.08,
      "pricePercentageAboveDma200" : 4.76,
      "weeklyVolumeHigherThanYearlyVolume" : 0.00,
      "salesGrowthPercentile" : 15.95,
      "operatingProfitMarginPercentile" : 19.24,
      "netProfitMarginPercentile" : 9.40,
      "totalTechnicalScore" : 34.97,
      "totalFundamentalScore" : 44.59,
      "totalScore" : 79.56
    }
  },
  "attributes" : {
    "companyCode" : "BEL",
    "companyName" : "Bharat Electron",
    "marketCap" : 287165.00,
    "peRatio" : 50.40,
    "description" : "Incorporated in 1954, Bharat Electronics Ltd manufactures and supplies electronic equipment and systems to the defence sector. Company also has a limited presence in the civilian market[1]"
  },
  "technicalHistory" : [ {
    "date" : "2024-12-23",
    "price" : 294.35,
    "dma50" : 298.06,
    "dma100" : null,
    "dma200" : 270.06,
    "volume" : 10847780.00
  }, {
    "date" : "2024-12-24",
    "price" : 292.45,
    "dma50" : 297.84,
    "dma100" : null,
    "dma200" : 270.28,
    "volume" : 11623813.00
  }, {
    "date" : "2024-12-26",
    "price" : 295.20,
    "dma50" : 297.73,
    "dma100" : null,
    "dma200" : 270.53,
    "volume" : 9408907.00
  }, {
    "date" : "2024-12-27",
    "price" : 292.05,
    "dma50" : 297.51,
    "dma100" : null,
    "dma200" : 270.74,
    "volume" : 10162455.00
  }, {
    "date" : "2024-12-30",
    "price" : 284.90,
    "dma50" : 297.01,
    "dma100" : null,
    "dma200" : 270.89,
    "volume" : 26642978.00
  }, {
    "date" : "2024-12-31",
    "price" : 293.15,
    "dma50" : 296.86,
    "dma100" : null,
    "dma200" : 271.11,
    "volume" : 16061310.00
  }, {
    "date" : "2025-01-01",
    "price" : 293.90,
    "dma50" : 296.75,
    "dma100" : null,
    "dma200" : 271.33,
    "volume" : 7165622.00
  }, {
    "date" : "2025-01-02",
    "price" : 296.80,
    "dma50" : 296.75,
    "dma100" : null,
    "dma200" : 271.59,
    "volume" : 14121511.00
  }, {
    "date" : "2025-01-03",
    "price" : 291.95,
    "dma50" : 296.56,
    "dma100" : null,
    "dma200" : 271.79,
    "volume" : 8413937.00
  }, {
    "date" : "2025-01-06",
    "price" : 282.15,
    "dma50" : 296.00,
    "dma100" : null,
    "dma200" : 271.89,
    "volume" : 13812787.00
  }, {
    "date" : "2025-01-07",
    "price" : 287.00,
    "dma50" : 295.64,
    "dma100" : null,
    "dma200" : 272.04,
    "volume" : 13730684.00
  }, {
    "date" : "2025-01-08",
    "price" : 282.10,
    "dma50" : 295.11,
    "dma100" : null,
    "dma200" : 272.14,
    "volume" : 11181292.00
  }, {
    "date" : "2025-01-09",
    "price" : 281.25,
    "dma50" : 294.57,
    "dma100" : null,
    "dma200" : 272.23,
    "volume" : 12914172.00
  }, {
    "date" : "2025-01-10",
    "price" : 271.00,
    "dma50" : 293.64,
    "dma100" : null,
    "dma200" : 272.22,
    "volume" : 16145099.00
  }, {
    "date" : "2025-01-13",
    "price" : 259.60,
    "dma50" : 292.31,
    "dma100" : null,
    "dma200" : 272.10,
    "volume" : 20828812.00
  }, {
    "date" : "2025-01-14",
    "price" : 269.90,
    "dma50" : 291.43,
    "dma100" : null,
    "dma200" : 272.07,
    "volume" : 19501227.00
  }, {
    "date" : "2025-01-15",
    "price" : 267.85,
    "dma50" : 290.51,
    "dma100" : null,
    "dma200" : 272.03,
    "volume" : 12486400.00
  }, {
    "date" : "2025-01-16",
    "price" : 276.15,
    "dma50" : 289.94,
    "dma100" : null,
    "dma200" : 272.07,
    "volume" : 18010770.00
  }, {
    "date" : "2025-01-17",
    "price" : 282.15,
    "dma50" : 289.64,
    "dma100" : null,
    "dma200" : 272.17,
    "volume" : 13623157.00
  }, {
    "date" : "2025-01-20",
    "price" : 285.80,
    "dma50" : 289.49,
    "dma100" : null,
    "dma200" : 272.31,
    "volume" : 11251727.00
  }, {
    "date" : "2025-01-21",
    "price" : 279.00,
    "dma50" : 289.08,
    "dma100" : null,
    "dma200" : 272.38,
    "volume" : 13514054.00
  }, {
    "date" : "2025-01-22",
    "price" : 270.35,
    "dma50" : 288.34,
    "dma100" : null,
    "dma200" : 272.36,
    "volume" : 22082178.00
  }, {
    "date" : "2025-01-23",
    "price" : 273.95,
    "dma50" : 287.78,
    "dma100" : null,
    "dma200" : 272.37,
    "volume" : 12556538.00
  }, {
    "date" : "2025-01-24",
    "price" : 270.15,
    "dma50" : 287.09,
    "dma100" : null,
    "dma200" : 272.35,
    "volume" : 10822549.00
  }, {
    "date" : "2025-01-27",
    "price" : 262.95,
    "dma50" : 286.14,
    "dma100" : null,
    "dma200" : 272.26,
    "volume" : 14643501.00
  }, {
    "date" : "2025-01-28",
    "price" : 258.25,
    "dma50" : 285.05,
    "dma100" : null,
    "dma200" : 272.12,
    "volume" : 30205137.00
  }, {
    "date" : "2025-01-29",
    "price" : 267.20,
    "dma50" : 284.35,
    "dma100" : null,
    "dma200" : 272.07,
    "volume" : 14819990.00
  }, {
    "date" : "2025-01-30",
    "price" : 278.75,
    "dma50" : 284.13,
    "dma100" : null,
    "dma200" : 272.13,
    "volume" : 48745551.00
  }, {
    "date" : "2025-01-31",
    "price" : 292.65,
    "dma50" : 284.46,
    "dma100" : null,
    "dma200" : 272.34,
    "volume" : 53731721.00
  }, {
    "date" : "2025-02-01",
    "price" : 281.80,
    "dma50" : 284.36,
    "dma100" : null,
    "dma200" : 272.43,
    "volume" : 68243024.00
  }, {
    "date" : "2025-02-03",
    "price" : 274.15,
    "dma50" : 283.96,
    "dma100" : null,
    "dma200" : 272.45,
    "volume" : 44641914.00
  }, {
    "date" : "2025-02-04",
    "price" : 284.50,
    "dma50" : 283.98,
    "dma100" : null,
    "dma200" : 272.57,
    "volume" : 30001118.00
  }, {
    "date" : "2025-02-05",
    "price" : 288.95,
    "dma50" : 284.17,
    "dma100" : null,
    "dma200" : 272.73,
    "volume" : 19449810.00
  }, {
    "date" : "2025-02-06",
    "price" : 279.75,
    "dma50" : 284.00,
    "dma100" : null,
    "dma200" : 272.80,
    "volume" : 17601374.00
  }, {
    "date" : "2025-02-07",
    "price" : 277.05,
    "dma50" : 283.73,
    "dma100" : null,
    "dma200" : 272.84,
    "volume" : 27777861.00
  }, {
    "date" : "2025-02-10",
    "price" : 273.45,
    "dma50" : 283.32,
    "dma100" : null,
    "dma200" : 272.85,
    "volume" : 22499529.00
  }, {
    "date" : "2025-02-11",
    "price" : 265.05,
    "dma50" : 282.61,
    "dma100" : null,
    "dma200" : 272.77,
    "volume" : 25268258.00
  }, {
    "date" : "2025-02-12",
    "price" : 259.15,
    "dma50" : 281.69,
    "dma100" : null,
    "dma200" : 272.64,
    "volume" : 30284935.00
  }, {
    "date" : "2025-02-13",
    "price" : 261.55,
    "dma50" : 280.90,
    "dma100" : null,
    "dma200" : 272.53,
    "volume" : 19376943.00
  }, {
    "date" : "2025-02-14",
    "price" : 250.35,
    "dma50" : 279.70,
    "dma100" : null,
    "dma200" : 272.31,
    "volume" : 27857516.00
  }, {
    "date" : "2025-02-17",
    "price" : 248.50,
    "dma50" : 278.48,
    "dma100" : null,
    "dma200" : 272.07,
    "volume" : 26572111.00
  }, {
    "date" : "2025-02-18",
    "price" : 244.60,
    "dma50" : 277.15,
    "dma100" : null,
    "dma200" : 271.80,
    "volume" : 22466694.00
  }, {
    "date" : "2025-02-19",
    "price" : 253.40,
    "dma50" : 276.22,
    "dma100" : null,
    "dma200" : 271.61,
    "volume" : 22073699.00
  }, {
    "date" : "2025-02-20",
    "price" : 260.25,
    "dma50" : 275.59,
    "dma100" : null,
    "dma200" : 271.50,
    "volume" : 20311499.00
  }, {
    "date" : "2025-02-21",
    "price" : 256.10,
    "dma50" : 274.83,
    "dma100" : null,
    "dma200" : 271.35,
    "volume" : 17632572.00
  }, {
    "date" : "2025-02-24",
    "price" : 256.35,
    "dma50" : 274.10,
    "dma100" : null,
    "dma200" : 271.20,
    "volume" : 15709062.00
  }, {
    "date" : "2025-02-25",
    "price" : 256.65,
    "dma50" : 273.42,
    "dma100" : null,
    "dma200" : 271.05,
    "volume" : 15498855.00
  }, {
    "date" : "2025-02-27",
    "price" : 252.45,
    "dma50" : 272.59,
    "dma100" : null,
    "dma200" : 270.87,
    "volume" : 11482658.00
  }, {
    "date" : "2025-02-28",
    "price" : 246.25,
    "dma50" : 271.56,
    "dma100" : null,
    "dma200" : 270.62,
    "volume" : 19486327.00
  }, {
    "date" : "2025-03-03",
    "price" : 257.39,
    "dma50" : 271.01,
    "dma100" : null,
    "dma200" : 270.49,
    "volume" : 26789599.00
  }, {
    "date" : "2025-03-04",
    "price" : 264.71,
    "dma50" : 270.76,
    "dma100" : null,
    "dma200" : 270.43,
    "volume" : 26582902.00
  }, {
    "date" : "2025-03-05",
    "price" : 274.92,
    "dma50" : 270.92,
    "dma100" : null,
    "dma200" : 270.48,
    "volume" : 29210843.00
  }, {
    "date" : "2025-03-06",
    "price" : 272.95,
    "dma50" : 271.00,
    "dma100" : null,
    "dma200" : 270.50,
    "volume" : 23310458.00
  }, {
    "date" : "2025-03-07",
    "price" : 276.99,
    "dma50" : 271.24,
    "dma100" : null,
    "dma200" : 270.57,
    "volume" : 26841746.00
  }, {
    "date" : "2025-03-10",
    "price" : 272.33,
    "dma50" : 271.28,
    "dma100" : null,
    "dma200" : 270.58,
    "volume" : 22491478.00
  }, {
    "date" : "2025-03-11",
    "price" : 277.18,
    "dma50" : 271.51,
    "dma100" : null,
    "dma200" : 270.65,
    "volume" : 21752176.00
  }, {
    "date" : "2025-03-12",
    "price" : 276.83,
    "dma50" : 271.72,
    "dma100" : null,
    "dma200" : 270.71,
    "volume" : 15926752.00
  }, {
    "date" : "2025-03-13",
    "price" : 280.07,
    "dma50" : 272.05,
    "dma100" : null,
    "dma200" : 270.81,
    "volume" : 39162815.00
  }, {
    "date" : "2025-03-17",
    "price" : 279.93,
    "dma50" : 272.36,
    "dma100" : null,
    "dma200" : 270.90,
    "volume" : 15298162.00
  }, {
    "date" : "2025-03-18",
    "price" : 285.31,
    "dma50" : 272.86,
    "dma100" : null,
    "dma200" : 271.04,
    "volume" : 16459936.00
  }, {
    "date" : "2025-03-19",
    "price" : 290.00,
    "dma50" : 273.54,
    "dma100" : null,
    "dma200" : 271.23,
    "volume" : 21697004.00
  }, {
    "date" : "2025-03-20",
    "price" : 297.05,
    "dma50" : 274.46,
    "dma100" : null,
    "dma200" : 271.48,
    "volume" : 29038445.00
  }, {
    "date" : "2025-03-21",
    "price" : 295.74,
    "dma50" : 275.29,
    "dma100" : null,
    "dma200" : 271.73,
    "volume" : 42611492.00
  }, {
    "date" : "2025-03-24",
    "price" : 302.10,
    "dma50" : 276.34,
    "dma100" : null,
    "dma200" : 272.03,
    "volume" : 32191985.00
  }, {
    "date" : "2025-03-25",
    "price" : 300.03,
    "dma50" : 277.27,
    "dma100" : null,
    "dma200" : 272.31,
    "volume" : 20597113.00
  }, {
    "date" : "2025-03-26",
    "price" : 299.54,
    "dma50" : 278.15,
    "dma100" : null,
    "dma200" : 272.58,
    "volume" : 24757017.00
  }, {
    "date" : "2025-03-27",
    "price" : 300.65,
    "dma50" : 279.03,
    "dma100" : null,
    "dma200" : 272.86,
    "volume" : 15882157.00
  }, {
    "date" : "2025-03-28",
    "price" : 301.32,
    "dma50" : 279.90,
    "dma100" : null,
    "dma200" : 273.14,
    "volume" : 22439702.00
  }, {
    "date" : "2025-04-01",
    "price" : 292.00,
    "dma50" : 280.38,
    "dma100" : null,
    "dma200" : 273.33,
    "volume" : 34092988.00
  }, {
    "date" : "2025-04-02",
    "price" : 282.40,
    "dma50" : 280.46,
    "dma100" : null,
    "dma200" : 273.42,
    "volume" : 55817937.00
  }, {
    "date" : "2025-04-03",
    "price" : 287.50,
    "dma50" : 280.73,
    "dma100" : null,
    "dma200" : 273.56,
    "volume" : 22958653.00
  }, {
    "date" : "2025-04-04",
    "price" : 280.00,
    "dma50" : 280.70,
    "dma100" : null,
    "dma200" : 273.62,
    "volume" : 21062174.00
  }, {
    "date" : "2025-04-07",
    "price" : 272.10,
    "dma50" : 280.37,
    "dma100" : null,
    "dma200" : 273.61,
    "volume" : 27955655.00
  }, {
    "date" : "2025-04-08",
    "price" : 281.45,
    "dma50" : 280.41,
    "dma100" : null,
    "dma200" : 273.69,
    "volume" : 28915345.00
  }, {
    "date" : "2025-04-09",
    "price" : 280.15,
    "dma50" : 280.40,
    "dma100" : null,
    "dma200" : 273.75,
    "volume" : 12439895.00
  }, {
    "date" : "2025-04-11",
    "price" : 285.00,
    "dma50" : 280.58,
    "dma100" : null,
    "dma200" : 273.86,
    "volume" : 15611072.00
  }, {
    "date" : "2025-04-15",
    "price" : 293.70,
    "dma50" : 281.09,
    "dma100" : null,
    "dma200" : 274.06,
    "volume" : 21257408.00
  }, {
    "date" : "2025-04-16",
    "price" : 293.60,
    "dma50" : 281.58,
    "dma100" : null,
    "dma200" : 274.25,
    "volume" : 13026663.00
  }, {
    "date" : "2025-04-17",
    "price" : 295.15,
    "dma50" : 282.12,
    "dma100" : null,
    "dma200" : 274.46,
    "volume" : 14892641.00
  }, {
    "date" : "2025-04-21",
    "price" : 299.95,
    "dma50" : 282.82,
    "dma100" : null,
    "dma200" : 274.72,
    "volume" : 15611500.00
  }, {
    "date" : "2025-04-22",
    "price" : 303.35,
    "dma50" : 283.62,
    "dma100" : null,
    "dma200" : 275.00,
    "volume" : 13315164.00
  }, {
    "date" : "2025-04-23",
    "price" : 305.85,
    "dma50" : 284.49,
    "dma100" : null,
    "dma200" : 275.31,
    "volume" : 23578956.00
  }, {
    "date" : "2025-04-24",
    "price" : 305.70,
    "dma50" : 285.32,
    "dma100" : null,
    "dma200" : 275.61,
    "volume" : 18199085.00
  }, {
    "date" : "2025-04-25",
    "price" : 297.60,
    "dma50" : 285.81,
    "dma100" : null,
    "dma200" : 275.83,
    "volume" : 22599964.00
  }, {
    "date" : "2025-04-28",
    "price" : 305.05,
    "dma50" : 286.56,
    "dma100" : null,
    "dma200" : 276.12,
    "volume" : 30977622.00
  }, {
    "date" : "2025-04-29",
    "price" : 317.10,
    "dma50" : 287.76,
    "dma100" : null,
    "dma200" : 276.53,
    "volume" : 62853664.00
  }, {
    "date" : "2025-04-30",
    "price" : 314.10,
    "dma50" : 288.79,
    "dma100" : null,
    "dma200" : 276.90,
    "volume" : 27067262.00
  }, {
    "date" : "2025-05-02",
    "price" : 311.35,
    "dma50" : 289.68,
    "dma100" : null,
    "dma200" : 277.24,
    "volume" : 19894072.00
  }, {
    "date" : "2025-05-05",
    "price" : 315.30,
    "dma50" : 290.68,
    "dma100" : null,
    "dma200" : 277.62,
    "volume" : 11435334.00
  }, {
    "date" : "2025-05-06",
    "price" : 310.50,
    "dma50" : 291.46,
    "dma100" : null,
    "dma200" : 277.95,
    "volume" : 18584386.00
  }, {
    "date" : "2025-05-07",
    "price" : 309.95,
    "dma50" : 292.18,
    "dma100" : null,
    "dma200" : 278.27,
    "volume" : 20965335.00
  }, {
    "date" : "2025-05-08",
    "price" : 307.15,
    "dma50" : 292.77,
    "dma100" : null,
    "dma200" : 278.56,
    "volume" : 18324682.00
  }, {
    "date" : "2025-05-09",
    "price" : 315.85,
    "dma50" : 293.67,
    "dma100" : null,
    "dma200" : 278.93,
    "volume" : 46827606.00
  }, {
    "date" : "2025-05-12",
    "price" : 322.80,
    "dma50" : 294.82,
    "dma100" : null,
    "dma200" : 279.36,
    "volume" : 41223263.00
  }, {
    "date" : "2025-05-13",
    "price" : 335.75,
    "dma50" : 296.42,
    "dma100" : null,
    "dma200" : 279.92,
    "volume" : 62571233.00
  }, {
    "date" : "2025-05-14",
    "price" : 344.35,
    "dma50" : 298.30,
    "dma100" : null,
    "dma200" : 280.56,
    "volume" : 47045217.00
  }, {
    "date" : "2025-05-15",
    "price" : 350.40,
    "dma50" : 300.34,
    "dma100" : null,
    "dma200" : 281.26,
    "volume" : 39257299.00
  }, {
    "date" : "2025-05-16",
    "price" : 363.90,
    "dma50" : 302.84,
    "dma100" : null,
    "dma200" : 282.08,
    "volume" : 71674137.00
  }, {
    "date" : "2025-05-19",
    "price" : 363.75,
    "dma50" : 305.23,
    "dma100" : null,
    "dma200" : 282.89,
    "volume" : 56227988.00
  }, {
    "date" : "2025-05-20",
    "price" : 363.80,
    "dma50" : 307.52,
    "dma100" : null,
    "dma200" : 283.70,
    "volume" : 70671605.00
  }, {
    "date" : "2025-05-21",
    "price" : 383.00,
    "dma50" : 310.48,
    "dma100" : 288.04,
    "dma200" : 284.69,
    "volume" : 92890423.00
  }, {
    "date" : "2025-05-22",
    "price" : 383.40,
    "dma50" : 313.34,
    "dma100" : 288.94,
    "dma200" : 285.67,
    "volume" : 45542198.00
  }, {
    "date" : "2025-05-23",
    "price" : 383.80,
    "dma50" : 316.11,
    "dma100" : 289.83,
    "dma200" : 286.65,
    "volume" : 39443162.00
  }, {
    "date" : "2025-05-26",
    "price" : 384.55,
    "dma50" : 318.79,
    "dma100" : 290.76,
    "dma200" : 287.62,
    "volume" : 27696434.00
  }, {
    "date" : "2025-05-27",
    "price" : 385.40,
    "dma50" : 321.40,
    "dma100" : 291.76,
    "dma200" : 288.59,
    "volume" : 18383685.00
  }, {
    "date" : "2025-05-28",
    "price" : 390.45,
    "dma50" : 324.11,
    "dma100" : 292.73,
    "dma200" : 289.61,
    "volume" : 28708752.00
  }, {
    "date" : "2025-05-29",
    "price" : 386.80,
    "dma50" : 326.57,
    "dma100" : 293.66,
    "dma200" : 290.57,
    "volume" : 19916719.00
  }, {
    "date" : "2025-05-30",
    "price" : 384.60,
    "dma50" : 328.84,
    "dma100" : 294.54,
    "dma200" : 291.51,
    "volume" : 24381918.00
  }, {
    "date" : "2025-06-02",
    "price" : 387.50,
    "dma50" : 331.14,
    "dma100" : 295.50,
    "dma200" : 292.46,
    "volume" : 13011399.00
  }, {
    "date" : "2025-06-03",
    "price" : 386.00,
    "dma50" : 333.30,
    "dma100" : 296.53,
    "dma200" : 293.40,
    "volume" : 19774654.00
  }, {
    "date" : "2025-06-04",
    "price" : 390.60,
    "dma50" : 335.54,
    "dma100" : 297.57,
    "dma200" : 294.36,
    "volume" : 21583327.00
  }, {
    "date" : "2025-06-05",
    "price" : 393.50,
    "dma50" : 337.82,
    "dma100" : 298.68,
    "dma200" : 295.35,
    "volume" : 22284577.00
  }, {
    "date" : "2025-06-06",
    "price" : 390.70,
    "dma50" : 339.89,
    "dma100" : 299.78,
    "dma200" : 296.30,
    "volume" : 18842208.00
  }, {
    "date" : "2025-06-09",
    "price" : 392.45,
    "dma50" : 341.95,
    "dma100" : 300.99,
    "dma200" : 297.25,
    "volume" : 15081820.00
  }, {
    "date" : "2025-06-10",
    "price" : 397.40,
    "dma50" : 344.12,
    "dma100" : 302.37,
    "dma200" : 298.25,
    "volume" : 28298406.00
  }, {
    "date" : "2025-06-11",
    "price" : 392.90,
    "dma50" : 346.04,
    "dma100" : 303.60,
    "dma200" : 299.19,
    "volume" : 18698790.00
  }, {
    "date" : "2025-06-12",
    "price" : 387.40,
    "dma50" : 347.66,
    "dma100" : 304.80,
    "dma200" : 300.07,
    "volume" : 16129247.00
  }, {
    "date" : "2025-06-13",
    "price" : 394.20,
    "dma50" : 349.48,
    "dma100" : 305.98,
    "dma200" : 301.01,
    "volume" : 37096963.00
  }, {
    "date" : "2025-06-16",
    "price" : 403.85,
    "dma50" : 351.62,
    "dma100" : 307.19,
    "dma200" : 302.03,
    "volume" : 34607613.00
  }, {
    "date" : "2025-06-17",
    "price" : 401.75,
    "dma50" : 353.58,
    "dma100" : 308.35,
    "dma200" : 303.02,
    "volume" : 26222971.00
  }, {
    "date" : "2025-06-18",
    "price" : 400.50,
    "dma50" : 355.42,
    "dma100" : 309.57,
    "dma200" : 303.99,
    "volume" : 19354007.00
  }, {
    "date" : "2025-06-19",
    "price" : 398.55,
    "dma50" : 357.11,
    "dma100" : 310.85,
    "dma200" : 304.93,
    "volume" : 18897816.00
  }, {
    "date" : "2025-06-20",
    "price" : 408.25,
    "dma50" : 359.12,
    "dma100" : 312.19,
    "dma200" : 305.96,
    "volume" : 123763649.00
  }, {
    "date" : "2025-06-23",
    "price" : 420.90,
    "dma50" : 361.54,
    "dma100" : 313.70,
    "dma200" : 307.11,
    "volume" : 45470977.00
  }, {
    "date" : "2025-06-24",
    "price" : 418.50,
    "dma50" : 363.78,
    "dma100" : 315.26,
    "dma200" : 308.21,
    "volume" : 35040994.00
  }, {
    "date" : "2025-06-25",
    "price" : 406.05,
    "dma50" : 365.43,
    "dma100" : 316.74,
    "dma200" : 309.19,
    "volume" : 31059558.00
  }, {
    "date" : "2025-06-26",
    "price" : 410.10,
    "dma50" : 367.19,
    "dma100" : 318.16,
    "dma200" : 310.19,
    "volume" : 26692507.00
  }, {
    "date" : "2025-06-27",
    "price" : 414.50,
    "dma50" : 369.04,
    "dma100" : 319.52,
    "dma200" : 311.23,
    "volume" : 41851331.00
  }, {
    "date" : "2025-06-30",
    "price" : 421.50,
    "dma50" : 371.10,
    "dma100" : 320.81,
    "dma200" : 312.33,
    "volume" : 21162169.00
  }, {
    "date" : "2025-07-01",
    "price" : 432.25,
    "dma50" : 373.50,
    "dma100" : 322.31,
    "dma200" : 313.52,
    "volume" : 38518107.00
  }, {
    "date" : "2025-07-02",
    "price" : 426.95,
    "dma50" : 375.59,
    "dma100" : 323.84,
    "dma200" : 314.65,
    "volume" : 24149926.00
  }, {
    "date" : "2025-07-03",
    "price" : 426.25,
    "dma50" : 377.58,
    "dma100" : 325.26,
    "dma200" : 315.76,
    "volume" : 14362209.00
  }, {
    "date" : "2025-07-04",
    "price" : 427.55,
    "dma50" : 379.54,
    "dma100" : 326.65,
    "dma200" : 316.87,
    "volume" : 17440990.00
  }, {
    "date" : "2025-07-07",
    "price" : 417.10,
    "dma50" : 381.01,
    "dma100" : 328.02,
    "dma200" : 317.87,
    "volume" : 23196976.00
  }, {
    "date" : "2025-07-08",
    "price" : 422.00,
    "dma50" : 382.62,
    "dma100" : 329.47,
    "dma200" : 318.90,
    "volume" : 16614365.00
  }, {
    "date" : "2025-07-09",
    "price" : 417.65,
    "dma50" : 383.99,
    "dma100" : 330.91,
    "dma200" : 319.89,
    "volume" : 15897744.00
  }, {
    "date" : "2025-07-10",
    "price" : 413.50,
    "dma50" : 385.15,
    "dma100" : 332.40,
    "dma200" : 320.82,
    "volume" : 18857613.00
  }, {
    "date" : "2025-07-11",
    "price" : 409.30,
    "dma50" : 386.10,
    "dma100" : 333.90,
    "dma200" : 321.70,
    "volume" : 16290487.00
  }, {
    "date" : "2025-07-14",
    "price" : 407.30,
    "dma50" : 386.93,
    "dma100" : 335.35,
    "dma200" : 322.55,
    "volume" : 18313891.00
  }, {
    "date" : "2025-07-15",
    "price" : 408.95,
    "dma50" : 387.79,
    "dma100" : 336.94,
    "dma200" : 323.41,
    "volume" : 12411837.00
  }, {
    "date" : "2025-07-16",
    "price" : 406.15,
    "dma50" : 388.51,
    "dma100" : 338.52,
    "dma200" : 324.23,
    "volume" : 9731766.00
  }, {
    "date" : "2025-07-17",
    "price" : 404.20,
    "dma50" : 389.13,
    "dma100" : 340.11,
    "dma200" : 325.03,
    "volume" : 8475946.00
  }, {
    "date" : "2025-07-18",
    "price" : 394.75,
    "dma50" : 389.35,
    "dma100" : 341.53,
    "dma200" : 325.72,
    "volume" : 21850357.00
  }, {
    "date" : "2025-07-21",
    "price" : 399.95,
    "dma50" : 389.76,
    "dma100" : 342.92,
    "dma200" : 326.46,
    "volume" : 13470190.00
  }, {
    "date" : "2025-07-22",
    "price" : 403.10,
    "dma50" : 390.29,
    "dma100" : 344.39,
    "dma200" : 327.22,
    "volume" : 13085407.00
  }, {
    "date" : "2025-07-23",
    "price" : 400.20,
    "dma50" : 390.68,
    "dma100" : 345.83,
    "dma200" : 327.95,
    "volume" : 10770060.00
  }, {
    "date" : "2025-07-24",
    "price" : 398.25,
    "dma50" : 390.97,
    "dma100" : 347.25,
    "dma200" : 328.65,
    "volume" : 7353650.00
  }, {
    "date" : "2025-07-25",
    "price" : 395.20,
    "dma50" : 391.14,
    "dma100" : 348.68,
    "dma200" : 329.31,
    "volume" : 9735149.00
  }, {
    "date" : "2025-07-28",
    "price" : 389.25,
    "dma50" : 391.06,
    "dma100" : 350.11,
    "dma200" : 329.91,
    "volume" : 21496391.00
  }, {
    "date" : "2025-07-29",
    "price" : 388.25,
    "dma50" : 390.95,
    "dma100" : 351.41,
    "dma200" : 330.49,
    "volume" : 26883588.00
  }, {
    "date" : "2025-07-30",
    "price" : 386.50,
    "dma50" : 390.78,
    "dma100" : 352.63,
    "dma200" : 331.05,
    "volume" : 11972982.00
  }, {
    "date" : "2025-07-31",
    "price" : 383.10,
    "dma50" : 390.48,
    "dma100" : 353.71,
    "dma200" : 331.56,
    "volume" : 10201282.00
  }, {
    "date" : "2025-08-01",
    "price" : 377.20,
    "dma50" : 389.96,
    "dma100" : 354.76,
    "dma200" : 332.02,
    "volume" : 9206430.00
  }, {
    "date" : "2025-08-04",
    "price" : 389.55,
    "dma50" : 389.94,
    "dma100" : 355.88,
    "dma200" : 332.59,
    "volume" : 14032942.00
  }, {
    "date" : "2025-08-05",
    "price" : 386.65,
    "dma50" : 389.81,
    "dma100" : 357.03,
    "dma200" : 333.13,
    "volume" : 14216429.00
  }, {
    "date" : "2025-08-06",
    "price" : 389.70,
    "dma50" : 389.81,
    "dma100" : 358.15,
    "dma200" : 333.69,
    "volume" : 17538346.00
  }, {
    "date" : "2025-08-07",
    "price" : 387.75,
    "dma50" : 389.73,
    "dma100" : 359.26,
    "dma200" : 334.23,
    "volume" : 12232835.00
  }, {
    "date" : "2025-08-08",
    "price" : 384.60,
    "dma50" : 389.53,
    "dma100" : 360.31,
    "dma200" : 334.73,
    "volume" : 7711265.00
  }, {
    "date" : "2025-08-11",
    "price" : 383.90,
    "dma50" : 389.31,
    "dma100" : 361.34,
    "dma200" : 335.22,
    "volume" : 9330650.00
  }, {
    "date" : "2025-08-12",
    "price" : 380.35,
    "dma50" : 388.95,
    "dma100" : 362.30,
    "dma200" : 335.67,
    "volume" : 9666302.00
  }, {
    "date" : "2025-08-13",
    "price" : 388.85,
    "dma50" : 388.95,
    "dma100" : 363.28,
    "dma200" : 336.20,
    "volume" : 11389341.00
  }, {
    "date" : "2025-08-14",
    "price" : 384.90,
    "dma50" : 388.79,
    "dma100" : 364.16,
    "dma200" : 336.68,
    "volume" : 8363241.00
  }, {
    "date" : "2025-08-18",
    "price" : 382.50,
    "dma50" : 388.54,
    "dma100" : 365.03,
    "dma200" : 337.14,
    "volume" : 12293360.00
  }, {
    "date" : "2025-08-19",
    "price" : 380.05,
    "dma50" : 388.21,
    "dma100" : 365.81,
    "dma200" : 337.57,
    "volume" : 11755370.00
  }, {
    "date" : "2025-08-20",
    "price" : 371.85,
    "dma50" : 387.57,
    "dma100" : 366.53,
    "dma200" : 337.91,
    "volume" : 21174135.00
  }, {
    "date" : "2025-08-21",
    "price" : 374.20,
    "dma50" : 387.05,
    "dma100" : 367.27,
    "dma200" : 338.27,
    "volume" : 13131624.00
  }, {
    "date" : "2025-08-22",
    "price" : 374.85,
    "dma50" : 386.57,
    "dma100" : 368.02,
    "dma200" : 338.63,
    "volume" : 15948327.00
  }, {
    "date" : "2025-08-25",
    "price" : 372.05,
    "dma50" : 386.00,
    "dma100" : 368.72,
    "dma200" : 338.96,
    "volume" : 9177300.00
  }, {
    "date" : "2025-08-26",
    "price" : 365.85,
    "dma50" : 385.21,
    "dma100" : 369.46,
    "dma200" : 339.23,
    "volume" : 16245509.00
  }, {
    "date" : "2025-08-28",
    "price" : 363.85,
    "dma50" : 384.37,
    "dma100" : 370.28,
    "dma200" : 339.48,
    "volume" : 12980786.00
  }, {
    "date" : "2025-08-29",
    "price" : 369.40,
    "dma50" : 383.78,
    "dma100" : 371.10,
    "dma200" : 339.77,
    "volume" : 16589960.00
  }, {
    "date" : "2025-09-01",
    "price" : 373.90,
    "dma50" : 383.40,
    "dma100" : 372.03,
    "dma200" : 340.11,
    "volume" : 9280908.00
  }, {
    "date" : "2025-09-02",
    "price" : 376.60,
    "dma50" : 383.13,
    "dma100" : 373.08,
    "dma200" : 340.48,
    "volume" : 13108290.00
  }, {
    "date" : "2025-09-03",
    "price" : 378.70,
    "dma50" : 382.96,
    "dma100" : 374.05,
    "dma200" : 340.86,
    "volume" : 11219499.00
  }, {
    "date" : "2025-09-04",
    "price" : 372.50,
    "dma50" : 382.55,
    "dma100" : 374.98,
    "dma200" : 341.17,
    "volume" : 9839402.00
  }, {
    "date" : "2025-09-05",
    "price" : 370.80,
    "dma50" : 382.08,
    "dma100" : 375.83,
    "dma200" : 341.47,
    "volume" : 7737007.00
  }, {
    "date" : "2025-09-08",
    "price" : 371.90,
    "dma50" : 381.69,
    "dma100" : 376.62,
    "dma200" : 341.77,
    "volume" : 7439248.00
  }, {
    "date" : "2025-09-09",
    "price" : 371.95,
    "dma50" : 381.30,
    "dma100" : 377.40,
    "dma200" : 342.07,
    "volume" : 11005240.00
  }, {
    "date" : "2025-09-10",
    "price" : 388.05,
    "dma50" : 381.57,
    "dma100" : 378.33,
    "dma200" : 342.53,
    "volume" : 25668317.00
  }, {
    "date" : "2025-09-11",
    "price" : 385.15,
    "dma50" : 381.71,
    "dma100" : 379.18,
    "dma200" : 342.95,
    "volume" : 20526836.00
  }, {
    "date" : "2025-09-12",
    "price" : 399.30,
    "dma50" : 382.40,
    "dma100" : 380.14,
    "dma200" : 343.51,
    "volume" : 27975579.00
  }, {
    "date" : "2025-09-15",
    "price" : 398.45,
    "dma50" : 383.03,
    "dma100" : 381.07,
    "dma200" : 344.06,
    "volume" : 19403160.00
  }, {
    "date" : "2025-09-16",
    "price" : 402.90,
    "dma50" : 383.81,
    "dma100" : 382.04,
    "dma200" : 344.64,
    "volume" : 12872611.00
  }, {
    "date" : "2025-09-17",
    "price" : 412.20,
    "dma50" : 384.92,
    "dma100" : 383.18,
    "dma200" : 345.32,
    "volume" : 35193687.00
  }, {
    "date" : "2025-09-18",
    "price" : 409.90,
    "dma50" : 385.90,
    "dma100" : 384.23,
    "dma200" : 345.96,
    "volume" : 14042943.00
  }, {
    "date" : "2025-09-19",
    "price" : 408.90,
    "dma50" : 386.80,
    "dma100" : 385.15,
    "dma200" : 346.59,
    "volume" : 17241633.00
  }, {
    "date" : "2025-09-22",
    "price" : 406.40,
    "dma50" : 387.57,
    "dma100" : 386.07,
    "dma200" : 347.18,
    "volume" : 11887725.00
  }, {
    "date" : "2025-09-23",
    "price" : 404.45,
    "dma50" : 388.23,
    "dma100" : 387.00,
    "dma200" : 347.75,
    "volume" : 12715241.00
  }, {
    "date" : "2025-09-24",
    "price" : 395.45,
    "dma50" : 388.52,
    "dma100" : 387.81,
    "dma200" : 348.23,
    "volume" : 11406426.00
  }, {
    "date" : "2025-09-25",
    "price" : 403.15,
    "dma50" : 389.09,
    "dma100" : 388.73,
    "dma200" : 348.77,
    "volume" : 24881232.00
  }, {
    "date" : "2025-09-26",
    "price" : 395.90,
    "dma50" : 389.36,
    "dma100" : 389.59,
    "dma200" : 349.24,
    "volume" : 12563677.00
  }, {
    "date" : "2025-09-29",
    "price" : 399.95,
    "dma50" : 389.77,
    "dma100" : 390.52,
    "dma200" : 349.75,
    "volume" : 24343872.00
  }, {
    "date" : "2025-09-30",
    "price" : 403.95,
    "dma50" : 390.33,
    "dma100" : 391.40,
    "dma200" : 350.28,
    "volume" : 15422293.00
  }, {
    "date" : "2025-10-01",
    "price" : 406.50,
    "dma50" : 390.96,
    "dma100" : 392.24,
    "dma200" : 350.84,
    "volume" : 13782985.00
  }, {
    "date" : "2025-10-03",
    "price" : 412.65,
    "dma50" : 391.81,
    "dma100" : 393.01,
    "dma200" : 351.46,
    "volume" : 17348314.00
  }, {
    "date" : "2025-10-06",
    "price" : 413.25,
    "dma50" : 392.65,
    "dma100" : 393.70,
    "dma200" : 352.07,
    "volume" : 15217057.00
  }, {
    "date" : "2025-10-07",
    "price" : 410.30,
    "dma50" : 393.35,
    "dma100" : 394.29,
    "dma200" : 352.65,
    "volume" : 14908654.00
  }, {
    "date" : "2025-10-08",
    "price" : 403.65,
    "dma50" : 393.75,
    "dma100" : 394.69,
    "dma200" : 353.16,
    "volume" : 9438841.00
  }, {
    "date" : "2025-10-09",
    "price" : 409.35,
    "dma50" : 394.36,
    "dma100" : 395.15,
    "dma200" : 353.72,
    "volume" : 10034475.00
  }, {
    "date" : "2025-10-10",
    "price" : 413.50,
    "dma50" : 395.11,
    "dma100" : 395.64,
    "dma200" : 354.31,
    "volume" : 14753237.00
  }, {
    "date" : "2025-10-13",
    "price" : 409.40,
    "dma50" : 395.67,
    "dma100" : 395.91,
    "dma200" : 354.86,
    "volume" : 8144584.00
  }, {
    "date" : "2025-10-14",
    "price" : 402.40,
    "dma50" : 395.94,
    "dma100" : 396.10,
    "dma200" : 355.34,
    "volume" : 11145303.00
  }, {
    "date" : "2025-10-15",
    "price" : 408.10,
    "dma50" : 396.41,
    "dma100" : 396.34,
    "dma200" : 355.86,
    "volume" : 11371081.00
  }, {
    "date" : "2025-10-16",
    "price" : 411.80,
    "dma50" : 397.02,
    "dma100" : 396.61,
    "dma200" : 356.42,
    "volume" : 12260675.00
  }, {
    "date" : "2025-10-17",
    "price" : 412.80,
    "dma50" : 397.64,
    "dma100" : 396.89,
    "dma200" : 356.98,
    "volume" : 20402500.00
  }, {
    "date" : "2025-10-20",
    "price" : 416.50,
    "dma50" : 398.38,
    "dma100" : 397.15,
    "dma200" : 357.57,
    "volume" : 11630205.00
  }, {
    "date" : "2025-10-21",
    "price" : 417.70,
    "dma50" : 399.13,
    "dma100" : 397.46,
    "dma200" : 358.17,
    "volume" : 3320731.00
  }, {
    "date" : "2025-10-23",
    "price" : 418.65,
    "dma50" : 399.90,
    "dma100" : 397.80,
    "dma200" : 358.77,
    "volume" : 23112317.00
  }, {
    "date" : "2025-10-24",
    "price" : 422.05,
    "dma50" : 400.77,
    "dma100" : 398.14,
    "dma200" : 359.40,
    "volume" : 19481525.00
  }, {
    "date" : "2025-10-27",
    "price" : 415.15,
    "dma50" : 401.33,
    "dma100" : 398.44,
    "dma200" : 359.96,
    "volume" : 12923429.00
  }, {
    "date" : "2025-10-28",
    "price" : 413.55,
    "dma50" : 401.81,
    "dma100" : 398.67,
    "dma200" : 360.49,
    "volume" : 12720375.00
  }, {
    "date" : "2025-10-29",
    "price" : 407.20,
    "dma50" : 402.02,
    "dma100" : 398.80,
    "dma200" : 360.95,
    "volume" : 15457797.00
  }, {
    "date" : "2025-10-30",
    "price" : 409.90,
    "dma50" : 402.33,
    "dma100" : 398.99,
    "dma200" : 361.44,
    "volume" : 12405360.00
  }, {
    "date" : "2025-10-31",
    "price" : 426.10,
    "dma50" : 403.26,
    "dma100" : 399.33,
    "dma200" : 362.08,
    "volume" : 54899181.00
  }, {
    "date" : "2025-11-03",
    "price" : 422.30,
    "dma50" : 404.01,
    "dma100" : 399.58,
    "dma200" : 362.68,
    "volume" : 28880913.00
  }, {
    "date" : "2025-11-04",
    "price" : 415.15,
    "dma50" : 404.45,
    "dma100" : 399.80,
    "dma200" : 363.20,
    "volume" : 13251612.00
  }, {
    "date" : "2025-11-06",
    "price" : 408.80,
    "dma50" : 404.62,
    "dma100" : 400.02,
    "dma200" : 363.66,
    "volume" : 13531737.00
  }, {
    "date" : "2025-11-07",
    "price" : 414.25,
    "dma50" : 404.99,
    "dma100" : 400.22,
    "dma200" : 364.16,
    "volume" : 10446641.00
  }, {
    "date" : "2025-11-10",
    "price" : 416.85,
    "dma50" : 405.46,
    "dma100" : 400.35,
    "dma200" : 364.69,
    "volume" : 10111085.00
  }, {
    "date" : "2025-11-11",
    "price" : 427.30,
    "dma50" : 406.32,
    "dma100" : 400.60,
    "dma200" : 365.31,
    "volume" : 25779674.00
  }, {
    "date" : "2025-11-12",
    "price" : 424.75,
    "dma50" : 407.04,
    "dma100" : 400.84,
    "dma200" : 365.90,
    "volume" : 15832254.00
  }, {
    "date" : "2025-11-13",
    "price" : 419.80,
    "dma50" : 407.54,
    "dma100" : 401.06,
    "dma200" : 366.44,
    "volume" : 10608618.00
  }, {
    "date" : "2025-11-14",
    "price" : 426.85,
    "dma50" : 408.30,
    "dma100" : 401.24,
    "dma200" : 367.04,
    "volume" : 15650030.00
  }, {
    "date" : "2025-11-17",
    "price" : 424.55,
    "dma50" : 408.93,
    "dma100" : 401.28,
    "dma200" : 367.61,
    "volume" : 14039427.00
  }, {
    "date" : "2025-11-18",
    "price" : 420.90,
    "dma50" : 409.40,
    "dma100" : 401.30,
    "dma200" : 368.14,
    "volume" : 14247739.00
  }, {
    "date" : "2025-11-19",
    "price" : 423.20,
    "dma50" : 409.94,
    "dma100" : 401.48,
    "dma200" : 368.69,
    "volume" : 10144350.00
  }, {
    "date" : "2025-11-20",
    "price" : 423.00,
    "dma50" : 410.46,
    "dma100" : 401.60,
    "dma200" : 369.23,
    "volume" : 11531947.00
  }, {
    "date" : "2025-11-21",
    "price" : 416.35,
    "dma50" : 410.69,
    "dma100" : 401.62,
    "dma200" : 369.70,
    "volume" : 10009473.00
  }, {
    "date" : "2025-11-24",
    "price" : 403.80,
    "dma50" : 410.42,
    "dma100" : 401.45,
    "dma200" : 370.04,
    "volume" : 24273695.00
  }, {
    "date" : "2025-11-25",
    "price" : 410.25,
    "dma50" : 410.41,
    "dma100" : 401.23,
    "dma200" : 370.44,
    "volume" : 14792415.00
  }, {
    "date" : "2025-11-26",
    "price" : 415.30,
    "dma50" : 410.60,
    "dma100" : 401.11,
    "dma200" : 370.88,
    "volume" : 8705524.00
  }, {
    "date" : "2025-11-27",
    "price" : 413.05,
    "dma50" : 410.70,
    "dma100" : 400.98,
    "dma200" : 371.30,
    "volume" : 5623072.00
  }, {
    "date" : "2025-11-28",
    "price" : 411.75,
    "dma50" : 410.74,
    "dma100" : 400.82,
    "dma200" : 371.71,
    "volume" : 7050319.00
  }, {
    "date" : "2025-12-01",
    "price" : 417.25,
    "dma50" : 411.00,
    "dma100" : 400.82,
    "dma200" : 372.16,
    "volume" : 9935030.00
  }, {
    "date" : "2025-12-02",
    "price" : 413.05,
    "dma50" : 411.08,
    "dma100" : 400.73,
    "dma200" : 372.57,
    "volume" : 11449938.00
  }, {
    "date" : "2025-12-03",
    "price" : 403.95,
    "dma50" : 410.80,
    "dma100" : 400.59,
    "dma200" : 372.88,
    "volume" : 12691205.00
  }, {
    "date" : "2025-12-04",
    "price" : 407.15,
    "dma50" : 410.65,
    "dma100" : 400.53,
    "dma200" : 373.22,
    "volume" : 11789168.00
  }, {
    "date" : "2025-12-05",
    "price" : 406.90,
    "dma50" : 410.51,
    "dma100" : 400.51,
    "dma200" : 373.55,
    "volume" : 12136993.00
  }, {
    "date" : "2025-12-08",
    "price" : 386.40,
    "dma50" : 409.56,
    "dma100" : 400.30,
    "dma200" : 373.68,
    "volume" : 26548348.00
  }, {
    "date" : "2025-12-09",
    "price" : 389.45,
    "dma50" : 408.77,
    "dma100" : 400.10,
    "dma200" : 373.84,
    "volume" : 20609821.00
  }, {
    "date" : "2025-12-10",
    "price" : 387.35,
    "dma50" : 407.93,
    "dma100" : 399.91,
    "dma200" : 373.97,
    "volume" : 8898127.00
  }, {
    "date" : "2025-12-11",
    "price" : 387.50,
    "dma50" : 407.13,
    "dma100" : 399.75,
    "dma200" : 374.11,
    "volume" : 8637272.00
  }, {
    "date" : "2025-12-12",
    "price" : 389.45,
    "dma50" : 406.44,
    "dma100" : 399.69,
    "dma200" : 374.26,
    "volume" : 13208983.00
  }, {
    "date" : "2025-12-15",
    "price" : 390.75,
    "dma50" : 405.82,
    "dma100" : 399.60,
    "dma200" : 374.42,
    "volume" : 9547149.00
  }, {
    "date" : "2025-12-16",
    "price" : 388.00,
    "dma50" : 405.12,
    "dma100" : 399.45,
    "dma200" : 374.56,
    "volume" : 9038765.00
  }, {
    "date" : "2025-12-17",
    "price" : 385.60,
    "dma50" : 404.36,
    "dma100" : 399.31,
    "dma200" : 374.67,
    "volume" : 6814295.00
  }, {
    "date" : "2025-12-18",
    "price" : 383.45,
    "dma50" : 403.54,
    "dma100" : 399.16,
    "dma200" : 374.76,
    "volume" : 8067054.00
  }, {
    "date" : "2025-12-19",
    "price" : 392.85,
    "dma50" : 403.12,
    "dma100" : 399.13,
    "dma200" : 374.94,
    "volume" : 12258464.00
  } ],
  "latestTechnicalAttributes" : {
    "date" : "2025-12-19",
    "price" : 392.85,
    "dma50" : 403.12,
    "dma100" : 399.13,
    "dma200" : 374.94,
    "volume" : 12258464.00
  },
  "quarterlyResults" : [ {
    "date" : "2005-03-31",
    "sales" : 1133.41,
    "salesGrowthYoY" : null,
    "grossProfitMargin" : 48.04,
    "grossProfit" : 544.49,
    "operatingProfitMargin" : 23.96,
    "operatingProfit" : 271.57,
    "netProfitMargin" : 15.72,
    "netProfit" : 178.17
  }, {
    "date" : "2005-06-30",
    "sales" : 479.14,
    "salesGrowthYoY" : null,
    "grossProfitMargin" : 44.58,
    "grossProfit" : 213.60,
    "operatingProfitMargin" : 15.67,
    "operatingProfit" : 75.08,
    "netProfitMargin" : 11.81,
    "netProfit" : 56.59
  }, {
    "date" : "2005-09-30",
    "sales" : 828.81,
    "salesGrowthYoY" : null,
    "grossProfitMargin" : 43.22,
    "grossProfit" : 358.21,
    "operatingProfitMargin" : 24.76,
    "operatingProfit" : 205.21,
    "netProfitMargin" : 17.70,
    "netProfit" : 146.70
  }, {
    "date" : "2005-12-31",
    "sales" : 670.86,
    "salesGrowthYoY" : null,
    "grossProfitMargin" : 52.76,
    "grossProfit" : 353.95,
    "operatingProfitMargin" : 21.56,
    "operatingProfit" : 144.64,
    "netProfitMargin" : 14.46,
    "netProfit" : 97.01
  }, {
    "date" : "2006-03-31",
    "sales" : 1553.96,
    "salesGrowthYoY" : 37.10,
    "grossProfitMargin" : 40.73,
    "grossProfit" : 632.93,
    "operatingProfitMargin" : 26.86,
    "operatingProfit" : 417.39,
    "netProfitMargin" : 18.08,
    "netProfit" : 280.96
  }, {
    "date" : "2006-06-30",
    "sales" : 473.22,
    "salesGrowthYoY" : -1.24,
    "grossProfitMargin" : 46.34,
    "grossProfit" : 219.29,
    "operatingProfitMargin" : 15.24,
    "operatingProfit" : 72.12,
    "netProfitMargin" : 12.74,
    "netProfit" : 60.29
  }, {
    "date" : "2006-09-30",
    "sales" : 823.13,
    "salesGrowthYoY" : -0.69,
    "grossProfitMargin" : 44.38,
    "grossProfit" : 365.31,
    "operatingProfitMargin" : 22.66,
    "operatingProfit" : 186.52,
    "netProfitMargin" : 18.02,
    "netProfit" : 148.33
  }, {
    "date" : "2006-12-31",
    "sales" : 863.79,
    "salesGrowthYoY" : 28.76,
    "grossProfitMargin" : 46.97,
    "grossProfit" : 405.72,
    "operatingProfitMargin" : 22.88,
    "operatingProfit" : 197.64,
    "netProfitMargin" : 17.15,
    "netProfit" : 148.14
  }, {
    "date" : "2007-03-31",
    "sales" : 1734.17,
    "salesGrowthYoY" : 11.60,
    "grossProfitMargin" : 46.14,
    "grossProfit" : 800.15,
    "operatingProfitMargin" : 27.96,
    "operatingProfit" : 484.87,
    "netProfitMargin" : 20.59,
    "netProfit" : 357.07
  }, {
    "date" : "2007-06-30",
    "sales" : 404.39,
    "salesGrowthYoY" : -14.55,
    "grossProfitMargin" : 44.63,
    "grossProfit" : 180.48,
    "operatingProfitMargin" : -1.92,
    "operatingProfit" : -7.76,
    "netProfitMargin" : 6.50,
    "netProfit" : 26.29
  }, {
    "date" : "2007-09-30",
    "sales" : 708.92,
    "salesGrowthYoY" : -13.88,
    "grossProfitMargin" : 49.83,
    "grossProfit" : 353.25,
    "operatingProfitMargin" : 21.35,
    "operatingProfit" : 151.35,
    "netProfitMargin" : 17.14,
    "netProfit" : 121.51
  }, {
    "date" : "2007-12-31",
    "sales" : 663.86,
    "salesGrowthYoY" : -23.15,
    "grossProfitMargin" : 53.80,
    "grossProfit" : 357.16,
    "operatingProfitMargin" : 19.11,
    "operatingProfit" : 126.86,
    "netProfitMargin" : 16.82,
    "netProfit" : 111.66
  }, {
    "date" : "2008-03-31",
    "sales" : 2305.15,
    "salesGrowthYoY" : 32.93,
    "grossProfitMargin" : 48.28,
    "grossProfit" : 1112.93,
    "operatingProfitMargin" : 31.09,
    "operatingProfit" : 716.67,
    "netProfitMargin" : 21.28,
    "netProfit" : 490.54
  }, {
    "date" : "2008-06-30",
    "sales" : 392.18,
    "salesGrowthYoY" : -3.02,
    "grossProfitMargin" : 48.41,
    "grossProfit" : 189.85,
    "operatingProfitMargin" : -6.18,
    "operatingProfit" : -24.24,
    "netProfitMargin" : 0.64,
    "netProfit" : 2.51
  }, {
    "date" : "2008-09-30",
    "sales" : 787.71,
    "salesGrowthYoY" : 11.11,
    "grossProfitMargin" : 51.92,
    "grossProfit" : 408.98,
    "operatingProfitMargin" : 21.53,
    "operatingProfit" : 169.59,
    "netProfitMargin" : 15.71,
    "netProfit" : 123.75
  }, {
    "date" : "2008-12-31",
    "sales" : 681.01,
    "salesGrowthYoY" : 2.58,
    "grossProfitMargin" : 57.25,
    "grossProfit" : 389.88,
    "operatingProfitMargin" : 25.07,
    "operatingProfit" : 170.73,
    "netProfitMargin" : 18.03,
    "netProfit" : 122.79
  }, {
    "date" : "2009-03-31",
    "sales" : 2753.48,
    "salesGrowthYoY" : 19.45,
    "grossProfitMargin" : 44.43,
    "grossProfit" : 1223.37,
    "operatingProfitMargin" : 29.96,
    "operatingProfit" : 824.94,
    "netProfitMargin" : 20.32,
    "netProfit" : 559.51
  }, {
    "date" : "2009-06-30",
    "sales" : 910.55,
    "salesGrowthYoY" : 132.18,
    "grossProfitMargin" : 33.67,
    "grossProfit" : 306.58,
    "operatingProfitMargin" : 10.06,
    "operatingProfit" : 91.60,
    "netProfitMargin" : 7.99,
    "netProfit" : 72.75
  }, {
    "date" : "2009-09-30",
    "sales" : 1308.24,
    "salesGrowthYoY" : 66.08,
    "grossProfitMargin" : 44.47,
    "grossProfit" : 581.77,
    "operatingProfitMargin" : 25.16,
    "operatingProfit" : 329.15,
    "netProfitMargin" : 18.14,
    "netProfit" : 237.31
  }, {
    "date" : "2009-12-31",
    "sales" : 1240.47,
    "salesGrowthYoY" : 82.15,
    "grossProfitMargin" : 49.75,
    "grossProfit" : 617.13,
    "operatingProfitMargin" : 24.88,
    "operatingProfit" : 308.63,
    "netProfitMargin" : 18.05,
    "netProfit" : 223.90
  }, {
    "date" : "2010-03-31",
    "sales" : 1914.50,
    "salesGrowthYoY" : -30.47,
    "grossProfitMargin" : 43.48,
    "grossProfit" : 832.42,
    "operatingProfitMargin" : 14.30,
    "operatingProfit" : 273.77,
    "netProfitMargin" : 10.43,
    "netProfit" : 199.68
  }, {
    "date" : "2010-06-30",
    "sales" : 924.18,
    "salesGrowthYoY" : 1.50,
    "grossProfitMargin" : 42.02,
    "grossProfit" : 388.34,
    "operatingProfitMargin" : 9.92,
    "operatingProfit" : 91.68,
    "netProfitMargin" : 8.81,
    "netProfit" : 81.42
  }, {
    "date" : "2010-09-30",
    "sales" : 977.89,
    "salesGrowthYoY" : -25.25,
    "grossProfitMargin" : 45.03,
    "grossProfit" : 440.34,
    "operatingProfitMargin" : 10.99,
    "operatingProfit" : 107.47,
    "netProfitMargin" : 10.64,
    "netProfit" : 104.05
  }, {
    "date" : "2010-12-31",
    "sales" : 1372.99,
    "salesGrowthYoY" : 10.68,
    "grossProfitMargin" : 40.82,
    "grossProfit" : 560.45,
    "operatingProfitMargin" : 16.23,
    "operatingProfit" : 222.84,
    "netProfitMargin" : 12.43,
    "netProfit" : 170.66
  }, {
    "date" : "2011-03-31",
    "sales" : 2356.64,
    "salesGrowthYoY" : 23.09,
    "grossProfitMargin" : 44.90,
    "grossProfit" : 1058.13,
    "operatingProfitMargin" : 24.53,
    "operatingProfit" : 578.08,
    "netProfitMargin" : 19.02,
    "netProfit" : 448.23
  }, {
    "date" : "2011-06-30",
    "sales" : 930.92,
    "salesGrowthYoY" : 0.73,
    "grossProfitMargin" : 39.69,
    "grossProfit" : 369.48,
    "operatingProfitMargin" : 4.56,
    "operatingProfit" : 42.45,
    "netProfitMargin" : 13.19,
    "netProfit" : 122.79
  }, {
    "date" : "2011-09-30",
    "sales" : 1071.80,
    "salesGrowthYoY" : 9.60,
    "grossProfitMargin" : 42.33,
    "grossProfit" : 453.69,
    "operatingProfitMargin" : 4.80,
    "operatingProfit" : 51.45,
    "netProfitMargin" : 11.66,
    "netProfit" : 124.97
  }, {
    "date" : "2011-12-31",
    "sales" : 1448.18,
    "salesGrowthYoY" : 5.48,
    "grossProfitMargin" : 35.67,
    "grossProfit" : 516.57,
    "operatingProfitMargin" : 8.98,
    "operatingProfit" : 130.05,
    "netProfitMargin" : 12.06,
    "netProfit" : 174.65
  }, {
    "date" : "2012-03-31",
    "sales" : 2297.24,
    "salesGrowthYoY" : -2.52,
    "grossProfitMargin" : 33.90,
    "grossProfit" : 778.76,
    "operatingProfitMargin" : 14.02,
    "operatingProfit" : 322.07,
    "netProfitMargin" : 14.53,
    "netProfit" : 333.79
  }, {
    "date" : "2012-06-30",
    "sales" : 796.92,
    "salesGrowthYoY" : -14.39,
    "grossProfitMargin" : 33.59,
    "grossProfit" : 267.69,
    "operatingProfitMargin" : -13.34,
    "operatingProfit" : -106.31,
    "netProfitMargin" : 2.43,
    "netProfit" : 19.37
  }, {
    "date" : "2012-09-30",
    "sales" : 1063.56,
    "salesGrowthYoY" : -0.77,
    "grossProfitMargin" : 35.01,
    "grossProfit" : 372.35,
    "operatingProfitMargin" : -0.95,
    "operatingProfit" : -10.10,
    "netProfitMargin" : 7.54,
    "netProfit" : 80.19
  }, {
    "date" : "2012-12-31",
    "sales" : 1465.23,
    "salesGrowthYoY" : 1.18,
    "grossProfitMargin" : 35.45,
    "grossProfit" : 519.42,
    "operatingProfitMargin" : 10.90,
    "operatingProfit" : 159.71,
    "netProfitMargin" : 13.49,
    "netProfit" : 197.66
  }, {
    "date" : "2013-03-31",
    "sales" : 2777.82,
    "salesGrowthYoY" : 20.92,
    "grossProfitMargin" : 40.94,
    "grossProfit" : 1137.24,
    "operatingProfitMargin" : 21.34,
    "operatingProfit" : 592.79,
    "netProfitMargin" : 21.34,
    "netProfit" : 592.79
  }, {
    "date" : "2013-06-30",
    "sales" : 898.25,
    "salesGrowthYoY" : 12.72,
    "grossProfitMargin" : 37.47,
    "grossProfit" : 336.57,
    "operatingProfitMargin" : -6.23,
    "operatingProfit" : -55.96,
    "netProfitMargin" : 1.91,
    "netProfit" : 17.16
  }, {
    "date" : "2013-09-30",
    "sales" : 1044.83,
    "salesGrowthYoY" : -1.76,
    "grossProfitMargin" : 40.79,
    "grossProfit" : 426.19,
    "operatingProfitMargin" : 0.16,
    "operatingProfit" : 1.67,
    "netProfitMargin" : 5.69,
    "netProfit" : 59.45
  }, {
    "date" : "2013-12-31",
    "sales" : 1201.42,
    "salesGrowthYoY" : -18.00,
    "grossProfitMargin" : 47.99,
    "grossProfit" : 576.56,
    "operatingProfitMargin" : 14.79,
    "operatingProfit" : 177.69,
    "netProfitMargin" : 15.96,
    "netProfit" : 191.75
  }, {
    "date" : "2014-03-31",
    "sales" : 3131.02,
    "salesGrowthYoY" : 12.72,
    "grossProfitMargin" : 41.69,
    "grossProfit" : 1305.32,
    "operatingProfitMargin" : 24.54,
    "operatingProfit" : 768.35,
    "netProfitMargin" : 21.18,
    "netProfit" : 663.15
  }, {
    "date" : "2014-06-30",
    "sales" : 1012.21,
    "salesGrowthYoY" : 12.69,
    "grossProfitMargin" : 35.65,
    "grossProfit" : 360.85,
    "operatingProfitMargin" : -4.50,
    "operatingProfit" : -45.55,
    "netProfitMargin" : 2.53,
    "netProfit" : 25.61
  }, {
    "date" : "2014-09-30",
    "sales" : 1294.03,
    "salesGrowthYoY" : 23.85,
    "grossProfitMargin" : 43.06,
    "grossProfit" : 557.21,
    "operatingProfitMargin" : 9.19,
    "operatingProfit" : 118.92,
    "netProfitMargin" : 11.36,
    "netProfit" : 147.00
  }, {
    "date" : "2014-12-31",
    "sales" : 1608.24,
    "salesGrowthYoY" : 33.86,
    "grossProfitMargin" : 44.88,
    "grossProfit" : 721.78,
    "operatingProfitMargin" : 17.29,
    "operatingProfit" : 278.06,
    "netProfitMargin" : 16.90,
    "netProfit" : 271.79
  }, {
    "date" : "2015-03-31",
    "sales" : 2928.16,
    "salesGrowthYoY" : -6.48,
    "grossProfitMargin" : 48.57,
    "grossProfit" : 1422.21,
    "operatingProfitMargin" : 27.07,
    "operatingProfit" : 792.65,
    "netProfitMargin" : 24.69,
    "netProfit" : 722.96
  }, {
    "date" : "2015-06-30",
    "sales" : 1099.73,
    "salesGrowthYoY" : 8.65,
    "grossProfitMargin" : 36.93,
    "grossProfit" : 406.13,
    "operatingProfitMargin" : 0.71,
    "operatingProfit" : 7.81,
    "netProfitMargin" : 6.97,
    "netProfit" : 76.65
  }, {
    "date" : "2015-09-30",
    "sales" : 1544.99,
    "salesGrowthYoY" : 19.39,
    "grossProfitMargin" : 45.31,
    "grossProfit" : 700.03,
    "operatingProfitMargin" : 11.69,
    "operatingProfit" : 180.61,
    "netProfitMargin" : 13.32,
    "netProfit" : 205.79
  }, {
    "date" : "2015-12-31",
    "sales" : 1599.74,
    "salesGrowthYoY" : -0.53,
    "grossProfitMargin" : 52.18,
    "grossProfit" : 834.74,
    "operatingProfitMargin" : 17.33,
    "operatingProfit" : 277.23,
    "netProfitMargin" : 17.51,
    "netProfit" : 280.11
  }, {
    "date" : "2016-03-31",
    "sales" : 3223.54,
    "salesGrowthYoY" : 10.09,
    "grossProfitMargin" : 52.75,
    "grossProfit" : 1700.42,
    "operatingProfitMargin" : 28.11,
    "operatingProfit" : 906.14,
    "netProfitMargin" : 23.10,
    "netProfit" : 744.64
  }, {
    "date" : "2016-06-30",
    "sales" : 879.00,
    "salesGrowthYoY" : -20.07,
    "grossProfitMargin" : 46.55,
    "grossProfit" : 409.17,
    "operatingProfitMargin" : -4.45,
    "operatingProfit" : -39.12,
    "netProfitMargin" : 4.11,
    "netProfit" : 36.13
  }, {
    "date" : "2016-09-30",
    "sales" : 1703.11,
    "salesGrowthYoY" : 10.23,
    "grossProfitMargin" : 49.91,
    "grossProfit" : 850.02,
    "operatingProfitMargin" : 19.87,
    "operatingProfit" : 338.41,
    "netProfitMargin" : 20.33,
    "netProfit" : 346.24
  }, {
    "date" : "2016-12-31",
    "sales" : 2042.07,
    "salesGrowthYoY" : 27.65,
    "grossProfitMargin" : 49.57,
    "grossProfit" : 1012.25,
    "operatingProfitMargin" : 23.64,
    "operatingProfit" : 482.75,
    "netProfitMargin" : 18.29,
    "netProfit" : 373.49
  }, {
    "date" : "2017-03-31",
    "sales" : 3987.68,
    "salesGrowthYoY" : 23.70,
    "grossProfitMargin" : 48.33,
    "grossProfit" : 1927.25,
    "operatingProfitMargin" : 24.57,
    "operatingProfit" : 979.77,
    "netProfitMargin" : 19.85,
    "netProfit" : 791.55
  }, {
    "date" : "2017-06-30",
    "sales" : 1721.77,
    "salesGrowthYoY" : 95.88,
    "grossProfitMargin" : 44.59,
    "grossProfit" : 767.74,
    "operatingProfitMargin" : 9.62,
    "operatingProfit" : 165.63,
    "netProfitMargin" : 7.28,
    "netProfit" : 125.34
  }, {
    "date" : "2017-09-30",
    "sales" : 2473.07,
    "salesGrowthYoY" : 45.21,
    "grossProfitMargin" : 53.75,
    "grossProfit" : 1329.28,
    "operatingProfitMargin" : 23.97,
    "operatingProfit" : 592.79,
    "netProfitMargin" : 16.68,
    "netProfit" : 412.51
  }, {
    "date" : "2017-12-31",
    "sales" : 2505.66,
    "salesGrowthYoY" : 22.70,
    "grossProfitMargin" : 43.48,
    "grossProfit" : 1089.46,
    "operatingProfitMargin" : 17.77,
    "operatingProfit" : 445.26,
    "netProfitMargin" : 12.09,
    "netProfit" : 302.93
  }, {
    "date" : "2018-03-31",
    "sales" : 3621.83,
    "salesGrowthYoY" : -9.17,
    "grossProfitMargin" : 44.65,
    "grossProfit" : 1617.15,
    "operatingProfitMargin" : 21.98,
    "operatingProfit" : 796.08,
    "netProfitMargin" : 15.43,
    "netProfit" : 558.85
  }, {
    "date" : "2018-06-30",
    "sales" : 2102.06,
    "salesGrowthYoY" : 22.09,
    "grossProfitMargin" : 47.33,
    "grossProfit" : 994.90,
    "operatingProfitMargin" : 14.77,
    "operatingProfit" : 310.47,
    "netProfitMargin" : 8.55,
    "netProfit" : 179.73
  }, {
    "date" : "2018-09-30",
    "sales" : 3381.41,
    "salesGrowthYoY" : 36.73,
    "grossProfitMargin" : 52.10,
    "grossProfit" : 1761.71,
    "operatingProfitMargin" : 25.27,
    "operatingProfit" : 854.48,
    "netProfitMargin" : 16.90,
    "netProfit" : 571.46
  }, {
    "date" : "2018-12-31",
    "sales" : 2716.49,
    "salesGrowthYoY" : 8.41,
    "grossProfitMargin" : 53.79,
    "grossProfit" : 1461.20,
    "operatingProfitMargin" : 28.28,
    "operatingProfit" : 768.22,
    "netProfitMargin" : 18.69,
    "netProfit" : 507.71
  }, {
    "date" : "2019-03-31",
    "sales" : 3884.64,
    "salesGrowthYoY" : 7.26,
    "grossProfitMargin" : 49.40,
    "grossProfit" : 1919.01,
    "operatingProfitMargin" : 23.92,
    "operatingProfit" : 929.21,
    "netProfitMargin" : 17.21,
    "netProfit" : 668.55
  }, {
    "date" : "2019-06-30",
    "sales" : 2101.52,
    "salesGrowthYoY" : -0.03,
    "grossProfitMargin" : 49.73,
    "grossProfit" : 1045.09,
    "operatingProfitMargin" : 16.56,
    "operatingProfit" : 348.01,
    "netProfitMargin" : 9.74,
    "netProfit" : 204.69
  }, {
    "date" : "2019-09-30",
    "sales" : 2742.71,
    "salesGrowthYoY" : -18.89,
    "grossProfitMargin" : 46.77,
    "grossProfit" : 1282.77,
    "operatingProfitMargin" : 19.86,
    "operatingProfit" : 544.70,
    "netProfitMargin" : 12.38,
    "netProfit" : 339.55
  }, {
    "date" : "2019-12-31",
    "sales" : 2271.04,
    "salesGrowthYoY" : -16.40,
    "grossProfitMargin" : 43.82,
    "grossProfit" : 995.17,
    "operatingProfitMargin" : 15.62,
    "operatingProfit" : 354.74,
    "netProfitMargin" : 9.47,
    "netProfit" : 215.07
  }, {
    "date" : "2020-03-31",
    "sales" : 5805.84,
    "salesGrowthYoY" : 49.46,
    "grossProfitMargin" : 42.94,
    "grossProfit" : 2493.03,
    "operatingProfitMargin" : 25.54,
    "operatingProfit" : 1482.81,
    "netProfitMargin" : 17.82,
    "netProfit" : 1034.60
  }, {
    "date" : "2020-06-30",
    "sales" : 1670.59,
    "salesGrowthYoY" : -20.51,
    "grossProfitMargin" : 50.71,
    "grossProfit" : 847.16,
    "operatingProfitMargin" : 8.78,
    "operatingProfit" : 146.68,
    "netProfitMargin" : 3.24,
    "netProfit" : 54.13
  }, {
    "date" : "2020-09-30",
    "sales" : 3188.66,
    "salesGrowthYoY" : 16.26,
    "grossProfitMargin" : 44.99,
    "grossProfit" : 1434.58,
    "operatingProfitMargin" : 19.55,
    "operatingProfit" : 623.38,
    "netProfitMargin" : 12.45,
    "netProfit" : 396.99
  }, {
    "date" : "2020-12-31",
    "sales" : 2296.24,
    "salesGrowthYoY" : 1.11,
    "grossProfitMargin" : 48.56,
    "grossProfit" : 1115.05,
    "operatingProfitMargin" : 19.18,
    "operatingProfit" : 440.42,
    "netProfitMargin" : 11.40,
    "netProfit" : 261.77
  }, {
    "date" : "2021-03-31",
    "sales" : 6908.34,
    "salesGrowthYoY" : 18.99,
    "grossProfitMargin" : 41.10,
    "grossProfit" : 2839.33,
    "operatingProfitMargin" : 28.52,
    "operatingProfit" : 1970.26,
    "netProfitMargin" : 19.58,
    "netProfit" : 1352.65
  }, {
    "date" : "2021-06-30",
    "sales" : 1634.59,
    "salesGrowthYoY" : -2.15,
    "grossProfitMargin" : 41.60,
    "grossProfit" : 679.99,
    "operatingProfitMargin" : 3.85,
    "operatingProfit" : 62.93,
    "netProfitMargin" : 0.68,
    "netProfit" : 11.12
  }, {
    "date" : "2021-09-30",
    "sales" : 3660.56,
    "salesGrowthYoY" : 14.80,
    "grossProfitMargin" : 43.54,
    "grossProfit" : 1593.81,
    "operatingProfitMargin" : 23.40,
    "operatingProfit" : 856.57,
    "netProfitMargin" : 16.74,
    "netProfit" : 612.78
  }, {
    "date" : "2021-12-31",
    "sales" : 3693.71,
    "salesGrowthYoY" : 60.86,
    "grossProfitMargin" : 40.43,
    "grossProfit" : 1493.37,
    "operatingProfitMargin" : 22.26,
    "operatingProfit" : 822.22,
    "netProfitMargin" : 15.79,
    "netProfit" : 583.24
  }, {
    "date" : "2022-03-31",
    "sales" : 6324.90,
    "salesGrowthYoY" : -8.45,
    "grossProfitMargin" : 41.80,
    "grossProfit" : 2643.81,
    "operatingProfitMargin" : 24.79,
    "operatingProfit" : 1567.94,
    "netProfitMargin" : 18.05,
    "netProfit" : 1141.64
  }, {
    "date" : "2022-06-30",
    "sales" : 3112.78,
    "salesGrowthYoY" : 90.43,
    "grossProfitMargin" : 41.90,
    "grossProfit" : 1304.25,
    "operatingProfitMargin" : 16.50,
    "operatingProfit" : 513.61,
    "netProfitMargin" : 13.86,
    "netProfit" : 431.43
  }, {
    "date" : "2022-09-30",
    "sales" : 3945.83,
    "salesGrowthYoY" : 7.79,
    "grossProfitMargin" : 43.28,
    "grossProfit" : 1707.76,
    "operatingProfitMargin" : 21.69,
    "operatingProfit" : 855.85,
    "netProfitMargin" : 15.49,
    "netProfit" : 611.21
  }, {
    "date" : "2022-12-31",
    "sales" : 4131.01,
    "salesGrowthYoY" : 11.84,
    "grossProfitMargin" : 41.52,
    "grossProfit" : 1715.20,
    "operatingProfitMargin" : 20.66,
    "operatingProfit" : 853.47,
    "netProfitMargin" : 14.49,
    "netProfit" : 598.58
  }, {
    "date" : "2023-03-31",
    "sales" : 6456.58,
    "salesGrowthYoY" : 2.08,
    "grossProfitMargin" : 48.17,
    "grossProfit" : 3110.13,
    "operatingProfitMargin" : 28.26,
    "operatingProfit" : 1824.63,
    "netProfitMargin" : 21.15,
    "netProfit" : 1365.57
  }, {
    "date" : "2023-06-30",
    "sales" : 3510.84,
    "salesGrowthYoY" : 12.79,
    "grossProfitMargin" : 43.48,
    "grossProfit" : 1526.51,
    "operatingProfitMargin" : 18.93,
    "operatingProfit" : 664.60,
    "netProfitMargin" : 15.12,
    "netProfit" : 530.84
  }, {
    "date" : "2023-09-30",
    "sales" : 3993.32,
    "salesGrowthYoY" : 1.20,
    "grossProfitMargin" : 48.79,
    "grossProfit" : 1948.34,
    "operatingProfitMargin" : 25.15,
    "operatingProfit" : 1004.32,
    "netProfitMargin" : 20.34,
    "netProfit" : 812.24
  }, {
    "date" : "2023-12-31",
    "sales" : 4136.69,
    "salesGrowthYoY" : 0.14,
    "grossProfitMargin" : 48.34,
    "grossProfit" : 1999.68,
    "operatingProfitMargin" : 25.37,
    "operatingProfit" : 1049.48,
    "netProfitMargin" : 21.59,
    "netProfit" : 893.11
  }, {
    "date" : "2024-03-31",
    "sales" : 8528.54,
    "salesGrowthYoY" : 32.09,
    "grossProfitMargin" : 48.42,
    "grossProfit" : 4129.52,
    "operatingProfitMargin" : 26.73,
    "operatingProfit" : 2279.68,
    "netProfitMargin" : 20.91,
    "netProfit" : 1783.32
  }, {
    "date" : "2024-06-30",
    "sales" : 4198.77,
    "salesGrowthYoY" : 19.59,
    "grossProfitMargin" : 45.45,
    "grossProfit" : 1908.34,
    "operatingProfitMargin" : 22.31,
    "operatingProfit" : 936.75,
    "netProfitMargin" : 18.48,
    "netProfit" : 775.93
  }, {
    "date" : "2024-09-30",
    "sales" : 4583.41,
    "salesGrowthYoY" : 14.78,
    "grossProfitMargin" : 53.27,
    "grossProfit" : 2441.58,
    "operatingProfitMargin" : 30.29,
    "operatingProfit" : 1388.31,
    "netProfitMargin" : 23.81,
    "netProfit" : 1091.31
  }, {
    "date" : "2024-12-31",
    "sales" : 5756.12,
    "salesGrowthYoY" : 39.15,
    "grossProfitMargin" : 48.01,
    "grossProfit" : 2763.51,
    "operatingProfitMargin" : 28.72,
    "operatingProfit" : 1653.16,
    "netProfitMargin" : 22.86,
    "netProfit" : 1315.85
  }, {
    "date" : "2025-03-31",
    "sales" : 9119.71,
    "salesGrowthYoY" : 6.93,
    "grossProfitMargin" : 47.85,
    "grossProfit" : 4363.78,
    "operatingProfitMargin" : 30.58,
    "operatingProfit" : 2788.81,
    "netProfitMargin" : 23.08,
    "netProfit" : 2104.83
  }, {
    "date" : "2025-06-30",
    "sales" : 4416.83,
    "salesGrowthYoY" : 5.19,
    "grossProfitMargin" : 53.24,
    "grossProfit" : 2351.52,
    "operatingProfitMargin" : 28.07,
    "operatingProfit" : 1239.80,
    "netProfitMargin" : 21.94,
    "netProfit" : 969.05
  }, {
    "date" : "2025-09-30",
    "sales" : 5763.65,
    "salesGrowthYoY" : 25.75,
    "grossProfitMargin" : 50.94,
    "grossProfit" : 2936.00,
    "operatingProfitMargin" : 29.41,
    "operatingProfit" : 1695.09,
    "netProfitMargin" : 22.31,
    "netProfit" : 1285.87
  } ],
  "latestQuarterlyResult" : {
    "date" : "2025-09-30",
    "sales" : 5763.65,
    "salesGrowthYoY" : 25.75,
    "grossProfitMargin" : 50.94,
    "grossProfit" : 2936.00,
    "operatingProfitMargin" : 29.41,
    "operatingProfit" : 1695.09,
    "netProfitMargin" : 22.31,
    "netProfit" : 1285.87
  },
  "companyScore" : {
    "priceHigherThanDma50" : 0.00,
    "priceHigherThanDma100" : 0.00,
    "priceHigherThanDma200" : 5.00,
    "dma50HigherThanDma100" : 5.00,
    "dma50HigherThanDma200" : 5.00,
    "dma100HigherThanDma200" : 5.00,
    "pricePercentageAboveDma50" : 5.13,
    "pricePercentageAboveDma100" : 5.08,
    "pricePercentageAboveDma200" : 4.76,
    "weeklyVolumeHigherThanYearlyVolume" : 0.00,
    "salesGrowthPercentile" : 15.95,
    "operatingProfitMarginPercentile" : 19.24,
    "netProfitMarginPercentile" : 9.40,
    "totalTechnicalScore" : 34.97,
    "totalFundamentalScore" : 44.59,
    "totalScore" : 79.56
  }
}