{
  "metadata" : {
    "screenerCompanyId" : "441",
    "companyCode" : "BGRENERGY",
    "companyName" : "BGR Energy Sys.",
    "screenerCompanyLink" : "https://www.screener.in/company/BGRENERGY",
    "screenerTechnicalHistoryLink" : "https://www.screener.in/api/company/441/chart/?q=Price-DMA50-DMA200-Volume&days=365",
    "screenerQuarterlyResultsLink" : "https://www.screener.in/api/company/441/chart/?q=GPM-OPM-NPM-Quarter+Sales&days=10000",
    "attributes" : {
      "companyCode" : "BGRENERGY",
      "companyName" : "BGR Energy Sys.",
      "marketCap" : 2878.00,
      "peRatio" : 0.00,
      "description" : "Incorporated in 1985, BGR Energy Systems Ltd in the business of Supply of systems and Equipment and Turnkey Engineering project contracting[1]"
    },
    "companyScore" : {
      "priceHigherThanDma50" : 5.00,
      "priceHigherThanDma100" : 5.00,
      "priceHigherThanDma200" : 5.00,
      "dma50HigherThanDma100" : 5.00,
      "dma50HigherThanDma200" : 5.00,
      "dma100HigherThanDma200" : 5.00,
      "pricePercentageAboveDma50" : 4.62,
      "pricePercentageAboveDma100" : 2.55,
      "pricePercentageAboveDma200" : 1.10,
      "weeklyVolumeHigherThanYearlyVolume" : 0.00,
      "salesGrowthPercentile" : 10.29,
      "operatingProfitMarginPercentile" : 11.60,
      "netProfitMarginPercentile" : 7.45,
      "totalTechnicalScore" : 38.27,
      "totalFundamentalScore" : 29.33,
      "totalScore" : 67.60
    }
  },
  "attributes" : {
    "companyCode" : "BGRENERGY",
    "companyName" : "BGR Energy Sys.",
    "marketCap" : 2878.00,
    "peRatio" : 0.00,
    "description" : "Incorporated in 1985, BGR Energy Systems Ltd in the business of Supply of systems and Equipment and Turnkey Engineering project contracting[1]"
  },
  "technicalHistory" : [ {
    "date" : "2024-12-09",
    "price" : 52.44,
    "dma50" : 42.04,
    "dma100" : null,
    "dma200" : 48.63,
    "volume" : 2848033.00
  }, {
    "date" : "2024-12-10",
    "price" : 57.68,
    "dma50" : 42.66,
    "dma100" : null,
    "dma200" : 48.72,
    "volume" : 3533588.00
  }, {
    "date" : "2024-12-11",
    "price" : 60.56,
    "dma50" : 43.36,
    "dma100" : null,
    "dma200" : 48.84,
    "volume" : 473763.00
  }, {
    "date" : "2024-12-12",
    "price" : 63.58,
    "dma50" : 44.15,
    "dma100" : null,
    "dma200" : 48.99,
    "volume" : 404753.00
  }, {
    "date" : "2024-12-13",
    "price" : 66.75,
    "dma50" : 45.04,
    "dma100" : null,
    "dma200" : 49.16,
    "volume" : 575585.00
  }, {
    "date" : "2024-12-16",
    "price" : 70.08,
    "dma50" : 46.02,
    "dma100" : null,
    "dma200" : 49.37,
    "volume" : 259075.00
  }, {
    "date" : "2024-12-17",
    "price" : 73.58,
    "dma50" : 47.10,
    "dma100" : null,
    "dma200" : 49.61,
    "volume" : 411650.00
  }, {
    "date" : "2024-12-18",
    "price" : 77.25,
    "dma50" : 48.28,
    "dma100" : null,
    "dma200" : 49.89,
    "volume" : 568316.00
  }, {
    "date" : "2024-12-19",
    "price" : 81.11,
    "dma50" : 49.57,
    "dma100" : null,
    "dma200" : 50.20,
    "volume" : 3107482.00
  }, {
    "date" : "2024-12-20",
    "price" : 85.16,
    "dma50" : 50.97,
    "dma100" : null,
    "dma200" : 50.55,
    "volume" : 387805.00
  }, {
    "date" : "2024-12-23",
    "price" : 89.41,
    "dma50" : 52.47,
    "dma100" : null,
    "dma200" : 50.93,
    "volume" : 330332.00
  }, {
    "date" : "2024-12-24",
    "price" : 93.88,
    "dma50" : 54.10,
    "dma100" : null,
    "dma200" : 51.36,
    "volume" : 558364.00
  }, {
    "date" : "2024-12-26",
    "price" : 95.75,
    "dma50" : 55.73,
    "dma100" : null,
    "dma200" : 51.80,
    "volume" : 4266616.00
  }, {
    "date" : "2024-12-27",
    "price" : 97.66,
    "dma50" : 57.38,
    "dma100" : null,
    "dma200" : 52.26,
    "volume" : 602667.00
  }, {
    "date" : "2024-12-30",
    "price" : 99.61,
    "dma50" : 59.03,
    "dma100" : null,
    "dma200" : 52.73,
    "volume" : 1615376.00
  }, {
    "date" : "2024-12-31",
    "price" : 101.60,
    "dma50" : 60.70,
    "dma100" : null,
    "dma200" : 53.22,
    "volume" : 2352432.00
  }, {
    "date" : "2025-01-01",
    "price" : 103.63,
    "dma50" : 62.38,
    "dma100" : null,
    "dma200" : 53.72,
    "volume" : 175163.00
  }, {
    "date" : "2025-01-02",
    "price" : 105.70,
    "dma50" : 64.08,
    "dma100" : null,
    "dma200" : 54.23,
    "volume" : 194354.00
  }, {
    "date" : "2025-01-03",
    "price" : 107.81,
    "dma50" : 65.80,
    "dma100" : null,
    "dma200" : 54.77,
    "volume" : 183698.00
  }, {
    "date" : "2025-01-06",
    "price" : 109.96,
    "dma50" : 67.53,
    "dma100" : null,
    "dma200" : 55.32,
    "volume" : 3109931.00
  }, {
    "date" : "2025-01-07",
    "price" : 112.15,
    "dma50" : 69.28,
    "dma100" : null,
    "dma200" : 55.88,
    "volume" : 1217034.00
  }, {
    "date" : "2025-01-08",
    "price" : 114.39,
    "dma50" : 71.05,
    "dma100" : null,
    "dma200" : 56.46,
    "volume" : 206551.00
  }, {
    "date" : "2025-01-09",
    "price" : 116.67,
    "dma50" : 72.84,
    "dma100" : null,
    "dma200" : 57.06,
    "volume" : 192190.00
  }, {
    "date" : "2025-01-10",
    "price" : 119.00,
    "dma50" : 74.65,
    "dma100" : null,
    "dma200" : 57.68,
    "volume" : 316883.00
  }, {
    "date" : "2025-01-13",
    "price" : 121.38,
    "dma50" : 76.48,
    "dma100" : null,
    "dma200" : 58.31,
    "volume" : 329908.00
  }, {
    "date" : "2025-01-14",
    "price" : 123.80,
    "dma50" : 78.34,
    "dma100" : null,
    "dma200" : 58.96,
    "volume" : 575888.00
  }, {
    "date" : "2025-01-15",
    "price" : 126.27,
    "dma50" : 80.22,
    "dma100" : null,
    "dma200" : 59.63,
    "volume" : 95529.00
  }, {
    "date" : "2025-01-16",
    "price" : 128.79,
    "dma50" : 82.12,
    "dma100" : null,
    "dma200" : 60.32,
    "volume" : 85698.00
  }, {
    "date" : "2025-01-17",
    "price" : 131.36,
    "dma50" : 84.05,
    "dma100" : null,
    "dma200" : 61.03,
    "volume" : 111994.00
  }, {
    "date" : "2025-01-20",
    "price" : 133.98,
    "dma50" : 86.01,
    "dma100" : null,
    "dma200" : 61.76,
    "volume" : 1650762.00
  }, {
    "date" : "2025-01-21",
    "price" : 136.65,
    "dma50" : 88.00,
    "dma100" : null,
    "dma200" : 62.50,
    "volume" : 92441.00
  }, {
    "date" : "2025-01-22",
    "price" : 139.38,
    "dma50" : 90.01,
    "dma100" : null,
    "dma200" : 63.27,
    "volume" : 122934.00
  }, {
    "date" : "2025-01-23",
    "price" : 142.16,
    "dma50" : 92.06,
    "dma100" : null,
    "dma200" : 64.05,
    "volume" : 106605.00
  }, {
    "date" : "2025-01-24",
    "price" : 145.00,
    "dma50" : 94.13,
    "dma100" : null,
    "dma200" : 64.86,
    "volume" : 153432.00
  }, {
    "date" : "2025-01-27",
    "price" : 142.10,
    "dma50" : 96.01,
    "dma100" : null,
    "dma200" : 65.62,
    "volume" : 1237874.00
  }, {
    "date" : "2025-01-28",
    "price" : 139.25,
    "dma50" : 97.71,
    "dma100" : null,
    "dma200" : 66.36,
    "volume" : 530048.00
  }, {
    "date" : "2025-01-29",
    "price" : 136.46,
    "dma50" : 99.23,
    "dma100" : null,
    "dma200" : 67.05,
    "volume" : 408390.00
  }, {
    "date" : "2025-01-30",
    "price" : 133.73,
    "dma50" : 100.58,
    "dma100" : null,
    "dma200" : 67.72,
    "volume" : 350780.00
  }, {
    "date" : "2025-01-31",
    "price" : 136.40,
    "dma50" : 101.99,
    "dma100" : null,
    "dma200" : 68.40,
    "volume" : 1452100.00
  }, {
    "date" : "2025-02-01",
    "price" : 139.12,
    "dma50" : 103.44,
    "dma100" : null,
    "dma200" : 69.11,
    "volume" : 190426.00
  }, {
    "date" : "2025-02-03",
    "price" : 136.33,
    "dma50" : 104.73,
    "dma100" : null,
    "dma200" : 69.77,
    "volume" : 463956.00
  }, {
    "date" : "2025-02-04",
    "price" : 133.60,
    "dma50" : 105.86,
    "dma100" : null,
    "dma200" : 70.41,
    "volume" : 470999.00
  }, {
    "date" : "2025-02-05",
    "price" : 131.50,
    "dma50" : 106.87,
    "dma100" : null,
    "dma200" : 71.02,
    "volume" : 406258.00
  }, {
    "date" : "2025-02-06",
    "price" : 128.87,
    "dma50" : 107.73,
    "dma100" : null,
    "dma200" : 71.59,
    "volume" : 166876.00
  }, {
    "date" : "2025-02-07",
    "price" : 126.29,
    "dma50" : 108.46,
    "dma100" : null,
    "dma200" : 72.14,
    "volume" : 92737.00
  }, {
    "date" : "2025-02-10",
    "price" : 123.76,
    "dma50" : 109.06,
    "dma100" : null,
    "dma200" : 72.65,
    "volume" : 112793.00
  }, {
    "date" : "2025-02-11",
    "price" : 121.28,
    "dma50" : 109.54,
    "dma100" : null,
    "dma200" : 73.13,
    "volume" : 74169.00
  }, {
    "date" : "2025-02-12",
    "price" : 118.85,
    "dma50" : 109.90,
    "dma100" : null,
    "dma200" : 73.59,
    "volume" : 76955.00
  }, {
    "date" : "2025-02-13",
    "price" : 116.47,
    "dma50" : 110.16,
    "dma100" : null,
    "dma200" : 74.02,
    "volume" : 543144.00
  }, {
    "date" : "2025-02-14",
    "price" : 114.14,
    "dma50" : 110.32,
    "dma100" : null,
    "dma200" : 74.42,
    "volume" : 91889.00
  }, {
    "date" : "2025-02-17",
    "price" : 108.43,
    "dma50" : 110.24,
    "dma100" : null,
    "dma200" : 74.75,
    "volume" : 55321.00
  }, {
    "date" : "2025-02-18",
    "price" : 103.00,
    "dma50" : 109.96,
    "dma100" : null,
    "dma200" : 75.03,
    "volume" : 40842.00
  }, {
    "date" : "2025-02-19",
    "price" : 106.41,
    "dma50" : 109.82,
    "dma100" : null,
    "dma200" : 75.35,
    "volume" : 2619174.00
  }, {
    "date" : "2025-02-20",
    "price" : 101.08,
    "dma50" : 109.48,
    "dma100" : null,
    "dma200" : 75.60,
    "volume" : 820200.00
  }, {
    "date" : "2025-02-21",
    "price" : 96.02,
    "dma50" : 108.95,
    "dma100" : null,
    "dma200" : 75.81,
    "volume" : 214920.00
  }, {
    "date" : "2025-02-24",
    "price" : 91.21,
    "dma50" : 108.25,
    "dma100" : null,
    "dma200" : 75.96,
    "volume" : 112725.00
  }, {
    "date" : "2025-02-25",
    "price" : 86.64,
    "dma50" : 107.41,
    "dma100" : null,
    "dma200" : 76.07,
    "volume" : 192357.00
  }, {
    "date" : "2025-02-27",
    "price" : 82.30,
    "dma50" : 106.42,
    "dma100" : null,
    "dma200" : 76.13,
    "volume" : 108062.00
  }, {
    "date" : "2025-02-28",
    "price" : 78.18,
    "dma50" : 105.31,
    "dma100" : null,
    "dma200" : 76.15,
    "volume" : 121125.00
  }, {
    "date" : "2025-03-03",
    "price" : 74.27,
    "dma50" : 104.10,
    "dma100" : null,
    "dma200" : 76.13,
    "volume" : 283960.00
  }, {
    "date" : "2025-03-04",
    "price" : 71.40,
    "dma50" : 102.81,
    "dma100" : null,
    "dma200" : 76.08,
    "volume" : 868571.00
  }, {
    "date" : "2025-03-05",
    "price" : 74.97,
    "dma50" : 101.72,
    "dma100" : null,
    "dma200" : 76.07,
    "volume" : 493257.00
  }, {
    "date" : "2025-03-06",
    "price" : 78.71,
    "dma50" : 100.82,
    "dma100" : null,
    "dma200" : 76.10,
    "volume" : 522064.00
  }, {
    "date" : "2025-03-07",
    "price" : 82.64,
    "dma50" : 100.11,
    "dma100" : null,
    "dma200" : 76.16,
    "volume" : 465708.00
  }, {
    "date" : "2025-03-10",
    "price" : 86.65,
    "dma50" : 99.58,
    "dma100" : null,
    "dma200" : 76.27,
    "volume" : 973650.00
  }, {
    "date" : "2025-03-11",
    "price" : 84.77,
    "dma50" : 99.00,
    "dma100" : null,
    "dma200" : 76.35,
    "volume" : 472546.00
  }, {
    "date" : "2025-03-12",
    "price" : 84.00,
    "dma50" : 98.41,
    "dma100" : null,
    "dma200" : 76.43,
    "volume" : 112134.00
  }, {
    "date" : "2025-03-13",
    "price" : 82.33,
    "dma50" : 97.78,
    "dma100" : null,
    "dma200" : 76.49,
    "volume" : 121579.00
  }, {
    "date" : "2025-03-17",
    "price" : 80.68,
    "dma50" : 97.11,
    "dma100" : null,
    "dma200" : 76.53,
    "volume" : 307548.00
  }, {
    "date" : "2025-03-18",
    "price" : 81.05,
    "dma50" : 96.48,
    "dma100" : null,
    "dma200" : 76.57,
    "volume" : 124754.00
  }, {
    "date" : "2025-03-19",
    "price" : 82.67,
    "dma50" : 95.94,
    "dma100" : null,
    "dma200" : 76.63,
    "volume" : 143954.00
  }, {
    "date" : "2025-03-20",
    "price" : 82.51,
    "dma50" : 95.41,
    "dma100" : null,
    "dma200" : 76.69,
    "volume" : 166760.00
  }, {
    "date" : "2025-03-21",
    "price" : 84.16,
    "dma50" : 94.97,
    "dma100" : null,
    "dma200" : 76.77,
    "volume" : 102119.00
  }, {
    "date" : "2025-03-24",
    "price" : 85.84,
    "dma50" : 94.61,
    "dma100" : null,
    "dma200" : 76.86,
    "volume" : 71988.00
  }, {
    "date" : "2025-03-25",
    "price" : 87.50,
    "dma50" : 94.33,
    "dma100" : null,
    "dma200" : 76.96,
    "volume" : 99025.00
  }, {
    "date" : "2025-03-26",
    "price" : 85.75,
    "dma50" : 94.00,
    "dma100" : null,
    "dma200" : 77.05,
    "volume" : 55572.00
  }, {
    "date" : "2025-03-27",
    "price" : 84.03,
    "dma50" : 93.61,
    "dma100" : null,
    "dma200" : 77.12,
    "volume" : 65760.00
  }, {
    "date" : "2025-03-28",
    "price" : 83.00,
    "dma50" : 93.19,
    "dma100" : null,
    "dma200" : 77.18,
    "volume" : 69520.00
  }, {
    "date" : "2025-04-01",
    "price" : 81.34,
    "dma50" : 92.73,
    "dma100" : null,
    "dma200" : 77.22,
    "volume" : 57199.00
  }, {
    "date" : "2025-04-02",
    "price" : 80.00,
    "dma50" : 92.23,
    "dma100" : null,
    "dma200" : 77.25,
    "volume" : 88312.00
  }, {
    "date" : "2025-04-03",
    "price" : 81.60,
    "dma50" : 91.81,
    "dma100" : null,
    "dma200" : 77.29,
    "volume" : 75179.00
  }, {
    "date" : "2025-04-04",
    "price" : 79.96,
    "dma50" : 91.34,
    "dma100" : null,
    "dma200" : 77.32,
    "volume" : 38847.00
  }, {
    "date" : "2025-04-07",
    "price" : 78.36,
    "dma50" : 90.84,
    "dma100" : null,
    "dma200" : 77.33,
    "volume" : 14700.00
  }, {
    "date" : "2025-04-08",
    "price" : 77.16,
    "dma50" : 90.30,
    "dma100" : null,
    "dma200" : 77.33,
    "volume" : 53689.00
  }, {
    "date" : "2025-04-09",
    "price" : 75.61,
    "dma50" : 89.72,
    "dma100" : null,
    "dma200" : 77.31,
    "volume" : 35494.00
  }, {
    "date" : "2025-04-11",
    "price" : 74.10,
    "dma50" : 89.11,
    "dma100" : null,
    "dma200" : 77.28,
    "volume" : 112111.00
  }, {
    "date" : "2025-04-15",
    "price" : 74.08,
    "dma50" : 88.52,
    "dma100" : null,
    "dma200" : 77.25,
    "volume" : 69410.00
  }, {
    "date" : "2025-04-16",
    "price" : 75.56,
    "dma50" : 88.01,
    "dma100" : null,
    "dma200" : 77.23,
    "volume" : 61994.00
  }, {
    "date" : "2025-04-17",
    "price" : 77.07,
    "dma50" : 87.58,
    "dma100" : null,
    "dma200" : 77.23,
    "volume" : 34436.00
  }, {
    "date" : "2025-04-21",
    "price" : 80.92,
    "dma50" : 87.32,
    "dma100" : null,
    "dma200" : 77.26,
    "volume" : 13990.00
  }, {
    "date" : "2025-04-22",
    "price" : 84.96,
    "dma50" : 87.23,
    "dma100" : null,
    "dma200" : 77.34,
    "volume" : 20820.00
  }, {
    "date" : "2025-04-23",
    "price" : 89.20,
    "dma50" : 87.31,
    "dma100" : null,
    "dma200" : 77.46,
    "volume" : 83141.00
  }, {
    "date" : "2025-04-24",
    "price" : 93.66,
    "dma50" : 87.56,
    "dma100" : null,
    "dma200" : 77.62,
    "volume" : 28688.00
  }, {
    "date" : "2025-04-25",
    "price" : 98.34,
    "dma50" : 87.98,
    "dma100" : null,
    "dma200" : 77.83,
    "volume" : 785410.00
  }, {
    "date" : "2025-04-28",
    "price" : 98.73,
    "dma50" : 88.40,
    "dma100" : null,
    "dma200" : 78.03,
    "volume" : 737478.00
  }, {
    "date" : "2025-04-29",
    "price" : 101.51,
    "dma50" : 88.91,
    "dma100" : null,
    "dma200" : 78.27,
    "volume" : 272618.00
  }, {
    "date" : "2025-04-30",
    "price" : 99.47,
    "dma50" : 89.33,
    "dma100" : null,
    "dma200" : 78.48,
    "volume" : 86665.00
  }, {
    "date" : "2025-05-02",
    "price" : 97.48,
    "dma50" : 89.65,
    "dma100" : null,
    "dma200" : 78.67,
    "volume" : 30671.00
  }, {
    "date" : "2025-05-05",
    "price" : 95.53,
    "dma50" : 89.88,
    "dma100" : null,
    "dma200" : 78.83,
    "volume" : 33713.00
  }, {
    "date" : "2025-05-06",
    "price" : 97.44,
    "dma50" : 90.18,
    "dma100" : null,
    "dma200" : 79.02,
    "volume" : 138931.00
  }, {
    "date" : "2025-05-07",
    "price" : 99.38,
    "dma50" : 90.54,
    "dma100" : 99.12,
    "dma200" : 79.22,
    "volume" : 110942.00
  }, {
    "date" : "2025-05-08",
    "price" : 101.36,
    "dma50" : 90.96,
    "dma100" : 99.55,
    "dma200" : 79.44,
    "volume" : 119425.00
  }, {
    "date" : "2025-05-09",
    "price" : 103.38,
    "dma50" : 91.45,
    "dma100" : 99.98,
    "dma200" : 79.68,
    "volume" : 461568.00
  }, {
    "date" : "2025-05-12",
    "price" : 105.44,
    "dma50" : 92.00,
    "dma100" : 100.40,
    "dma200" : 79.94,
    "volume" : 47064.00
  }, {
    "date" : "2025-05-13",
    "price" : 107.54,
    "dma50" : 92.61,
    "dma100" : 100.81,
    "dma200" : 80.21,
    "volume" : 45589.00
  }, {
    "date" : "2025-05-14",
    "price" : 109.69,
    "dma50" : 93.28,
    "dma100" : 101.20,
    "dma200" : 80.51,
    "volume" : 53935.00
  }, {
    "date" : "2025-05-15",
    "price" : 111.88,
    "dma50" : 94.01,
    "dma100" : 101.59,
    "dma200" : 80.82,
    "volume" : 22462.00
  }, {
    "date" : "2025-05-16",
    "price" : 114.11,
    "dma50" : 94.79,
    "dma100" : 101.95,
    "dma200" : 81.15,
    "volume" : 65167.00
  }, {
    "date" : "2025-05-19",
    "price" : 116.39,
    "dma50" : 95.64,
    "dma100" : 102.31,
    "dma200" : 81.50,
    "volume" : 42184.00
  }, {
    "date" : "2025-05-20",
    "price" : 115.99,
    "dma50" : 96.44,
    "dma100" : 102.62,
    "dma200" : 81.84,
    "volume" : 632402.00
  }, {
    "date" : "2025-05-21",
    "price" : 115.99,
    "dma50" : 97.21,
    "dma100" : 102.88,
    "dma200" : 82.18,
    "volume" : 153516.00
  }, {
    "date" : "2025-05-22",
    "price" : 118.30,
    "dma50" : 98.03,
    "dma100" : 103.13,
    "dma200" : 82.54,
    "volume" : 110540.00
  }, {
    "date" : "2025-05-23",
    "price" : 119.80,
    "dma50" : 98.89,
    "dma100" : 103.37,
    "dma200" : 82.91,
    "volume" : 108565.00
  }, {
    "date" : "2025-05-26",
    "price" : 121.40,
    "dma50" : 99.77,
    "dma100" : 103.60,
    "dma200" : 83.30,
    "volume" : 153726.00
  }, {
    "date" : "2025-05-27",
    "price" : 119.07,
    "dma50" : 100.53,
    "dma100" : 103.80,
    "dma200" : 83.65,
    "volume" : 120698.00
  }, {
    "date" : "2025-05-28",
    "price" : 116.68,
    "dma50" : 101.16,
    "dma100" : 103.95,
    "dma200" : 83.98,
    "volume" : 121762.00
  }, {
    "date" : "2025-05-29",
    "price" : 114.34,
    "dma50" : 101.68,
    "dma100" : 104.06,
    "dma200" : 84.28,
    "volume" : 86079.00
  }, {
    "date" : "2025-05-30",
    "price" : 112.05,
    "dma50" : 102.08,
    "dma100" : 104.12,
    "dma200" : 84.56,
    "volume" : 101596.00
  }, {
    "date" : "2025-06-02",
    "price" : 111.00,
    "dma50" : 102.43,
    "dma100" : 104.15,
    "dma200" : 84.82,
    "volume" : 86045.00
  }, {
    "date" : "2025-06-03",
    "price" : 113.22,
    "dma50" : 102.86,
    "dma100" : 104.18,
    "dma200" : 85.10,
    "volume" : 81557.00
  }, {
    "date" : "2025-06-04",
    "price" : 115.48,
    "dma50" : 103.35,
    "dma100" : 104.22,
    "dma200" : 85.41,
    "volume" : 39051.00
  }, {
    "date" : "2025-06-05",
    "price" : 117.50,
    "dma50" : 103.91,
    "dma100" : 104.25,
    "dma200" : 85.73,
    "volume" : 131998.00
  }, {
    "date" : "2025-06-06",
    "price" : 115.15,
    "dma50" : 104.35,
    "dma100" : 104.23,
    "dma200" : 86.02,
    "volume" : 101865.00
  }, {
    "date" : "2025-06-09",
    "price" : 112.84,
    "dma50" : 104.68,
    "dma100" : 104.17,
    "dma200" : 86.29,
    "volume" : 113185.00
  }, {
    "date" : "2025-06-10",
    "price" : 111.90,
    "dma50" : 104.96,
    "dma100" : 104.08,
    "dma200" : 86.54,
    "volume" : 54693.00
  }, {
    "date" : "2025-06-11",
    "price" : 109.66,
    "dma50" : 105.15,
    "dma100" : 103.94,
    "dma200" : 86.77,
    "volume" : 86259.00
  }, {
    "date" : "2025-06-12",
    "price" : 107.46,
    "dma50" : 105.24,
    "dma100" : 103.75,
    "dma200" : 86.98,
    "volume" : 64298.00
  }, {
    "date" : "2025-06-13",
    "price" : 105.31,
    "dma50" : 105.24,
    "dma100" : 103.51,
    "dma200" : 87.16,
    "volume" : 61281.00
  }, {
    "date" : "2025-06-16",
    "price" : 100.37,
    "dma50" : 105.05,
    "dma100" : 103.20,
    "dma200" : 87.29,
    "volume" : 376815.00
  }, {
    "date" : "2025-06-17",
    "price" : 101.57,
    "dma50" : 104.91,
    "dma100" : 102.88,
    "dma200" : 87.43,
    "volume" : 164788.00
  }, {
    "date" : "2025-06-18",
    "price" : 101.70,
    "dma50" : 104.79,
    "dma100" : 102.53,
    "dma200" : 87.57,
    "volume" : 99186.00
  }, {
    "date" : "2025-06-19",
    "price" : 97.93,
    "dma50" : 104.52,
    "dma100" : 102.11,
    "dma200" : 87.68,
    "volume" : 98389.00
  }, {
    "date" : "2025-06-20",
    "price" : 99.78,
    "dma50" : 104.33,
    "dma100" : 101.69,
    "dma200" : 87.80,
    "volume" : 110528.00
  }, {
    "date" : "2025-06-23",
    "price" : 102.55,
    "dma50" : 104.26,
    "dma100" : 101.27,
    "dma200" : 87.94,
    "volume" : 132602.00
  }, {
    "date" : "2025-06-24",
    "price" : 102.36,
    "dma50" : 104.19,
    "dma100" : 100.87,
    "dma200" : 88.09,
    "volume" : 92134.00
  }, {
    "date" : "2025-06-25",
    "price" : 101.64,
    "dma50" : 104.09,
    "dma100" : 100.49,
    "dma200" : 88.22,
    "volume" : 105839.00
  }, {
    "date" : "2025-06-26",
    "price" : 100.74,
    "dma50" : 103.96,
    "dma100" : 100.14,
    "dma200" : 88.35,
    "volume" : 99988.00
  }, {
    "date" : "2025-06-27",
    "price" : 101.57,
    "dma50" : 103.86,
    "dma100" : 99.81,
    "dma200" : 88.48,
    "volume" : 73186.00
  }, {
    "date" : "2025-06-30",
    "price" : 100.67,
    "dma50" : 103.74,
    "dma100" : 99.46,
    "dma200" : 88.60,
    "volume" : 101822.00
  }, {
    "date" : "2025-07-01",
    "price" : 100.67,
    "dma50" : 103.62,
    "dma100" : 99.07,
    "dma200" : 88.72,
    "volume" : 41793.00
  }, {
    "date" : "2025-07-02",
    "price" : 105.70,
    "dma50" : 103.70,
    "dma100" : 98.77,
    "dma200" : 88.89,
    "volume" : 189994.00
  }, {
    "date" : "2025-07-03",
    "price" : 110.98,
    "dma50" : 103.98,
    "dma100" : 98.54,
    "dma200" : 89.11,
    "volume" : 84166.00
  }, {
    "date" : "2025-07-04",
    "price" : 113.52,
    "dma50" : 104.36,
    "dma100" : 98.36,
    "dma200" : 89.35,
    "volume" : 391397.00
  }, {
    "date" : "2025-07-07",
    "price" : 107.89,
    "dma50" : 104.50,
    "dma100" : 98.15,
    "dma200" : 89.54,
    "volume" : 159690.00
  }, {
    "date" : "2025-07-08",
    "price" : 105.44,
    "dma50" : 104.53,
    "dma100" : 97.94,
    "dma200" : 89.69,
    "volume" : 92086.00
  }, {
    "date" : "2025-07-09",
    "price" : 103.86,
    "dma50" : 104.51,
    "dma100" : 97.74,
    "dma200" : 89.84,
    "volume" : 105696.00
  }, {
    "date" : "2025-07-10",
    "price" : 102.78,
    "dma50" : 104.44,
    "dma100" : 97.56,
    "dma200" : 89.96,
    "volume" : 43988.00
  }, {
    "date" : "2025-07-11",
    "price" : 101.82,
    "dma50" : 104.34,
    "dma100" : 97.39,
    "dma200" : 90.08,
    "volume" : 104170.00
  }, {
    "date" : "2025-07-14",
    "price" : 99.78,
    "dma50" : 104.16,
    "dma100" : 97.22,
    "dma200" : 90.18,
    "volume" : 149949.00
  }, {
    "date" : "2025-07-15",
    "price" : 101.02,
    "dma50" : 104.04,
    "dma100" : 97.09,
    "dma200" : 90.29,
    "volume" : 61027.00
  }, {
    "date" : "2025-07-16",
    "price" : 100.29,
    "dma50" : 103.89,
    "dma100" : 97.01,
    "dma200" : 90.39,
    "volume" : 83904.00
  }, {
    "date" : "2025-07-17",
    "price" : 102.03,
    "dma50" : 103.82,
    "dma100" : 97.00,
    "dma200" : 90.50,
    "volume" : 65425.00
  }, {
    "date" : "2025-07-18",
    "price" : 101.88,
    "dma50" : 103.74,
    "dma100" : 96.95,
    "dma200" : 90.62,
    "volume" : 57227.00
  }, {
    "date" : "2025-07-21",
    "price" : 101.15,
    "dma50" : 103.64,
    "dma100" : 96.95,
    "dma200" : 90.72,
    "volume" : 54732.00
  }, {
    "date" : "2025-07-22",
    "price" : 99.91,
    "dma50" : 103.49,
    "dma100" : 96.99,
    "dma200" : 90.81,
    "volume" : 78332.00
  }, {
    "date" : "2025-07-23",
    "price" : 101.49,
    "dma50" : 103.41,
    "dma100" : 97.10,
    "dma200" : 90.92,
    "volume" : 123549.00
  }, {
    "date" : "2025-07-24",
    "price" : 99.17,
    "dma50" : 103.25,
    "dma100" : 97.22,
    "dma200" : 91.00,
    "volume" : 43512.00
  }, {
    "date" : "2025-07-25",
    "price" : 99.30,
    "dma50" : 103.09,
    "dma100" : 97.39,
    "dma200" : 91.08,
    "volume" : 73657.00
  }, {
    "date" : "2025-07-28",
    "price" : 97.71,
    "dma50" : 102.88,
    "dma100" : 97.59,
    "dma200" : 91.15,
    "volume" : 47537.00
  }, {
    "date" : "2025-07-29",
    "price" : 100.99,
    "dma50" : 102.81,
    "dma100" : 97.85,
    "dma200" : 91.25,
    "volume" : 124498.00
  }, {
    "date" : "2025-07-30",
    "price" : 98.66,
    "dma50" : 102.64,
    "dma100" : 98.13,
    "dma200" : 91.32,
    "volume" : 30655.00
  }, {
    "date" : "2025-07-31",
    "price" : 98.67,
    "dma50" : 102.49,
    "dma100" : 98.36,
    "dma200" : 91.39,
    "volume" : 43215.00
  }, {
    "date" : "2025-08-01",
    "price" : 96.81,
    "dma50" : 102.27,
    "dma100" : 98.54,
    "dma200" : 91.45,
    "volume" : 50680.00
  }, {
    "date" : "2025-08-04",
    "price" : 101.65,
    "dma50" : 102.24,
    "dma100" : 98.73,
    "dma200" : 91.55,
    "volume" : 42805.00
  }, {
    "date" : "2025-08-05",
    "price" : 106.73,
    "dma50" : 102.42,
    "dma100" : 98.93,
    "dma200" : 91.70,
    "volume" : 54201.00
  }, {
    "date" : "2025-08-06",
    "price" : 112.06,
    "dma50" : 102.80,
    "dma100" : 99.21,
    "dma200" : 91.90,
    "volume" : 1405867.00
  }, {
    "date" : "2025-08-07",
    "price" : 123.26,
    "dma50" : 103.60,
    "dma100" : 99.60,
    "dma200" : 92.21,
    "volume" : 627453.00
  }, {
    "date" : "2025-08-08",
    "price" : 126.00,
    "dma50" : 104.48,
    "dma100" : 100.04,
    "dma200" : 92.55,
    "volume" : 1371102.00
  }, {
    "date" : "2025-08-11",
    "price" : 124.96,
    "dma50" : 105.28,
    "dma100" : 100.48,
    "dma200" : 92.87,
    "volume" : 557113.00
  }, {
    "date" : "2025-08-12",
    "price" : 121.24,
    "dma50" : 105.91,
    "dma100" : 100.88,
    "dma200" : 93.16,
    "volume" : 200407.00
  }, {
    "date" : "2025-08-13",
    "price" : 120.16,
    "dma50" : 106.47,
    "dma100" : 101.26,
    "dma200" : 93.42,
    "volume" : 170746.00
  }, {
    "date" : "2025-08-14",
    "price" : 112.36,
    "dma50" : 106.70,
    "dma100" : 101.55,
    "dma200" : 93.61,
    "volume" : 319261.00
  }, {
    "date" : "2025-08-18",
    "price" : 123.59,
    "dma50" : 107.36,
    "dma100" : 101.95,
    "dma200" : 93.91,
    "volume" : 1056362.00
  }, {
    "date" : "2025-08-19",
    "price" : 135.94,
    "dma50" : 108.48,
    "dma100" : 102.45,
    "dma200" : 94.33,
    "volume" : 2740586.00
  }, {
    "date" : "2025-08-20",
    "price" : 149.53,
    "dma50" : 110.09,
    "dma100" : 103.07,
    "dma200" : 94.88,
    "volume" : 2546195.00
  }, {
    "date" : "2025-08-21",
    "price" : 164.48,
    "dma50" : 112.22,
    "dma100" : 103.86,
    "dma200" : 95.57,
    "volume" : 1129799.00
  }, {
    "date" : "2025-08-22",
    "price" : 172.70,
    "dma50" : 114.59,
    "dma100" : 104.74,
    "dma200" : 96.34,
    "volume" : 1187005.00
  }, {
    "date" : "2025-08-25",
    "price" : 181.33,
    "dma50" : 117.21,
    "dma100" : 105.73,
    "dma200" : 97.18,
    "volume" : 1015559.00
  }, {
    "date" : "2025-08-26",
    "price" : 172.26,
    "dma50" : 119.37,
    "dma100" : 106.64,
    "dma200" : 97.93,
    "volume" : 288274.00
  }, {
    "date" : "2025-08-28",
    "price" : 163.64,
    "dma50" : 121.11,
    "dma100" : 107.47,
    "dma200" : 98.58,
    "volume" : 248229.00
  }, {
    "date" : "2025-08-29",
    "price" : 171.82,
    "dma50" : 123.09,
    "dma100" : 108.38,
    "dma200" : 99.31,
    "volume" : 656405.00
  }, {
    "date" : "2025-09-01",
    "price" : 180.16,
    "dma50" : 125.33,
    "dma100" : 109.38,
    "dma200" : 100.12,
    "volume" : 1016731.00
  }, {
    "date" : "2025-09-02",
    "price" : 189.16,
    "dma50" : 127.84,
    "dma100" : 110.49,
    "dma200" : 101.00,
    "volume" : 296938.00
  }, {
    "date" : "2025-09-03",
    "price" : 190.37,
    "dma50" : 130.29,
    "dma100" : 111.62,
    "dma200" : 101.89,
    "volume" : 983098.00
  }, {
    "date" : "2025-09-04",
    "price" : 199.88,
    "dma50" : 133.02,
    "dma100" : 112.86,
    "dma200" : 102.87,
    "volume" : 705783.00
  }, {
    "date" : "2025-09-05",
    "price" : 209.79,
    "dma50" : 136.03,
    "dma100" : 114.22,
    "dma200" : 103.93,
    "volume" : 604872.00
  }, {
    "date" : "2025-09-08",
    "price" : 220.27,
    "dma50" : 139.33,
    "dma100" : 115.68,
    "dma200" : 105.09,
    "volume" : 246612.00
  }, {
    "date" : "2025-09-09",
    "price" : 226.02,
    "dma50" : 142.73,
    "dma100" : 117.18,
    "dma200" : 106.29,
    "volume" : 935512.00
  }, {
    "date" : "2025-09-10",
    "price" : 218.58,
    "dma50" : 145.71,
    "dma100" : 118.60,
    "dma200" : 107.41,
    "volume" : 604928.00
  }, {
    "date" : "2025-09-11",
    "price" : 229.50,
    "dma50" : 148.99,
    "dma100" : 120.08,
    "dma200" : 108.62,
    "volume" : 327086.00
  }, {
    "date" : "2025-09-12",
    "price" : 233.30,
    "dma50" : 152.30,
    "dma100" : 121.57,
    "dma200" : 109.87,
    "volume" : 685539.00
  }, {
    "date" : "2025-09-15",
    "price" : 244.96,
    "dma50" : 155.93,
    "dma100" : 123.13,
    "dma200" : 111.21,
    "volume" : 539618.00
  }, {
    "date" : "2025-09-16",
    "price" : 257.20,
    "dma50" : 159.90,
    "dma100" : 124.76,
    "dma200" : 112.66,
    "volume" : 637661.00
  }, {
    "date" : "2025-09-17",
    "price" : 265.15,
    "dma50" : 164.03,
    "dma100" : 126.43,
    "dma200" : 114.18,
    "volume" : 1294130.00
  }, {
    "date" : "2025-09-18",
    "price" : 251.89,
    "dma50" : 167.48,
    "dma100" : 127.96,
    "dma200" : 115.55,
    "volume" : 511606.00
  }, {
    "date" : "2025-09-19",
    "price" : 264.48,
    "dma50" : 171.28,
    "dma100" : 129.59,
    "dma200" : 117.03,
    "volume" : 1016215.00
  }, {
    "date" : "2025-09-22",
    "price" : 257.31,
    "dma50" : 174.65,
    "dma100" : 131.17,
    "dma200" : 118.43,
    "volume" : 832518.00
  }, {
    "date" : "2025-09-23",
    "price" : 245.06,
    "dma50" : 177.41,
    "dma100" : 132.64,
    "dma200" : 119.69,
    "volume" : 463745.00
  }, {
    "date" : "2025-09-24",
    "price" : 232.80,
    "dma50" : 179.59,
    "dma100" : 134.02,
    "dma200" : 120.81,
    "volume" : 304897.00
  }, {
    "date" : "2025-09-25",
    "price" : 229.76,
    "dma50" : 181.55,
    "dma100" : 135.34,
    "dma200" : 121.90,
    "volume" : 576579.00
  }, {
    "date" : "2025-09-26",
    "price" : 225.02,
    "dma50" : 183.26,
    "dma100" : 136.60,
    "dma200" : 122.92,
    "volume" : 330137.00
  }, {
    "date" : "2025-09-29",
    "price" : 236.05,
    "dma50" : 185.33,
    "dma100" : 137.94,
    "dma200" : 124.05,
    "volume" : 351903.00
  }, {
    "date" : "2025-09-30",
    "price" : 238.52,
    "dma50" : 187.41,
    "dma100" : 139.30,
    "dma200" : 125.19,
    "volume" : 228843.00
  }, {
    "date" : "2025-10-01",
    "price" : 250.44,
    "dma50" : 189.89,
    "dma100" : 140.75,
    "dma200" : 126.43,
    "volume" : 190833.00
  }, {
    "date" : "2025-10-03",
    "price" : 262.96,
    "dma50" : 192.75,
    "dma100" : 142.30,
    "dma200" : 127.79,
    "volume" : 208282.00
  }, {
    "date" : "2025-10-06",
    "price" : 276.10,
    "dma50" : 196.02,
    "dma100" : 143.96,
    "dma200" : 129.27,
    "volume" : 81354.00
  }, {
    "date" : "2025-10-07",
    "price" : 289.90,
    "dma50" : 199.70,
    "dma100" : 145.74,
    "dma200" : 130.87,
    "volume" : 138776.00
  }, {
    "date" : "2025-10-08",
    "price" : 304.39,
    "dma50" : 203.81,
    "dma100" : 147.65,
    "dma200" : 132.59,
    "volume" : 957028.00
  }, {
    "date" : "2025-10-09",
    "price" : 319.60,
    "dma50" : 208.35,
    "dma100" : 149.68,
    "dma200" : 134.45,
    "volume" : 201357.00
  }, {
    "date" : "2025-10-10",
    "price" : 335.58,
    "dma50" : 213.34,
    "dma100" : 151.87,
    "dma200" : 136.46,
    "volume" : 102787.00
  }, {
    "date" : "2025-10-13",
    "price" : 352.35,
    "dma50" : 218.79,
    "dma100" : 154.24,
    "dma200" : 138.60,
    "volume" : 359559.00
  }, {
    "date" : "2025-10-14",
    "price" : 369.96,
    "dma50" : 224.72,
    "dma100" : 156.75,
    "dma200" : 140.91,
    "volume" : 595204.00
  }, {
    "date" : "2025-10-15",
    "price" : 366.27,
    "dma50" : 230.27,
    "dma100" : 159.22,
    "dma200" : 143.15,
    "volume" : 776497.00
  }, {
    "date" : "2025-10-16",
    "price" : 384.58,
    "dma50" : 236.32,
    "dma100" : 161.85,
    "dma200" : 145.55,
    "volume" : 245944.00
  }, {
    "date" : "2025-10-17",
    "price" : 403.80,
    "dma50" : 242.89,
    "dma100" : 164.70,
    "dma200" : 148.12,
    "volume" : 128973.00
  }, {
    "date" : "2025-10-20",
    "price" : 423.99,
    "dma50" : 249.99,
    "dma100" : 167.77,
    "dma200" : 150.86,
    "volume" : 426867.00
  }, {
    "date" : "2025-10-21",
    "price" : 445.18,
    "dma50" : 257.64,
    "dma100" : 171.08,
    "dma200" : 153.79,
    "volume" : 248122.00
  }, {
    "date" : "2025-10-23",
    "price" : 467.43,
    "dma50" : 265.87,
    "dma100" : 174.63,
    "dma200" : 156.91,
    "volume" : 108940.00
  }, {
    "date" : "2025-10-24",
    "price" : 444.05,
    "dma50" : 272.86,
    "dma100" : 177.96,
    "dma200" : 159.77,
    "volume" : 1082730.00
  }, {
    "date" : "2025-10-27",
    "price" : 421.84,
    "dma50" : 278.70,
    "dma100" : 181.05,
    "dma200" : 162.38,
    "volume" : 149850.00
  }, {
    "date" : "2025-10-28",
    "price" : 411.49,
    "dma50" : 283.91,
    "dma100" : 184.01,
    "dma200" : 164.86,
    "volume" : 1208272.00
  }, {
    "date" : "2025-10-29",
    "price" : 404.01,
    "dma50" : 288.62,
    "dma100" : 186.88,
    "dma200" : 167.24,
    "volume" : 1010972.00
  }, {
    "date" : "2025-10-30",
    "price" : 422.44,
    "dma50" : 293.87,
    "dma100" : 189.95,
    "dma200" : 169.78,
    "volume" : 433323.00
  }, {
    "date" : "2025-10-31",
    "price" : 438.30,
    "dma50" : 299.53,
    "dma100" : 193.20,
    "dma200" : 172.45,
    "volume" : 257270.00
  }, {
    "date" : "2025-11-03",
    "price" : 430.10,
    "dma50" : 304.65,
    "dma100" : 196.39,
    "dma200" : 175.01,
    "volume" : 288339.00
  }, {
    "date" : "2025-11-04",
    "price" : 412.75,
    "dma50" : 308.89,
    "dma100" : 199.42,
    "dma200" : 177.38,
    "volume" : 182193.00
  }, {
    "date" : "2025-11-06",
    "price" : 402.65,
    "dma50" : 312.57,
    "dma100" : 202.37,
    "dma200" : 179.62,
    "volume" : 302792.00
  }, {
    "date" : "2025-11-07",
    "price" : 405.50,
    "dma50" : 316.21,
    "dma100" : 205.37,
    "dma200" : 181.87,
    "volume" : 147288.00
  }, {
    "date" : "2025-11-10",
    "price" : 389.65,
    "dma50" : 319.09,
    "dma100" : 208.26,
    "dma200" : 183.93,
    "volume" : 151028.00
  }, {
    "date" : "2025-11-11",
    "price" : 400.95,
    "dma50" : 322.30,
    "dma100" : 211.26,
    "dma200" : 186.09,
    "volume" : 199484.00
  }, {
    "date" : "2025-11-12",
    "price" : 401.05,
    "dma50" : 325.39,
    "dma100" : 214.25,
    "dma200" : 188.23,
    "volume" : 119760.00
  }, {
    "date" : "2025-11-13",
    "price" : 421.10,
    "dma50" : 329.14,
    "dma100" : 217.48,
    "dma200" : 190.55,
    "volume" : 246437.00
  }, {
    "date" : "2025-11-14",
    "price" : 405.70,
    "dma50" : 332.15,
    "dma100" : 220.54,
    "dma200" : 192.69,
    "volume" : 189424.00
  }, {
    "date" : "2025-11-17",
    "price" : 411.80,
    "dma50" : 335.27,
    "dma100" : 223.63,
    "dma200" : 194.87,
    "volume" : 148385.00
  }, {
    "date" : "2025-11-18",
    "price" : 413.95,
    "dma50" : 338.35,
    "dma100" : 226.75,
    "dma200" : 197.05,
    "volume" : 100853.00
  }, {
    "date" : "2025-11-19",
    "price" : 414.15,
    "dma50" : 341.33,
    "dma100" : 229.87,
    "dma200" : 199.21,
    "volume" : 84357.00
  }, {
    "date" : "2025-11-20",
    "price" : 413.60,
    "dma50" : 344.16,
    "dma100" : 233.00,
    "dma200" : 201.34,
    "volume" : 82902.00
  }, {
    "date" : "2025-11-21",
    "price" : 424.05,
    "dma50" : 347.29,
    "dma100" : 236.23,
    "dma200" : 203.56,
    "volume" : 174455.00
  }, {
    "date" : "2025-11-24",
    "price" : 427.30,
    "dma50" : 350.43,
    "dma100" : 239.49,
    "dma200" : 205.79,
    "volume" : 228322.00
  }, {
    "date" : "2025-11-25",
    "price" : 414.70,
    "dma50" : 352.95,
    "dma100" : 242.63,
    "dma200" : 207.86,
    "volume" : 83644.00
  }, {
    "date" : "2025-11-26",
    "price" : 423.70,
    "dma50" : 355.73,
    "dma100" : 245.81,
    "dma200" : 210.01,
    "volume" : 123113.00
  }, {
    "date" : "2025-11-27",
    "price" : 422.50,
    "dma50" : 358.34,
    "dma100" : 248.93,
    "dma200" : 212.13,
    "volume" : 107090.00
  }, {
    "date" : "2025-11-28",
    "price" : 428.75,
    "dma50" : 361.11,
    "dma100" : 252.08,
    "dma200" : 214.28,
    "volume" : 115911.00
  }, {
    "date" : "2025-12-01",
    "price" : 428.75,
    "dma50" : 363.76,
    "dma100" : 255.29,
    "dma200" : 216.42,
    "volume" : 81893.00
  }, {
    "date" : "2025-12-02",
    "price" : 416.50,
    "dma50" : 365.83,
    "dma100" : 258.40,
    "dma200" : 218.41,
    "volume" : 73916.00
  }, {
    "date" : "2025-12-03",
    "price" : 416.00,
    "dma50" : 367.79,
    "dma100" : 261.52,
    "dma200" : 220.37,
    "volume" : 53392.00
  }, {
    "date" : "2025-12-04",
    "price" : 410.90,
    "dma50" : 369.48,
    "dma100" : 264.60,
    "dma200" : 222.27,
    "volume" : 93602.00
  }, {
    "date" : "2025-12-05",
    "price" : 398.80,
    "dma50" : 370.63,
    "dma100" : 267.57,
    "dma200" : 224.03,
    "volume" : 155256.00
  } ],
  "latestTechnicalAttributes" : {
    "date" : "2025-12-05",
    "price" : 398.80,
    "dma50" : 370.63,
    "dma100" : 267.57,
    "dma200" : 224.03,
    "volume" : 155256.00
  },
  "quarterlyResults" : [ {
    "date" : "2007-06-30",
    "sales" : 232.41,
    "salesGrowthYoY" : null,
    "grossProfitMargin" : 19.04,
    "grossProfit" : 44.25,
    "operatingProfitMargin" : 11.32,
    "operatingProfit" : 26.31,
    "netProfitMargin" : 6.32,
    "netProfit" : 14.69
  }, {
    "date" : "2007-09-30",
    "sales" : 311.06,
    "salesGrowthYoY" : null,
    "grossProfitMargin" : 16.14,
    "grossProfit" : 50.21,
    "operatingProfitMargin" : 10.44,
    "operatingProfit" : 32.47,
    "netProfitMargin" : 5.15,
    "netProfit" : 16.02
  }, {
    "date" : "2007-12-31",
    "sales" : 382.76,
    "salesGrowthYoY" : null,
    "grossProfitMargin" : 14.90,
    "grossProfit" : 57.03,
    "operatingProfitMargin" : 10.25,
    "operatingProfit" : 39.23,
    "netProfitMargin" : 5.70,
    "netProfit" : 21.82
  }, {
    "date" : "2008-03-31",
    "sales" : 578.61,
    "salesGrowthYoY" : null,
    "grossProfitMargin" : 14.34,
    "grossProfit" : 82.97,
    "operatingProfitMargin" : 9.16,
    "operatingProfit" : 53.00,
    "netProfitMargin" : 5.51,
    "netProfit" : 31.88
  }, {
    "date" : "2008-06-30",
    "sales" : 306.83,
    "salesGrowthYoY" : 32.02,
    "grossProfitMargin" : 17.03,
    "grossProfit" : 52.25,
    "operatingProfitMargin" : 10.16,
    "operatingProfit" : 31.17,
    "netProfitMargin" : 5.62,
    "netProfit" : 17.24
  }, {
    "date" : "2008-09-30",
    "sales" : 424.57,
    "salesGrowthYoY" : 36.49,
    "grossProfitMargin" : 17.53,
    "grossProfit" : 74.43,
    "operatingProfitMargin" : 10.31,
    "operatingProfit" : 43.77,
    "netProfitMargin" : 5.58,
    "netProfit" : 23.69
  }, {
    "date" : "2008-12-31",
    "sales" : 472.43,
    "salesGrowthYoY" : 23.43,
    "grossProfitMargin" : 17.17,
    "grossProfit" : 81.12,
    "operatingProfitMargin" : 10.48,
    "operatingProfit" : 49.51,
    "netProfitMargin" : 5.76,
    "netProfit" : 27.21
  }, {
    "date" : "2009-03-31",
    "sales" : 718.34,
    "salesGrowthYoY" : 24.15,
    "grossProfitMargin" : 19.05,
    "grossProfit" : 136.84,
    "operatingProfitMargin" : 11.47,
    "operatingProfit" : 82.39,
    "netProfitMargin" : 6.54,
    "netProfit" : 46.98
  }, {
    "date" : "2009-06-30",
    "sales" : 311.95,
    "salesGrowthYoY" : 1.67,
    "grossProfitMargin" : 25.06,
    "grossProfit" : 78.17,
    "operatingProfitMargin" : 13.82,
    "operatingProfit" : 43.11,
    "netProfitMargin" : 6.49,
    "netProfit" : 20.25
  }, {
    "date" : "2009-09-30",
    "sales" : 468.22,
    "salesGrowthYoY" : 10.28,
    "grossProfitMargin" : 20.06,
    "grossProfit" : 93.92,
    "operatingProfitMargin" : 12.73,
    "operatingProfit" : 59.60,
    "netProfitMargin" : 6.53,
    "netProfit" : 30.57
  }, {
    "date" : "2009-12-31",
    "sales" : 633.83,
    "salesGrowthYoY" : 34.16,
    "grossProfitMargin" : 21.68,
    "grossProfit" : 137.41,
    "operatingProfitMargin" : 11.06,
    "operatingProfit" : 70.10,
    "netProfitMargin" : 6.61,
    "netProfit" : 41.90
  }, {
    "date" : "2010-03-31",
    "sales" : 1659.77,
    "salesGrowthYoY" : 131.06,
    "grossProfitMargin" : 16.73,
    "grossProfit" : 277.68,
    "operatingProfitMargin" : 10.56,
    "operatingProfit" : 175.27,
    "netProfitMargin" : 6.53,
    "netProfit" : 108.38
  }, {
    "date" : "2010-06-30",
    "sales" : 906.67,
    "salesGrowthYoY" : 190.65,
    "grossProfitMargin" : 18.83,
    "grossProfit" : 170.73,
    "operatingProfitMargin" : 11.44,
    "operatingProfit" : 103.72,
    "netProfitMargin" : 6.68,
    "netProfit" : 60.57
  }, {
    "date" : "2010-09-30",
    "sales" : 1135.61,
    "salesGrowthYoY" : 142.54,
    "grossProfitMargin" : 18.25,
    "grossProfit" : 207.25,
    "operatingProfitMargin" : 11.65,
    "operatingProfit" : 132.30,
    "netProfitMargin" : 6.85,
    "netProfit" : 77.79
  }, {
    "date" : "2010-12-31",
    "sales" : 1256.88,
    "salesGrowthYoY" : 98.30,
    "grossProfitMargin" : 19.64,
    "grossProfit" : 246.85,
    "operatingProfitMargin" : 11.71,
    "operatingProfit" : 147.18,
    "netProfitMargin" : 6.97,
    "netProfit" : 87.60
  }, {
    "date" : "2011-03-31",
    "sales" : 1461.63,
    "salesGrowthYoY" : -11.94,
    "grossProfitMargin" : 15.25,
    "grossProfit" : 222.90,
    "operatingProfitMargin" : 11.45,
    "operatingProfit" : 167.36,
    "netProfitMargin" : 6.73,
    "netProfit" : 98.37
  }, {
    "date" : "2011-06-30",
    "sales" : 732.86,
    "salesGrowthYoY" : -19.17,
    "grossProfitMargin" : 21.42,
    "grossProfit" : 156.98,
    "operatingProfitMargin" : 12.93,
    "operatingProfit" : 94.76,
    "netProfitMargin" : 6.86,
    "netProfit" : 50.27
  }, {
    "date" : "2011-09-30",
    "sales" : 770.67,
    "salesGrowthYoY" : -32.14,
    "grossProfitMargin" : 24.43,
    "grossProfit" : 188.27,
    "operatingProfitMargin" : 14.19,
    "operatingProfit" : 109.36,
    "netProfitMargin" : 6.66,
    "netProfit" : 51.33
  }, {
    "date" : "2011-12-31",
    "sales" : 803.54,
    "salesGrowthYoY" : -36.07,
    "grossProfitMargin" : 26.87,
    "grossProfit" : 215.91,
    "operatingProfitMargin" : 16.32,
    "operatingProfit" : 131.14,
    "netProfitMargin" : 6.81,
    "netProfit" : 54.72
  }, {
    "date" : "2012-03-31",
    "sales" : 1137.74,
    "salesGrowthYoY" : -22.16,
    "grossProfitMargin" : 17.66,
    "grossProfit" : 200.92,
    "operatingProfitMargin" : 11.92,
    "operatingProfit" : 135.62,
    "netProfitMargin" : 5.90,
    "netProfit" : 67.13
  }, {
    "date" : "2012-06-30",
    "sales" : 610.94,
    "salesGrowthYoY" : -16.64,
    "grossProfitMargin" : 25.61,
    "grossProfit" : 156.46,
    "operatingProfitMargin" : 14.41,
    "operatingProfit" : 88.04,
    "netProfitMargin" : 5.51,
    "netProfit" : 33.66
  }, {
    "date" : "2012-09-30",
    "sales" : 627.26,
    "salesGrowthYoY" : -18.61,
    "grossProfitMargin" : 27.30,
    "grossProfit" : 171.24,
    "operatingProfitMargin" : 15.19,
    "operatingProfit" : 95.28,
    "netProfitMargin" : 5.54,
    "netProfit" : 34.75
  }, {
    "date" : "2012-12-31",
    "sales" : 804.95,
    "salesGrowthYoY" : 0.18,
    "grossProfitMargin" : 24.52,
    "grossProfit" : 197.37,
    "operatingProfitMargin" : 13.74,
    "operatingProfit" : 110.60,
    "netProfitMargin" : 5.15,
    "netProfit" : 41.45
  }, {
    "date" : "2013-03-31",
    "sales" : 1063.38,
    "salesGrowthYoY" : -6.54,
    "grossProfitMargin" : 21.77,
    "grossProfit" : 231.50,
    "operatingProfitMargin" : 13.05,
    "operatingProfit" : 138.77,
    "netProfitMargin" : 5.06,
    "netProfit" : 53.81
  }, {
    "date" : "2013-06-30",
    "sales" : 821.30,
    "salesGrowthYoY" : 34.43,
    "grossProfitMargin" : 23.26,
    "grossProfit" : 191.03,
    "operatingProfitMargin" : 12.91,
    "operatingProfit" : 106.03,
    "netProfitMargin" : 3.93,
    "netProfit" : 32.28
  }, {
    "date" : "2013-09-30",
    "sales" : 826.28,
    "salesGrowthYoY" : 31.73,
    "grossProfitMargin" : 20.61,
    "grossProfit" : 170.30,
    "operatingProfitMargin" : 12.30,
    "operatingProfit" : 101.63,
    "netProfitMargin" : 3.63,
    "netProfit" : 29.99
  }, {
    "date" : "2013-12-31",
    "sales" : 835.79,
    "salesGrowthYoY" : 3.83,
    "grossProfitMargin" : 21.61,
    "grossProfit" : 180.61,
    "operatingProfitMargin" : 12.19,
    "operatingProfit" : 101.88,
    "netProfitMargin" : 3.55,
    "netProfit" : 29.67
  }, {
    "date" : "2014-03-31",
    "sales" : 812.23,
    "salesGrowthYoY" : -23.62,
    "grossProfitMargin" : 17.21,
    "grossProfit" : 139.78,
    "operatingProfitMargin" : 10.55,
    "operatingProfit" : 85.69,
    "netProfitMargin" : 2.35,
    "netProfit" : 19.09
  }, {
    "date" : "2014-06-30",
    "sales" : 634.54,
    "salesGrowthYoY" : -22.74,
    "grossProfitMargin" : 20.35,
    "grossProfit" : 129.13,
    "operatingProfitMargin" : 11.09,
    "operatingProfit" : 70.37,
    "netProfitMargin" : 1.45,
    "netProfit" : 9.20
  }, {
    "date" : "2014-09-30",
    "sales" : 694.25,
    "salesGrowthYoY" : -15.98,
    "grossProfitMargin" : 18.51,
    "grossProfit" : 128.51,
    "operatingProfitMargin" : 10.41,
    "operatingProfit" : 72.27,
    "netProfitMargin" : 1.37,
    "netProfit" : 9.51
  }, {
    "date" : "2014-12-31",
    "sales" : 988.57,
    "salesGrowthYoY" : 18.28,
    "grossProfitMargin" : 13.55,
    "grossProfit" : 133.95,
    "operatingProfitMargin" : 7.81,
    "operatingProfit" : 77.21,
    "netProfitMargin" : 1.47,
    "netProfit" : 14.53
  }, {
    "date" : "2015-03-31",
    "sales" : 1047.63,
    "salesGrowthYoY" : 28.98,
    "grossProfitMargin" : 14.54,
    "grossProfit" : 152.33,
    "operatingProfitMargin" : 8.50,
    "operatingProfit" : 89.05,
    "netProfitMargin" : 1.80,
    "netProfit" : 18.86
  }, {
    "date" : "2015-06-30",
    "sales" : 894.07,
    "salesGrowthYoY" : 40.90,
    "grossProfitMargin" : 15.92,
    "grossProfit" : 142.34,
    "operatingProfitMargin" : 8.62,
    "operatingProfit" : 77.07,
    "netProfitMargin" : 1.23,
    "netProfit" : 11.00
  }, {
    "date" : "2015-09-30",
    "sales" : 831.95,
    "salesGrowthYoY" : 19.83,
    "grossProfitMargin" : 16.09,
    "grossProfit" : 133.86,
    "operatingProfitMargin" : 9.12,
    "operatingProfit" : 75.87,
    "netProfitMargin" : 0.95,
    "netProfit" : 7.90
  }, {
    "date" : "2015-12-31",
    "sales" : 616.31,
    "salesGrowthYoY" : -37.66,
    "grossProfitMargin" : 18.54,
    "grossProfit" : 114.26,
    "operatingProfitMargin" : 8.63,
    "operatingProfit" : 53.19,
    "netProfitMargin" : -1.44,
    "netProfit" : -8.87
  }, {
    "date" : "2016-03-31",
    "sales" : 855.00,
    "salesGrowthYoY" : -18.39,
    "grossProfitMargin" : 44.06,
    "grossProfit" : 376.71,
    "operatingProfitMargin" : 12.61,
    "operatingProfit" : 107.82,
    "netProfitMargin" : 2.75,
    "netProfit" : 23.51
  }, {
    "date" : "2016-06-30",
    "sales" : 850.71,
    "salesGrowthYoY" : -4.85,
    "grossProfitMargin" : 40.95,
    "grossProfit" : 348.37,
    "operatingProfitMargin" : 10.33,
    "operatingProfit" : 87.88,
    "netProfitMargin" : 1.02,
    "netProfit" : 8.68
  }, {
    "date" : "2016-09-30",
    "sales" : 834.63,
    "salesGrowthYoY" : 0.32,
    "grossProfitMargin" : 42.62,
    "grossProfit" : 355.72,
    "operatingProfitMargin" : 10.20,
    "operatingProfit" : 85.13,
    "netProfitMargin" : 1.28,
    "netProfit" : 10.68
  }, {
    "date" : "2016-12-31",
    "sales" : 645.93,
    "salesGrowthYoY" : 4.81,
    "grossProfitMargin" : 48.59,
    "grossProfit" : 313.86,
    "operatingProfitMargin" : 10.22,
    "operatingProfit" : 66.01,
    "netProfitMargin" : -0.71,
    "netProfit" : -4.59
  }, {
    "date" : "2017-03-31",
    "sales" : 1106.77,
    "salesGrowthYoY" : 29.45,
    "grossProfitMargin" : 44.32,
    "grossProfit" : 490.52,
    "operatingProfitMargin" : 8.60,
    "operatingProfit" : 95.18,
    "netProfitMargin" : 1.32,
    "netProfit" : 14.61
  }, {
    "date" : "2017-06-30",
    "sales" : 898.20,
    "salesGrowthYoY" : 5.58,
    "grossProfitMargin" : 53.71,
    "grossProfit" : 482.42,
    "operatingProfitMargin" : 9.89,
    "operatingProfit" : 88.83,
    "netProfitMargin" : 1.10,
    "netProfit" : 9.88
  }, {
    "date" : "2017-09-30",
    "sales" : 517.39,
    "salesGrowthYoY" : -38.01,
    "grossProfitMargin" : 40.60,
    "grossProfit" : 210.06,
    "operatingProfitMargin" : 14.91,
    "operatingProfit" : 77.14,
    "netProfitMargin" : 0.22,
    "netProfit" : 1.14
  }, {
    "date" : "2017-12-31",
    "sales" : 707.60,
    "salesGrowthYoY" : 9.55,
    "grossProfitMargin" : 50.15,
    "grossProfit" : 354.86,
    "operatingProfitMargin" : 11.90,
    "operatingProfit" : 84.20,
    "netProfitMargin" : 0.97,
    "netProfit" : 6.86
  }, {
    "date" : "2018-03-31",
    "sales" : 1175.16,
    "salesGrowthYoY" : 6.18,
    "grossProfitMargin" : 35.26,
    "grossProfit" : 414.36,
    "operatingProfitMargin" : 10.52,
    "operatingProfit" : 123.63,
    "netProfitMargin" : 2.51,
    "netProfit" : 29.50
  }, {
    "date" : "2018-06-30",
    "sales" : 652.30,
    "salesGrowthYoY" : -27.38,
    "grossProfitMargin" : 38.36,
    "grossProfit" : 250.22,
    "operatingProfitMargin" : 4.90,
    "operatingProfit" : 31.96,
    "netProfitMargin" : -4.01,
    "netProfit" : -26.16
  }, {
    "date" : "2018-09-30",
    "sales" : 777.20,
    "salesGrowthYoY" : 50.22,
    "grossProfitMargin" : 40.87,
    "grossProfit" : 317.64,
    "operatingProfitMargin" : 10.69,
    "operatingProfit" : 83.08,
    "netProfitMargin" : 0.89,
    "netProfit" : 6.92
  }, {
    "date" : "2018-12-31",
    "sales" : 831.54,
    "salesGrowthYoY" : 17.52,
    "grossProfitMargin" : 41.98,
    "grossProfit" : 349.08,
    "operatingProfitMargin" : 10.62,
    "operatingProfit" : 88.31,
    "netProfitMargin" : 1.30,
    "netProfit" : 10.81
  }, {
    "date" : "2019-03-31",
    "sales" : 968.27,
    "salesGrowthYoY" : -17.61,
    "grossProfitMargin" : 41.36,
    "grossProfit" : 400.48,
    "operatingProfitMargin" : 13.89,
    "operatingProfit" : 134.49,
    "netProfitMargin" : 3.87,
    "netProfit" : 37.47
  }, {
    "date" : "2019-06-30",
    "sales" : 631.98,
    "salesGrowthYoY" : -3.12,
    "grossProfitMargin" : 45.13,
    "grossProfit" : 285.21,
    "operatingProfitMargin" : 9.35,
    "operatingProfit" : 59.09,
    "netProfitMargin" : -1.59,
    "netProfit" : -10.05
  }, {
    "date" : "2019-09-30",
    "sales" : 609.72,
    "salesGrowthYoY" : -21.55,
    "grossProfitMargin" : 47.54,
    "grossProfit" : 289.86,
    "operatingProfitMargin" : 9.38,
    "operatingProfit" : 57.19,
    "netProfitMargin" : -2.65,
    "netProfit" : -16.16
  }, {
    "date" : "2019-12-31",
    "sales" : 1170.89,
    "salesGrowthYoY" : 40.81,
    "grossProfitMargin" : 27.51,
    "grossProfit" : 322.11,
    "operatingProfitMargin" : 10.21,
    "operatingProfit" : 119.55,
    "netProfitMargin" : 2.43,
    "netProfit" : 28.45
  }, {
    "date" : "2020-03-31",
    "sales" : 279.38,
    "salesGrowthYoY" : -71.15,
    "grossProfitMargin" : 55.15,
    "grossProfit" : 154.08,
    "operatingProfitMargin" : -10.38,
    "operatingProfit" : -29.00,
    "netProfitMargin" : 4.05,
    "netProfit" : 11.31
  }, {
    "date" : "2020-06-30",
    "sales" : 127.47,
    "salesGrowthYoY" : -79.83,
    "grossProfitMargin" : 42.99,
    "grossProfit" : 54.80,
    "operatingProfitMargin" : -21.97,
    "operatingProfit" : -28.01,
    "netProfitMargin" : -57.39,
    "netProfit" : -73.16
  }, {
    "date" : "2020-09-30",
    "sales" : 273.81,
    "salesGrowthYoY" : -55.09,
    "grossProfitMargin" : 50.03,
    "grossProfit" : 136.99,
    "operatingProfitMargin" : -46.81,
    "operatingProfit" : -128.17,
    "netProfitMargin" : -54.69,
    "netProfit" : -149.75
  }, {
    "date" : "2020-12-31",
    "sales" : 357.60,
    "salesGrowthYoY" : -69.46,
    "grossProfitMargin" : 36.24,
    "grossProfit" : 129.59,
    "operatingProfitMargin" : -9.13,
    "operatingProfit" : -32.65,
    "netProfitMargin" : -21.61,
    "netProfit" : -77.28
  }, {
    "date" : "2021-03-31",
    "sales" : 380.84,
    "salesGrowthYoY" : 36.32,
    "grossProfitMargin" : 37.29,
    "grossProfit" : 142.02,
    "operatingProfitMargin" : 0.60,
    "operatingProfit" : 2.29,
    "netProfitMargin" : -14.50,
    "netProfit" : -55.22
  }, {
    "date" : "2021-06-30",
    "sales" : 254.41,
    "salesGrowthYoY" : 99.58,
    "grossProfitMargin" : 33.17,
    "grossProfit" : 84.39,
    "operatingProfitMargin" : -1.85,
    "operatingProfit" : -4.71,
    "netProfitMargin" : -21.75,
    "netProfit" : -55.33
  }, {
    "date" : "2021-09-30",
    "sales" : 508.88,
    "salesGrowthYoY" : 85.85,
    "grossProfitMargin" : 38.02,
    "grossProfit" : 193.48,
    "operatingProfitMargin" : 20.44,
    "operatingProfit" : 104.02,
    "netProfitMargin" : 0.82,
    "netProfit" : 4.17
  }, {
    "date" : "2021-12-31",
    "sales" : 250.43,
    "salesGrowthYoY" : -29.97,
    "grossProfitMargin" : 43.24,
    "grossProfit" : 108.29,
    "operatingProfitMargin" : 1.52,
    "operatingProfit" : 3.81,
    "netProfitMargin" : -23.43,
    "netProfit" : -58.68
  }, {
    "date" : "2022-03-31",
    "sales" : 206.98,
    "salesGrowthYoY" : -45.65,
    "grossProfitMargin" : 35.24,
    "grossProfit" : 72.94,
    "operatingProfitMargin" : 3.24,
    "operatingProfit" : 6.71,
    "netProfitMargin" : -32.97,
    "netProfit" : -68.24
  }, {
    "date" : "2022-06-30",
    "sales" : 272.60,
    "salesGrowthYoY" : 7.15,
    "grossProfitMargin" : 51.63,
    "grossProfit" : 140.74,
    "operatingProfitMargin" : -5.71,
    "operatingProfit" : -15.57,
    "netProfitMargin" : -32.27,
    "netProfit" : -87.97
  }, {
    "date" : "2022-09-30",
    "sales" : 180.83,
    "salesGrowthYoY" : -64.47,
    "grossProfitMargin" : 39.98,
    "grossProfit" : 72.30,
    "operatingProfitMargin" : -37.62,
    "operatingProfit" : -68.03,
    "netProfitMargin" : -67.17,
    "netProfit" : -121.46
  }, {
    "date" : "2022-12-31",
    "sales" : 246.17,
    "salesGrowthYoY" : -1.70,
    "grossProfitMargin" : 48.32,
    "grossProfit" : 118.95,
    "operatingProfitMargin" : 5.56,
    "operatingProfit" : 13.69,
    "netProfitMargin" : -23.65,
    "netProfit" : -58.22
  }, {
    "date" : "2023-03-31",
    "sales" : 106.67,
    "salesGrowthYoY" : -48.46,
    "grossProfitMargin" : -80.64,
    "grossProfit" : -86.02,
    "operatingProfitMargin" : -192.20,
    "operatingProfit" : -205.02,
    "netProfitMargin" : -197.71,
    "netProfit" : -210.90
  }, {
    "date" : "2023-06-30",
    "sales" : 144.95,
    "salesGrowthYoY" : -46.83,
    "grossProfitMargin" : 16.12,
    "grossProfit" : 23.37,
    "operatingProfitMargin" : -15.92,
    "operatingProfit" : -23.08,
    "netProfitMargin" : -62.75,
    "netProfit" : -90.96
  }, {
    "date" : "2023-09-30",
    "sales" : 235.24,
    "salesGrowthYoY" : 30.09,
    "grossProfitMargin" : 17.82,
    "grossProfit" : 41.92,
    "operatingProfitMargin" : -11.59,
    "operatingProfit" : -27.26,
    "netProfitMargin" : -45.23,
    "netProfit" : -106.40
  }, {
    "date" : "2023-12-31",
    "sales" : 462.01,
    "salesGrowthYoY" : 87.68,
    "grossProfitMargin" : -70.55,
    "grossProfit" : -325.95,
    "operatingProfitMargin" : -96.24,
    "operatingProfit" : -444.64,
    "netProfitMargin" : -148.87,
    "netProfit" : -687.79
  }, {
    "date" : "2024-03-31",
    "sales" : 170.01,
    "salesGrowthYoY" : 59.38,
    "grossProfitMargin" : 217.36,
    "grossProfit" : 369.53,
    "operatingProfitMargin" : 97.55,
    "operatingProfit" : 165.84,
    "netProfitMargin" : 78.21,
    "netProfit" : 132.96
  }, {
    "date" : "2024-06-30",
    "sales" : 173.82,
    "salesGrowthYoY" : 19.92,
    "grossProfitMargin" : 14.56,
    "grossProfit" : 25.31,
    "operatingProfitMargin" : -0.87,
    "operatingProfit" : -1.51,
    "netProfitMargin" : -67.68,
    "netProfit" : -117.64
  }, {
    "date" : "2024-09-30",
    "sales" : 82.54,
    "salesGrowthYoY" : -64.91,
    "grossProfitMargin" : -61.56,
    "grossProfit" : -50.81,
    "operatingProfitMargin" : -81.97,
    "operatingProfit" : -67.66,
    "netProfitMargin" : -226.87,
    "netProfit" : -187.26
  }, {
    "date" : "2024-12-31",
    "sales" : 66.05,
    "salesGrowthYoY" : -85.70,
    "grossProfitMargin" : -138.14,
    "grossProfit" : -91.24,
    "operatingProfitMargin" : -289.43,
    "operatingProfit" : -191.17,
    "netProfitMargin" : -519.44,
    "netProfit" : -343.09
  }, {
    "date" : "2025-03-31",
    "sales" : 128.78,
    "salesGrowthYoY" : -24.25,
    "grossProfitMargin" : -36.40,
    "grossProfit" : -46.88,
    "operatingProfitMargin" : -227.38,
    "operatingProfit" : -292.82,
    "netProfitMargin" : -255.02,
    "netProfit" : -328.41
  }, {
    "date" : "2025-06-30",
    "sales" : 88.61,
    "salesGrowthYoY" : -49.02,
    "grossProfitMargin" : -95.37,
    "grossProfit" : -84.51,
    "operatingProfitMargin" : -115.15,
    "operatingProfit" : -102.03,
    "netProfitMargin" : -296.83,
    "netProfit" : -263.02
  }, {
    "date" : "2025-09-30",
    "sales" : 83.25,
    "salesGrowthYoY" : 0.86,
    "grossProfitMargin" : -43.18,
    "grossProfit" : -35.95,
    "operatingProfitMargin" : -65.07,
    "operatingProfit" : -54.17,
    "netProfitMargin" : -74.15,
    "netProfit" : -61.73
  } ],
  "latestQuarterlyResult" : {
    "date" : "2025-09-30",
    "sales" : 83.25,
    "salesGrowthYoY" : 0.86,
    "grossProfitMargin" : -43.18,
    "grossProfit" : -35.95,
    "operatingProfitMargin" : -65.07,
    "operatingProfit" : -54.17,
    "netProfitMargin" : -74.15,
    "netProfit" : -61.73
  },
  "companyScore" : {
    "priceHigherThanDma50" : 5.00,
    "priceHigherThanDma100" : 5.00,
    "priceHigherThanDma200" : 5.00,
    "dma50HigherThanDma100" : 5.00,
    "dma50HigherThanDma200" : 5.00,
    "dma100HigherThanDma200" : 5.00,
    "pricePercentageAboveDma50" : 4.62,
    "pricePercentageAboveDma100" : 2.55,
    "pricePercentageAboveDma200" : 1.10,
    "weeklyVolumeHigherThanYearlyVolume" : 0.00,
    "salesGrowthPercentile" : 10.29,
    "operatingProfitMarginPercentile" : 11.60,
    "netProfitMarginPercentile" : 7.45,
    "totalTechnicalScore" : 38.27,
    "totalFundamentalScore" : 29.33,
    "totalScore" : 67.60
  }
}