{
  "metadata" : {
    "screenerCompanyId" : "445",
    "companyCode" : "BHAGCHEM",
    "companyName" : "Bhagiradha Chem.",
    "screenerCompanyLink" : "https://www.screener.in/company/BHAGCHEM",
    "screenerTechnicalHistoryLink" : "https://www.screener.in/api/company/445/chart/?q=Price-DMA50-DMA200-Volume&days=365",
    "screenerQuarterlyResultsLink" : "https://www.screener.in/api/company/445/chart/?q=GPM-OPM-NPM-Quarter+Sales&days=10000",
    "attributes" : {
      "companyCode" : "BHAGCHEM",
      "companyName" : "Bhagiradha Chem.",
      "marketCap" : 3180.00,
      "peRatio" : 120.00,
      "description" : "Bhagiradha Chemicals & Industries is an Agro Chemical Company in India involved in the manufacturing of insecticides, fungicides, herbicides etc. It was Promoted by late Sri S. Koteswara Rao, a former scientist of Indian Institute of Chemical Technology, Hyderabad in the year 1993.[1][2]"
    },
    "companyScore" : {
      "priceHigherThanDma50" : 0.00,
      "priceHigherThanDma100" : 0.00,
      "priceHigherThanDma200" : 0.00,
      "dma50HigherThanDma100" : 0.00,
      "dma50HigherThanDma200" : 0.00,
      "dma100HigherThanDma200" : 0.00,
      "pricePercentageAboveDma50" : 5.18,
      "pricePercentageAboveDma100" : 5.44,
      "pricePercentageAboveDma200" : 5.55,
      "weeklyVolumeHigherThanYearlyVolume" : 0.00,
      "salesGrowthPercentile" : 13.16,
      "operatingProfitMarginPercentile" : 15.20,
      "netProfitMarginPercentile" : 8.12,
      "totalTechnicalScore" : 16.17,
      "totalFundamentalScore" : 36.48,
      "totalScore" : 52.65
    }
  },
  "attributes" : {
    "companyCode" : "BHAGCHEM",
    "companyName" : "Bhagiradha Chem.",
    "marketCap" : 3180.00,
    "peRatio" : 120.00,
    "description" : "Bhagiradha Chemicals & Industries is an Agro Chemical Company in India involved in the manufacturing of insecticides, fungicides, herbicides etc. It was Promoted by late Sri S. Koteswara Rao, a former scientist of Indian Institute of Chemical Technology, Hyderabad in the year 1993.[1][2]"
  },
  "technicalHistory" : [ {
    "date" : "2024-12-02",
    "price" : 346.65,
    "dma50" : 342.24,
    "dma100" : null,
    "dma200" : 287.85,
    "volume" : 40551.00
  }, {
    "date" : "2024-12-03",
    "price" : 344.60,
    "dma50" : 342.33,
    "dma100" : null,
    "dma200" : 288.41,
    "volume" : 73246.00
  }, {
    "date" : "2024-12-04",
    "price" : 341.15,
    "dma50" : 342.29,
    "dma100" : null,
    "dma200" : 288.94,
    "volume" : 65898.00
  }, {
    "date" : "2024-12-05",
    "price" : 345.15,
    "dma50" : 342.40,
    "dma100" : null,
    "dma200" : 289.49,
    "volume" : 193126.00
  }, {
    "date" : "2024-12-06",
    "price" : 348.15,
    "dma50" : 342.62,
    "dma100" : null,
    "dma200" : 290.08,
    "volume" : 127712.00
  }, {
    "date" : "2024-12-09",
    "price" : 343.10,
    "dma50" : 342.64,
    "dma100" : null,
    "dma200" : 290.61,
    "volume" : 279465.00
  }, {
    "date" : "2024-12-10",
    "price" : 340.15,
    "dma50" : 342.54,
    "dma100" : null,
    "dma200" : 291.10,
    "volume" : 79673.00
  }, {
    "date" : "2024-12-11",
    "price" : 344.20,
    "dma50" : 342.61,
    "dma100" : null,
    "dma200" : 291.63,
    "volume" : 150890.00
  }, {
    "date" : "2024-12-12",
    "price" : 336.30,
    "dma50" : 342.36,
    "dma100" : null,
    "dma200" : 292.07,
    "volume" : 98770.00
  }, {
    "date" : "2024-12-13",
    "price" : 331.25,
    "dma50" : 341.93,
    "dma100" : null,
    "dma200" : 292.46,
    "volume" : 77076.00
  }, {
    "date" : "2024-12-16",
    "price" : 338.25,
    "dma50" : 341.78,
    "dma100" : null,
    "dma200" : 292.92,
    "volume" : 103443.00
  }, {
    "date" : "2024-12-17",
    "price" : 329.10,
    "dma50" : 341.28,
    "dma100" : null,
    "dma200" : 293.28,
    "volume" : 76657.00
  }, {
    "date" : "2024-12-18",
    "price" : 329.10,
    "dma50" : 340.81,
    "dma100" : null,
    "dma200" : 293.63,
    "volume" : 80981.00
  }, {
    "date" : "2024-12-19",
    "price" : 323.35,
    "dma50" : 340.12,
    "dma100" : null,
    "dma200" : 293.93,
    "volume" : 39530.00
  }, {
    "date" : "2024-12-20",
    "price" : 319.30,
    "dma50" : 339.31,
    "dma100" : null,
    "dma200" : 294.18,
    "volume" : 523989.00
  }, {
    "date" : "2024-12-23",
    "price" : 309.65,
    "dma50" : 338.14,
    "dma100" : null,
    "dma200" : 294.34,
    "volume" : 280109.00
  }, {
    "date" : "2024-12-24",
    "price" : 310.90,
    "dma50" : 337.07,
    "dma100" : null,
    "dma200" : 294.50,
    "volume" : 173373.00
  }, {
    "date" : "2024-12-26",
    "price" : 299.90,
    "dma50" : 335.62,
    "dma100" : null,
    "dma200" : 294.55,
    "volume" : 87786.00
  }, {
    "date" : "2024-12-27",
    "price" : 296.60,
    "dma50" : 334.09,
    "dma100" : null,
    "dma200" : 294.57,
    "volume" : 195758.00
  }, {
    "date" : "2024-12-30",
    "price" : 298.35,
    "dma50" : 332.69,
    "dma100" : null,
    "dma200" : 294.61,
    "volume" : 96094.00
  }, {
    "date" : "2024-12-31",
    "price" : 299.95,
    "dma50" : 331.40,
    "dma100" : null,
    "dma200" : 294.67,
    "volume" : 249537.00
  }, {
    "date" : "2025-01-01",
    "price" : 301.10,
    "dma50" : 330.21,
    "dma100" : null,
    "dma200" : 294.73,
    "volume" : 104316.00
  }, {
    "date" : "2025-01-02",
    "price" : 297.75,
    "dma50" : 328.94,
    "dma100" : null,
    "dma200" : 294.76,
    "volume" : 58296.00
  }, {
    "date" : "2025-01-03",
    "price" : 316.20,
    "dma50" : 328.44,
    "dma100" : null,
    "dma200" : 294.97,
    "volume" : 224496.00
  }, {
    "date" : "2025-01-06",
    "price" : 302.60,
    "dma50" : 327.43,
    "dma100" : null,
    "dma200" : 295.05,
    "volume" : 174171.00
  }, {
    "date" : "2025-01-07",
    "price" : 304.35,
    "dma50" : 326.52,
    "dma100" : null,
    "dma200" : 295.14,
    "volume" : 57547.00
  }, {
    "date" : "2025-01-08",
    "price" : 297.65,
    "dma50" : 325.39,
    "dma100" : null,
    "dma200" : 295.17,
    "volume" : 85240.00
  }, {
    "date" : "2025-01-09",
    "price" : 294.75,
    "dma50" : 324.19,
    "dma100" : null,
    "dma200" : 295.16,
    "volume" : 121088.00
  }, {
    "date" : "2025-01-10",
    "price" : 301.35,
    "dma50" : 323.29,
    "dma100" : null,
    "dma200" : 295.22,
    "volume" : 267019.00
  }, {
    "date" : "2025-01-13",
    "price" : 295.70,
    "dma50" : 322.21,
    "dma100" : null,
    "dma200" : 295.23,
    "volume" : 145308.00
  }, {
    "date" : "2025-01-14",
    "price" : 293.20,
    "dma50" : 321.07,
    "dma100" : null,
    "dma200" : 295.21,
    "volume" : 55273.00
  }, {
    "date" : "2025-01-15",
    "price" : 293.05,
    "dma50" : 319.97,
    "dma100" : null,
    "dma200" : 295.19,
    "volume" : 32732.00
  }, {
    "date" : "2025-01-16",
    "price" : 290.90,
    "dma50" : 318.83,
    "dma100" : null,
    "dma200" : 295.14,
    "volume" : 62767.00
  }, {
    "date" : "2025-01-17",
    "price" : 300.80,
    "dma50" : 318.13,
    "dma100" : null,
    "dma200" : 295.20,
    "volume" : 115268.00
  }, {
    "date" : "2025-01-20",
    "price" : 300.10,
    "dma50" : 317.42,
    "dma100" : null,
    "dma200" : 295.25,
    "volume" : 24876.00
  }, {
    "date" : "2025-01-21",
    "price" : 291.15,
    "dma50" : 316.39,
    "dma100" : null,
    "dma200" : 295.21,
    "volume" : 32465.00
  }, {
    "date" : "2025-01-22",
    "price" : 292.35,
    "dma50" : 315.45,
    "dma100" : null,
    "dma200" : 295.18,
    "volume" : 132077.00
  }, {
    "date" : "2025-01-23",
    "price" : 299.40,
    "dma50" : 314.82,
    "dma100" : null,
    "dma200" : 295.22,
    "volume" : 51789.00
  }, {
    "date" : "2025-01-24",
    "price" : 290.35,
    "dma50" : 313.86,
    "dma100" : null,
    "dma200" : 295.17,
    "volume" : 60212.00
  }, {
    "date" : "2025-01-27",
    "price" : 287.70,
    "dma50" : 312.83,
    "dma100" : null,
    "dma200" : 295.10,
    "volume" : 99492.00
  }, {
    "date" : "2025-01-28",
    "price" : 282.05,
    "dma50" : 311.63,
    "dma100" : null,
    "dma200" : 294.97,
    "volume" : 115517.00
  }, {
    "date" : "2025-01-29",
    "price" : 295.40,
    "dma50" : 310.99,
    "dma100" : null,
    "dma200" : 294.97,
    "volume" : 39441.00
  }, {
    "date" : "2025-01-30",
    "price" : 293.25,
    "dma50" : 310.29,
    "dma100" : null,
    "dma200" : 294.96,
    "volume" : 24522.00
  }, {
    "date" : "2025-01-31",
    "price" : 292.05,
    "dma50" : 309.58,
    "dma100" : null,
    "dma200" : 294.93,
    "volume" : 26208.00
  }, {
    "date" : "2025-02-01",
    "price" : 292.70,
    "dma50" : 308.92,
    "dma100" : null,
    "dma200" : 294.90,
    "volume" : 64590.00
  }, {
    "date" : "2025-02-03",
    "price" : 292.80,
    "dma50" : 308.28,
    "dma100" : null,
    "dma200" : 294.88,
    "volume" : 502576.00
  }, {
    "date" : "2025-02-04",
    "price" : 292.80,
    "dma50" : 307.68,
    "dma100" : null,
    "dma200" : 294.86,
    "volume" : 194030.00
  }, {
    "date" : "2025-02-05",
    "price" : 295.75,
    "dma50" : 307.21,
    "dma100" : null,
    "dma200" : 294.87,
    "volume" : 79001.00
  }, {
    "date" : "2025-02-06",
    "price" : 291.50,
    "dma50" : 306.59,
    "dma100" : null,
    "dma200" : 294.84,
    "volume" : 55210.00
  }, {
    "date" : "2025-02-07",
    "price" : 287.75,
    "dma50" : 305.85,
    "dma100" : null,
    "dma200" : 294.77,
    "volume" : 61857.00
  }, {
    "date" : "2025-02-10",
    "price" : 287.05,
    "dma50" : 305.12,
    "dma100" : null,
    "dma200" : 294.69,
    "volume" : 72479.00
  }, {
    "date" : "2025-02-11",
    "price" : 286.30,
    "dma50" : 304.38,
    "dma100" : null,
    "dma200" : 294.61,
    "volume" : 336423.00
  }, {
    "date" : "2025-02-12",
    "price" : 289.10,
    "dma50" : 303.78,
    "dma100" : null,
    "dma200" : 294.55,
    "volume" : 110710.00
  }, {
    "date" : "2025-02-13",
    "price" : 285.75,
    "dma50" : 303.07,
    "dma100" : null,
    "dma200" : 294.47,
    "volume" : 44400.00
  }, {
    "date" : "2025-02-14",
    "price" : 303.35,
    "dma50" : 303.08,
    "dma100" : null,
    "dma200" : 294.55,
    "volume" : 203856.00
  }, {
    "date" : "2025-02-17",
    "price" : 300.25,
    "dma50" : 302.97,
    "dma100" : null,
    "dma200" : 294.61,
    "volume" : 131029.00
  }, {
    "date" : "2025-02-18",
    "price" : 292.35,
    "dma50" : 302.56,
    "dma100" : null,
    "dma200" : 294.59,
    "volume" : 223100.00
  }, {
    "date" : "2025-02-19",
    "price" : 294.75,
    "dma50" : 302.25,
    "dma100" : null,
    "dma200" : 294.59,
    "volume" : 116045.00
  }, {
    "date" : "2025-02-20",
    "price" : 294.75,
    "dma50" : 301.96,
    "dma100" : null,
    "dma200" : 294.59,
    "volume" : 67671.00
  }, {
    "date" : "2025-02-21",
    "price" : 291.35,
    "dma50" : 301.54,
    "dma100" : null,
    "dma200" : 294.56,
    "volume" : 23294.00
  }, {
    "date" : "2025-02-24",
    "price" : 293.20,
    "dma50" : 301.21,
    "dma100" : null,
    "dma200" : 294.55,
    "volume" : 53673.00
  }, {
    "date" : "2025-02-25",
    "price" : 288.90,
    "dma50" : 300.73,
    "dma100" : null,
    "dma200" : 294.49,
    "volume" : 45363.00
  }, {
    "date" : "2025-02-27",
    "price" : 295.55,
    "dma50" : 300.53,
    "dma100" : null,
    "dma200" : 294.50,
    "volume" : 105959.00
  }, {
    "date" : "2025-02-28",
    "price" : 289.35,
    "dma50" : 300.09,
    "dma100" : null,
    "dma200" : 294.45,
    "volume" : 78897.00
  }, {
    "date" : "2025-03-03",
    "price" : 297.35,
    "dma50" : 299.98,
    "dma100" : null,
    "dma200" : 294.48,
    "volume" : 140158.00
  }, {
    "date" : "2025-03-04",
    "price" : 293.05,
    "dma50" : 299.71,
    "dma100" : null,
    "dma200" : 294.46,
    "volume" : 106304.00
  }, {
    "date" : "2025-03-05",
    "price" : 296.05,
    "dma50" : 299.57,
    "dma100" : null,
    "dma200" : 294.48,
    "volume" : 68285.00
  }, {
    "date" : "2025-03-06",
    "price" : 295.80,
    "dma50" : 299.42,
    "dma100" : null,
    "dma200" : 294.49,
    "volume" : 63233.00
  }, {
    "date" : "2025-03-07",
    "price" : 301.95,
    "dma50" : 299.52,
    "dma100" : null,
    "dma200" : 294.57,
    "volume" : 102482.00
  }, {
    "date" : "2025-03-10",
    "price" : 303.40,
    "dma50" : 299.67,
    "dma100" : null,
    "dma200" : 294.65,
    "volume" : 118865.00
  }, {
    "date" : "2025-03-11",
    "price" : 297.30,
    "dma50" : 299.58,
    "dma100" : null,
    "dma200" : 294.68,
    "volume" : 84152.00
  }, {
    "date" : "2025-03-12",
    "price" : 294.10,
    "dma50" : 299.36,
    "dma100" : null,
    "dma200" : 294.67,
    "volume" : 71609.00
  }, {
    "date" : "2025-03-13",
    "price" : 297.35,
    "dma50" : 299.28,
    "dma100" : null,
    "dma200" : 294.70,
    "volume" : 94759.00
  }, {
    "date" : "2025-03-17",
    "price" : 290.75,
    "dma50" : 298.95,
    "dma100" : null,
    "dma200" : 294.66,
    "volume" : 74525.00
  }, {
    "date" : "2025-03-18",
    "price" : 287.70,
    "dma50" : 298.51,
    "dma100" : null,
    "dma200" : 294.59,
    "volume" : 133800.00
  }, {
    "date" : "2025-03-19",
    "price" : 290.40,
    "dma50" : 298.19,
    "dma100" : null,
    "dma200" : 294.55,
    "volume" : 121543.00
  }, {
    "date" : "2025-03-20",
    "price" : 289.75,
    "dma50" : 297.86,
    "dma100" : null,
    "dma200" : 294.50,
    "volume" : 137849.00
  }, {
    "date" : "2025-03-21",
    "price" : 286.25,
    "dma50" : 297.40,
    "dma100" : null,
    "dma200" : 294.42,
    "volume" : 182331.00
  }, {
    "date" : "2025-03-24",
    "price" : 284.65,
    "dma50" : 296.90,
    "dma100" : null,
    "dma200" : 294.32,
    "volume" : 135103.00
  }, {
    "date" : "2025-03-25",
    "price" : 284.00,
    "dma50" : 296.40,
    "dma100" : null,
    "dma200" : 294.22,
    "volume" : 185179.00
  }, {
    "date" : "2025-03-26",
    "price" : 281.70,
    "dma50" : 295.82,
    "dma100" : null,
    "dma200" : 294.10,
    "volume" : 152581.00
  }, {
    "date" : "2025-03-27",
    "price" : 283.45,
    "dma50" : 295.34,
    "dma100" : null,
    "dma200" : 293.99,
    "volume" : 195285.00
  }, {
    "date" : "2025-03-28",
    "price" : 278.05,
    "dma50" : 294.66,
    "dma100" : null,
    "dma200" : 293.83,
    "volume" : 140920.00
  }, {
    "date" : "2025-04-01",
    "price" : 284.15,
    "dma50" : 294.25,
    "dma100" : null,
    "dma200" : 293.74,
    "volume" : 30646.00
  }, {
    "date" : "2025-04-02",
    "price" : 291.80,
    "dma50" : 294.15,
    "dma100" : null,
    "dma200" : 293.72,
    "volume" : 34401.00
  }, {
    "date" : "2025-04-03",
    "price" : 302.20,
    "dma50" : 294.47,
    "dma100" : null,
    "dma200" : 293.80,
    "volume" : 93003.00
  }, {
    "date" : "2025-04-04",
    "price" : 280.00,
    "dma50" : 293.90,
    "dma100" : null,
    "dma200" : 293.66,
    "volume" : 85435.00
  }, {
    "date" : "2025-04-07",
    "price" : 279.50,
    "dma50" : 293.33,
    "dma100" : null,
    "dma200" : 293.52,
    "volume" : 81294.00
  }, {
    "date" : "2025-04-08",
    "price" : 280.65,
    "dma50" : 292.84,
    "dma100" : null,
    "dma200" : 293.39,
    "volume" : 44029.00
  }, {
    "date" : "2025-04-09",
    "price" : 277.55,
    "dma50" : 292.24,
    "dma100" : null,
    "dma200" : 293.24,
    "volume" : 51386.00
  }, {
    "date" : "2025-04-11",
    "price" : 275.90,
    "dma50" : 291.60,
    "dma100" : null,
    "dma200" : 293.06,
    "volume" : 103307.00
  }, {
    "date" : "2025-04-15",
    "price" : 286.30,
    "dma50" : 291.39,
    "dma100" : null,
    "dma200" : 293.00,
    "volume" : 69652.00
  }, {
    "date" : "2025-04-16",
    "price" : 288.85,
    "dma50" : 291.29,
    "dma100" : null,
    "dma200" : 292.96,
    "volume" : 88965.00
  }, {
    "date" : "2025-04-17",
    "price" : 284.50,
    "dma50" : 291.02,
    "dma100" : null,
    "dma200" : 292.87,
    "volume" : 120634.00
  }, {
    "date" : "2025-04-21",
    "price" : 278.95,
    "dma50" : 290.55,
    "dma100" : null,
    "dma200" : 292.73,
    "volume" : 75056.00
  }, {
    "date" : "2025-04-22",
    "price" : 282.95,
    "dma50" : 290.25,
    "dma100" : null,
    "dma200" : 292.64,
    "volume" : 66286.00
  }, {
    "date" : "2025-04-23",
    "price" : 282.35,
    "dma50" : 289.94,
    "dma100" : null,
    "dma200" : 292.53,
    "volume" : 50212.00
  }, {
    "date" : "2025-04-24",
    "price" : 305.70,
    "dma50" : 290.56,
    "dma100" : null,
    "dma200" : 292.66,
    "volume" : 694613.00
  }, {
    "date" : "2025-04-25",
    "price" : 308.05,
    "dma50" : 291.25,
    "dma100" : null,
    "dma200" : 292.82,
    "volume" : 340659.00
  }, {
    "date" : "2025-04-28",
    "price" : 305.45,
    "dma50" : 291.80,
    "dma100" : null,
    "dma200" : 292.94,
    "volume" : 83566.00
  }, {
    "date" : "2025-04-29",
    "price" : 305.10,
    "dma50" : 292.32,
    "dma100" : 299.20,
    "dma200" : 293.06,
    "volume" : 154004.00
  }, {
    "date" : "2025-04-30",
    "price" : 299.90,
    "dma50" : 292.62,
    "dma100" : 298.75,
    "dma200" : 293.13,
    "volume" : 75977.00
  }, {
    "date" : "2025-05-02",
    "price" : 293.30,
    "dma50" : 292.65,
    "dma100" : 298.27,
    "dma200" : 293.13,
    "volume" : 100633.00
  }, {
    "date" : "2025-05-05",
    "price" : 294.05,
    "dma50" : 292.70,
    "dma100" : 297.76,
    "dma200" : 293.14,
    "volume" : 45050.00
  }, {
    "date" : "2025-05-06",
    "price" : 282.10,
    "dma50" : 292.29,
    "dma100" : 297.10,
    "dma200" : 293.03,
    "volume" : 70901.00
  }, {
    "date" : "2025-05-07",
    "price" : 275.90,
    "dma50" : 291.64,
    "dma100" : 296.43,
    "dma200" : 292.86,
    "volume" : 76954.00
  }, {
    "date" : "2025-05-08",
    "price" : 271.60,
    "dma50" : 290.86,
    "dma100" : 295.75,
    "dma200" : 292.65,
    "volume" : 134421.00
  }, {
    "date" : "2025-05-09",
    "price" : 283.65,
    "dma50" : 290.58,
    "dma100" : 295.14,
    "dma200" : 292.56,
    "volume" : 217980.00
  }, {
    "date" : "2025-05-12",
    "price" : 290.85,
    "dma50" : 290.59,
    "dma100" : 294.69,
    "dma200" : 292.54,
    "volume" : 157689.00
  }, {
    "date" : "2025-05-13",
    "price" : 294.50,
    "dma50" : 290.74,
    "dma100" : 294.32,
    "dma200" : 292.56,
    "volume" : 85915.00
  }, {
    "date" : "2025-05-14",
    "price" : 303.30,
    "dma50" : 291.23,
    "dma100" : 293.97,
    "dma200" : 292.67,
    "volume" : 154590.00
  }, {
    "date" : "2025-05-15",
    "price" : 299.95,
    "dma50" : 291.57,
    "dma100" : 293.68,
    "dma200" : 292.74,
    "volume" : 130145.00
  }, {
    "date" : "2025-05-16",
    "price" : 300.95,
    "dma50" : 291.94,
    "dma100" : 293.40,
    "dma200" : 292.82,
    "volume" : 195945.00
  }, {
    "date" : "2025-05-19",
    "price" : 308.15,
    "dma50" : 292.58,
    "dma100" : 293.24,
    "dma200" : 292.98,
    "volume" : 340441.00
  }, {
    "date" : "2025-05-20",
    "price" : 300.20,
    "dma50" : 292.88,
    "dma100" : 293.05,
    "dma200" : 293.05,
    "volume" : 205742.00
  }, {
    "date" : "2025-05-21",
    "price" : 299.20,
    "dma50" : 293.12,
    "dma100" : 292.95,
    "dma200" : 293.11,
    "volume" : 166197.00
  }, {
    "date" : "2025-05-22",
    "price" : 299.75,
    "dma50" : 293.38,
    "dma100" : 292.84,
    "dma200" : 293.18,
    "volume" : 69154.00
  }, {
    "date" : "2025-05-23",
    "price" : 306.10,
    "dma50" : 293.88,
    "dma100" : 292.90,
    "dma200" : 293.31,
    "volume" : 127932.00
  }, {
    "date" : "2025-05-26",
    "price" : 304.90,
    "dma50" : 294.31,
    "dma100" : 292.98,
    "dma200" : 293.42,
    "volume" : 101739.00
  }, {
    "date" : "2025-05-27",
    "price" : 304.65,
    "dma50" : 294.72,
    "dma100" : 293.04,
    "dma200" : 293.53,
    "volume" : 66130.00
  }, {
    "date" : "2025-05-28",
    "price" : 327.80,
    "dma50" : 296.02,
    "dma100" : 293.32,
    "dma200" : 293.87,
    "volume" : 497873.00
  }, {
    "date" : "2025-05-29",
    "price" : 303.95,
    "dma50" : 296.33,
    "dma100" : 293.35,
    "dma200" : 293.97,
    "volume" : 409909.00
  }, {
    "date" : "2025-05-30",
    "price" : 310.30,
    "dma50" : 296.88,
    "dma100" : 293.48,
    "dma200" : 294.14,
    "volume" : 159923.00
  }, {
    "date" : "2025-06-02",
    "price" : 301.35,
    "dma50" : 297.05,
    "dma100" : 293.33,
    "dma200" : 294.21,
    "volume" : 71325.00
  }, {
    "date" : "2025-06-03",
    "price" : 298.85,
    "dma50" : 297.12,
    "dma100" : 293.29,
    "dma200" : 294.25,
    "volume" : 84442.00
  }, {
    "date" : "2025-06-04",
    "price" : 295.45,
    "dma50" : 297.06,
    "dma100" : 293.20,
    "dma200" : 294.27,
    "volume" : 129814.00
  }, {
    "date" : "2025-06-05",
    "price" : 292.40,
    "dma50" : 296.87,
    "dma100" : 293.15,
    "dma200" : 294.25,
    "volume" : 104088.00
  }, {
    "date" : "2025-06-06",
    "price" : 298.95,
    "dma50" : 296.96,
    "dma100" : 293.19,
    "dma200" : 294.29,
    "volume" : 111561.00
  }, {
    "date" : "2025-06-09",
    "price" : 304.55,
    "dma50" : 297.25,
    "dma100" : 293.22,
    "dma200" : 294.40,
    "volume" : 158035.00
  }, {
    "date" : "2025-06-10",
    "price" : 307.05,
    "dma50" : 297.64,
    "dma100" : 293.34,
    "dma200" : 294.52,
    "volume" : 152671.00
  }, {
    "date" : "2025-06-11",
    "price" : 304.40,
    "dma50" : 297.90,
    "dma100" : 293.45,
    "dma200" : 294.62,
    "volume" : 104624.00
  }, {
    "date" : "2025-06-12",
    "price" : 304.20,
    "dma50" : 298.15,
    "dma100" : 293.56,
    "dma200" : 294.72,
    "volume" : 64950.00
  }, {
    "date" : "2025-06-13",
    "price" : 305.70,
    "dma50" : 298.45,
    "dma100" : 293.71,
    "dma200" : 294.82,
    "volume" : 84589.00
  }, {
    "date" : "2025-06-16",
    "price" : 302.55,
    "dma50" : 298.61,
    "dma100" : 293.73,
    "dma200" : 294.90,
    "volume" : 90172.00
  }, {
    "date" : "2025-06-17",
    "price" : 305.15,
    "dma50" : 298.86,
    "dma100" : 293.78,
    "dma200" : 295.00,
    "volume" : 189642.00
  }, {
    "date" : "2025-06-18",
    "price" : 297.95,
    "dma50" : 298.83,
    "dma100" : 293.84,
    "dma200" : 295.03,
    "volume" : 126148.00
  }, {
    "date" : "2025-06-19",
    "price" : 298.35,
    "dma50" : 298.81,
    "dma100" : 293.90,
    "dma200" : 295.07,
    "volume" : 95437.00
  }, {
    "date" : "2025-06-20",
    "price" : 299.35,
    "dma50" : 298.83,
    "dma100" : 293.90,
    "dma200" : 295.11,
    "volume" : 97359.00
  }, {
    "date" : "2025-06-23",
    "price" : 299.00,
    "dma50" : 298.84,
    "dma100" : 293.99,
    "dma200" : 295.15,
    "volume" : 29910.00
  }, {
    "date" : "2025-06-24",
    "price" : 293.55,
    "dma50" : 298.63,
    "dma100" : 294.05,
    "dma200" : 295.13,
    "volume" : 84188.00
  }, {
    "date" : "2025-06-25",
    "price" : 294.75,
    "dma50" : 298.48,
    "dma100" : 294.18,
    "dma200" : 295.13,
    "volume" : 73358.00
  }, {
    "date" : "2025-06-26",
    "price" : 295.40,
    "dma50" : 298.36,
    "dma100" : 294.18,
    "dma200" : 295.13,
    "volume" : 98860.00
  }, {
    "date" : "2025-06-27",
    "price" : 298.75,
    "dma50" : 298.37,
    "dma100" : 294.23,
    "dma200" : 295.17,
    "volume" : 95344.00
  }, {
    "date" : "2025-06-30",
    "price" : 301.00,
    "dma50" : 298.48,
    "dma100" : 294.32,
    "dma200" : 295.22,
    "volume" : 67526.00
  }, {
    "date" : "2025-07-01",
    "price" : 298.05,
    "dma50" : 298.46,
    "dma100" : 294.37,
    "dma200" : 295.25,
    "volume" : 55644.00
  }, {
    "date" : "2025-07-02",
    "price" : 300.15,
    "dma50" : 298.52,
    "dma100" : 294.45,
    "dma200" : 295.30,
    "volume" : 46971.00
  }, {
    "date" : "2025-07-03",
    "price" : 301.15,
    "dma50" : 298.63,
    "dma100" : 294.53,
    "dma200" : 295.36,
    "volume" : 66411.00
  }, {
    "date" : "2025-07-04",
    "price" : 308.10,
    "dma50" : 299.00,
    "dma100" : 294.65,
    "dma200" : 295.49,
    "volume" : 180339.00
  }, {
    "date" : "2025-07-07",
    "price" : 299.80,
    "dma50" : 299.03,
    "dma100" : 294.74,
    "dma200" : 295.53,
    "volume" : 57750.00
  }, {
    "date" : "2025-07-08",
    "price" : 300.05,
    "dma50" : 299.07,
    "dma100" : 294.86,
    "dma200" : 295.57,
    "volume" : 88511.00
  }, {
    "date" : "2025-07-09",
    "price" : 299.30,
    "dma50" : 299.08,
    "dma100" : 294.98,
    "dma200" : 295.61,
    "volume" : 31019.00
  }, {
    "date" : "2025-07-10",
    "price" : 299.05,
    "dma50" : 299.08,
    "dma100" : 295.11,
    "dma200" : 295.65,
    "volume" : 56107.00
  }, {
    "date" : "2025-07-11",
    "price" : 295.60,
    "dma50" : 298.94,
    "dma100" : 295.18,
    "dma200" : 295.65,
    "volume" : 47741.00
  }, {
    "date" : "2025-07-14",
    "price" : 296.50,
    "dma50" : 298.85,
    "dma100" : 295.28,
    "dma200" : 295.65,
    "volume" : 28426.00
  }, {
    "date" : "2025-07-15",
    "price" : 305.10,
    "dma50" : 299.09,
    "dma100" : 295.30,
    "dma200" : 295.75,
    "volume" : 143877.00
  }, {
    "date" : "2025-07-16",
    "price" : 307.35,
    "dma50" : 299.42,
    "dma100" : 295.37,
    "dma200" : 295.86,
    "volume" : 142644.00
  }, {
    "date" : "2025-07-17",
    "price" : 302.55,
    "dma50" : 299.54,
    "dma100" : 295.47,
    "dma200" : 295.93,
    "volume" : 95812.00
  }, {
    "date" : "2025-07-18",
    "price" : 301.40,
    "dma50" : 299.61,
    "dma100" : 295.54,
    "dma200" : 295.98,
    "volume" : 21201.00
  }, {
    "date" : "2025-07-21",
    "price" : 298.45,
    "dma50" : 299.57,
    "dma100" : 295.58,
    "dma200" : 296.01,
    "volume" : 83686.00
  }, {
    "date" : "2025-07-22",
    "price" : 299.70,
    "dma50" : 299.57,
    "dma100" : 295.66,
    "dma200" : 296.05,
    "volume" : 87988.00
  }, {
    "date" : "2025-07-23",
    "price" : 309.30,
    "dma50" : 299.95,
    "dma100" : 295.82,
    "dma200" : 296.18,
    "volume" : 311004.00
  }, {
    "date" : "2025-07-24",
    "price" : 302.90,
    "dma50" : 300.07,
    "dma100" : 295.96,
    "dma200" : 296.24,
    "volume" : 84002.00
  }, {
    "date" : "2025-07-25",
    "price" : 293.40,
    "dma50" : 299.81,
    "dma100" : 295.94,
    "dma200" : 296.22,
    "volume" : 494599.00
  }, {
    "date" : "2025-07-28",
    "price" : 304.00,
    "dma50" : 299.97,
    "dma100" : 296.09,
    "dma200" : 296.29,
    "volume" : 141785.00
  }, {
    "date" : "2025-07-29",
    "price" : 311.45,
    "dma50" : 300.42,
    "dma100" : 296.23,
    "dma200" : 296.44,
    "volume" : 178623.00
  }, {
    "date" : "2025-07-30",
    "price" : 311.05,
    "dma50" : 300.84,
    "dma100" : 296.41,
    "dma200" : 296.59,
    "volume" : 108146.00
  }, {
    "date" : "2025-07-31",
    "price" : 301.45,
    "dma50" : 300.86,
    "dma100" : 296.46,
    "dma200" : 296.64,
    "volume" : 941329.00
  }, {
    "date" : "2025-08-01",
    "price" : 303.20,
    "dma50" : 300.95,
    "dma100" : 296.54,
    "dma200" : 296.70,
    "volume" : 167907.00
  }, {
    "date" : "2025-08-04",
    "price" : 304.75,
    "dma50" : 301.10,
    "dma100" : 296.56,
    "dma200" : 296.78,
    "volume" : 52793.00
  }, {
    "date" : "2025-08-05",
    "price" : 300.85,
    "dma50" : 301.09,
    "dma100" : 296.54,
    "dma200" : 296.82,
    "volume" : 113803.00
  }, {
    "date" : "2025-08-06",
    "price" : 297.45,
    "dma50" : 300.95,
    "dma100" : 296.54,
    "dma200" : 296.83,
    "volume" : 953084.00
  }, {
    "date" : "2025-08-07",
    "price" : 296.10,
    "dma50" : 300.76,
    "dma100" : 296.56,
    "dma200" : 296.82,
    "volume" : 111889.00
  }, {
    "date" : "2025-08-08",
    "price" : 286.70,
    "dma50" : 300.21,
    "dma100" : 296.45,
    "dma200" : 296.72,
    "volume" : 91409.00
  }, {
    "date" : "2025-08-11",
    "price" : 284.20,
    "dma50" : 299.58,
    "dma100" : 296.39,
    "dma200" : 296.60,
    "volume" : 54466.00
  }, {
    "date" : "2025-08-12",
    "price" : 284.80,
    "dma50" : 299.00,
    "dma100" : 296.36,
    "dma200" : 296.48,
    "volume" : 36864.00
  }, {
    "date" : "2025-08-13",
    "price" : 282.85,
    "dma50" : 298.37,
    "dma100" : 296.28,
    "dma200" : 296.34,
    "volume" : 53328.00
  }, {
    "date" : "2025-08-14",
    "price" : 279.85,
    "dma50" : 297.64,
    "dma100" : 296.18,
    "dma200" : 296.18,
    "volume" : 87702.00
  }, {
    "date" : "2025-08-18",
    "price" : 283.55,
    "dma50" : 297.09,
    "dma100" : 296.16,
    "dma200" : 296.05,
    "volume" : 97991.00
  }, {
    "date" : "2025-08-19",
    "price" : 282.55,
    "dma50" : 296.52,
    "dma100" : 296.14,
    "dma200" : 295.92,
    "volume" : 50891.00
  }, {
    "date" : "2025-08-20",
    "price" : 281.85,
    "dma50" : 295.94,
    "dma100" : 296.11,
    "dma200" : 295.78,
    "volume" : 59031.00
  }, {
    "date" : "2025-08-21",
    "price" : 283.40,
    "dma50" : 295.45,
    "dma100" : 296.13,
    "dma200" : 295.66,
    "volume" : 18604.00
  }, {
    "date" : "2025-08-22",
    "price" : 280.50,
    "dma50" : 294.87,
    "dma100" : 296.10,
    "dma200" : 295.51,
    "volume" : 41272.00
  }, {
    "date" : "2025-08-25",
    "price" : 277.95,
    "dma50" : 294.20,
    "dma100" : 296.10,
    "dma200" : 295.33,
    "volume" : 38243.00
  }, {
    "date" : "2025-08-26",
    "price" : 270.65,
    "dma50" : 293.28,
    "dma100" : 295.97,
    "dma200" : 295.09,
    "volume" : 45062.00
  }, {
    "date" : "2025-08-28",
    "price" : 262.50,
    "dma50" : 292.07,
    "dma100" : 295.67,
    "dma200" : 294.76,
    "volume" : 70068.00
  }, {
    "date" : "2025-08-29",
    "price" : 261.55,
    "dma50" : 290.87,
    "dma100" : 295.27,
    "dma200" : 294.43,
    "volume" : 67727.00
  }, {
    "date" : "2025-09-01",
    "price" : 273.95,
    "dma50" : 290.21,
    "dma100" : 295.21,
    "dma200" : 294.23,
    "volume" : 84261.00
  }, {
    "date" : "2025-09-02",
    "price" : 274.45,
    "dma50" : 289.59,
    "dma100" : 295.16,
    "dma200" : 294.03,
    "volume" : 57485.00
  }, {
    "date" : "2025-09-03",
    "price" : 274.95,
    "dma50" : 289.02,
    "dma100" : 295.10,
    "dma200" : 293.84,
    "volume" : 34138.00
  }, {
    "date" : "2025-09-04",
    "price" : 268.05,
    "dma50" : 288.20,
    "dma100" : 295.00,
    "dma200" : 293.58,
    "volume" : 26063.00
  }, {
    "date" : "2025-09-05",
    "price" : 270.35,
    "dma50" : 287.50,
    "dma100" : 294.95,
    "dma200" : 293.35,
    "volume" : 34129.00
  }, {
    "date" : "2025-09-08",
    "price" : 265.95,
    "dma50" : 286.65,
    "dma100" : 294.74,
    "dma200" : 293.08,
    "volume" : 49940.00
  }, {
    "date" : "2025-09-09",
    "price" : 267.20,
    "dma50" : 285.89,
    "dma100" : 294.53,
    "dma200" : 292.82,
    "volume" : 27535.00
  }, {
    "date" : "2025-09-10",
    "price" : 267.85,
    "dma50" : 285.18,
    "dma100" : 294.36,
    "dma200" : 292.57,
    "volume" : 26249.00
  }, {
    "date" : "2025-09-11",
    "price" : 265.25,
    "dma50" : 284.40,
    "dma100" : 294.22,
    "dma200" : 292.30,
    "volume" : 25128.00
  }, {
    "date" : "2025-09-12",
    "price" : 267.80,
    "dma50" : 283.75,
    "dma100" : 294.07,
    "dma200" : 292.06,
    "volume" : 243862.00
  }, {
    "date" : "2025-09-15",
    "price" : 259.70,
    "dma50" : 282.81,
    "dma100" : 293.85,
    "dma200" : 291.74,
    "volume" : 114298.00
  }, {
    "date" : "2025-09-16",
    "price" : 259.15,
    "dma50" : 281.88,
    "dma100" : 293.38,
    "dma200" : 291.41,
    "volume" : 83745.00
  }, {
    "date" : "2025-09-17",
    "price" : 258.45,
    "dma50" : 280.96,
    "dma100" : 292.89,
    "dma200" : 291.08,
    "volume" : 133661.00
  }, {
    "date" : "2025-09-18",
    "price" : 255.45,
    "dma50" : 279.96,
    "dma100" : 292.39,
    "dma200" : 290.73,
    "volume" : 73023.00
  }, {
    "date" : "2025-09-19",
    "price" : 257.05,
    "dma50" : 279.06,
    "dma100" : 291.90,
    "dma200" : 290.39,
    "volume" : 59360.00
  }, {
    "date" : "2025-09-22",
    "price" : 256.90,
    "dma50" : 278.19,
    "dma100" : 291.47,
    "dma200" : 290.06,
    "volume" : 39290.00
  }, {
    "date" : "2025-09-23",
    "price" : 256.90,
    "dma50" : 277.36,
    "dma100" : 291.11,
    "dma200" : 289.73,
    "volume" : 36837.00
  }, {
    "date" : "2025-09-24",
    "price" : 255.25,
    "dma50" : 276.49,
    "dma100" : 290.72,
    "dma200" : 289.39,
    "volume" : 116439.00
  }, {
    "date" : "2025-09-25",
    "price" : 251.10,
    "dma50" : 275.49,
    "dma100" : 290.41,
    "dma200" : 289.01,
    "volume" : 46006.00
  }, {
    "date" : "2025-09-26",
    "price" : 249.90,
    "dma50" : 274.49,
    "dma100" : 290.15,
    "dma200" : 288.62,
    "volume" : 19645.00
  }, {
    "date" : "2025-09-29",
    "price" : 244.60,
    "dma50" : 273.32,
    "dma100" : 289.88,
    "dma200" : 288.18,
    "volume" : 24166.00
  }, {
    "date" : "2025-09-30",
    "price" : 255.85,
    "dma50" : 272.63,
    "dma100" : 289.60,
    "dma200" : 287.86,
    "volume" : 156807.00
  }, {
    "date" : "2025-10-01",
    "price" : 261.25,
    "dma50" : 272.19,
    "dma100" : 289.31,
    "dma200" : 287.59,
    "volume" : 126439.00
  }, {
    "date" : "2025-10-03",
    "price" : 261.60,
    "dma50" : 271.77,
    "dma100" : 288.98,
    "dma200" : 287.34,
    "volume" : 19583.00
  }, {
    "date" : "2025-10-06",
    "price" : 263.65,
    "dma50" : 271.45,
    "dma100" : 288.58,
    "dma200" : 287.10,
    "volume" : 42203.00
  }, {
    "date" : "2025-10-07",
    "price" : 256.80,
    "dma50" : 270.88,
    "dma100" : 288.15,
    "dma200" : 286.80,
    "volume" : 31226.00
  }, {
    "date" : "2025-10-08",
    "price" : 248.20,
    "dma50" : 269.99,
    "dma100" : 287.62,
    "dma200" : 286.41,
    "volume" : 115144.00
  }, {
    "date" : "2025-10-09",
    "price" : 249.95,
    "dma50" : 269.20,
    "dma100" : 287.04,
    "dma200" : 286.05,
    "volume" : 38489.00
  }, {
    "date" : "2025-10-10",
    "price" : 252.05,
    "dma50" : 268.53,
    "dma100" : 286.56,
    "dma200" : 285.71,
    "volume" : 56012.00
  }, {
    "date" : "2025-10-13",
    "price" : 244.80,
    "dma50" : 267.60,
    "dma100" : 286.02,
    "dma200" : 285.31,
    "volume" : 30653.00
  }, {
    "date" : "2025-10-14",
    "price" : 250.15,
    "dma50" : 266.92,
    "dma100" : 285.52,
    "dma200" : 284.96,
    "volume" : 63708.00
  }, {
    "date" : "2025-10-15",
    "price" : 244.40,
    "dma50" : 266.03,
    "dma100" : 284.90,
    "dma200" : 284.55,
    "volume" : 57750.00
  }, {
    "date" : "2025-10-16",
    "price" : 241.75,
    "dma50" : 265.08,
    "dma100" : 284.27,
    "dma200" : 284.13,
    "volume" : 41096.00
  }, {
    "date" : "2025-10-17",
    "price" : 244.40,
    "dma50" : 264.27,
    "dma100" : 283.67,
    "dma200" : 283.73,
    "volume" : 141334.00
  }, {
    "date" : "2025-10-20",
    "price" : 249.60,
    "dma50" : 263.69,
    "dma100" : 282.89,
    "dma200" : 283.39,
    "volume" : 28175.00
  }, {
    "date" : "2025-10-21",
    "price" : 251.80,
    "dma50" : 263.23,
    "dma100" : 282.37,
    "dma200" : 283.08,
    "volume" : 24396.00
  }, {
    "date" : "2025-10-23",
    "price" : 249.55,
    "dma50" : 262.69,
    "dma100" : 281.76,
    "dma200" : 282.74,
    "volume" : 43970.00
  }, {
    "date" : "2025-10-24",
    "price" : 248.55,
    "dma50" : 262.14,
    "dma100" : 281.23,
    "dma200" : 282.40,
    "volume" : 15377.00
  }, {
    "date" : "2025-10-27",
    "price" : 253.35,
    "dma50" : 261.79,
    "dma100" : 280.78,
    "dma200" : 282.11,
    "volume" : 142471.00
  }, {
    "date" : "2025-10-28",
    "price" : 252.55,
    "dma50" : 261.43,
    "dma100" : 280.35,
    "dma200" : 281.82,
    "volume" : 41300.00
  }, {
    "date" : "2025-10-29",
    "price" : 251.75,
    "dma50" : 261.05,
    "dma100" : 279.94,
    "dma200" : 281.52,
    "volume" : 12768.00
  }, {
    "date" : "2025-10-30",
    "price" : 248.95,
    "dma50" : 260.58,
    "dma100" : 279.44,
    "dma200" : 281.20,
    "volume" : 18957.00
  }, {
    "date" : "2025-10-31",
    "price" : 247.70,
    "dma50" : 260.07,
    "dma100" : 278.87,
    "dma200" : 280.86,
    "volume" : 12222.00
  }, {
    "date" : "2025-11-03",
    "price" : 247.88,
    "dma50" : 259.59,
    "dma100" : 278.28,
    "dma200" : 280.54,
    "volume" : 12285.00
  }, {
    "date" : "2025-11-04",
    "price" : 245.63,
    "dma50" : 259.04,
    "dma100" : 277.69,
    "dma200" : 280.19,
    "volume" : 21200.00
  }, {
    "date" : "2025-11-06",
    "price" : 241.48,
    "dma50" : 258.36,
    "dma100" : 277.06,
    "dma200" : 279.80,
    "volume" : 128474.00
  }, {
    "date" : "2025-11-07",
    "price" : 243.21,
    "dma50" : 257.76,
    "dma100" : 276.44,
    "dma200" : 279.44,
    "volume" : 18070.00
  }, {
    "date" : "2025-11-10",
    "price" : 246.03,
    "dma50" : 257.30,
    "dma100" : 275.87,
    "dma200" : 279.11,
    "volume" : 28199.00
  }, {
    "date" : "2025-11-11",
    "price" : 257.06,
    "dma50" : 257.29,
    "dma100" : 275.39,
    "dma200" : 278.89,
    "volume" : 142414.00
  }, {
    "date" : "2025-11-12",
    "price" : 251.23,
    "dma50" : 257.05,
    "dma100" : 274.93,
    "dma200" : 278.61,
    "volume" : 23683.00
  }, {
    "date" : "2025-11-13",
    "price" : 250.43,
    "dma50" : 256.80,
    "dma100" : 274.45,
    "dma200" : 278.33,
    "volume" : 9758.00
  }, {
    "date" : "2025-11-14",
    "price" : 247.17,
    "dma50" : 256.42,
    "dma100" : 273.93,
    "dma200" : 278.02,
    "volume" : 25887.00
  }, {
    "date" : "2025-11-17",
    "price" : 251.71,
    "dma50" : 256.23,
    "dma100" : 273.45,
    "dma200" : 277.76,
    "volume" : 27490.00
  }, {
    "date" : "2025-11-18",
    "price" : 253.07,
    "dma50" : 256.11,
    "dma100" : 273.05,
    "dma200" : 277.51,
    "volume" : 54661.00
  }, {
    "date" : "2025-11-19",
    "price" : 257.18,
    "dma50" : 256.15,
    "dma100" : 272.67,
    "dma200" : 277.31,
    "volume" : 184274.00
  }, {
    "date" : "2025-11-20",
    "price" : 255.87,
    "dma50" : 256.14,
    "dma100" : 272.28,
    "dma200" : 277.10,
    "volume" : 98463.00
  }, {
    "date" : "2025-11-21",
    "price" : 251.66,
    "dma50" : 255.96,
    "dma100" : 271.81,
    "dma200" : 276.84,
    "volume" : 12303.00
  }, {
    "date" : "2025-11-24",
    "price" : 246.38,
    "dma50" : 255.59,
    "dma100" : 271.26,
    "dma200" : 276.54,
    "volume" : 32641.00
  }, {
    "date" : "2025-11-25",
    "price" : 248.45,
    "dma50" : 255.31,
    "dma100" : 270.76,
    "dma200" : 276.26,
    "volume" : 17716.00
  }, {
    "date" : "2025-11-26",
    "price" : 249.38,
    "dma50" : 255.08,
    "dma100" : 270.26,
    "dma200" : 275.99,
    "volume" : 26204.00
  }, {
    "date" : "2025-11-27",
    "price" : 248.22,
    "dma50" : 254.81,
    "dma100" : 269.73,
    "dma200" : 275.72,
    "volume" : 30639.00
  }, {
    "date" : "2025-11-28",
    "price" : 245.26,
    "dma50" : 254.43,
    "dma100" : 269.10,
    "dma200" : 275.42,
    "volume" : 111703.00
  } ],
  "latestTechnicalAttributes" : {
    "date" : "2025-11-28",
    "price" : 245.26,
    "dma50" : 254.43,
    "dma100" : 269.10,
    "dma200" : 275.42,
    "volume" : 111703.00
  },
  "quarterlyResults" : [ {
    "date" : "2005-03-31",
    "sales" : 19.11,
    "salesGrowthYoY" : null,
    "grossProfitMargin" : 25.43,
    "grossProfit" : 4.86,
    "operatingProfitMargin" : 10.36,
    "operatingProfit" : 1.98,
    "netProfitMargin" : 8.53,
    "netProfit" : 1.63
  }, {
    "date" : "2005-06-30",
    "sales" : 15.87,
    "salesGrowthYoY" : null,
    "grossProfitMargin" : 29.68,
    "grossProfit" : 4.71,
    "operatingProfitMargin" : 14.56,
    "operatingProfit" : 2.31,
    "netProfitMargin" : 10.46,
    "netProfit" : 1.66
  }, {
    "date" : "2005-09-30",
    "sales" : 19.87,
    "salesGrowthYoY" : null,
    "grossProfitMargin" : 22.65,
    "grossProfit" : 4.50,
    "operatingProfitMargin" : 13.19,
    "operatingProfit" : 2.62,
    "netProfitMargin" : 8.76,
    "netProfit" : 1.74
  }, {
    "date" : "2005-12-31",
    "sales" : 18.27,
    "salesGrowthYoY" : null,
    "grossProfitMargin" : 35.63,
    "grossProfit" : 6.51,
    "operatingProfitMargin" : 22.99,
    "operatingProfit" : 4.20,
    "netProfitMargin" : 14.67,
    "netProfit" : 2.68
  }, {
    "date" : "2006-03-31",
    "sales" : 19.90,
    "salesGrowthYoY" : 4.13,
    "grossProfitMargin" : 39.60,
    "grossProfit" : 7.88,
    "operatingProfitMargin" : 21.31,
    "operatingProfit" : 4.24,
    "netProfitMargin" : 14.17,
    "netProfit" : 2.82
  }, {
    "date" : "2006-06-30",
    "sales" : 23.77,
    "salesGrowthYoY" : 49.78,
    "grossProfitMargin" : 34.20,
    "grossProfit" : 8.13,
    "operatingProfitMargin" : 22.47,
    "operatingProfit" : 5.34,
    "netProfitMargin" : 14.35,
    "netProfit" : 3.41
  }, {
    "date" : "2006-09-30",
    "sales" : 24.07,
    "salesGrowthYoY" : 21.14,
    "grossProfitMargin" : 34.36,
    "grossProfit" : 8.27,
    "operatingProfitMargin" : 19.03,
    "operatingProfit" : 4.58,
    "netProfitMargin" : 11.55,
    "netProfit" : 2.78
  }, {
    "date" : "2006-12-31",
    "sales" : 20.86,
    "salesGrowthYoY" : 14.18,
    "grossProfitMargin" : 34.47,
    "grossProfit" : 7.19,
    "operatingProfitMargin" : 21.72,
    "operatingProfit" : 4.53,
    "netProfitMargin" : 13.66,
    "netProfit" : 2.85
  }, {
    "date" : "2007-03-31",
    "sales" : 15.75,
    "salesGrowthYoY" : -20.85,
    "grossProfitMargin" : 27.30,
    "grossProfit" : 4.30,
    "operatingProfitMargin" : 6.92,
    "operatingProfit" : 1.09,
    "netProfitMargin" : 4.76,
    "netProfit" : 0.75
  }, {
    "date" : "2007-06-30",
    "sales" : 15.72,
    "salesGrowthYoY" : -33.87,
    "grossProfitMargin" : 23.35,
    "grossProfit" : 3.67,
    "operatingProfitMargin" : 7.82,
    "operatingProfit" : 1.23,
    "netProfitMargin" : 5.41,
    "netProfit" : 0.85
  }, {
    "date" : "2007-09-30",
    "sales" : 24.39,
    "salesGrowthYoY" : 1.33,
    "grossProfitMargin" : 23.66,
    "grossProfit" : 5.77,
    "operatingProfitMargin" : 12.42,
    "operatingProfit" : 3.03,
    "netProfitMargin" : 9.76,
    "netProfit" : 2.38
  }, {
    "date" : "2007-12-31",
    "sales" : 20.84,
    "salesGrowthYoY" : -0.10,
    "grossProfitMargin" : 27.83,
    "grossProfit" : 5.80,
    "operatingProfitMargin" : 13.20,
    "operatingProfit" : 2.75,
    "netProfitMargin" : 9.55,
    "netProfit" : 1.99
  }, {
    "date" : "2008-03-31",
    "sales" : 21.47,
    "salesGrowthYoY" : 36.32,
    "grossProfitMargin" : 27.90,
    "grossProfit" : 5.99,
    "operatingProfitMargin" : 11.36,
    "operatingProfit" : 2.44,
    "netProfitMargin" : 6.19,
    "netProfit" : 1.33
  }, {
    "date" : "2008-06-30",
    "sales" : 23.65,
    "salesGrowthYoY" : 50.45,
    "grossProfitMargin" : 28.54,
    "grossProfit" : 6.75,
    "operatingProfitMargin" : 18.18,
    "operatingProfit" : 4.30,
    "netProfitMargin" : 10.49,
    "netProfit" : 2.48
  }, {
    "date" : "2008-09-30",
    "sales" : 28.47,
    "salesGrowthYoY" : 16.73,
    "grossProfitMargin" : 26.48,
    "grossProfit" : 7.54,
    "operatingProfitMargin" : 15.35,
    "operatingProfit" : 4.37,
    "netProfitMargin" : 10.40,
    "netProfit" : 2.96
  }, {
    "date" : "2008-12-31",
    "sales" : 20.29,
    "salesGrowthYoY" : -2.64,
    "grossProfitMargin" : 28.63,
    "grossProfit" : 5.81,
    "operatingProfitMargin" : 14.19,
    "operatingProfit" : 2.88,
    "netProfitMargin" : 7.05,
    "netProfit" : 1.43
  }, {
    "date" : "2009-03-31",
    "sales" : 32.02,
    "salesGrowthYoY" : 49.14,
    "grossProfitMargin" : 25.80,
    "grossProfit" : 8.26,
    "operatingProfitMargin" : 10.71,
    "operatingProfit" : 3.43,
    "netProfitMargin" : 8.15,
    "netProfit" : 2.61
  }, {
    "date" : "2009-06-30",
    "sales" : 24.01,
    "salesGrowthYoY" : 1.52,
    "grossProfitMargin" : 28.36,
    "grossProfit" : 6.81,
    "operatingProfitMargin" : 14.20,
    "operatingProfit" : 3.41,
    "netProfitMargin" : 7.66,
    "netProfit" : 1.84
  }, {
    "date" : "2009-09-30",
    "sales" : 28.98,
    "salesGrowthYoY" : 1.79,
    "grossProfitMargin" : 25.33,
    "grossProfit" : 7.34,
    "operatingProfitMargin" : 13.80,
    "operatingProfit" : 4.00,
    "netProfitMargin" : 7.66,
    "netProfit" : 2.22
  }, {
    "date" : "2009-12-31",
    "sales" : 25.79,
    "salesGrowthYoY" : 27.11,
    "grossProfitMargin" : 27.06,
    "grossProfit" : 6.98,
    "operatingProfitMargin" : 13.69,
    "operatingProfit" : 3.53,
    "netProfitMargin" : 8.07,
    "netProfit" : 2.08
  }, {
    "date" : "2010-03-31",
    "sales" : 20.00,
    "salesGrowthYoY" : -37.54,
    "grossProfitMargin" : 20.40,
    "grossProfit" : 4.08,
    "operatingProfitMargin" : -9.50,
    "operatingProfit" : -1.90,
    "netProfitMargin" : -14.10,
    "netProfit" : -2.82
  }, {
    "date" : "2010-06-30",
    "sales" : 11.17,
    "salesGrowthYoY" : -53.48,
    "grossProfitMargin" : 26.50,
    "grossProfit" : 2.96,
    "operatingProfitMargin" : -5.46,
    "operatingProfit" : -0.61,
    "netProfitMargin" : -9.67,
    "netProfit" : -1.08
  }, {
    "date" : "2010-09-30",
    "sales" : 20.32,
    "salesGrowthYoY" : -29.88,
    "grossProfitMargin" : 14.42,
    "grossProfit" : 2.93,
    "operatingProfitMargin" : 4.68,
    "operatingProfit" : 0.95,
    "netProfitMargin" : 3.10,
    "netProfit" : 0.63
  }, {
    "date" : "2010-12-31",
    "sales" : 15.10,
    "salesGrowthYoY" : -41.45,
    "grossProfitMargin" : 22.05,
    "grossProfit" : 3.33,
    "operatingProfitMargin" : 9.93,
    "operatingProfit" : 1.50,
    "netProfitMargin" : 6.49,
    "netProfit" : 0.98
  }, {
    "date" : "2011-03-31",
    "sales" : 13.21,
    "salesGrowthYoY" : -33.95,
    "grossProfitMargin" : 31.26,
    "grossProfit" : 4.13,
    "operatingProfitMargin" : -7.80,
    "operatingProfit" : -1.03,
    "netProfitMargin" : -3.48,
    "netProfit" : -0.46
  }, {
    "date" : "2011-06-30",
    "sales" : 7.02,
    "salesGrowthYoY" : -37.15,
    "grossProfitMargin" : 47.15,
    "grossProfit" : 3.31,
    "operatingProfitMargin" : -16.81,
    "operatingProfit" : -1.18,
    "netProfitMargin" : -20.66,
    "netProfit" : -1.45
  }, {
    "date" : "2011-09-30",
    "sales" : 13.18,
    "salesGrowthYoY" : -35.14,
    "grossProfitMargin" : 3.64,
    "grossProfit" : 0.48,
    "operatingProfitMargin" : -28.68,
    "operatingProfit" : -3.78,
    "netProfitMargin" : -39.91,
    "netProfit" : -5.26
  }, {
    "date" : "2011-12-31",
    "sales" : 21.82,
    "salesGrowthYoY" : 44.50,
    "grossProfitMargin" : 41.75,
    "grossProfit" : 9.11,
    "operatingProfitMargin" : 9.72,
    "operatingProfit" : 2.12,
    "netProfitMargin" : 2.25,
    "netProfit" : 0.49
  }, {
    "date" : "2012-03-31",
    "sales" : 26.39,
    "salesGrowthYoY" : 99.77,
    "grossProfitMargin" : 38.12,
    "grossProfit" : 10.06,
    "operatingProfitMargin" : 11.33,
    "operatingProfit" : 2.99,
    "netProfitMargin" : 10.50,
    "netProfit" : 2.77
  }, {
    "date" : "2012-06-30",
    "sales" : 39.54,
    "salesGrowthYoY" : 463.25,
    "grossProfitMargin" : 24.86,
    "grossProfit" : 9.83,
    "operatingProfitMargin" : 5.26,
    "operatingProfit" : 2.08,
    "netProfitMargin" : 2.10,
    "netProfit" : 0.83
  }, {
    "date" : "2012-09-30",
    "sales" : 28.87,
    "salesGrowthYoY" : 119.04,
    "grossProfitMargin" : 42.67,
    "grossProfit" : 12.32,
    "operatingProfitMargin" : 7.27,
    "operatingProfit" : 2.10,
    "netProfitMargin" : 1.39,
    "netProfit" : 0.40
  }, {
    "date" : "2012-12-31",
    "sales" : 41.90,
    "salesGrowthYoY" : 92.03,
    "grossProfitMargin" : 32.65,
    "grossProfit" : 13.68,
    "operatingProfitMargin" : 7.45,
    "operatingProfit" : 3.12,
    "netProfitMargin" : 2.08,
    "netProfit" : 0.87
  }, {
    "date" : "2013-03-31",
    "sales" : 35.83,
    "salesGrowthYoY" : 35.77,
    "grossProfitMargin" : 35.39,
    "grossProfit" : 12.68,
    "operatingProfitMargin" : 7.14,
    "operatingProfit" : 2.56,
    "netProfitMargin" : -0.36,
    "netProfit" : -0.13
  }, {
    "date" : "2013-06-30",
    "sales" : 39.54,
    "salesGrowthYoY" : 0.00,
    "grossProfitMargin" : 32.20,
    "grossProfit" : 12.73,
    "operatingProfitMargin" : 7.64,
    "operatingProfit" : 3.02,
    "netProfitMargin" : 0.86,
    "netProfit" : 0.34
  }, {
    "date" : "2013-09-30",
    "sales" : 38.89,
    "salesGrowthYoY" : 34.71,
    "grossProfitMargin" : 32.73,
    "grossProfit" : 12.73,
    "operatingProfitMargin" : 4.09,
    "operatingProfit" : 1.59,
    "netProfitMargin" : 2.73,
    "netProfit" : 1.06
  }, {
    "date" : "2013-12-31",
    "sales" : 46.85,
    "salesGrowthYoY" : 11.81,
    "grossProfitMargin" : 28.52,
    "grossProfit" : 13.36,
    "operatingProfitMargin" : 6.40,
    "operatingProfit" : 3.00,
    "netProfitMargin" : 1.30,
    "netProfit" : 0.61
  }, {
    "date" : "2014-03-31",
    "sales" : 48.09,
    "salesGrowthYoY" : 34.22,
    "grossProfitMargin" : 27.47,
    "grossProfit" : 13.21,
    "operatingProfitMargin" : 4.28,
    "operatingProfit" : 2.06,
    "netProfitMargin" : -0.10,
    "netProfit" : -0.05
  }, {
    "date" : "2014-06-30",
    "sales" : 64.32,
    "salesGrowthYoY" : 62.67,
    "grossProfitMargin" : 18.87,
    "grossProfit" : 12.14,
    "operatingProfitMargin" : 3.42,
    "operatingProfit" : 2.20,
    "netProfitMargin" : 0.96,
    "netProfit" : 0.62
  }, {
    "date" : "2014-09-30",
    "sales" : 55.78,
    "salesGrowthYoY" : 43.43,
    "grossProfitMargin" : 24.79,
    "grossProfit" : 13.83,
    "operatingProfitMargin" : 4.66,
    "operatingProfit" : 2.60,
    "netProfitMargin" : 1.43,
    "netProfit" : 0.80
  }, {
    "date" : "2014-12-31",
    "sales" : 40.73,
    "salesGrowthYoY" : -13.06,
    "grossProfitMargin" : 34.20,
    "grossProfit" : 13.93,
    "operatingProfitMargin" : 7.32,
    "operatingProfit" : 2.98,
    "netProfitMargin" : 1.25,
    "netProfit" : 0.51
  }, {
    "date" : "2015-03-31",
    "sales" : 58.36,
    "salesGrowthYoY" : 21.36,
    "grossProfitMargin" : 24.07,
    "grossProfit" : 14.05,
    "operatingProfitMargin" : 4.04,
    "operatingProfit" : 2.36,
    "netProfitMargin" : 1.03,
    "netProfit" : 0.60
  }, {
    "date" : "2015-06-30",
    "sales" : 34.63,
    "salesGrowthYoY" : -46.16,
    "grossProfitMargin" : 28.30,
    "grossProfit" : 9.80,
    "operatingProfitMargin" : -3.58,
    "operatingProfit" : -1.24,
    "netProfitMargin" : -5.14,
    "netProfit" : -1.78
  }, {
    "date" : "2015-09-30",
    "sales" : 43.95,
    "salesGrowthYoY" : -21.21,
    "grossProfitMargin" : 29.67,
    "grossProfit" : 13.04,
    "operatingProfitMargin" : 6.94,
    "operatingProfit" : 3.05,
    "netProfitMargin" : 0.14,
    "netProfit" : 0.06
  }, {
    "date" : "2015-12-31",
    "sales" : 28.21,
    "salesGrowthYoY" : -30.74,
    "grossProfitMargin" : 34.88,
    "grossProfit" : 9.84,
    "operatingProfitMargin" : -0.35,
    "operatingProfit" : -0.10,
    "netProfitMargin" : -5.81,
    "netProfit" : -1.64
  }, {
    "date" : "2016-03-31",
    "sales" : 43.48,
    "salesGrowthYoY" : -25.50,
    "grossProfitMargin" : 33.81,
    "grossProfit" : 14.70,
    "operatingProfitMargin" : 5.11,
    "operatingProfit" : 2.22,
    "netProfitMargin" : 0.05,
    "netProfit" : 0.02
  }, {
    "date" : "2016-06-30",
    "sales" : 42.00,
    "salesGrowthYoY" : 21.28,
    "grossProfitMargin" : 35.52,
    "grossProfit" : 14.92,
    "operatingProfitMargin" : 8.31,
    "operatingProfit" : 3.49,
    "netProfitMargin" : 1.07,
    "netProfit" : 0.45
  }, {
    "date" : "2016-09-30",
    "sales" : 55.68,
    "salesGrowthYoY" : 26.69,
    "grossProfitMargin" : 28.50,
    "grossProfit" : 15.87,
    "operatingProfitMargin" : 5.26,
    "operatingProfit" : 2.93,
    "netProfitMargin" : 0.93,
    "netProfit" : 0.52
  }, {
    "date" : "2016-12-31",
    "sales" : 55.88,
    "salesGrowthYoY" : 98.09,
    "grossProfitMargin" : 27.88,
    "grossProfit" : 15.58,
    "operatingProfitMargin" : 6.44,
    "operatingProfit" : 3.60,
    "netProfitMargin" : -1.63,
    "netProfit" : -0.91
  }, {
    "date" : "2017-03-31",
    "sales" : 49.33,
    "salesGrowthYoY" : 13.45,
    "grossProfitMargin" : 33.49,
    "grossProfit" : 16.52,
    "operatingProfitMargin" : 2.23,
    "operatingProfit" : 1.10,
    "netProfitMargin" : 1.16,
    "netProfit" : 0.57
  }, {
    "date" : "2017-06-30",
    "sales" : 36.93,
    "salesGrowthYoY" : -12.07,
    "grossProfitMargin" : 23.07,
    "grossProfit" : 8.52,
    "operatingProfitMargin" : -8.02,
    "operatingProfit" : -2.96,
    "netProfitMargin" : -9.69,
    "netProfit" : -3.58
  }, {
    "date" : "2017-09-30",
    "sales" : 54.95,
    "salesGrowthYoY" : -1.31,
    "grossProfitMargin" : 25.81,
    "grossProfit" : 14.18,
    "operatingProfitMargin" : 9.85,
    "operatingProfit" : 5.41,
    "netProfitMargin" : 5.19,
    "netProfit" : 2.85
  }, {
    "date" : "2017-12-31",
    "sales" : 46.48,
    "salesGrowthYoY" : -16.82,
    "grossProfitMargin" : 30.77,
    "grossProfit" : 14.30,
    "operatingProfitMargin" : 9.83,
    "operatingProfit" : 4.57,
    "netProfitMargin" : 6.93,
    "netProfit" : 3.22
  }, {
    "date" : "2018-03-31",
    "sales" : 44.96,
    "salesGrowthYoY" : -8.86,
    "grossProfitMargin" : 41.13,
    "grossProfit" : 18.49,
    "operatingProfitMargin" : 10.16,
    "operatingProfit" : 4.57,
    "netProfitMargin" : 9.94,
    "netProfit" : 4.47
  }, {
    "date" : "2018-06-30",
    "sales" : 73.18,
    "salesGrowthYoY" : 98.16,
    "grossProfitMargin" : 30.12,
    "grossProfit" : 22.04,
    "operatingProfitMargin" : 11.92,
    "operatingProfit" : 8.72,
    "netProfitMargin" : 3.20,
    "netProfit" : 2.34
  }, {
    "date" : "2018-09-30",
    "sales" : 110.14,
    "salesGrowthYoY" : 100.44,
    "grossProfitMargin" : 26.85,
    "grossProfit" : 29.57,
    "operatingProfitMargin" : 11.90,
    "operatingProfit" : 13.11,
    "netProfitMargin" : 4.89,
    "netProfit" : 5.39
  }, {
    "date" : "2018-12-31",
    "sales" : 84.34,
    "salesGrowthYoY" : 81.45,
    "grossProfitMargin" : 30.05,
    "grossProfit" : 25.34,
    "operatingProfitMargin" : 9.81,
    "operatingProfit" : 8.27,
    "netProfitMargin" : 4.90,
    "netProfit" : 4.13
  }, {
    "date" : "2019-03-31",
    "sales" : 116.32,
    "salesGrowthYoY" : 158.72,
    "grossProfitMargin" : 26.96,
    "grossProfit" : 31.36,
    "operatingProfitMargin" : 9.62,
    "operatingProfit" : 11.19,
    "netProfitMargin" : 5.53,
    "netProfit" : 6.43
  }, {
    "date" : "2019-06-30",
    "sales" : 122.90,
    "salesGrowthYoY" : 67.94,
    "grossProfitMargin" : 29.07,
    "grossProfit" : 35.73,
    "operatingProfitMargin" : 11.03,
    "operatingProfit" : 13.56,
    "netProfitMargin" : 6.27,
    "netProfit" : 7.71
  }, {
    "date" : "2019-09-30",
    "sales" : 66.51,
    "salesGrowthYoY" : -39.61,
    "grossProfitMargin" : 37.02,
    "grossProfit" : 24.62,
    "operatingProfitMargin" : 8.43,
    "operatingProfit" : 5.61,
    "netProfitMargin" : 3.61,
    "netProfit" : 2.40
  }, {
    "date" : "2019-12-31",
    "sales" : 22.61,
    "salesGrowthYoY" : -73.19,
    "grossProfitMargin" : 55.99,
    "grossProfit" : 12.66,
    "operatingProfitMargin" : -12.87,
    "operatingProfit" : -2.91,
    "netProfitMargin" : -20.48,
    "netProfit" : -4.63
  }, {
    "date" : "2020-03-31",
    "sales" : 33.65,
    "salesGrowthYoY" : -71.07,
    "grossProfitMargin" : 38.78,
    "grossProfit" : 13.05,
    "operatingProfitMargin" : 1.93,
    "operatingProfit" : 0.65,
    "netProfitMargin" : -4.31,
    "netProfit" : -1.45
  }, {
    "date" : "2020-06-30",
    "sales" : 61.37,
    "salesGrowthYoY" : -50.07,
    "grossProfitMargin" : 29.66,
    "grossProfit" : 18.20,
    "operatingProfitMargin" : 10.88,
    "operatingProfit" : 6.68,
    "netProfitMargin" : 4.20,
    "netProfit" : 2.58
  }, {
    "date" : "2020-09-30",
    "sales" : 89.79,
    "salesGrowthYoY" : 35.00,
    "grossProfitMargin" : 36.80,
    "grossProfit" : 33.04,
    "operatingProfitMargin" : 15.01,
    "operatingProfit" : 13.48,
    "netProfitMargin" : 7.05,
    "netProfit" : 6.33
  }, {
    "date" : "2020-12-31",
    "sales" : 69.25,
    "salesGrowthYoY" : 206.28,
    "grossProfitMargin" : 44.42,
    "grossProfit" : 30.76,
    "operatingProfitMargin" : 17.27,
    "operatingProfit" : 11.96,
    "netProfitMargin" : 9.07,
    "netProfit" : 6.28
  }, {
    "date" : "2021-03-31",
    "sales" : 97.46,
    "salesGrowthYoY" : 189.63,
    "grossProfitMargin" : 35.92,
    "grossProfit" : 35.01,
    "operatingProfitMargin" : 15.26,
    "operatingProfit" : 14.87,
    "netProfitMargin" : 7.65,
    "netProfit" : 7.46
  }, {
    "date" : "2021-06-30",
    "sales" : 98.45,
    "salesGrowthYoY" : 60.42,
    "grossProfitMargin" : 36.49,
    "grossProfit" : 35.92,
    "operatingProfitMargin" : 15.29,
    "operatingProfit" : 15.05,
    "netProfitMargin" : 7.75,
    "netProfit" : 7.63
  }, {
    "date" : "2021-09-30",
    "sales" : 99.38,
    "salesGrowthYoY" : 10.68,
    "grossProfitMargin" : 39.49,
    "grossProfit" : 39.25,
    "operatingProfitMargin" : 16.54,
    "operatingProfit" : 16.44,
    "netProfitMargin" : 8.45,
    "netProfit" : 8.40
  }, {
    "date" : "2021-12-31",
    "sales" : 100.11,
    "salesGrowthYoY" : 44.56,
    "grossProfitMargin" : 38.81,
    "grossProfit" : 38.85,
    "operatingProfitMargin" : 16.35,
    "operatingProfit" : 16.37,
    "netProfitMargin" : 8.95,
    "netProfit" : 8.96
  }, {
    "date" : "2022-03-31",
    "sales" : 137.72,
    "salesGrowthYoY" : 41.31,
    "grossProfitMargin" : 32.64,
    "grossProfit" : 44.95,
    "operatingProfitMargin" : 14.86,
    "operatingProfit" : 20.47,
    "netProfitMargin" : 7.93,
    "netProfit" : 10.92
  }, {
    "date" : "2022-06-30",
    "sales" : 121.72,
    "salesGrowthYoY" : 23.64,
    "grossProfitMargin" : 37.56,
    "grossProfit" : 45.72,
    "operatingProfitMargin" : 16.12,
    "operatingProfit" : 19.62,
    "netProfitMargin" : 9.84,
    "netProfit" : 11.98
  }, {
    "date" : "2022-09-30",
    "sales" : 131.81,
    "salesGrowthYoY" : 32.63,
    "grossProfitMargin" : 36.86,
    "grossProfit" : 48.59,
    "operatingProfitMargin" : 15.43,
    "operatingProfit" : 20.34,
    "netProfitMargin" : 9.50,
    "netProfit" : 12.52
  }, {
    "date" : "2022-12-31",
    "sales" : 126.00,
    "salesGrowthYoY" : 25.86,
    "grossProfitMargin" : 37.63,
    "grossProfit" : 47.41,
    "operatingProfitMargin" : 15.56,
    "operatingProfit" : 19.61,
    "netProfitMargin" : 9.60,
    "netProfit" : 12.10
  }, {
    "date" : "2023-03-31",
    "sales" : 122.57,
    "salesGrowthYoY" : -11.00,
    "grossProfitMargin" : 38.32,
    "grossProfit" : 46.97,
    "operatingProfitMargin" : 14.92,
    "operatingProfit" : 18.29,
    "netProfitMargin" : 8.01,
    "netProfit" : 9.82
  }, {
    "date" : "2023-06-30",
    "sales" : 100.01,
    "salesGrowthYoY" : -17.84,
    "grossProfitMargin" : 34.03,
    "grossProfit" : 34.03,
    "operatingProfitMargin" : 7.21,
    "operatingProfit" : 7.21,
    "netProfitMargin" : 2.20,
    "netProfit" : 2.20
  }, {
    "date" : "2023-09-30",
    "sales" : 122.01,
    "salesGrowthYoY" : -7.43,
    "grossProfitMargin" : 35.37,
    "grossProfit" : 43.15,
    "operatingProfitMargin" : 11.11,
    "operatingProfit" : 13.56,
    "netProfitMargin" : 5.16,
    "netProfit" : 6.30
  }, {
    "date" : "2023-12-31",
    "sales" : 74.37,
    "salesGrowthYoY" : -40.98,
    "grossProfitMargin" : 51.90,
    "grossProfit" : 38.60,
    "operatingProfitMargin" : 11.00,
    "operatingProfit" : 8.18,
    "netProfitMargin" : 4.96,
    "netProfit" : 3.69
  }, {
    "date" : "2024-03-31",
    "sales" : 110.32,
    "salesGrowthYoY" : -9.99,
    "grossProfitMargin" : 40.74,
    "grossProfit" : 44.94,
    "operatingProfitMargin" : 12.65,
    "operatingProfit" : 13.96,
    "netProfitMargin" : 7.36,
    "netProfit" : 8.12
  }, {
    "date" : "2024-06-30",
    "sales" : 110.78,
    "salesGrowthYoY" : 10.77,
    "grossProfitMargin" : 36.71,
    "grossProfit" : 40.67,
    "operatingProfitMargin" : 10.69,
    "operatingProfit" : 11.84,
    "netProfitMargin" : 6.53,
    "netProfit" : 7.23
  }, {
    "date" : "2024-09-30",
    "sales" : 100.22,
    "salesGrowthYoY" : -17.86,
    "grossProfitMargin" : 39.11,
    "grossProfit" : 39.20,
    "operatingProfitMargin" : 9.73,
    "operatingProfit" : 9.75,
    "netProfitMargin" : 7.85,
    "netProfit" : 7.87
  }, {
    "date" : "2024-12-31",
    "sales" : 102.73,
    "salesGrowthYoY" : 38.13,
    "grossProfitMargin" : 39.40,
    "grossProfit" : 40.48,
    "operatingProfitMargin" : 9.05,
    "operatingProfit" : 9.30,
    "netProfitMargin" : 6.94,
    "netProfit" : 7.13
  }, {
    "date" : "2025-03-31",
    "sales" : 122.63,
    "salesGrowthYoY" : 11.16,
    "grossProfitMargin" : 31.71,
    "grossProfit" : 38.89,
    "operatingProfitMargin" : 5.90,
    "operatingProfit" : 7.24,
    "netProfitMargin" : 4.21,
    "netProfit" : 5.16
  }, {
    "date" : "2025-06-30",
    "sales" : 123.78,
    "salesGrowthYoY" : 11.73,
    "grossProfitMargin" : 33.03,
    "grossProfit" : 40.88,
    "operatingProfitMargin" : 8.08,
    "operatingProfit" : 10.00,
    "netProfitMargin" : 6.70,
    "netProfit" : 8.29
  }, {
    "date" : "2025-09-30",
    "sales" : 134.36,
    "salesGrowthYoY" : 34.07,
    "grossProfitMargin" : 33.75,
    "grossProfit" : 45.35,
    "operatingProfitMargin" : 10.58,
    "operatingProfit" : 14.22,
    "netProfitMargin" : 4.41,
    "netProfit" : 5.93
  } ],
  "latestQuarterlyResult" : {
    "date" : "2025-09-30",
    "sales" : 134.36,
    "salesGrowthYoY" : 34.07,
    "grossProfitMargin" : 33.75,
    "grossProfit" : 45.35,
    "operatingProfitMargin" : 10.58,
    "operatingProfit" : 14.22,
    "netProfitMargin" : 4.41,
    "netProfit" : 5.93
  },
  "companyScore" : {
    "priceHigherThanDma50" : 0.00,
    "priceHigherThanDma100" : 0.00,
    "priceHigherThanDma200" : 0.00,
    "dma50HigherThanDma100" : 0.00,
    "dma50HigherThanDma200" : 0.00,
    "dma100HigherThanDma200" : 0.00,
    "pricePercentageAboveDma50" : 5.18,
    "pricePercentageAboveDma100" : 5.44,
    "pricePercentageAboveDma200" : 5.55,
    "weeklyVolumeHigherThanYearlyVolume" : 0.00,
    "salesGrowthPercentile" : 13.16,
    "operatingProfitMarginPercentile" : 15.20,
    "netProfitMarginPercentile" : 8.12,
    "totalTechnicalScore" : 16.17,
    "totalFundamentalScore" : 36.48,
    "totalScore" : 52.65
  }
}