{
  "metadata" : {
    "screenerCompanyId" : "458",
    "companyCode" : "BHARATFORG",
    "companyName" : "Bharat Forge",
    "screenerCompanyLink" : "https://www.screener.in/company/BHARATFORG/consolidated/",
    "screenerTechnicalHistoryLink" : "https://www.screener.in/api/company/458/chart/?q=Price-DMA50-DMA200-Volume&days=365",
    "screenerQuarterlyResultsLink" : "https://www.screener.in/api/company/458/chart/?q=GPM-OPM-NPM-Quarter+Sales&days=10000",
    "attributes" : {
      "companyCode" : "BHARATFORG",
      "companyName" : "Bharat Forge",
      "marketCap" : 83890.00,
      "peRatio" : 71.80,
      "description" : "Bharat Forge is engaged in the manufacturing and selling of forged and machined Compoundant for auto and industry sector.(Source : 201903 Annual Report Page No: 123)"
    },
    "companyScore" : {
      "priceHigherThanDma50" : 5.00,
      "priceHigherThanDma100" : 5.00,
      "priceHigherThanDma200" : 5.00,
      "dma50HigherThanDma100" : 5.00,
      "dma50HigherThanDma200" : 5.00,
      "dma100HigherThanDma200" : 5.00,
      "pricePercentageAboveDma50" : 4.16,
      "pricePercentageAboveDma100" : 3.74,
      "pricePercentageAboveDma200" : 3.54,
      "weeklyVolumeHigherThanYearlyVolume" : 5.00,
      "salesGrowthPercentile" : 6.75,
      "operatingProfitMarginPercentile" : 17.42,
      "netProfitMarginPercentile" : 8.78,
      "totalTechnicalScore" : 46.44,
      "totalFundamentalScore" : 32.95,
      "totalScore" : 79.39
    }
  },
  "attributes" : {
    "companyCode" : "BHARATFORG",
    "companyName" : "Bharat Forge",
    "marketCap" : 83890.00,
    "peRatio" : 71.80,
    "description" : "Bharat Forge is engaged in the manufacturing and selling of forged and machined Compoundant for auto and industry sector.(Source : 201903 Annual Report Page No: 123)"
  },
  "technicalHistory" : [ {
    "date" : "2025-02-18",
    "price" : 1076.95,
    "dma50" : 1213.69,
    "dma100" : null,
    "dma200" : 1333.73,
    "volume" : 1098522.00
  }, {
    "date" : "2025-02-19",
    "price" : 1076.05,
    "dma50" : 1208.29,
    "dma100" : null,
    "dma200" : 1331.17,
    "volume" : 354730.00
  }, {
    "date" : "2025-02-20",
    "price" : 1081.35,
    "dma50" : 1203.31,
    "dma100" : null,
    "dma200" : 1328.69,
    "volume" : 1915791.00
  }, {
    "date" : "2025-02-21",
    "price" : 1058.95,
    "dma50" : 1197.65,
    "dma100" : null,
    "dma200" : 1326.00,
    "volume" : 577622.00
  }, {
    "date" : "2025-02-24",
    "price" : 1041.55,
    "dma50" : 1191.53,
    "dma100" : null,
    "dma200" : 1323.17,
    "volume" : 497780.00
  }, {
    "date" : "2025-02-25",
    "price" : 1045.20,
    "dma50" : 1185.79,
    "dma100" : null,
    "dma200" : 1320.41,
    "volume" : 677227.00
  }, {
    "date" : "2025-02-27",
    "price" : 1038.40,
    "dma50" : 1180.01,
    "dma100" : null,
    "dma200" : 1317.60,
    "volume" : 965672.00
  }, {
    "date" : "2025-02-28",
    "price" : 1016.50,
    "dma50" : 1173.60,
    "dma100" : null,
    "dma200" : 1314.60,
    "volume" : 2482038.00
  }, {
    "date" : "2025-03-03",
    "price" : 1030.25,
    "dma50" : 1167.98,
    "dma100" : null,
    "dma200" : 1311.77,
    "volume" : 563422.00
  }, {
    "date" : "2025-03-04",
    "price" : 1022.80,
    "dma50" : 1162.29,
    "dma100" : null,
    "dma200" : 1308.90,
    "volume" : 724552.00
  }, {
    "date" : "2025-03-05",
    "price" : 1057.10,
    "dma50" : 1158.16,
    "dma100" : null,
    "dma200" : 1306.39,
    "volume" : 711476.00
  }, {
    "date" : "2025-03-06",
    "price" : 1086.45,
    "dma50" : 1155.35,
    "dma100" : null,
    "dma200" : 1304.20,
    "volume" : 930077.00
  }, {
    "date" : "2025-03-07",
    "price" : 1087.80,
    "dma50" : 1152.70,
    "dma100" : null,
    "dma200" : 1302.05,
    "volume" : 1249229.00
  }, {
    "date" : "2025-03-10",
    "price" : 1068.90,
    "dma50" : 1149.41,
    "dma100" : null,
    "dma200" : 1299.73,
    "volume" : 730510.00
  }, {
    "date" : "2025-03-11",
    "price" : 1064.30,
    "dma50" : 1146.08,
    "dma100" : null,
    "dma200" : 1297.39,
    "volume" : 737675.00
  }, {
    "date" : "2025-03-12",
    "price" : 1090.20,
    "dma50" : 1143.88,
    "dma100" : null,
    "dma200" : 1295.33,
    "volume" : 781836.00
  }, {
    "date" : "2025-03-13",
    "price" : 1039.25,
    "dma50" : 1139.78,
    "dma100" : null,
    "dma200" : 1292.78,
    "volume" : 1932424.00
  }, {
    "date" : "2025-03-17",
    "price" : 1076.35,
    "dma50" : 1137.29,
    "dma100" : null,
    "dma200" : 1290.63,
    "volume" : 656695.00
  }, {
    "date" : "2025-03-18",
    "price" : 1099.95,
    "dma50" : 1135.83,
    "dma100" : null,
    "dma200" : 1288.73,
    "volume" : 460257.00
  }, {
    "date" : "2025-03-19",
    "price" : 1136.00,
    "dma50" : 1135.84,
    "dma100" : null,
    "dma200" : 1287.21,
    "volume" : 1233948.00
  }, {
    "date" : "2025-03-20",
    "price" : 1194.30,
    "dma50" : 1138.13,
    "dma100" : null,
    "dma200" : 1286.28,
    "volume" : 2828705.00
  }, {
    "date" : "2025-03-21",
    "price" : 1181.30,
    "dma50" : 1139.82,
    "dma100" : null,
    "dma200" : 1285.24,
    "volume" : 2451683.00
  }, {
    "date" : "2025-03-24",
    "price" : 1201.40,
    "dma50" : 1142.24,
    "dma100" : null,
    "dma200" : 1284.41,
    "volume" : 1353709.00
  }, {
    "date" : "2025-03-25",
    "price" : 1186.25,
    "dma50" : 1143.96,
    "dma100" : null,
    "dma200" : 1283.43,
    "volume" : 1314337.00
  }, {
    "date" : "2025-03-26",
    "price" : 1182.90,
    "dma50" : 1145.49,
    "dma100" : null,
    "dma200" : 1282.43,
    "volume" : 819636.00
  }, {
    "date" : "2025-03-27",
    "price" : 1159.15,
    "dma50" : 1146.02,
    "dma100" : null,
    "dma200" : 1281.20,
    "volume" : 5510072.00
  }, {
    "date" : "2025-03-28",
    "price" : 1169.15,
    "dma50" : 1146.93,
    "dma100" : null,
    "dma200" : 1280.09,
    "volume" : 2277787.00
  }, {
    "date" : "2025-04-01",
    "price" : 1148.65,
    "dma50" : 1147.00,
    "dma100" : null,
    "dma200" : 1278.78,
    "volume" : 913927.00
  }, {
    "date" : "2025-04-02",
    "price" : 1152.95,
    "dma50" : 1147.23,
    "dma100" : null,
    "dma200" : 1277.53,
    "volume" : 1295377.00
  }, {
    "date" : "2025-04-03",
    "price" : 1117.10,
    "dma50" : 1146.05,
    "dma100" : null,
    "dma200" : 1275.93,
    "volume" : 2123553.00
  }, {
    "date" : "2025-04-04",
    "price" : 1026.05,
    "dma50" : 1141.34,
    "dma100" : null,
    "dma200" : 1273.44,
    "volume" : 4969899.00
  }, {
    "date" : "2025-04-07",
    "price" : 951.60,
    "dma50" : 1133.90,
    "dma100" : null,
    "dma200" : 1270.24,
    "volume" : 4021982.00
  }, {
    "date" : "2025-04-08",
    "price" : 970.35,
    "dma50" : 1127.49,
    "dma100" : null,
    "dma200" : 1267.26,
    "volume" : 2103164.00
  }, {
    "date" : "2025-04-09",
    "price" : 969.85,
    "dma50" : 1121.31,
    "dma100" : null,
    "dma200" : 1264.30,
    "volume" : 1811825.00
  }, {
    "date" : "2025-04-11",
    "price" : 1002.15,
    "dma50" : 1116.64,
    "dma100" : null,
    "dma200" : 1261.69,
    "volume" : 2203608.00
  }, {
    "date" : "2025-04-15",
    "price" : 1073.10,
    "dma50" : 1114.93,
    "dma100" : null,
    "dma200" : 1259.81,
    "volume" : 2605301.00
  }, {
    "date" : "2025-04-16",
    "price" : 1055.10,
    "dma50" : 1112.58,
    "dma100" : null,
    "dma200" : 1257.78,
    "volume" : 1236824.00
  }, {
    "date" : "2025-04-17",
    "price" : 1068.20,
    "dma50" : 1110.84,
    "dma100" : null,
    "dma200" : 1255.89,
    "volume" : 1247598.00
  }, {
    "date" : "2025-04-21",
    "price" : 1094.20,
    "dma50" : 1110.19,
    "dma100" : null,
    "dma200" : 1254.28,
    "volume" : 1333113.00
  }, {
    "date" : "2025-04-22",
    "price" : 1103.60,
    "dma50" : 1109.93,
    "dma100" : null,
    "dma200" : 1252.78,
    "volume" : 712370.00
  }, {
    "date" : "2025-04-23",
    "price" : 1135.50,
    "dma50" : 1110.93,
    "dma100" : null,
    "dma200" : 1251.61,
    "volume" : 1384429.00
  }, {
    "date" : "2025-04-24",
    "price" : 1106.50,
    "dma50" : 1110.76,
    "dma100" : null,
    "dma200" : 1250.17,
    "volume" : 2016001.00
  }, {
    "date" : "2025-04-25",
    "price" : 1088.50,
    "dma50" : 1109.89,
    "dma100" : null,
    "dma200" : 1248.56,
    "volume" : 1433942.00
  }, {
    "date" : "2025-04-28",
    "price" : 1117.10,
    "dma50" : 1110.17,
    "dma100" : null,
    "dma200" : 1247.25,
    "volume" : 1210226.00
  }, {
    "date" : "2025-04-29",
    "price" : 1134.00,
    "dma50" : 1111.10,
    "dma100" : null,
    "dma200" : 1246.13,
    "volume" : 2215518.00
  }, {
    "date" : "2025-04-30",
    "price" : 1104.20,
    "dma50" : 1110.83,
    "dma100" : null,
    "dma200" : 1244.72,
    "volume" : 1283676.00
  }, {
    "date" : "2025-05-02",
    "price" : 1107.00,
    "dma50" : 1110.68,
    "dma100" : null,
    "dma200" : 1243.34,
    "volume" : 765325.00
  }, {
    "date" : "2025-05-05",
    "price" : 1119.60,
    "dma50" : 1111.03,
    "dma100" : null,
    "dma200" : 1242.11,
    "volume" : 741547.00
  }, {
    "date" : "2025-05-06",
    "price" : 1087.30,
    "dma50" : 1110.10,
    "dma100" : null,
    "dma200" : 1240.57,
    "volume" : 1409471.00
  }, {
    "date" : "2025-05-07",
    "price" : 1140.90,
    "dma50" : 1111.31,
    "dma100" : null,
    "dma200" : 1239.58,
    "volume" : 1812933.00
  }, {
    "date" : "2025-05-08",
    "price" : 1113.40,
    "dma50" : 1111.39,
    "dma100" : null,
    "dma200" : 1238.33,
    "volume" : 2732479.00
  }, {
    "date" : "2025-05-09",
    "price" : 1165.60,
    "dma50" : 1113.52,
    "dma100" : null,
    "dma200" : 1237.60,
    "volume" : 5833924.00
  }, {
    "date" : "2025-05-12",
    "price" : 1199.20,
    "dma50" : 1116.88,
    "dma100" : null,
    "dma200" : 1237.22,
    "volume" : 2631773.00
  }, {
    "date" : "2025-05-13",
    "price" : 1203.90,
    "dma50" : 1120.29,
    "dma100" : null,
    "dma200" : 1236.89,
    "volume" : 3319054.00
  }, {
    "date" : "2025-05-14",
    "price" : 1246.20,
    "dma50" : 1125.23,
    "dma100" : null,
    "dma200" : 1236.98,
    "volume" : 3247455.00
  }, {
    "date" : "2025-05-15",
    "price" : 1245.70,
    "dma50" : 1129.95,
    "dma100" : null,
    "dma200" : 1237.07,
    "volume" : 1334352.00
  }, {
    "date" : "2025-05-16",
    "price" : 1263.00,
    "dma50" : 1135.17,
    "dma100" : null,
    "dma200" : 1237.33,
    "volume" : 1932664.00
  }, {
    "date" : "2025-05-19",
    "price" : 1257.30,
    "dma50" : 1139.96,
    "dma100" : null,
    "dma200" : 1237.52,
    "volume" : 1569945.00
  }, {
    "date" : "2025-05-20",
    "price" : 1227.40,
    "dma50" : 1143.39,
    "dma100" : null,
    "dma200" : 1237.42,
    "volume" : 839773.00
  }, {
    "date" : "2025-05-21",
    "price" : 1229.00,
    "dma50" : 1146.75,
    "dma100" : null,
    "dma200" : 1237.34,
    "volume" : 842150.00
  }, {
    "date" : "2025-05-22",
    "price" : 1239.60,
    "dma50" : 1150.39,
    "dma100" : null,
    "dma200" : 1237.36,
    "volume" : 1033070.00
  }, {
    "date" : "2025-05-23",
    "price" : 1245.10,
    "dma50" : 1154.10,
    "dma100" : null,
    "dma200" : 1237.44,
    "volume" : 740408.00
  }, {
    "date" : "2025-05-26",
    "price" : 1249.70,
    "dma50" : 1157.85,
    "dma100" : null,
    "dma200" : 1237.56,
    "volume" : 810470.00
  }, {
    "date" : "2025-05-27",
    "price" : 1250.40,
    "dma50" : 1161.48,
    "dma100" : null,
    "dma200" : 1237.69,
    "volume" : 1261878.00
  }, {
    "date" : "2025-05-28",
    "price" : 1249.20,
    "dma50" : 1164.92,
    "dma100" : null,
    "dma200" : 1237.80,
    "volume" : 1321407.00
  }, {
    "date" : "2025-05-29",
    "price" : 1255.90,
    "dma50" : 1168.49,
    "dma100" : null,
    "dma200" : 1237.98,
    "volume" : 1235675.00
  }, {
    "date" : "2025-05-30",
    "price" : 1240.90,
    "dma50" : 1171.33,
    "dma100" : null,
    "dma200" : 1238.01,
    "volume" : 1070564.00
  }, {
    "date" : "2025-06-02",
    "price" : 1256.90,
    "dma50" : 1174.68,
    "dma100" : null,
    "dma200" : 1238.20,
    "volume" : 1614420.00
  }, {
    "date" : "2025-06-03",
    "price" : 1270.40,
    "dma50" : 1178.44,
    "dma100" : null,
    "dma200" : 1238.52,
    "volume" : 1581144.00
  }, {
    "date" : "2025-06-04",
    "price" : 1270.70,
    "dma50" : 1182.05,
    "dma100" : null,
    "dma200" : 1238.84,
    "volume" : 2328653.00
  }, {
    "date" : "2025-06-05",
    "price" : 1269.60,
    "dma50" : 1185.49,
    "dma100" : null,
    "dma200" : 1239.15,
    "volume" : 1359338.00
  }, {
    "date" : "2025-06-06",
    "price" : 1296.40,
    "dma50" : 1189.84,
    "dma100" : null,
    "dma200" : 1239.72,
    "volume" : 1801531.00
  }, {
    "date" : "2025-06-09",
    "price" : 1344.60,
    "dma50" : 1195.91,
    "dma100" : null,
    "dma200" : 1240.76,
    "volume" : 2667801.00
  }, {
    "date" : "2025-06-10",
    "price" : 1338.70,
    "dma50" : 1201.51,
    "dma100" : null,
    "dma200" : 1241.74,
    "volume" : 1644725.00
  }, {
    "date" : "2025-06-11",
    "price" : 1333.60,
    "dma50" : 1206.69,
    "dma100" : null,
    "dma200" : 1242.65,
    "volume" : 802884.00
  }, {
    "date" : "2025-06-12",
    "price" : 1305.00,
    "dma50" : 1210.54,
    "dma100" : null,
    "dma200" : 1243.27,
    "volume" : 1205872.00
  }, {
    "date" : "2025-06-13",
    "price" : 1309.30,
    "dma50" : 1214.41,
    "dma100" : null,
    "dma200" : 1243.93,
    "volume" : 912687.00
  }, {
    "date" : "2025-06-16",
    "price" : 1321.60,
    "dma50" : 1218.62,
    "dma100" : null,
    "dma200" : 1244.70,
    "volume" : 770453.00
  }, {
    "date" : "2025-06-17",
    "price" : 1300.50,
    "dma50" : 1221.83,
    "dma100" : null,
    "dma200" : 1245.25,
    "volume" : 573701.00
  }, {
    "date" : "2025-06-18",
    "price" : 1297.80,
    "dma50" : 1224.81,
    "dma100" : null,
    "dma200" : 1245.78,
    "volume" : 1144616.00
  }, {
    "date" : "2025-06-19",
    "price" : 1277.00,
    "dma50" : 1226.86,
    "dma100" : null,
    "dma200" : 1246.09,
    "volume" : 570130.00
  }, {
    "date" : "2025-06-20",
    "price" : 1278.30,
    "dma50" : 1228.87,
    "dma100" : null,
    "dma200" : 1246.41,
    "volume" : 918646.00
  }, {
    "date" : "2025-06-23",
    "price" : 1295.80,
    "dma50" : 1231.50,
    "dma100" : null,
    "dma200" : 1246.90,
    "volume" : 2909423.00
  }, {
    "date" : "2025-06-24",
    "price" : 1295.30,
    "dma50" : 1234.00,
    "dma100" : null,
    "dma200" : 1247.38,
    "volume" : 1296360.00
  }, {
    "date" : "2025-06-25",
    "price" : 1275.10,
    "dma50" : 1235.61,
    "dma100" : null,
    "dma200" : 1247.66,
    "volume" : 922499.00
  }, {
    "date" : "2025-06-26",
    "price" : 1286.50,
    "dma50" : 1237.61,
    "dma100" : null,
    "dma200" : 1248.04,
    "volume" : 1011237.00
  }, {
    "date" : "2025-06-27",
    "price" : 1309.70,
    "dma50" : 1240.43,
    "dma100" : null,
    "dma200" : 1248.66,
    "volume" : 1461534.00
  }, {
    "date" : "2025-06-30",
    "price" : 1308.10,
    "dma50" : 1243.09,
    "dma100" : null,
    "dma200" : 1249.25,
    "volume" : 595128.00
  }, {
    "date" : "2025-07-01",
    "price" : 1284.20,
    "dma50" : 1244.70,
    "dma100" : null,
    "dma200" : 1249.60,
    "volume" : 1373333.00
  }, {
    "date" : "2025-07-02",
    "price" : 1311.40,
    "dma50" : 1247.32,
    "dma100" : null,
    "dma200" : 1250.21,
    "volume" : 1966517.00
  }, {
    "date" : "2025-07-03",
    "price" : 1298.70,
    "dma50" : 1249.33,
    "dma100" : null,
    "dma200" : 1250.69,
    "volume" : 1714623.00
  }, {
    "date" : "2025-07-04",
    "price" : 1314.50,
    "dma50" : 1251.89,
    "dma100" : null,
    "dma200" : 1251.33,
    "volume" : 1062337.00
  }, {
    "date" : "2025-07-07",
    "price" : 1306.20,
    "dma50" : 1254.02,
    "dma100" : null,
    "dma200" : 1251.88,
    "volume" : 442675.00
  }, {
    "date" : "2025-07-08",
    "price" : 1281.10,
    "dma50" : 1255.08,
    "dma100" : null,
    "dma200" : 1252.17,
    "volume" : 1058239.00
  }, {
    "date" : "2025-07-09",
    "price" : 1261.50,
    "dma50" : 1255.33,
    "dma100" : null,
    "dma200" : 1252.26,
    "volume" : 775249.00
  }, {
    "date" : "2025-07-10",
    "price" : 1234.80,
    "dma50" : 1254.52,
    "dma100" : null,
    "dma200" : 1252.09,
    "volume" : 1104580.00
  }, {
    "date" : "2025-07-11",
    "price" : 1214.80,
    "dma50" : 1252.97,
    "dma100" : null,
    "dma200" : 1251.71,
    "volume" : 937156.00
  }, {
    "date" : "2025-07-14",
    "price" : 1209.00,
    "dma50" : 1251.24,
    "dma100" : null,
    "dma200" : 1251.29,
    "volume" : 1032534.00
  }, {
    "date" : "2025-07-15",
    "price" : 1237.40,
    "dma50" : 1250.70,
    "dma100" : null,
    "dma200" : 1251.15,
    "volume" : 1133710.00
  }, {
    "date" : "2025-07-16",
    "price" : 1231.30,
    "dma50" : 1249.94,
    "dma100" : null,
    "dma200" : 1250.95,
    "volume" : 691153.00
  }, {
    "date" : "2025-07-17",
    "price" : 1224.80,
    "dma50" : 1248.95,
    "dma100" : 1178.97,
    "dma200" : 1250.69,
    "volume" : 853796.00
  }, {
    "date" : "2025-07-18",
    "price" : 1216.60,
    "dma50" : 1247.68,
    "dma100" : 1180.38,
    "dma200" : 1250.35,
    "volume" : 529023.00
  }, {
    "date" : "2025-07-21",
    "price" : 1220.80,
    "dma50" : 1246.63,
    "dma100" : 1181.77,
    "dma200" : 1250.06,
    "volume" : 431730.00
  }, {
    "date" : "2025-07-22",
    "price" : 1204.70,
    "dma50" : 1244.99,
    "dma100" : 1183.23,
    "dma200" : 1249.61,
    "volume" : 674667.00
  }, {
    "date" : "2025-07-23",
    "price" : 1223.70,
    "dma50" : 1244.15,
    "dma100" : 1185.05,
    "dma200" : 1249.35,
    "volume" : 534762.00
  }, {
    "date" : "2025-07-24",
    "price" : 1217.00,
    "dma50" : 1243.09,
    "dma100" : 1186.77,
    "dma200" : 1249.03,
    "volume" : 385082.00
  }, {
    "date" : "2025-07-25",
    "price" : 1204.00,
    "dma50" : 1241.55,
    "dma100" : 1188.43,
    "dma200" : 1248.58,
    "volume" : 1135317.00
  }, {
    "date" : "2025-07-28",
    "price" : 1188.50,
    "dma50" : 1239.47,
    "dma100" : 1190.15,
    "dma200" : 1247.98,
    "volume" : 446353.00
  }, {
    "date" : "2025-07-29",
    "price" : 1220.40,
    "dma50" : 1238.73,
    "dma100" : 1192.05,
    "dma200" : 1247.71,
    "volume" : 496430.00
  }, {
    "date" : "2025-07-30",
    "price" : 1188.60,
    "dma50" : 1236.76,
    "dma100" : 1193.71,
    "dma200" : 1247.12,
    "volume" : 1315350.00
  }, {
    "date" : "2025-07-31",
    "price" : 1169.10,
    "dma50" : 1234.11,
    "dma100" : 1194.83,
    "dma200" : 1246.34,
    "volume" : 1956915.00
  }, {
    "date" : "2025-08-01",
    "price" : 1146.10,
    "dma50" : 1230.65,
    "dma100" : 1195.42,
    "dma200" : 1245.35,
    "volume" : 597536.00
  }, {
    "date" : "2025-08-04",
    "price" : 1177.40,
    "dma50" : 1228.57,
    "dma100" : 1196.32,
    "dma200" : 1244.67,
    "volume" : 605814.00
  }, {
    "date" : "2025-08-05",
    "price" : 1160.50,
    "dma50" : 1225.90,
    "dma100" : 1197.23,
    "dma200" : 1243.83,
    "volume" : 408046.00
  }, {
    "date" : "2025-08-06",
    "price" : 1139.40,
    "dma50" : 1222.51,
    "dma100" : 1197.99,
    "dma200" : 1242.79,
    "volume" : 1431200.00
  }, {
    "date" : "2025-08-07",
    "price" : 1161.60,
    "dma50" : 1220.12,
    "dma100" : 1198.70,
    "dma200" : 1241.99,
    "volume" : 2605772.00
  }, {
    "date" : "2025-08-08",
    "price" : 1135.20,
    "dma50" : 1216.79,
    "dma100" : 1199.66,
    "dma200" : 1240.92,
    "volume" : 765653.00
  }, {
    "date" : "2025-08-11",
    "price" : 1165.90,
    "dma50" : 1214.79,
    "dma100" : 1200.55,
    "dma200" : 1240.18,
    "volume" : 662454.00
  }, {
    "date" : "2025-08-12",
    "price" : 1152.40,
    "dma50" : 1212.34,
    "dma100" : 1201.08,
    "dma200" : 1239.30,
    "volume" : 524911.00
  }, {
    "date" : "2025-08-13",
    "price" : 1181.50,
    "dma50" : 1211.13,
    "dma100" : 1201.53,
    "dma200" : 1238.73,
    "volume" : 443827.00
  }, {
    "date" : "2025-08-14",
    "price" : 1180.50,
    "dma50" : 1209.93,
    "dma100" : 1201.40,
    "dma200" : 1238.15,
    "volume" : 648357.00
  }, {
    "date" : "2025-08-18",
    "price" : 1184.50,
    "dma50" : 1208.94,
    "dma100" : 1201.43,
    "dma200" : 1237.62,
    "volume" : 356665.00
  }, {
    "date" : "2025-08-19",
    "price" : 1188.50,
    "dma50" : 1208.13,
    "dma100" : 1201.30,
    "dma200" : 1237.13,
    "volume" : 229302.00
  }, {
    "date" : "2025-08-20",
    "price" : 1158.90,
    "dma50" : 1206.20,
    "dma100" : 1201.03,
    "dma200" : 1236.35,
    "volume" : 612719.00
  }, {
    "date" : "2025-08-21",
    "price" : 1154.10,
    "dma50" : 1204.16,
    "dma100" : 1200.74,
    "dma200" : 1235.53,
    "volume" : 2577215.00
  }, {
    "date" : "2025-08-22",
    "price" : 1123.00,
    "dma50" : 1200.98,
    "dma100" : 1200.38,
    "dma200" : 1234.41,
    "volume" : 1904096.00
  }, {
    "date" : "2025-08-25",
    "price" : 1139.40,
    "dma50" : 1198.56,
    "dma100" : 1200.08,
    "dma200" : 1233.46,
    "volume" : 1870890.00
  }, {
    "date" : "2025-08-26",
    "price" : 1122.30,
    "dma50" : 1195.57,
    "dma100" : 1199.82,
    "dma200" : 1232.36,
    "volume" : 1223146.00
  }, {
    "date" : "2025-08-28",
    "price" : 1124.60,
    "dma50" : 1192.79,
    "dma100" : 1199.53,
    "dma200" : 1231.29,
    "volume" : 1126726.00
  }, {
    "date" : "2025-08-29",
    "price" : 1106.70,
    "dma50" : 1189.41,
    "dma100" : 1199.43,
    "dma200" : 1230.05,
    "volume" : 1435459.00
  }, {
    "date" : "2025-09-01",
    "price" : 1126.40,
    "dma50" : 1186.94,
    "dma100" : 1200.43,
    "dma200" : 1229.02,
    "volume" : 602215.00
  }, {
    "date" : "2025-09-02",
    "price" : 1134.60,
    "dma50" : 1184.89,
    "dma100" : 1202.26,
    "dma200" : 1228.08,
    "volume" : 635618.00
  }, {
    "date" : "2025-09-03",
    "price" : 1135.60,
    "dma50" : 1182.96,
    "dma100" : 1203.91,
    "dma200" : 1227.16,
    "volume" : 254263.00
  }, {
    "date" : "2025-09-04",
    "price" : 1131.40,
    "dma50" : 1180.93,
    "dma100" : 1205.53,
    "dma200" : 1226.20,
    "volume" : 708841.00
  }, {
    "date" : "2025-09-05",
    "price" : 1136.70,
    "dma50" : 1179.20,
    "dma100" : 1206.87,
    "dma200" : 1225.31,
    "volume" : 795357.00
  }, {
    "date" : "2025-09-08",
    "price" : 1202.80,
    "dma50" : 1180.13,
    "dma100" : 1208.17,
    "dma200" : 1225.09,
    "volume" : 4050192.00
  }, {
    "date" : "2025-09-09",
    "price" : 1181.70,
    "dma50" : 1180.19,
    "dma100" : 1209.44,
    "dma200" : 1224.66,
    "volume" : 784586.00
  }, {
    "date" : "2025-09-10",
    "price" : 1199.90,
    "dma50" : 1180.96,
    "dma100" : 1210.75,
    "dma200" : 1224.41,
    "volume" : 2537015.00
  }, {
    "date" : "2025-09-11",
    "price" : 1211.90,
    "dma50" : 1182.17,
    "dma100" : 1211.93,
    "dma200" : 1224.29,
    "volume" : 625909.00
  }, {
    "date" : "2025-09-12",
    "price" : 1223.00,
    "dma50" : 1183.77,
    "dma100" : 1213.13,
    "dma200" : 1224.27,
    "volume" : 1121288.00
  }, {
    "date" : "2025-09-15",
    "price" : 1237.20,
    "dma50" : 1185.87,
    "dma100" : 1214.14,
    "dma200" : 1224.40,
    "volume" : 1012411.00
  }, {
    "date" : "2025-09-16",
    "price" : 1263.20,
    "dma50" : 1188.90,
    "dma100" : 1215.71,
    "dma200" : 1224.79,
    "volume" : 1463512.00
  }, {
    "date" : "2025-09-17",
    "price" : 1268.60,
    "dma50" : 1192.03,
    "dma100" : 1217.51,
    "dma200" : 1225.22,
    "volume" : 1676258.00
  }, {
    "date" : "2025-09-18",
    "price" : 1268.60,
    "dma50" : 1195.03,
    "dma100" : 1219.03,
    "dma200" : 1225.66,
    "volume" : 641265.00
  }, {
    "date" : "2025-09-19",
    "price" : 1272.70,
    "dma50" : 1198.08,
    "dma100" : 1220.41,
    "dma200" : 1226.12,
    "volume" : 1031320.00
  }, {
    "date" : "2025-09-22",
    "price" : 1256.00,
    "dma50" : 1200.35,
    "dma100" : 1221.93,
    "dma200" : 1226.42,
    "volume" : 412599.00
  }, {
    "date" : "2025-09-23",
    "price" : 1251.00,
    "dma50" : 1202.33,
    "dma100" : 1223.37,
    "dma200" : 1226.67,
    "volume" : 1475956.00
  }, {
    "date" : "2025-09-24",
    "price" : 1209.00,
    "dma50" : 1202.60,
    "dma100" : 1224.26,
    "dma200" : 1226.49,
    "volume" : 946813.00
  }, {
    "date" : "2025-09-25",
    "price" : 1207.30,
    "dma50" : 1202.78,
    "dma100" : 1225.46,
    "dma200" : 1226.30,
    "volume" : 472891.00
  }, {
    "date" : "2025-09-26",
    "price" : 1181.10,
    "dma50" : 1201.93,
    "dma100" : 1225.87,
    "dma200" : 1225.85,
    "volume" : 730478.00
  }, {
    "date" : "2025-09-29",
    "price" : 1214.00,
    "dma50" : 1202.40,
    "dma100" : 1226.87,
    "dma200" : 1225.73,
    "volume" : 10053364.00
  }, {
    "date" : "2025-09-30",
    "price" : 1212.40,
    "dma50" : 1202.80,
    "dma100" : 1227.34,
    "dma200" : 1225.60,
    "volume" : 1273031.00
  }, {
    "date" : "2025-10-01",
    "price" : 1219.60,
    "dma50" : 1203.45,
    "dma100" : 1227.54,
    "dma200" : 1225.54,
    "volume" : 906259.00
  }, {
    "date" : "2025-10-03",
    "price" : 1220.20,
    "dma50" : 1204.11,
    "dma100" : 1227.71,
    "dma200" : 1225.49,
    "volume" : 967811.00
  }, {
    "date" : "2025-10-06",
    "price" : 1234.60,
    "dma50" : 1205.31,
    "dma100" : 1227.59,
    "dma200" : 1225.58,
    "volume" : 333789.00
  }, {
    "date" : "2025-10-07",
    "price" : 1216.80,
    "dma50" : 1205.76,
    "dma100" : 1227.30,
    "dma200" : 1225.49,
    "volume" : 714772.00
  }, {
    "date" : "2025-10-08",
    "price" : 1191.00,
    "dma50" : 1205.18,
    "dma100" : 1226.58,
    "dma200" : 1225.15,
    "volume" : 848381.00
  }, {
    "date" : "2025-10-09",
    "price" : 1209.30,
    "dma50" : 1205.34,
    "dma100" : 1226.10,
    "dma200" : 1224.99,
    "volume" : 485835.00
  }, {
    "date" : "2025-10-10",
    "price" : 1220.00,
    "dma50" : 1205.92,
    "dma100" : 1226.03,
    "dma200" : 1224.94,
    "volume" : 435241.00
  }, {
    "date" : "2025-10-13",
    "price" : 1226.20,
    "dma50" : 1206.71,
    "dma100" : 1226.00,
    "dma200" : 1224.95,
    "volume" : 309961.00
  }, {
    "date" : "2025-10-14",
    "price" : 1222.90,
    "dma50" : 1207.35,
    "dma100" : 1225.83,
    "dma200" : 1224.93,
    "volume" : 980748.00
  }, {
    "date" : "2025-10-15",
    "price" : 1232.60,
    "dma50" : 1208.34,
    "dma100" : 1225.71,
    "dma200" : 1225.01,
    "volume" : 383051.00
  }, {
    "date" : "2025-10-16",
    "price" : 1265.20,
    "dma50" : 1210.57,
    "dma100" : 1225.86,
    "dma200" : 1225.41,
    "volume" : 1763254.00
  }, {
    "date" : "2025-10-17",
    "price" : 1241.60,
    "dma50" : 1211.78,
    "dma100" : 1225.78,
    "dma200" : 1225.57,
    "volume" : 701073.00
  }, {
    "date" : "2025-10-20",
    "price" : 1247.70,
    "dma50" : 1213.19,
    "dma100" : 1225.76,
    "dma200" : 1225.79,
    "volume" : 611423.00
  }, {
    "date" : "2025-10-21",
    "price" : 1243.40,
    "dma50" : 1214.38,
    "dma100" : 1225.64,
    "dma200" : 1225.96,
    "volume" : 98115.00
  }, {
    "date" : "2025-10-23",
    "price" : 1300.10,
    "dma50" : 1217.74,
    "dma100" : 1226.23,
    "dma200" : 1226.70,
    "volume" : 3687504.00
  }, {
    "date" : "2025-10-24",
    "price" : 1283.90,
    "dma50" : 1220.33,
    "dma100" : 1226.50,
    "dma200" : 1227.27,
    "volume" : 914937.00
  }, {
    "date" : "2025-10-27",
    "price" : 1301.40,
    "dma50" : 1223.51,
    "dma100" : 1226.81,
    "dma200" : 1228.01,
    "volume" : 649401.00
  }, {
    "date" : "2025-10-28",
    "price" : 1308.10,
    "dma50" : 1226.83,
    "dma100" : 1227.18,
    "dma200" : 1228.80,
    "volume" : 1358787.00
  }, {
    "date" : "2025-10-29",
    "price" : 1322.20,
    "dma50" : 1230.57,
    "dma100" : 1227.71,
    "dma200" : 1229.73,
    "volume" : 713179.00
  }, {
    "date" : "2025-10-30",
    "price" : 1317.20,
    "dma50" : 1233.97,
    "dma100" : 1227.92,
    "dma200" : 1230.60,
    "volume" : 458314.00
  }, {
    "date" : "2025-10-31",
    "price" : 1324.70,
    "dma50" : 1237.52,
    "dma100" : 1227.72,
    "dma200" : 1231.54,
    "volume" : 1036478.00
  }, {
    "date" : "2025-11-03",
    "price" : 1340.70,
    "dma50" : 1241.57,
    "dma100" : 1227.74,
    "dma200" : 1232.63,
    "volume" : 819021.00
  }, {
    "date" : "2025-11-04",
    "price" : 1324.90,
    "dma50" : 1244.84,
    "dma100" : 1227.65,
    "dma200" : 1233.54,
    "volume" : 576953.00
  }, {
    "date" : "2025-11-06",
    "price" : 1319.70,
    "dma50" : 1247.77,
    "dma100" : 1227.80,
    "dma200" : 1234.40,
    "volume" : 1161834.00
  }, {
    "date" : "2025-11-07",
    "price" : 1317.10,
    "dma50" : 1250.49,
    "dma100" : 1227.87,
    "dma200" : 1235.22,
    "volume" : 468418.00
  }, {
    "date" : "2025-11-10",
    "price" : 1328.40,
    "dma50" : 1253.55,
    "dma100" : 1227.94,
    "dma200" : 1236.15,
    "volume" : 747106.00
  }, {
    "date" : "2025-11-11",
    "price" : 1402.10,
    "dma50" : 1259.37,
    "dma100" : 1228.96,
    "dma200" : 1237.80,
    "volume" : 4970299.00
  }, {
    "date" : "2025-11-12",
    "price" : 1389.20,
    "dma50" : 1264.46,
    "dma100" : 1229.87,
    "dma200" : 1239.31,
    "volume" : 1758451.00
  }, {
    "date" : "2025-11-13",
    "price" : 1388.80,
    "dma50" : 1269.34,
    "dma100" : 1230.99,
    "dma200" : 1240.80,
    "volume" : 1061103.00
  }, {
    "date" : "2025-11-14",
    "price" : 1396.70,
    "dma50" : 1274.33,
    "dma100" : 1232.17,
    "dma200" : 1242.35,
    "volume" : 1246103.00
  }, {
    "date" : "2025-11-17",
    "price" : 1383.70,
    "dma50" : 1278.62,
    "dma100" : 1233.05,
    "dma200" : 1243.75,
    "volume" : 1554074.00
  }, {
    "date" : "2025-11-18",
    "price" : 1396.60,
    "dma50" : 1283.25,
    "dma100" : 1234.07,
    "dma200" : 1245.28,
    "volume" : 1382371.00
  }, {
    "date" : "2025-11-19",
    "price" : 1446.20,
    "dma50" : 1289.64,
    "dma100" : 1235.78,
    "dma200" : 1247.28,
    "volume" : 2602228.00
  }, {
    "date" : "2025-11-20",
    "price" : 1435.40,
    "dma50" : 1295.36,
    "dma100" : 1237.27,
    "dma200" : 1249.15,
    "volume" : 953809.00
  }, {
    "date" : "2025-11-21",
    "price" : 1410.20,
    "dma50" : 1299.86,
    "dma100" : 1238.27,
    "dma200" : 1250.75,
    "volume" : 819988.00
  }, {
    "date" : "2025-11-24",
    "price" : 1412.20,
    "dma50" : 1304.27,
    "dma100" : 1239.31,
    "dma200" : 1252.36,
    "volume" : 3057317.00
  }, {
    "date" : "2025-11-25",
    "price" : 1409.70,
    "dma50" : 1308.40,
    "dma100" : 1240.57,
    "dma200" : 1253.92,
    "volume" : 687352.00
  }, {
    "date" : "2025-11-26",
    "price" : 1431.30,
    "dma50" : 1313.22,
    "dma100" : 1241.77,
    "dma200" : 1255.69,
    "volume" : 577898.00
  }, {
    "date" : "2025-11-27",
    "price" : 1433.40,
    "dma50" : 1317.93,
    "dma100" : 1243.11,
    "dma200" : 1257.45,
    "volume" : 661614.00
  }, {
    "date" : "2025-11-28",
    "price" : 1433.80,
    "dma50" : 1322.48,
    "dma100" : 1244.31,
    "dma200" : 1259.21,
    "volume" : 1160997.00
  }, {
    "date" : "2025-12-01",
    "price" : 1433.00,
    "dma50" : 1326.81,
    "dma100" : 1245.57,
    "dma200" : 1260.94,
    "volume" : 507759.00
  }, {
    "date" : "2025-12-02",
    "price" : 1421.40,
    "dma50" : 1330.52,
    "dma100" : 1246.98,
    "dma200" : 1262.54,
    "volume" : 1603223.00
  }, {
    "date" : "2025-12-03",
    "price" : 1406.70,
    "dma50" : 1333.51,
    "dma100" : 1248.43,
    "dma200" : 1263.97,
    "volume" : 1980531.00
  }, {
    "date" : "2025-12-04",
    "price" : 1394.30,
    "dma50" : 1335.89,
    "dma100" : 1250.02,
    "dma200" : 1265.27,
    "volume" : 823112.00
  }, {
    "date" : "2025-12-05",
    "price" : 1406.00,
    "dma50" : 1338.64,
    "dma100" : 1251.94,
    "dma200" : 1266.67,
    "volume" : 489182.00
  }, {
    "date" : "2025-12-08",
    "price" : 1373.60,
    "dma50" : 1340.01,
    "dma100" : 1253.58,
    "dma200" : 1267.73,
    "volume" : 672404.00
  }, {
    "date" : "2025-12-09",
    "price" : 1383.30,
    "dma50" : 1341.71,
    "dma100" : 1255.04,
    "dma200" : 1268.88,
    "volume" : 717679.00
  }, {
    "date" : "2025-12-10",
    "price" : 1383.80,
    "dma50" : 1343.36,
    "dma100" : 1256.57,
    "dma200" : 1270.02,
    "volume" : 575166.00
  }, {
    "date" : "2025-12-11",
    "price" : 1407.40,
    "dma50" : 1345.87,
    "dma100" : 1258.39,
    "dma200" : 1271.39,
    "volume" : 573061.00
  }, {
    "date" : "2025-12-12",
    "price" : 1426.60,
    "dma50" : 1349.04,
    "dma100" : 1260.49,
    "dma200" : 1272.94,
    "volume" : 527375.00
  }, {
    "date" : "2025-12-15",
    "price" : 1414.10,
    "dma50" : 1351.59,
    "dma100" : 1262.43,
    "dma200" : 1274.34,
    "volume" : 559171.00
  }, {
    "date" : "2025-12-16",
    "price" : 1417.40,
    "dma50" : 1354.17,
    "dma100" : 1264.55,
    "dma200" : 1275.76,
    "volume" : 431405.00
  }, {
    "date" : "2025-12-17",
    "price" : 1413.30,
    "dma50" : 1356.49,
    "dma100" : 1266.45,
    "dma200" : 1277.13,
    "volume" : 287755.00
  }, {
    "date" : "2025-12-18",
    "price" : 1407.50,
    "dma50" : 1358.49,
    "dma100" : 1268.35,
    "dma200" : 1278.43,
    "volume" : 450035.00
  }, {
    "date" : "2025-12-19",
    "price" : 1439.90,
    "dma50" : 1361.68,
    "dma100" : 1270.71,
    "dma200" : 1280.04,
    "volume" : 533945.00
  }, {
    "date" : "2025-12-22",
    "price" : 1456.20,
    "dma50" : 1365.39,
    "dma100" : 1273.39,
    "dma200" : 1281.79,
    "volume" : 638539.00
  }, {
    "date" : "2025-12-23",
    "price" : 1460.20,
    "dma50" : 1369.11,
    "dma100" : 1275.79,
    "dma200" : 1283.56,
    "volume" : 496404.00
  }, {
    "date" : "2025-12-24",
    "price" : 1450.50,
    "dma50" : 1372.30,
    "dma100" : 1278.41,
    "dma200" : 1285.23,
    "volume" : 428578.00
  }, {
    "date" : "2025-12-26",
    "price" : 1443.80,
    "dma50" : 1375.10,
    "dma100" : 1281.15,
    "dma200" : 1286.80,
    "volume" : 563623.00
  }, {
    "date" : "2025-12-29",
    "price" : 1445.70,
    "dma50" : 1377.87,
    "dma100" : 1284.15,
    "dma200" : 1288.38,
    "volume" : 606883.00
  }, {
    "date" : "2025-12-30",
    "price" : 1454.60,
    "dma50" : 1380.88,
    "dma100" : 1286.92,
    "dma200" : 1290.04,
    "volume" : 803426.00
  }, {
    "date" : "2025-12-31",
    "price" : 1470.40,
    "dma50" : 1384.39,
    "dma100" : 1290.02,
    "dma200" : 1291.83,
    "volume" : 2045685.00
  }, {
    "date" : "2026-01-01",
    "price" : 1464.40,
    "dma50" : 1387.53,
    "dma100" : 1293.27,
    "dma200" : 1293.55,
    "volume" : 386208.00
  }, {
    "date" : "2026-01-02",
    "price" : 1477.20,
    "dma50" : 1391.04,
    "dma100" : 1296.43,
    "dma200" : 1295.38,
    "volume" : 1051164.00
  }, {
    "date" : "2026-01-05",
    "price" : 1482.30,
    "dma50" : 1394.62,
    "dma100" : 1299.90,
    "dma200" : 1297.24,
    "volume" : 945938.00
  }, {
    "date" : "2026-01-06",
    "price" : 1474.70,
    "dma50" : 1397.76,
    "dma100" : 1302.99,
    "dma200" : 1299.00,
    "volume" : 858482.00
  }, {
    "date" : "2026-01-07",
    "price" : 1483.40,
    "dma50" : 1401.12,
    "dma100" : 1306.30,
    "dma200" : 1300.84,
    "volume" : 492433.00
  }, {
    "date" : "2026-01-08",
    "price" : 1454.10,
    "dma50" : 1403.20,
    "dma100" : 1309.02,
    "dma200" : 1302.36,
    "volume" : 1996832.00
  }, {
    "date" : "2026-01-09",
    "price" : 1444.50,
    "dma50" : 1404.82,
    "dma100" : 1311.66,
    "dma200" : 1303.78,
    "volume" : 786919.00
  }, {
    "date" : "2026-01-12",
    "price" : 1456.60,
    "dma50" : 1406.85,
    "dma100" : 1314.38,
    "dma200" : 1305.30,
    "volume" : 546613.00
  }, {
    "date" : "2026-01-13",
    "price" : 1460.30,
    "dma50" : 1408.95,
    "dma100" : 1317.10,
    "dma200" : 1306.84,
    "volume" : 490615.00
  }, {
    "date" : "2026-01-14",
    "price" : 1447.20,
    "dma50" : 1410.45,
    "dma100" : 1319.98,
    "dma200" : 1308.24,
    "volume" : 317769.00
  }, {
    "date" : "2026-01-16",
    "price" : 1457.40,
    "dma50" : 1412.29,
    "dma100" : 1323.02,
    "dma200" : 1309.72,
    "volume" : 531035.00
  }, {
    "date" : "2026-01-19",
    "price" : 1415.10,
    "dma50" : 1412.40,
    "dma100" : 1325.94,
    "dma200" : 1310.77,
    "volume" : 451943.00
  }, {
    "date" : "2026-01-20",
    "price" : 1394.10,
    "dma50" : 1411.68,
    "dma100" : 1328.48,
    "dma200" : 1311.60,
    "volume" : 647194.00
  }, {
    "date" : "2026-01-21",
    "price" : 1380.00,
    "dma50" : 1410.44,
    "dma100" : 1331.06,
    "dma200" : 1312.28,
    "volume" : 922901.00
  }, {
    "date" : "2026-01-22",
    "price" : 1431.50,
    "dma50" : 1411.26,
    "dma100" : 1334.13,
    "dma200" : 1313.47,
    "volume" : 701093.00
  }, {
    "date" : "2026-01-23",
    "price" : 1408.80,
    "dma50" : 1411.17,
    "dma100" : 1337.15,
    "dma200" : 1314.41,
    "volume" : 668531.00
  }, {
    "date" : "2026-01-27",
    "price" : 1418.50,
    "dma50" : 1411.45,
    "dma100" : 1340.07,
    "dma200" : 1315.45,
    "volume" : 675443.00
  }, {
    "date" : "2026-01-28",
    "price" : 1459.10,
    "dma50" : 1413.32,
    "dma100" : 1343.32,
    "dma200" : 1316.88,
    "volume" : 1470605.00
  }, {
    "date" : "2026-01-29",
    "price" : 1437.90,
    "dma50" : 1414.29,
    "dma100" : 1346.34,
    "dma200" : 1318.08,
    "volume" : 1018999.00
  }, {
    "date" : "2026-01-30",
    "price" : 1441.40,
    "dma50" : 1415.35,
    "dma100" : 1349.44,
    "dma200" : 1319.31,
    "volume" : 1070092.00
  }, {
    "date" : "2026-02-01",
    "price" : 1377.60,
    "dma50" : 1413.87,
    "dma100" : 1351.85,
    "dma200" : 1319.89,
    "volume" : 957642.00
  }, {
    "date" : "2026-02-02",
    "price" : 1443.70,
    "dma50" : 1415.04,
    "dma100" : 1354.26,
    "dma200" : 1321.12,
    "volume" : 650610.00
  }, {
    "date" : "2026-02-03",
    "price" : 1539.00,
    "dma50" : 1419.90,
    "dma100" : 1357.83,
    "dma200" : 1323.29,
    "volume" : 5989128.00
  }, {
    "date" : "2026-02-04",
    "price" : 1591.00,
    "dma50" : 1426.61,
    "dma100" : 1361.74,
    "dma200" : 1325.95,
    "volume" : 1554433.00
  }, {
    "date" : "2026-02-05",
    "price" : 1573.20,
    "dma50" : 1432.36,
    "dma100" : 1365.36,
    "dma200" : 1328.41,
    "volume" : 1888008.00
  }, {
    "date" : "2026-02-06",
    "price" : 1557.50,
    "dma50" : 1437.27,
    "dma100" : 1368.70,
    "dma200" : 1330.69,
    "volume" : 2001981.00
  }, {
    "date" : "2026-02-09",
    "price" : 1590.40,
    "dma50" : 1443.27,
    "dma100" : 1372.23,
    "dma200" : 1333.28,
    "volume" : 1157428.00
  }, {
    "date" : "2026-02-10",
    "price" : 1614.00,
    "dma50" : 1449.97,
    "dma100" : 1375.74,
    "dma200" : 1336.07,
    "volume" : 1097865.00
  }, {
    "date" : "2026-02-11",
    "price" : 1676.40,
    "dma50" : 1458.85,
    "dma100" : 1379.82,
    "dma200" : 1339.46,
    "volume" : 2784697.00
  }, {
    "date" : "2026-02-12",
    "price" : 1726.70,
    "dma50" : 1469.35,
    "dma100" : 1384.40,
    "dma200" : 1343.31,
    "volume" : 5414959.00
  }, {
    "date" : "2026-02-13",
    "price" : 1738.80,
    "dma50" : 1479.92,
    "dma100" : 1389.06,
    "dma200" : 1347.25,
    "volume" : 4744548.00
  }, {
    "date" : "2026-02-16",
    "price" : 1727.40,
    "dma50" : 1489.62,
    "dma100" : 1393.77,
    "dma200" : 1351.03,
    "volume" : 2565360.00
  }, {
    "date" : "2026-02-17",
    "price" : 1751.20,
    "dma50" : 1499.88,
    "dma100" : 1398.78,
    "dma200" : 1355.01,
    "volume" : 1795967.00
  } ],
  "latestTechnicalAttributes" : {
    "date" : "2026-02-17",
    "price" : 1751.20,
    "dma50" : 1499.88,
    "dma100" : 1398.78,
    "dma200" : 1355.01,
    "volume" : 1795967.00
  },
  "quarterlyResults" : [ {
    "date" : "2005-03-31",
    "sales" : 361.27,
    "salesGrowthYoY" : null,
    "grossProfitMargin" : 54.24,
    "grossProfit" : 195.95,
    "operatingProfitMargin" : 24.69,
    "operatingProfit" : 89.20,
    "netProfitMargin" : 13.39,
    "netProfit" : 48.37
  }, {
    "date" : "2005-06-30",
    "sales" : 363.51,
    "salesGrowthYoY" : null,
    "grossProfitMargin" : 54.92,
    "grossProfit" : 199.64,
    "operatingProfitMargin" : 24.35,
    "operatingProfit" : 88.51,
    "netProfitMargin" : 13.45,
    "netProfit" : 48.89
  }, {
    "date" : "2005-09-30",
    "sales" : 376.61,
    "salesGrowthYoY" : null,
    "grossProfitMargin" : 55.17,
    "grossProfit" : 207.78,
    "operatingProfitMargin" : 25.79,
    "operatingProfit" : 97.13,
    "netProfitMargin" : 13.75,
    "netProfit" : 51.78
  }, {
    "date" : "2005-12-31",
    "sales" : 399.40,
    "salesGrowthYoY" : null,
    "grossProfitMargin" : 55.52,
    "grossProfit" : 221.75,
    "operatingProfitMargin" : 24.70,
    "operatingProfit" : 98.65,
    "netProfitMargin" : 13.34,
    "netProfit" : 53.28
  }, {
    "date" : "2006-03-31",
    "sales" : 438.41,
    "salesGrowthYoY" : 21.35,
    "grossProfitMargin" : 49.73,
    "grossProfit" : 218.02,
    "operatingProfitMargin" : 24.04,
    "operatingProfit" : 105.39,
    "netProfitMargin" : 12.09,
    "netProfit" : 53.00
  }, {
    "date" : "2006-06-30",
    "sales" : 420.57,
    "salesGrowthYoY" : 15.70,
    "grossProfitMargin" : 55.44,
    "grossProfit" : 233.16,
    "operatingProfitMargin" : 24.19,
    "operatingProfit" : 101.74,
    "netProfitMargin" : 13.31,
    "netProfit" : 55.98
  }, {
    "date" : "2006-09-30",
    "sales" : 450.68,
    "salesGrowthYoY" : 19.67,
    "grossProfitMargin" : 56.70,
    "grossProfit" : 255.54,
    "operatingProfitMargin" : 26.10,
    "operatingProfit" : 117.63,
    "netProfitMargin" : 13.80,
    "netProfit" : 62.19
  }, {
    "date" : "2006-12-31",
    "sales" : 477.12,
    "salesGrowthYoY" : 19.46,
    "grossProfitMargin" : 54.26,
    "grossProfit" : 258.89,
    "operatingProfitMargin" : 25.97,
    "operatingProfit" : 123.91,
    "netProfitMargin" : 13.20,
    "netProfit" : 62.98
  }, {
    "date" : "2007-03-31",
    "sales" : 516.05,
    "salesGrowthYoY" : 17.71,
    "grossProfitMargin" : 53.46,
    "grossProfit" : 275.88,
    "operatingProfitMargin" : 24.17,
    "operatingProfit" : 124.73,
    "netProfitMargin" : 12.46,
    "netProfit" : 64.30
  }, {
    "date" : "2007-06-30",
    "sales" : 496.87,
    "salesGrowthYoY" : 18.14,
    "grossProfitMargin" : 53.73,
    "grossProfit" : 266.97,
    "operatingProfitMargin" : 20.37,
    "operatingProfit" : 101.21,
    "netProfitMargin" : 8.62,
    "netProfit" : 42.83
  }, {
    "date" : "2007-09-30",
    "sales" : 548.10,
    "salesGrowthYoY" : 21.62,
    "grossProfitMargin" : 53.51,
    "grossProfit" : 293.29,
    "operatingProfitMargin" : 24.46,
    "operatingProfit" : 134.07,
    "netProfitMargin" : 11.03,
    "netProfit" : 60.46
  }, {
    "date" : "2007-12-31",
    "sales" : 538.66,
    "salesGrowthYoY" : 12.90,
    "grossProfitMargin" : 54.11,
    "grossProfit" : 291.47,
    "operatingProfitMargin" : 22.45,
    "operatingProfit" : 120.93,
    "netProfitMargin" : 11.09,
    "netProfit" : 59.74
  }, {
    "date" : "2008-03-31",
    "sales" : 579.67,
    "salesGrowthYoY" : 12.33,
    "grossProfitMargin" : 55.25,
    "grossProfit" : 320.27,
    "operatingProfitMargin" : 24.78,
    "operatingProfit" : 143.64,
    "netProfitMargin" : 12.41,
    "netProfit" : 71.94
  }, {
    "date" : "2008-06-30",
    "sales" : 637.36,
    "salesGrowthYoY" : 28.28,
    "grossProfitMargin" : 53.51,
    "grossProfit" : 341.05,
    "operatingProfitMargin" : 24.47,
    "operatingProfit" : 155.96,
    "netProfitMargin" : 12.71,
    "netProfit" : 81.01
  }, {
    "date" : "2008-09-30",
    "sales" : 675.56,
    "salesGrowthYoY" : 23.25,
    "grossProfitMargin" : 52.48,
    "grossProfit" : 354.53,
    "operatingProfitMargin" : 23.35,
    "operatingProfit" : 157.74,
    "netProfitMargin" : 13.62,
    "netProfit" : 92.01
  }, {
    "date" : "2008-12-31",
    "sales" : 453.05,
    "salesGrowthYoY" : -15.89,
    "grossProfitMargin" : 53.06,
    "grossProfit" : 240.39,
    "operatingProfitMargin" : 19.55,
    "operatingProfit" : 88.57,
    "netProfitMargin" : 7.19,
    "netProfit" : 32.57
  }, {
    "date" : "2009-03-31",
    "sales" : 292.62,
    "salesGrowthYoY" : -49.52,
    "grossProfitMargin" : 48.57,
    "grossProfit" : 142.13,
    "operatingProfitMargin" : 14.98,
    "operatingProfit" : 43.83,
    "netProfitMargin" : -0.83,
    "netProfit" : -2.43
  }, {
    "date" : "2009-06-30",
    "sales" : 358.64,
    "salesGrowthYoY" : -43.73,
    "grossProfitMargin" : 54.65,
    "grossProfit" : 196.00,
    "operatingProfitMargin" : 20.88,
    "operatingProfit" : 74.88,
    "netProfitMargin" : 4.27,
    "netProfit" : 15.31
  }, {
    "date" : "2009-09-30",
    "sales" : 426.55,
    "salesGrowthYoY" : -36.86,
    "grossProfitMargin" : 55.80,
    "grossProfit" : 238.01,
    "operatingProfitMargin" : 23.77,
    "operatingProfit" : 101.39,
    "netProfitMargin" : 6.76,
    "netProfit" : 28.83
  }, {
    "date" : "2009-12-31",
    "sales" : 507.58,
    "salesGrowthYoY" : 12.04,
    "grossProfitMargin" : 55.62,
    "grossProfit" : 282.32,
    "operatingProfitMargin" : 23.42,
    "operatingProfit" : 118.88,
    "netProfitMargin" : 7.86,
    "netProfit" : 39.90
  }, {
    "date" : "2010-03-31",
    "sales" : 563.63,
    "salesGrowthYoY" : 92.61,
    "grossProfitMargin" : 56.35,
    "grossProfit" : 317.61,
    "operatingProfitMargin" : 25.17,
    "operatingProfit" : 141.87,
    "netProfitMargin" : 10.96,
    "netProfit" : 61.77
  }, {
    "date" : "2010-06-30",
    "sales" : 630.09,
    "salesGrowthYoY" : 75.69,
    "grossProfitMargin" : 55.47,
    "grossProfit" : 349.51,
    "operatingProfitMargin" : 24.52,
    "operatingProfit" : 154.50,
    "netProfitMargin" : 9.43,
    "netProfit" : 59.42
  }, {
    "date" : "2010-09-30",
    "sales" : 718.68,
    "salesGrowthYoY" : 68.49,
    "grossProfitMargin" : 53.98,
    "grossProfit" : 387.94,
    "operatingProfitMargin" : 24.23,
    "operatingProfit" : 174.14,
    "netProfitMargin" : 9.48,
    "netProfit" : 68.13
  }, {
    "date" : "2010-12-31",
    "sales" : 776.96,
    "salesGrowthYoY" : 53.07,
    "grossProfitMargin" : 54.47,
    "grossProfit" : 423.21,
    "operatingProfitMargin" : 24.27,
    "operatingProfit" : 188.57,
    "netProfitMargin" : 10.63,
    "netProfit" : 82.59
  }, {
    "date" : "2011-03-31",
    "sales" : 821.27,
    "salesGrowthYoY" : 45.71,
    "grossProfitMargin" : 55.52,
    "grossProfit" : 455.97,
    "operatingProfitMargin" : 24.03,
    "operatingProfit" : 197.35,
    "netProfitMargin" : 12.26,
    "netProfit" : 100.69
  }, {
    "date" : "2011-06-30",
    "sales" : 857.67,
    "salesGrowthYoY" : 36.12,
    "grossProfitMargin" : 55.10,
    "grossProfit" : 472.58,
    "operatingProfitMargin" : 24.27,
    "operatingProfit" : 208.16,
    "netProfitMargin" : 11.36,
    "netProfit" : 97.43
  }, {
    "date" : "2011-09-30",
    "sales" : 909.99,
    "salesGrowthYoY" : 26.62,
    "grossProfitMargin" : 54.77,
    "grossProfit" : 498.40,
    "operatingProfitMargin" : 24.02,
    "operatingProfit" : 218.58,
    "netProfitMargin" : 11.69,
    "netProfit" : 106.38
  }, {
    "date" : "2011-12-31",
    "sales" : 941.17,
    "salesGrowthYoY" : 21.13,
    "grossProfitMargin" : 56.18,
    "grossProfit" : 528.75,
    "operatingProfitMargin" : 25.41,
    "operatingProfit" : 239.15,
    "netProfitMargin" : 10.96,
    "netProfit" : 103.15
  }, {
    "date" : "2012-03-31",
    "sales" : 977.15,
    "salesGrowthYoY" : 18.98,
    "grossProfitMargin" : 56.57,
    "grossProfit" : 552.77,
    "operatingProfitMargin" : 25.57,
    "operatingProfit" : 249.86,
    "netProfitMargin" : 9.35,
    "netProfit" : 91.36
  }, {
    "date" : "2012-06-30",
    "sales" : 936.39,
    "salesGrowthYoY" : 9.18,
    "grossProfitMargin" : 56.79,
    "grossProfit" : 531.78,
    "operatingProfitMargin" : 24.71,
    "operatingProfit" : 231.38,
    "netProfitMargin" : 11.24,
    "netProfit" : 105.25
  }, {
    "date" : "2012-09-30",
    "sales" : 867.59,
    "salesGrowthYoY" : -4.66,
    "grossProfitMargin" : 56.40,
    "grossProfit" : 489.32,
    "operatingProfitMargin" : 23.06,
    "operatingProfit" : 200.07,
    "netProfitMargin" : 10.99,
    "netProfit" : 95.35
  }, {
    "date" : "2012-12-31",
    "sales" : 672.57,
    "salesGrowthYoY" : -28.54,
    "grossProfitMargin" : 56.81,
    "grossProfit" : 382.09,
    "operatingProfitMargin" : 21.17,
    "operatingProfit" : 142.38,
    "netProfitMargin" : 7.07,
    "netProfit" : 47.55
  }, {
    "date" : "2013-03-31",
    "sales" : 674.68,
    "salesGrowthYoY" : -30.95,
    "grossProfitMargin" : 57.93,
    "grossProfit" : 390.84,
    "operatingProfitMargin" : 21.02,
    "operatingProfit" : 141.82,
    "netProfitMargin" : 7.42,
    "netProfit" : 50.06
  }, {
    "date" : "2013-06-30",
    "sales" : 791.56,
    "salesGrowthYoY" : -15.47,
    "grossProfitMargin" : 58.92,
    "grossProfit" : 466.39,
    "operatingProfitMargin" : 24.77,
    "operatingProfit" : 196.07,
    "netProfitMargin" : 11.45,
    "netProfit" : 90.63
  }, {
    "date" : "2013-09-30",
    "sales" : 845.11,
    "salesGrowthYoY" : -2.59,
    "grossProfitMargin" : 59.33,
    "grossProfit" : 501.40,
    "operatingProfitMargin" : 26.36,
    "operatingProfit" : 222.77,
    "netProfitMargin" : 11.40,
    "netProfit" : 96.34
  }, {
    "date" : "2013-12-31",
    "sales" : 832.08,
    "salesGrowthYoY" : 23.72,
    "grossProfitMargin" : 61.59,
    "grossProfit" : 512.48,
    "operatingProfitMargin" : 25.78,
    "operatingProfit" : 214.51,
    "netProfitMargin" : 11.29,
    "netProfit" : 93.94
  }, {
    "date" : "2014-03-31",
    "sales" : 930.52,
    "salesGrowthYoY" : 37.92,
    "grossProfitMargin" : 58.59,
    "grossProfit" : 545.19,
    "operatingProfitMargin" : 24.75,
    "operatingProfit" : 230.30,
    "netProfitMargin" : 11.91,
    "netProfit" : 110.82
  }, {
    "date" : "2014-06-30",
    "sales" : 988.13,
    "salesGrowthYoY" : 24.83,
    "grossProfitMargin" : 63.66,
    "grossProfit" : 629.04,
    "operatingProfitMargin" : 28.67,
    "operatingProfit" : 283.30,
    "netProfitMargin" : 14.67,
    "netProfit" : 144.96
  }, {
    "date" : "2014-09-30",
    "sales" : 1138.27,
    "salesGrowthYoY" : 34.69,
    "grossProfitMargin" : 59.90,
    "grossProfit" : 681.82,
    "operatingProfitMargin" : 28.53,
    "operatingProfit" : 324.75,
    "netProfitMargin" : 15.58,
    "netProfit" : 177.34
  }, {
    "date" : "2014-12-31",
    "sales" : 1197.76,
    "salesGrowthYoY" : 43.95,
    "grossProfitMargin" : 62.72,
    "grossProfit" : 751.24,
    "operatingProfitMargin" : 30.24,
    "operatingProfit" : 362.20,
    "netProfitMargin" : 16.39,
    "netProfit" : 196.31
  }, {
    "date" : "2015-03-31",
    "sales" : 1223.89,
    "salesGrowthYoY" : 31.53,
    "grossProfitMargin" : 60.96,
    "grossProfit" : 746.08,
    "operatingProfitMargin" : 29.39,
    "operatingProfit" : 359.70,
    "netProfitMargin" : 16.58,
    "netProfit" : 202.92
  }, {
    "date" : "2015-06-30",
    "sales" : 1138.83,
    "salesGrowthYoY" : 15.25,
    "grossProfitMargin" : 65.90,
    "grossProfit" : 750.49,
    "operatingProfitMargin" : 31.31,
    "operatingProfit" : 356.57,
    "netProfitMargin" : 17.21,
    "netProfit" : 195.99
  }, {
    "date" : "2015-09-30",
    "sales" : 1123.88,
    "salesGrowthYoY" : -1.26,
    "grossProfitMargin" : 63.97,
    "grossProfit" : 718.95,
    "operatingProfitMargin" : 28.51,
    "operatingProfit" : 320.42,
    "netProfitMargin" : 15.33,
    "netProfit" : 172.29
  }, {
    "date" : "2015-12-31",
    "sales" : 1059.79,
    "salesGrowthYoY" : -11.52,
    "grossProfitMargin" : 67.10,
    "grossProfit" : 711.12,
    "operatingProfitMargin" : 30.98,
    "operatingProfit" : 328.32,
    "netProfitMargin" : 15.72,
    "netProfit" : 166.60
  }, {
    "date" : "2016-03-31",
    "sales" : 1011.31,
    "salesGrowthYoY" : -17.37,
    "grossProfitMargin" : 65.01,
    "grossProfit" : 657.45,
    "operatingProfitMargin" : 30.16,
    "operatingProfit" : 305.01,
    "netProfitMargin" : 16.37,
    "netProfit" : 165.55
  }, {
    "date" : "2016-06-30",
    "sales" : 904.42,
    "salesGrowthYoY" : -20.58,
    "grossProfitMargin" : 65.64,
    "grossProfit" : 593.66,
    "operatingProfitMargin" : 27.02,
    "operatingProfit" : 244.37,
    "netProfitMargin" : 13.50,
    "netProfit" : 122.10
  }, {
    "date" : "2016-09-30",
    "sales" : 890.89,
    "salesGrowthYoY" : -20.73,
    "grossProfitMargin" : 65.56,
    "grossProfit" : 584.07,
    "operatingProfitMargin" : 27.80,
    "operatingProfit" : 247.67,
    "netProfitMargin" : 14.24,
    "netProfit" : 126.86
  }, {
    "date" : "2016-12-31",
    "sales" : 943.70,
    "salesGrowthYoY" : -10.95,
    "grossProfitMargin" : 67.40,
    "grossProfit" : 636.05,
    "operatingProfitMargin" : 27.61,
    "operatingProfit" : 260.56,
    "netProfitMargin" : 13.63,
    "netProfit" : 128.63
  }, {
    "date" : "2017-03-31",
    "sales" : 1125.66,
    "salesGrowthYoY" : 11.31,
    "grossProfitMargin" : 64.88,
    "grossProfit" : 730.33,
    "operatingProfitMargin" : 28.42,
    "operatingProfit" : 319.91,
    "netProfitMargin" : 16.02,
    "netProfit" : 180.33
  }, {
    "date" : "2017-06-30",
    "sales" : 1200.79,
    "salesGrowthYoY" : 32.77,
    "grossProfitMargin" : 64.96,
    "grossProfit" : 780.03,
    "operatingProfitMargin" : 27.76,
    "operatingProfit" : 333.34,
    "netProfitMargin" : 14.58,
    "netProfit" : 175.08
  }, {
    "date" : "2017-09-30",
    "sales" : 1258.01,
    "salesGrowthYoY" : 41.21,
    "grossProfitMargin" : 64.95,
    "grossProfit" : 817.08,
    "operatingProfitMargin" : 29.37,
    "operatingProfit" : 369.48,
    "netProfitMargin" : 16.19,
    "netProfit" : 203.67
  }, {
    "date" : "2017-12-31",
    "sales" : 1390.55,
    "salesGrowthYoY" : 47.35,
    "grossProfitMargin" : 64.36,
    "grossProfit" : 894.96,
    "operatingProfitMargin" : 29.94,
    "operatingProfit" : 416.33,
    "netProfitMargin" : 16.41,
    "netProfit" : 228.19
  }, {
    "date" : "2018-03-31",
    "sales" : 1466.61,
    "salesGrowthYoY" : 30.29,
    "grossProfitMargin" : 63.88,
    "grossProfit" : 936.87,
    "operatingProfitMargin" : 28.48,
    "operatingProfit" : 417.69,
    "netProfitMargin" : 11.02,
    "netProfit" : 161.62
  }, {
    "date" : "2018-06-30",
    "sales" : 1479.66,
    "salesGrowthYoY" : 23.22,
    "grossProfitMargin" : 63.87,
    "grossProfit" : 945.06,
    "operatingProfitMargin" : 28.97,
    "operatingProfit" : 428.66,
    "netProfitMargin" : 15.85,
    "netProfit" : 234.53
  }, {
    "date" : "2018-09-30",
    "sales" : 1679.21,
    "salesGrowthYoY" : 33.48,
    "grossProfitMargin" : 60.93,
    "grossProfit" : 1023.14,
    "operatingProfitMargin" : 25.87,
    "operatingProfit" : 434.41,
    "netProfitMargin" : 13.55,
    "netProfit" : 227.53
  }, {
    "date" : "2018-12-31",
    "sales" : 1692.52,
    "salesGrowthYoY" : 21.72,
    "grossProfitMargin" : 63.17,
    "grossProfit" : 1069.16,
    "operatingProfitMargin" : 31.07,
    "operatingProfit" : 525.87,
    "netProfitMargin" : 18.31,
    "netProfit" : 309.90
  }, {
    "date" : "2019-03-31",
    "sales" : 1668.60,
    "salesGrowthYoY" : 13.77,
    "grossProfitMargin" : 62.75,
    "grossProfit" : 1047.05,
    "operatingProfitMargin" : 31.00,
    "operatingProfit" : 517.27,
    "netProfitMargin" : 17.95,
    "netProfit" : 299.51
  }, {
    "date" : "2019-06-30",
    "sales" : 1346.57,
    "salesGrowthYoY" : -8.99,
    "grossProfitMargin" : 63.00,
    "grossProfit" : 848.34,
    "operatingProfitMargin" : 25.96,
    "operatingProfit" : 349.57,
    "netProfitMargin" : 12.93,
    "netProfit" : 174.11
  }, {
    "date" : "2019-09-30",
    "sales" : 1259.45,
    "salesGrowthYoY" : -25.00,
    "grossProfitMargin" : 59.85,
    "grossProfit" : 753.78,
    "operatingProfitMargin" : 25.42,
    "operatingProfit" : 320.15,
    "netProfitMargin" : 19.44,
    "netProfit" : 244.84
  }, {
    "date" : "2019-12-31",
    "sales" : 1076.68,
    "salesGrowthYoY" : -36.39,
    "grossProfitMargin" : 60.98,
    "grossProfit" : 656.56,
    "operatingProfitMargin" : 21.88,
    "operatingProfit" : 235.58,
    "netProfitMargin" : 11.87,
    "netProfit" : 127.80
  }, {
    "date" : "2020-03-31",
    "sales" : 881.18,
    "salesGrowthYoY" : -47.19,
    "grossProfitMargin" : 63.13,
    "grossProfit" : 556.29,
    "operatingProfitMargin" : 12.52,
    "operatingProfit" : 110.32,
    "netProfitMargin" : 1.80,
    "netProfit" : 15.86
  }, {
    "date" : "2020-06-30",
    "sales" : 426.97,
    "salesGrowthYoY" : -68.29,
    "grossProfitMargin" : 56.80,
    "grossProfit" : 242.52,
    "operatingProfitMargin" : -0.66,
    "operatingProfit" : -2.82,
    "netProfitMargin" : -13.19,
    "netProfit" : -56.32
  }, {
    "date" : "2020-09-30",
    "sales" : 881.46,
    "salesGrowthYoY" : -30.01,
    "grossProfitMargin" : 63.65,
    "grossProfit" : 561.05,
    "operatingProfitMargin" : 17.76,
    "operatingProfit" : 156.55,
    "netProfitMargin" : 8.23,
    "netProfit" : 72.54
  }, {
    "date" : "2020-12-31",
    "sales" : 1035.73,
    "salesGrowthYoY" : -3.80,
    "grossProfitMargin" : 63.02,
    "grossProfit" : 652.72,
    "operatingProfitMargin" : 20.74,
    "operatingProfit" : 214.81,
    "netProfitMargin" : 9.35,
    "netProfit" : 96.84
  }, {
    "date" : "2021-03-31",
    "sales" : 1307.35,
    "salesGrowthYoY" : 48.36,
    "grossProfitMargin" : 59.72,
    "grossProfit" : 780.75,
    "operatingProfitMargin" : 27.47,
    "operatingProfit" : 359.13,
    "netProfitMargin" : 15.76,
    "netProfit" : 206.04
  }, {
    "date" : "2021-06-30",
    "sales" : 1371.85,
    "salesGrowthYoY" : 221.30,
    "grossProfitMargin" : 62.02,
    "grossProfit" : 850.82,
    "operatingProfitMargin" : 28.53,
    "operatingProfit" : 391.39,
    "netProfitMargin" : 15.45,
    "netProfit" : 211.95
  }, {
    "date" : "2021-09-30",
    "sales" : 1606.59,
    "salesGrowthYoY" : 82.26,
    "grossProfitMargin" : 60.27,
    "grossProfit" : 968.29,
    "operatingProfitMargin" : 30.21,
    "operatingProfit" : 485.35,
    "netProfitMargin" : 19.41,
    "netProfit" : 311.84
  }, {
    "date" : "2021-12-31",
    "sales" : 1602.10,
    "salesGrowthYoY" : 54.68,
    "grossProfitMargin" : 58.30,
    "grossProfit" : 934.02,
    "operatingProfitMargin" : 25.46,
    "operatingProfit" : 407.89,
    "netProfitMargin" : 16.40,
    "netProfit" : 262.74
  }, {
    "date" : "2022-03-31",
    "sales" : 1674.08,
    "salesGrowthYoY" : 28.05,
    "grossProfitMargin" : 56.69,
    "grossProfit" : 949.04,
    "operatingProfitMargin" : 25.76,
    "operatingProfit" : 431.24,
    "netProfitMargin" : 15.76,
    "netProfit" : 263.84
  }, {
    "date" : "2022-06-30",
    "sales" : 1759.39,
    "salesGrowthYoY" : 28.25,
    "grossProfitMargin" : 58.67,
    "grossProfit" : 1032.23,
    "operatingProfitMargin" : 24.73,
    "operatingProfit" : 435.10,
    "netProfitMargin" : 13.98,
    "netProfit" : 245.96
  }, {
    "date" : "2022-09-30",
    "sales" : 1863.94,
    "salesGrowthYoY" : 16.02,
    "grossProfitMargin" : 55.57,
    "grossProfit" : 1035.79,
    "operatingProfitMargin" : 24.30,
    "operatingProfit" : 452.94,
    "netProfitMargin" : 14.41,
    "netProfit" : 268.59
  }, {
    "date" : "2022-12-31",
    "sales" : 1952.10,
    "salesGrowthYoY" : 21.85,
    "grossProfitMargin" : 55.94,
    "grossProfit" : 1092.00,
    "operatingProfitMargin" : 27.41,
    "operatingProfit" : 535.07,
    "netProfitMargin" : 14.65,
    "netProfit" : 285.98
  }, {
    "date" : "2023-03-31",
    "sales" : 1997.28,
    "salesGrowthYoY" : 19.31,
    "grossProfitMargin" : 56.55,
    "grossProfit" : 1129.46,
    "operatingProfitMargin" : 24.43,
    "operatingProfit" : 487.94,
    "netProfitMargin" : 13.69,
    "netProfit" : 273.43
  }, {
    "date" : "2023-06-30",
    "sales" : 2127.29,
    "salesGrowthYoY" : 20.91,
    "grossProfitMargin" : 55.72,
    "grossProfit" : 1185.33,
    "operatingProfitMargin" : 25.79,
    "operatingProfit" : 548.63,
    "netProfitMargin" : 14.64,
    "netProfit" : 311.44
  }, {
    "date" : "2023-09-30",
    "sales" : 2249.39,
    "salesGrowthYoY" : 20.68,
    "grossProfitMargin" : 56.68,
    "grossProfit" : 1274.95,
    "operatingProfitMargin" : 26.98,
    "operatingProfit" : 606.89,
    "netProfitMargin" : 15.45,
    "netProfit" : 347.53
  }, {
    "date" : "2023-12-31",
    "sales" : 2263.38,
    "salesGrowthYoY" : 15.95,
    "grossProfitMargin" : 58.07,
    "grossProfit" : 1314.34,
    "operatingProfitMargin" : 29.30,
    "operatingProfit" : 663.17,
    "netProfitMargin" : 16.69,
    "netProfit" : 377.76
  }, {
    "date" : "2024-03-31",
    "sales" : 2328.59,
    "salesGrowthYoY" : 16.59,
    "grossProfitMargin" : 58.57,
    "grossProfit" : 1363.86,
    "operatingProfitMargin" : 28.31,
    "operatingProfit" : 659.22,
    "netProfitMargin" : 17.16,
    "netProfit" : 399.59
  }, {
    "date" : "2024-06-30",
    "sales" : 2338.10,
    "salesGrowthYoY" : 9.91,
    "grossProfitMargin" : 58.18,
    "grossProfit" : 1360.31,
    "operatingProfitMargin" : 27.86,
    "operatingProfit" : 651.39,
    "netProfitMargin" : 15.97,
    "netProfit" : 373.39
  }, {
    "date" : "2024-09-30",
    "sales" : 2246.67,
    "salesGrowthYoY" : -0.12,
    "grossProfitMargin" : 59.20,
    "grossProfit" : 1330.03,
    "operatingProfitMargin" : 27.84,
    "operatingProfit" : 625.47,
    "netProfitMargin" : 15.65,
    "netProfit" : 351.60
  }, {
    "date" : "2024-12-31",
    "sales" : 2095.94,
    "salesGrowthYoY" : -7.40,
    "grossProfitMargin" : 59.92,
    "grossProfit" : 1255.89,
    "operatingProfitMargin" : 29.10,
    "operatingProfit" : 609.92,
    "netProfitMargin" : 16.54,
    "netProfit" : 346.67
  }, {
    "date" : "2025-03-31",
    "sales" : 2163.03,
    "salesGrowthYoY" : -7.11,
    "grossProfitMargin" : 60.35,
    "grossProfit" : 1305.39,
    "operatingProfitMargin" : 28.51,
    "operatingProfit" : 616.68,
    "netProfitMargin" : 16.66,
    "netProfit" : 360.36
  }, {
    "date" : "2025-06-30",
    "sales" : 2104.71,
    "salesGrowthYoY" : -9.98,
    "grossProfitMargin" : 61.25,
    "grossProfit" : 1289.13,
    "operatingProfitMargin" : 27.17,
    "operatingProfit" : 571.85,
    "netProfitMargin" : 16.08,
    "netProfit" : 338.44
  }, {
    "date" : "2025-09-30",
    "sales" : 1946.86,
    "salesGrowthYoY" : -13.34,
    "grossProfitMargin" : 63.77,
    "grossProfit" : 1241.51,
    "operatingProfitMargin" : 28.31,
    "operatingProfit" : 551.16,
    "netProfitMargin" : 16.21,
    "netProfit" : 315.59
  }, {
    "date" : "2025-12-31",
    "sales" : 2083.66,
    "salesGrowthYoY" : -0.59,
    "grossProfitMargin" : 61.20,
    "grossProfit" : 1275.20,
    "operatingProfitMargin" : 27.18,
    "operatingProfit" : 566.34,
    "netProfitMargin" : 15.47,
    "netProfit" : 322.34
  } ],
  "latestQuarterlyResult" : {
    "date" : "2025-12-31",
    "sales" : 2083.66,
    "salesGrowthYoY" : -0.59,
    "grossProfitMargin" : 61.20,
    "grossProfit" : 1275.20,
    "operatingProfitMargin" : 27.18,
    "operatingProfit" : 566.34,
    "netProfitMargin" : 15.47,
    "netProfit" : 322.34
  },
  "companyScore" : {
    "priceHigherThanDma50" : 5.00,
    "priceHigherThanDma100" : 5.00,
    "priceHigherThanDma200" : 5.00,
    "dma50HigherThanDma100" : 5.00,
    "dma50HigherThanDma200" : 5.00,
    "dma100HigherThanDma200" : 5.00,
    "pricePercentageAboveDma50" : 4.16,
    "pricePercentageAboveDma100" : 3.74,
    "pricePercentageAboveDma200" : 3.54,
    "weeklyVolumeHigherThanYearlyVolume" : 5.00,
    "salesGrowthPercentile" : 6.75,
    "operatingProfitMarginPercentile" : 17.42,
    "netProfitMarginPercentile" : 8.78,
    "totalTechnicalScore" : 46.44,
    "totalFundamentalScore" : 32.95,
    "totalScore" : 79.39
  }
}