{
  "metadata" : {
    "screenerCompanyId" : "460",
    "companyCode" : "BHEL",
    "companyName" : "B H E L",
    "screenerCompanyLink" : "https://www.screener.in/company/BHEL/consolidated/",
    "screenerTechnicalHistoryLink" : "https://www.screener.in/api/company/460/chart/?q=Price-DMA50-DMA200-Volume&days=365",
    "screenerQuarterlyResultsLink" : "https://www.screener.in/api/company/460/chart/?q=GPM-OPM-NPM-Quarter+Sales&days=10000",
    "attributes" : {
      "companyCode" : "BHEL",
      "companyName" : "B H E L",
      "marketCap" : 89593.00,
      "peRatio" : 110.00,
      "description" : "Bharat Heavy Electricals Ltd is an integrated power plant equipment manufacturer engaged in design, engineering, manufacture, erection, testing, commissioning and servicing of a wide range of products and services for the core sectors of the economy, viz. Power, transmission, Industry, transportation, renewable energy, Oil & Gas and defence.[1] It is the flagship engineering and manufacturing company of India owned and controlled by the Govt. of India.[2]"
    },
    "companyScore" : {
      "priceHigherThanDma50" : 0.00,
      "priceHigherThanDma100" : 0.00,
      "priceHigherThanDma200" : 5.00,
      "dma50HigherThanDma100" : 0.00,
      "dma50HigherThanDma200" : 5.00,
      "dma100HigherThanDma200" : 5.00,
      "pricePercentageAboveDma50" : 5.16,
      "pricePercentageAboveDma100" : 5.16,
      "pricePercentageAboveDma200" : 4.96,
      "weeklyVolumeHigherThanYearlyVolume" : 5.00,
      "salesGrowthPercentile" : 12.75,
      "operatingProfitMarginPercentile" : 15.19,
      "netProfitMarginPercentile" : 7.94,
      "totalTechnicalScore" : 35.29,
      "totalFundamentalScore" : 35.88,
      "totalScore" : 71.17
    }
  },
  "attributes" : {
    "companyCode" : "BHEL",
    "companyName" : "B H E L",
    "marketCap" : 89593.00,
    "peRatio" : 110.00,
    "description" : "Bharat Heavy Electricals Ltd is an integrated power plant equipment manufacturer engaged in design, engineering, manufacture, erection, testing, commissioning and servicing of a wide range of products and services for the core sectors of the economy, viz. Power, transmission, Industry, transportation, renewable energy, Oil & Gas and defence.[1] It is the flagship engineering and manufacturing company of India owned and controlled by the Govt. of India.[2]"
  },
  "technicalHistory" : [ {
    "date" : "2025-02-24",
    "price" : 191.43,
    "dma50" : 210.43,
    "dma100" : null,
    "dma200" : 234.68,
    "volume" : 11245549.00
  }, {
    "date" : "2025-02-25",
    "price" : 194.61,
    "dma50" : 209.81,
    "dma100" : null,
    "dma200" : 234.28,
    "volume" : 18828269.00
  }, {
    "date" : "2025-02-27",
    "price" : 187.44,
    "dma50" : 208.94,
    "dma100" : null,
    "dma200" : 233.81,
    "volume" : 11929657.00
  }, {
    "date" : "2025-02-28",
    "price" : 179.17,
    "dma50" : 207.77,
    "dma100" : null,
    "dma200" : 233.27,
    "volume" : 17727111.00
  }, {
    "date" : "2025-03-03",
    "price" : 185.47,
    "dma50" : 206.89,
    "dma100" : null,
    "dma200" : 232.80,
    "volume" : 16088037.00
  }, {
    "date" : "2025-03-04",
    "price" : 192.75,
    "dma50" : 206.34,
    "dma100" : null,
    "dma200" : 232.40,
    "volume" : 17520694.00
  }, {
    "date" : "2025-03-05",
    "price" : 196.06,
    "dma50" : 205.94,
    "dma100" : null,
    "dma200" : 232.04,
    "volume" : 12236570.00
  }, {
    "date" : "2025-03-06",
    "price" : 198.40,
    "dma50" : 205.64,
    "dma100" : null,
    "dma200" : 231.70,
    "volume" : 13566584.00
  }, {
    "date" : "2025-03-07",
    "price" : 196.95,
    "dma50" : 205.30,
    "dma100" : null,
    "dma200" : 231.35,
    "volume" : 8915557.00
  }, {
    "date" : "2025-03-10",
    "price" : 192.11,
    "dma50" : 204.78,
    "dma100" : null,
    "dma200" : 230.96,
    "volume" : 8342864.00
  }, {
    "date" : "2025-03-11",
    "price" : 194.12,
    "dma50" : 204.36,
    "dma100" : null,
    "dma200" : 230.60,
    "volume" : 9544512.00
  }, {
    "date" : "2025-03-12",
    "price" : 193.63,
    "dma50" : 203.94,
    "dma100" : null,
    "dma200" : 230.23,
    "volume" : 8115527.00
  }, {
    "date" : "2025-03-13",
    "price" : 193.33,
    "dma50" : 203.53,
    "dma100" : null,
    "dma200" : 229.86,
    "volume" : 6782413.00
  }, {
    "date" : "2025-03-17",
    "price" : 195.43,
    "dma50" : 203.21,
    "dma100" : null,
    "dma200" : 229.52,
    "volume" : 7015009.00
  }, {
    "date" : "2025-03-18",
    "price" : 203.88,
    "dma50" : 203.24,
    "dma100" : null,
    "dma200" : 229.26,
    "volume" : 11915106.00
  }, {
    "date" : "2025-03-19",
    "price" : 205.69,
    "dma50" : 203.33,
    "dma100" : null,
    "dma200" : 229.03,
    "volume" : 9445457.00
  }, {
    "date" : "2025-03-20",
    "price" : 206.54,
    "dma50" : 203.46,
    "dma100" : null,
    "dma200" : 228.81,
    "volume" : 7717620.00
  }, {
    "date" : "2025-03-21",
    "price" : 211.95,
    "dma50" : 203.79,
    "dma100" : null,
    "dma200" : 228.64,
    "volume" : 15178610.00
  }, {
    "date" : "2025-03-24",
    "price" : 217.54,
    "dma50" : 204.33,
    "dma100" : null,
    "dma200" : 228.53,
    "volume" : 17773301.00
  }, {
    "date" : "2025-03-25",
    "price" : 213.60,
    "dma50" : 204.69,
    "dma100" : null,
    "dma200" : 228.38,
    "volume" : 14165448.00
  }, {
    "date" : "2025-03-26",
    "price" : 210.52,
    "dma50" : 204.92,
    "dma100" : null,
    "dma200" : 228.20,
    "volume" : 12338612.00
  }, {
    "date" : "2025-03-27",
    "price" : 213.98,
    "dma50" : 205.28,
    "dma100" : null,
    "dma200" : 228.06,
    "volume" : 37605599.00
  }, {
    "date" : "2025-03-28",
    "price" : 216.43,
    "dma50" : 205.72,
    "dma100" : null,
    "dma200" : 227.94,
    "volume" : 22122301.00
  }, {
    "date" : "2025-04-01",
    "price" : 211.69,
    "dma50" : 205.95,
    "dma100" : null,
    "dma200" : 227.78,
    "volume" : 17358621.00
  }, {
    "date" : "2025-04-02",
    "price" : 212.58,
    "dma50" : 206.21,
    "dma100" : null,
    "dma200" : 227.63,
    "volume" : 9870870.00
  }, {
    "date" : "2025-04-03",
    "price" : 218.68,
    "dma50" : 206.70,
    "dma100" : null,
    "dma200" : 227.54,
    "volume" : 14926809.00
  }, {
    "date" : "2025-04-04",
    "price" : 214.45,
    "dma50" : 207.00,
    "dma100" : null,
    "dma200" : 227.41,
    "volume" : 22034872.00
  }, {
    "date" : "2025-04-07",
    "price" : 207.70,
    "dma50" : 207.03,
    "dma100" : null,
    "dma200" : 227.22,
    "volume" : 20013804.00
  }, {
    "date" : "2025-04-08",
    "price" : 210.94,
    "dma50" : 207.18,
    "dma100" : null,
    "dma200" : 227.05,
    "volume" : 10340543.00
  }, {
    "date" : "2025-04-09",
    "price" : 211.81,
    "dma50" : 207.36,
    "dma100" : null,
    "dma200" : 226.90,
    "volume" : 10556739.00
  }, {
    "date" : "2025-04-11",
    "price" : 212.97,
    "dma50" : 207.58,
    "dma100" : null,
    "dma200" : 226.76,
    "volume" : 8203383.00
  }, {
    "date" : "2025-04-15",
    "price" : 221.80,
    "dma50" : 208.14,
    "dma100" : null,
    "dma200" : 226.71,
    "volume" : 13943701.00
  }, {
    "date" : "2025-04-16",
    "price" : 226.00,
    "dma50" : 208.84,
    "dma100" : null,
    "dma200" : 226.71,
    "volume" : 17576623.00
  }, {
    "date" : "2025-04-17",
    "price" : 227.39,
    "dma50" : 209.57,
    "dma100" : null,
    "dma200" : 226.71,
    "volume" : 14805486.00
  }, {
    "date" : "2025-04-21",
    "price" : 227.19,
    "dma50" : 210.26,
    "dma100" : null,
    "dma200" : 226.72,
    "volume" : 27034615.00
  }, {
    "date" : "2025-04-22",
    "price" : 228.32,
    "dma50" : 210.97,
    "dma100" : null,
    "dma200" : 226.74,
    "volume" : 11537486.00
  }, {
    "date" : "2025-04-23",
    "price" : 230.53,
    "dma50" : 211.74,
    "dma100" : null,
    "dma200" : 226.77,
    "volume" : 10418451.00
  }, {
    "date" : "2025-04-24",
    "price" : 230.50,
    "dma50" : 212.47,
    "dma100" : null,
    "dma200" : 226.81,
    "volume" : 14664223.00
  }, {
    "date" : "2025-04-25",
    "price" : 222.37,
    "dma50" : 212.86,
    "dma100" : null,
    "dma200" : 226.77,
    "volume" : 19004108.00
  }, {
    "date" : "2025-04-28",
    "price" : 230.31,
    "dma50" : 213.54,
    "dma100" : null,
    "dma200" : 226.80,
    "volume" : 12095866.00
  }, {
    "date" : "2025-04-29",
    "price" : 231.33,
    "dma50" : 214.24,
    "dma100" : null,
    "dma200" : 226.85,
    "volume" : 17402842.00
  }, {
    "date" : "2025-04-30",
    "price" : 226.84,
    "dma50" : 214.74,
    "dma100" : null,
    "dma200" : 226.85,
    "volume" : 8830075.00
  }, {
    "date" : "2025-05-02",
    "price" : 224.54,
    "dma50" : 215.12,
    "dma100" : null,
    "dma200" : 226.82,
    "volume" : 8314265.00
  }, {
    "date" : "2025-05-05",
    "price" : 228.72,
    "dma50" : 215.65,
    "dma100" : null,
    "dma200" : 226.84,
    "volume" : 4584644.00
  }, {
    "date" : "2025-05-06",
    "price" : 217.75,
    "dma50" : 215.74,
    "dma100" : null,
    "dma200" : 226.75,
    "volume" : 11724730.00
  }, {
    "date" : "2025-05-07",
    "price" : 225.15,
    "dma50" : 216.10,
    "dma100" : null,
    "dma200" : 226.74,
    "volume" : 16944924.00
  }, {
    "date" : "2025-05-08",
    "price" : 217.17,
    "dma50" : 216.15,
    "dma100" : null,
    "dma200" : 226.64,
    "volume" : 8131942.00
  }, {
    "date" : "2025-05-09",
    "price" : 216.63,
    "dma50" : 216.17,
    "dma100" : null,
    "dma200" : 226.54,
    "volume" : 10157544.00
  }, {
    "date" : "2025-05-12",
    "price" : 232.95,
    "dma50" : 216.82,
    "dma100" : null,
    "dma200" : 226.60,
    "volume" : 16149977.00
  }, {
    "date" : "2025-05-13",
    "price" : 238.38,
    "dma50" : 217.67,
    "dma100" : null,
    "dma200" : 226.72,
    "volume" : 28377546.00
  }, {
    "date" : "2025-05-14",
    "price" : 239.36,
    "dma50" : 218.52,
    "dma100" : null,
    "dma200" : 226.85,
    "volume" : 22621429.00
  }, {
    "date" : "2025-05-15",
    "price" : 245.68,
    "dma50" : 219.58,
    "dma100" : null,
    "dma200" : 227.03,
    "volume" : 17420425.00
  }, {
    "date" : "2025-05-16",
    "price" : 250.35,
    "dma50" : 220.79,
    "dma100" : null,
    "dma200" : 227.27,
    "volume" : 53913455.00
  }, {
    "date" : "2025-05-19",
    "price" : 243.78,
    "dma50" : 221.69,
    "dma100" : null,
    "dma200" : 227.43,
    "volume" : 16969303.00
  }, {
    "date" : "2025-05-20",
    "price" : 244.43,
    "dma50" : 222.58,
    "dma100" : null,
    "dma200" : 227.60,
    "volume" : 16834350.00
  }, {
    "date" : "2025-05-21",
    "price" : 247.42,
    "dma50" : 223.56,
    "dma100" : null,
    "dma200" : 227.80,
    "volume" : 10696548.00
  }, {
    "date" : "2025-05-22",
    "price" : 247.57,
    "dma50" : 224.50,
    "dma100" : null,
    "dma200" : 227.99,
    "volume" : 15250703.00
  }, {
    "date" : "2025-05-23",
    "price" : 254.80,
    "dma50" : 225.69,
    "dma100" : null,
    "dma200" : 228.26,
    "volume" : 19424032.00
  }, {
    "date" : "2025-05-26",
    "price" : 261.86,
    "dma50" : 227.11,
    "dma100" : null,
    "dma200" : 228.60,
    "volume" : 18974440.00
  }, {
    "date" : "2025-05-27",
    "price" : 260.17,
    "dma50" : 228.40,
    "dma100" : null,
    "dma200" : 228.91,
    "volume" : 12161009.00
  }, {
    "date" : "2025-05-28",
    "price" : 266.61,
    "dma50" : 229.90,
    "dma100" : null,
    "dma200" : 229.28,
    "volume" : 17813215.00
  }, {
    "date" : "2025-05-29",
    "price" : 266.41,
    "dma50" : 231.33,
    "dma100" : null,
    "dma200" : 229.65,
    "volume" : 12520051.00
  }, {
    "date" : "2025-05-30",
    "price" : 259.83,
    "dma50" : 232.45,
    "dma100" : null,
    "dma200" : 229.95,
    "volume" : 16969181.00
  }, {
    "date" : "2025-06-02",
    "price" : 261.40,
    "dma50" : 233.59,
    "dma100" : null,
    "dma200" : 230.27,
    "volume" : 6257976.00
  }, {
    "date" : "2025-06-03",
    "price" : 252.95,
    "dma50" : 234.35,
    "dma100" : null,
    "dma200" : 230.49,
    "volume" : 11356521.00
  }, {
    "date" : "2025-06-04",
    "price" : 253.75,
    "dma50" : 235.11,
    "dma100" : null,
    "dma200" : 230.72,
    "volume" : 7880188.00
  }, {
    "date" : "2025-06-05",
    "price" : 252.00,
    "dma50" : 235.77,
    "dma100" : null,
    "dma200" : 230.94,
    "volume" : 6223087.00
  }, {
    "date" : "2025-06-06",
    "price" : 255.70,
    "dma50" : 236.55,
    "dma100" : null,
    "dma200" : 231.18,
    "volume" : 6292145.00
  }, {
    "date" : "2025-06-09",
    "price" : 258.15,
    "dma50" : 237.40,
    "dma100" : null,
    "dma200" : 231.45,
    "volume" : 8475163.00
  }, {
    "date" : "2025-06-10",
    "price" : 260.55,
    "dma50" : 238.31,
    "dma100" : null,
    "dma200" : 231.74,
    "volume" : 14287327.00
  }, {
    "date" : "2025-06-11",
    "price" : 257.00,
    "dma50" : 239.04,
    "dma100" : null,
    "dma200" : 231.99,
    "volume" : 6650967.00
  }, {
    "date" : "2025-06-12",
    "price" : 253.80,
    "dma50" : 239.62,
    "dma100" : null,
    "dma200" : 232.21,
    "volume" : 7885926.00
  }, {
    "date" : "2025-06-13",
    "price" : 253.55,
    "dma50" : 240.16,
    "dma100" : null,
    "dma200" : 232.42,
    "volume" : 7582881.00
  }, {
    "date" : "2025-06-16",
    "price" : 254.45,
    "dma50" : 240.72,
    "dma100" : null,
    "dma200" : 232.64,
    "volume" : 5707514.00
  }, {
    "date" : "2025-06-17",
    "price" : 252.35,
    "dma50" : 241.18,
    "dma100" : null,
    "dma200" : 232.84,
    "volume" : 4093114.00
  }, {
    "date" : "2025-06-18",
    "price" : 251.80,
    "dma50" : 241.60,
    "dma100" : null,
    "dma200" : 233.02,
    "volume" : 4689561.00
  }, {
    "date" : "2025-06-19",
    "price" : 247.20,
    "dma50" : 241.82,
    "dma100" : null,
    "dma200" : 233.17,
    "volume" : 7046929.00
  }, {
    "date" : "2025-06-20",
    "price" : 250.45,
    "dma50" : 242.15,
    "dma100" : null,
    "dma200" : 233.34,
    "volume" : 7634200.00
  }, {
    "date" : "2025-06-23",
    "price" : 253.80,
    "dma50" : 242.61,
    "dma100" : null,
    "dma200" : 233.54,
    "volume" : 6947847.00
  }, {
    "date" : "2025-06-24",
    "price" : 259.95,
    "dma50" : 243.29,
    "dma100" : null,
    "dma200" : 233.80,
    "volume" : 14791704.00
  }, {
    "date" : "2025-06-25",
    "price" : 261.85,
    "dma50" : 244.02,
    "dma100" : null,
    "dma200" : 234.08,
    "volume" : 8569166.00
  }, {
    "date" : "2025-06-26",
    "price" : 264.45,
    "dma50" : 244.82,
    "dma100" : null,
    "dma200" : 234.39,
    "volume" : 9054037.00
  }, {
    "date" : "2025-06-27",
    "price" : 264.10,
    "dma50" : 245.58,
    "dma100" : null,
    "dma200" : 234.68,
    "volume" : 9084781.00
  }, {
    "date" : "2025-06-30",
    "price" : 266.30,
    "dma50" : 246.39,
    "dma100" : null,
    "dma200" : 235.00,
    "volume" : 25911521.00
  }, {
    "date" : "2025-07-01",
    "price" : 264.65,
    "dma50" : 247.11,
    "dma100" : null,
    "dma200" : 235.29,
    "volume" : 6924170.00
  }, {
    "date" : "2025-07-02",
    "price" : 260.60,
    "dma50" : 247.63,
    "dma100" : null,
    "dma200" : 235.54,
    "volume" : 5138467.00
  }, {
    "date" : "2025-07-03",
    "price" : 257.60,
    "dma50" : 248.03,
    "dma100" : null,
    "dma200" : 235.76,
    "volume" : 3803869.00
  }, {
    "date" : "2025-07-04",
    "price" : 260.15,
    "dma50" : 248.50,
    "dma100" : null,
    "dma200" : 236.00,
    "volume" : 6908335.00
  }, {
    "date" : "2025-07-07",
    "price" : 256.35,
    "dma50" : 248.81,
    "dma100" : null,
    "dma200" : 236.21,
    "volume" : 3741179.00
  }, {
    "date" : "2025-07-08",
    "price" : 258.10,
    "dma50" : 249.17,
    "dma100" : null,
    "dma200" : 236.43,
    "volume" : 3836583.00
  }, {
    "date" : "2025-07-09",
    "price" : 262.05,
    "dma50" : 249.68,
    "dma100" : null,
    "dma200" : 236.68,
    "volume" : 9723714.00
  }, {
    "date" : "2025-07-10",
    "price" : 261.30,
    "dma50" : 250.13,
    "dma100" : null,
    "dma200" : 236.93,
    "volume" : 4106195.00
  }, {
    "date" : "2025-07-11",
    "price" : 258.70,
    "dma50" : 250.47,
    "dma100" : null,
    "dma200" : 237.14,
    "volume" : 3507596.00
  }, {
    "date" : "2025-07-14",
    "price" : 257.35,
    "dma50" : 250.74,
    "dma100" : null,
    "dma200" : 237.34,
    "volume" : 3034748.00
  }, {
    "date" : "2025-07-15",
    "price" : 257.50,
    "dma50" : 251.00,
    "dma100" : null,
    "dma200" : 237.54,
    "volume" : 3000439.00
  }, {
    "date" : "2025-07-16",
    "price" : 254.35,
    "dma50" : 251.14,
    "dma100" : null,
    "dma200" : 237.71,
    "volume" : 4214739.00
  }, {
    "date" : "2025-07-17",
    "price" : 253.25,
    "dma50" : 251.22,
    "dma100" : null,
    "dma200" : 237.87,
    "volume" : 3352850.00
  }, {
    "date" : "2025-07-18",
    "price" : 250.50,
    "dma50" : 251.19,
    "dma100" : null,
    "dma200" : 237.99,
    "volume" : 3932077.00
  }, {
    "date" : "2025-07-21",
    "price" : 254.65,
    "dma50" : 251.33,
    "dma100" : null,
    "dma200" : 238.16,
    "volume" : 3826121.00
  }, {
    "date" : "2025-07-22",
    "price" : 250.50,
    "dma50" : 251.29,
    "dma100" : null,
    "dma200" : 238.28,
    "volume" : 3561715.00
  }, {
    "date" : "2025-07-23",
    "price" : 251.20,
    "dma50" : 251.29,
    "dma100" : 234.47,
    "dma200" : 238.41,
    "volume" : 2929939.00
  }, {
    "date" : "2025-07-24",
    "price" : 251.05,
    "dma50" : 251.28,
    "dma100" : 235.03,
    "dma200" : 238.53,
    "volume" : 2654928.00
  }, {
    "date" : "2025-07-25",
    "price" : 240.15,
    "dma50" : 250.84,
    "dma100" : 235.56,
    "dma200" : 238.55,
    "volume" : 6478822.00
  }, {
    "date" : "2025-07-28",
    "price" : 236.75,
    "dma50" : 250.29,
    "dma100" : 236.14,
    "dma200" : 238.53,
    "volume" : 4230054.00
  }, {
    "date" : "2025-07-29",
    "price" : 240.55,
    "dma50" : 249.91,
    "dma100" : 236.69,
    "dma200" : 238.55,
    "volume" : 4331402.00
  }, {
    "date" : "2025-07-30",
    "price" : 241.65,
    "dma50" : 249.59,
    "dma100" : 237.18,
    "dma200" : 238.58,
    "volume" : 3270498.00
  }, {
    "date" : "2025-07-31",
    "price" : 238.45,
    "dma50" : 249.15,
    "dma100" : 237.60,
    "dma200" : 238.58,
    "volume" : 5096697.00
  }, {
    "date" : "2025-08-01",
    "price" : 231.60,
    "dma50" : 248.46,
    "dma100" : 237.93,
    "dma200" : 238.51,
    "volume" : 4470330.00
  }, {
    "date" : "2025-08-04",
    "price" : 241.43,
    "dma50" : 248.18,
    "dma100" : 238.38,
    "dma200" : 238.54,
    "volume" : 5155150.00
  }, {
    "date" : "2025-08-05",
    "price" : 248.25,
    "dma50" : 248.19,
    "dma100" : 238.94,
    "dma200" : 238.64,
    "volume" : 16523695.00
  }, {
    "date" : "2025-08-06",
    "price" : 239.83,
    "dma50" : 247.86,
    "dma100" : 239.40,
    "dma200" : 238.65,
    "volume" : 11606437.00
  }, {
    "date" : "2025-08-07",
    "price" : 227.97,
    "dma50" : 247.08,
    "dma100" : 239.74,
    "dma200" : 238.54,
    "volume" : 34148223.00
  }, {
    "date" : "2025-08-08",
    "price" : 222.71,
    "dma50" : 246.12,
    "dma100" : 240.03,
    "dma200" : 238.39,
    "volume" : 11313355.00
  }, {
    "date" : "2025-08-11",
    "price" : 221.46,
    "dma50" : 245.16,
    "dma100" : 240.29,
    "dma200" : 238.22,
    "volume" : 8346741.00
  }, {
    "date" : "2025-08-12",
    "price" : 222.87,
    "dma50" : 244.28,
    "dma100" : 240.48,
    "dma200" : 238.06,
    "volume" : 5766729.00
  }, {
    "date" : "2025-08-13",
    "price" : 223.99,
    "dma50" : 243.49,
    "dma100" : 240.67,
    "dma200" : 237.92,
    "volume" : 5036416.00
  }, {
    "date" : "2025-08-14",
    "price" : 221.33,
    "dma50" : 242.62,
    "dma100" : 240.81,
    "dma200" : 237.76,
    "volume" : 3978450.00
  }, {
    "date" : "2025-08-18",
    "price" : 216.62,
    "dma50" : 241.60,
    "dma100" : 240.86,
    "dma200" : 237.55,
    "volume" : 10296295.00
  }, {
    "date" : "2025-08-19",
    "price" : 219.70,
    "dma50" : 240.74,
    "dma100" : 240.88,
    "dma200" : 237.37,
    "volume" : 5736101.00
  }, {
    "date" : "2025-08-20",
    "price" : 220.67,
    "dma50" : 239.95,
    "dma100" : 240.95,
    "dma200" : 237.21,
    "volume" : 3407554.00
  }, {
    "date" : "2025-08-21",
    "price" : 218.48,
    "dma50" : 239.11,
    "dma100" : 241.03,
    "dma200" : 237.02,
    "volume" : 3728042.00
  }, {
    "date" : "2025-08-22",
    "price" : 218.59,
    "dma50" : 238.31,
    "dma100" : 241.08,
    "dma200" : 236.84,
    "volume" : 3504296.00
  }, {
    "date" : "2025-08-25",
    "price" : 216.51,
    "dma50" : 237.45,
    "dma100" : 241.08,
    "dma200" : 236.63,
    "volume" : 2609564.00
  }, {
    "date" : "2025-08-26",
    "price" : 211.50,
    "dma50" : 236.43,
    "dma100" : 241.08,
    "dma200" : 236.38,
    "volume" : 5424217.00
  }, {
    "date" : "2025-08-28",
    "price" : 208.51,
    "dma50" : 235.34,
    "dma100" : 241.04,
    "dma200" : 236.11,
    "volume" : 5204618.00
  }, {
    "date" : "2025-08-29",
    "price" : 208.01,
    "dma50" : 234.27,
    "dma100" : 240.93,
    "dma200" : 235.83,
    "volume" : 6681748.00
  }, {
    "date" : "2025-09-01",
    "price" : 212.22,
    "dma50" : 233.40,
    "dma100" : 240.91,
    "dma200" : 235.59,
    "volume" : 6659383.00
  }, {
    "date" : "2025-09-02",
    "price" : 215.07,
    "dma50" : 232.68,
    "dma100" : 240.98,
    "dma200" : 235.39,
    "volume" : 7740252.00
  }, {
    "date" : "2025-09-03",
    "price" : 216.97,
    "dma50" : 232.07,
    "dma100" : 241.04,
    "dma200" : 235.20,
    "volume" : 3260384.00
  }, {
    "date" : "2025-09-04",
    "price" : 211.09,
    "dma50" : 231.24,
    "dma100" : 241.03,
    "dma200" : 234.96,
    "volume" : 10486036.00
  }, {
    "date" : "2025-09-05",
    "price" : 212.36,
    "dma50" : 230.50,
    "dma100" : 241.03,
    "dma200" : 234.74,
    "volume" : 4249574.00
  }, {
    "date" : "2025-09-08",
    "price" : 216.68,
    "dma50" : 229.96,
    "dma100" : 240.98,
    "dma200" : 234.56,
    "volume" : 5700888.00
  }, {
    "date" : "2025-09-09",
    "price" : 214.52,
    "dma50" : 229.36,
    "dma100" : 240.86,
    "dma200" : 234.36,
    "volume" : 3090089.00
  }, {
    "date" : "2025-09-10",
    "price" : 220.03,
    "dma50" : 228.99,
    "dma100" : 240.79,
    "dma200" : 234.22,
    "volume" : 8700481.00
  }, {
    "date" : "2025-09-11",
    "price" : 229.08,
    "dma50" : 228.99,
    "dma100" : 240.81,
    "dma200" : 234.17,
    "volume" : 33903428.00
  }, {
    "date" : "2025-09-12",
    "price" : 228.72,
    "dma50" : 228.98,
    "dma100" : 240.81,
    "dma200" : 234.11,
    "volume" : 7949105.00
  }, {
    "date" : "2025-09-15",
    "price" : 229.67,
    "dma50" : 229.01,
    "dma100" : 240.80,
    "dma200" : 234.07,
    "volume" : 8820730.00
  }, {
    "date" : "2025-09-16",
    "price" : 232.19,
    "dma50" : 229.13,
    "dma100" : 240.82,
    "dma200" : 234.05,
    "volume" : 5953074.00
  }, {
    "date" : "2025-09-17",
    "price" : 234.32,
    "dma50" : 229.34,
    "dma100" : 240.94,
    "dma200" : 234.05,
    "volume" : 5717030.00
  }, {
    "date" : "2025-09-18",
    "price" : 234.49,
    "dma50" : 229.54,
    "dma100" : 240.98,
    "dma200" : 234.06,
    "volume" : 4745996.00
  }, {
    "date" : "2025-09-19",
    "price" : 237.17,
    "dma50" : 229.84,
    "dma100" : 241.04,
    "dma200" : 234.09,
    "volume" : 15015844.00
  }, {
    "date" : "2025-09-22",
    "price" : 239.60,
    "dma50" : 230.22,
    "dma100" : 241.17,
    "dma200" : 234.14,
    "volume" : 7748967.00
  }, {
    "date" : "2025-09-23",
    "price" : 238.73,
    "dma50" : 230.56,
    "dma100" : 241.31,
    "dma200" : 234.19,
    "volume" : 6643754.00
  }, {
    "date" : "2025-09-24",
    "price" : 236.01,
    "dma50" : 230.77,
    "dma100" : 241.38,
    "dma200" : 234.21,
    "volume" : 5809744.00
  }, {
    "date" : "2025-09-25",
    "price" : 234.62,
    "dma50" : 230.92,
    "dma100" : 241.55,
    "dma200" : 234.21,
    "volume" : 4387648.00
  }, {
    "date" : "2025-09-26",
    "price" : 231.01,
    "dma50" : 230.92,
    "dma100" : 241.61,
    "dma200" : 234.18,
    "volume" : 4743513.00
  }, {
    "date" : "2025-09-29",
    "price" : 233.97,
    "dma50" : 231.04,
    "dma100" : 241.78,
    "dma200" : 234.18,
    "volume" : 7001212.00
  }, {
    "date" : "2025-09-30",
    "price" : 238.45,
    "dma50" : 231.33,
    "dma100" : 242.00,
    "dma200" : 234.22,
    "volume" : 8039894.00
  }, {
    "date" : "2025-10-01",
    "price" : 240.17,
    "dma50" : 231.68,
    "dma100" : 242.07,
    "dma200" : 234.28,
    "volume" : 7822619.00
  }, {
    "date" : "2025-10-03",
    "price" : 245.02,
    "dma50" : 232.20,
    "dma100" : 242.13,
    "dma200" : 234.38,
    "volume" : 10113575.00
  }, {
    "date" : "2025-10-06",
    "price" : 245.31,
    "dma50" : 232.72,
    "dma100" : 242.19,
    "dma200" : 234.49,
    "volume" : 6214274.00
  }, {
    "date" : "2025-10-07",
    "price" : 244.86,
    "dma50" : 233.19,
    "dma100" : 242.19,
    "dma200" : 234.60,
    "volume" : 7010260.00
  }, {
    "date" : "2025-10-08",
    "price" : 239.04,
    "dma50" : 233.42,
    "dma100" : 242.07,
    "dma200" : 234.64,
    "volume" : 4662506.00
  }, {
    "date" : "2025-10-09",
    "price" : 239.04,
    "dma50" : 233.64,
    "dma100" : 242.02,
    "dma200" : 234.68,
    "volume" : 4484864.00
  }, {
    "date" : "2025-10-10",
    "price" : 239.64,
    "dma50" : 233.88,
    "dma100" : 241.98,
    "dma200" : 234.73,
    "volume" : 7260553.00
  }, {
    "date" : "2025-10-13",
    "price" : 234.86,
    "dma50" : 233.92,
    "dma100" : 241.85,
    "dma200" : 234.74,
    "volume" : 6589364.00
  }, {
    "date" : "2025-10-14",
    "price" : 232.44,
    "dma50" : 233.86,
    "dma100" : 241.70,
    "dma200" : 234.71,
    "volume" : 4833897.00
  }, {
    "date" : "2025-10-15",
    "price" : 235.80,
    "dma50" : 233.94,
    "dma100" : 241.51,
    "dma200" : 234.72,
    "volume" : 5523995.00
  }, {
    "date" : "2025-10-16",
    "price" : 236.17,
    "dma50" : 234.02,
    "dma100" : 241.25,
    "dma200" : 234.74,
    "volume" : 4330555.00
  }, {
    "date" : "2025-10-17",
    "price" : 232.62,
    "dma50" : 233.97,
    "dma100" : 240.98,
    "dma200" : 234.72,
    "volume" : 3331149.00
  }, {
    "date" : "2025-10-20",
    "price" : 233.76,
    "dma50" : 233.96,
    "dma100" : 240.65,
    "dma200" : 234.71,
    "volume" : 3869072.00
  }, {
    "date" : "2025-10-21",
    "price" : 234.60,
    "dma50" : 233.98,
    "dma100" : 240.33,
    "dma200" : 234.71,
    "volume" : 809057.00
  }, {
    "date" : "2025-10-23",
    "price" : 234.29,
    "dma50" : 234.00,
    "dma100" : 240.08,
    "dma200" : 234.70,
    "volume" : 5366493.00
  }, {
    "date" : "2025-10-24",
    "price" : 230.94,
    "dma50" : 233.88,
    "dma100" : 239.77,
    "dma200" : 234.66,
    "volume" : 5492459.00
  }, {
    "date" : "2025-10-27",
    "price" : 235.00,
    "dma50" : 233.92,
    "dma100" : 239.59,
    "dma200" : 234.67,
    "volume" : 8549690.00
  }, {
    "date" : "2025-10-28",
    "price" : 237.34,
    "dma50" : 234.06,
    "dma100" : 239.43,
    "dma200" : 234.69,
    "volume" : 10304556.00
  }, {
    "date" : "2025-10-29",
    "price" : 245.39,
    "dma50" : 234.50,
    "dma100" : 239.36,
    "dma200" : 234.80,
    "volume" : 15251891.00
  }, {
    "date" : "2025-10-30",
    "price" : 261.29,
    "dma50" : 235.55,
    "dma100" : 239.42,
    "dma200" : 235.06,
    "volume" : 80952012.00
  }, {
    "date" : "2025-10-31",
    "price" : 265.49,
    "dma50" : 236.72,
    "dma100" : 239.49,
    "dma200" : 235.37,
    "volume" : 27245463.00
  }, {
    "date" : "2025-11-03",
    "price" : 264.95,
    "dma50" : 237.83,
    "dma100" : 239.53,
    "dma200" : 235.66,
    "volume" : 12421818.00
  }, {
    "date" : "2025-11-04",
    "price" : 267.25,
    "dma50" : 238.98,
    "dma100" : 239.64,
    "dma200" : 235.98,
    "volume" : 9855890.00
  }, {
    "date" : "2025-11-06",
    "price" : 260.05,
    "dma50" : 239.81,
    "dma100" : 239.70,
    "dma200" : 236.22,
    "volume" : 6057844.00
  }, {
    "date" : "2025-11-07",
    "price" : 263.85,
    "dma50" : 240.75,
    "dma100" : 239.80,
    "dma200" : 236.49,
    "volume" : 10485395.00
  }, {
    "date" : "2025-11-10",
    "price" : 273.35,
    "dma50" : 242.03,
    "dma100" : 239.99,
    "dma200" : 236.86,
    "volume" : 19018889.00
  }, {
    "date" : "2025-11-11",
    "price" : 285.80,
    "dma50" : 243.75,
    "dma100" : 240.33,
    "dma200" : 237.34,
    "volume" : 39319790.00
  }, {
    "date" : "2025-11-12",
    "price" : 287.05,
    "dma50" : 245.45,
    "dma100" : 240.68,
    "dma200" : 237.84,
    "volume" : 16844437.00
  }, {
    "date" : "2025-11-13",
    "price" : 281.50,
    "dma50" : 246.86,
    "dma100" : 241.02,
    "dma200" : 238.27,
    "volume" : 16748807.00
  }, {
    "date" : "2025-11-14",
    "price" : 281.60,
    "dma50" : 248.22,
    "dma100" : 241.33,
    "dma200" : 238.70,
    "volume" : 12105211.00
  }, {
    "date" : "2025-11-17",
    "price" : 285.50,
    "dma50" : 249.68,
    "dma100" : 241.65,
    "dma200" : 239.17,
    "volume" : 8860811.00
  }, {
    "date" : "2025-11-18",
    "price" : 289.10,
    "dma50" : 251.23,
    "dma100" : 241.94,
    "dma200" : 239.67,
    "volume" : 12254016.00
  }, {
    "date" : "2025-11-19",
    "price" : 289.20,
    "dma50" : 252.72,
    "dma100" : 242.22,
    "dma200" : 240.16,
    "volume" : 15233060.00
  }, {
    "date" : "2025-11-20",
    "price" : 285.25,
    "dma50" : 253.99,
    "dma100" : 242.42,
    "dma200" : 240.61,
    "volume" : 9436706.00
  }, {
    "date" : "2025-11-21",
    "price" : 282.50,
    "dma50" : 255.11,
    "dma100" : 242.61,
    "dma200" : 241.03,
    "volume" : 6747812.00
  }, {
    "date" : "2025-11-24",
    "price" : 277.90,
    "dma50" : 256.01,
    "dma100" : 242.72,
    "dma200" : 241.39,
    "volume" : 9899890.00
  }, {
    "date" : "2025-11-25",
    "price" : 282.90,
    "dma50" : 257.06,
    "dma100" : 242.91,
    "dma200" : 241.80,
    "volume" : 7803891.00
  }, {
    "date" : "2025-11-26",
    "price" : 289.70,
    "dma50" : 258.34,
    "dma100" : 243.20,
    "dma200" : 242.28,
    "volume" : 12165658.00
  }, {
    "date" : "2025-11-27",
    "price" : 290.85,
    "dma50" : 259.62,
    "dma100" : 243.53,
    "dma200" : 242.76,
    "volume" : 11236947.00
  }, {
    "date" : "2025-11-28",
    "price" : 290.85,
    "dma50" : 260.84,
    "dma100" : 243.84,
    "dma200" : 243.24,
    "volume" : 9772462.00
  }, {
    "date" : "2025-12-01",
    "price" : 291.00,
    "dma50" : 262.02,
    "dma100" : 244.18,
    "dma200" : 243.72,
    "volume" : 10604485.00
  }, {
    "date" : "2025-12-02",
    "price" : 285.50,
    "dma50" : 262.94,
    "dma100" : 244.46,
    "dma200" : 244.13,
    "volume" : 7279989.00
  }, {
    "date" : "2025-12-03",
    "price" : 278.55,
    "dma50" : 263.56,
    "dma100" : 244.62,
    "dma200" : 244.48,
    "volume" : 8714571.00
  }, {
    "date" : "2025-12-04",
    "price" : 275.75,
    "dma50" : 264.03,
    "dma100" : 244.77,
    "dma200" : 244.79,
    "volume" : 8433437.00
  }, {
    "date" : "2025-12-05",
    "price" : 277.75,
    "dma50" : 264.57,
    "dma100" : 244.96,
    "dma200" : 245.12,
    "volume" : 4844172.00
  }, {
    "date" : "2025-12-08",
    "price" : 269.70,
    "dma50" : 264.77,
    "dma100" : 245.08,
    "dma200" : 245.36,
    "volume" : 5595688.00
  }, {
    "date" : "2025-12-09",
    "price" : 277.00,
    "dma50" : 265.25,
    "dma100" : 245.28,
    "dma200" : 245.68,
    "volume" : 10608604.00
  }, {
    "date" : "2025-12-10",
    "price" : 275.00,
    "dma50" : 265.63,
    "dma100" : 245.48,
    "dma200" : 245.97,
    "volume" : 3816507.00
  }, {
    "date" : "2025-12-11",
    "price" : 276.50,
    "dma50" : 266.06,
    "dma100" : 245.71,
    "dma200" : 246.27,
    "volume" : 3867165.00
  }, {
    "date" : "2025-12-12",
    "price" : 285.15,
    "dma50" : 266.81,
    "dma100" : 246.06,
    "dma200" : 246.66,
    "volume" : 12436163.00
  }, {
    "date" : "2025-12-15",
    "price" : 282.60,
    "dma50" : 267.43,
    "dma100" : 246.34,
    "dma200" : 247.02,
    "volume" : 4922955.00
  }, {
    "date" : "2025-12-16",
    "price" : 279.35,
    "dma50" : 267.90,
    "dma100" : 246.63,
    "dma200" : 247.34,
    "volume" : 5451253.00
  }, {
    "date" : "2025-12-17",
    "price" : 277.85,
    "dma50" : 268.29,
    "dma100" : 246.90,
    "dma200" : 247.64,
    "volume" : 3358254.00
  }, {
    "date" : "2025-12-18",
    "price" : 275.05,
    "dma50" : 268.55,
    "dma100" : 247.14,
    "dma200" : 247.91,
    "volume" : 4479083.00
  }, {
    "date" : "2025-12-19",
    "price" : 275.75,
    "dma50" : 268.83,
    "dma100" : 247.49,
    "dma200" : 248.19,
    "volume" : 7407950.00
  }, {
    "date" : "2025-12-22",
    "price" : 281.85,
    "dma50" : 269.34,
    "dma100" : 247.94,
    "dma200" : 248.53,
    "volume" : 5549823.00
  }, {
    "date" : "2025-12-23",
    "price" : 281.90,
    "dma50" : 269.84,
    "dma100" : 248.36,
    "dma200" : 248.86,
    "volume" : 5318895.00
  }, {
    "date" : "2025-12-24",
    "price" : 278.20,
    "dma50" : 270.16,
    "dma100" : 248.72,
    "dma200" : 249.15,
    "volume" : 6092691.00
  }, {
    "date" : "2025-12-26",
    "price" : 281.50,
    "dma50" : 270.61,
    "dma100" : 249.15,
    "dma200" : 249.47,
    "volume" : 6653487.00
  }, {
    "date" : "2025-12-29",
    "price" : 279.40,
    "dma50" : 270.95,
    "dma100" : 249.63,
    "dma200" : 249.77,
    "volume" : 4319136.00
  }, {
    "date" : "2025-12-30",
    "price" : 282.80,
    "dma50" : 271.42,
    "dma100" : 250.04,
    "dma200" : 250.10,
    "volume" : 5414210.00
  }, {
    "date" : "2025-12-31",
    "price" : 287.45,
    "dma50" : 272.05,
    "dma100" : 250.44,
    "dma200" : 250.47,
    "volume" : 11279282.00
  }, {
    "date" : "2026-01-01",
    "price" : 291.45,
    "dma50" : 272.81,
    "dma100" : 250.95,
    "dma200" : 250.88,
    "volume" : 8571944.00
  }, {
    "date" : "2026-01-02",
    "price" : 299.50,
    "dma50" : 273.86,
    "dma100" : 251.67,
    "dma200" : 251.36,
    "volume" : 14712830.00
  }, {
    "date" : "2026-01-05",
    "price" : 300.05,
    "dma50" : 274.88,
    "dma100" : 252.44,
    "dma200" : 251.85,
    "volume" : 9634483.00
  }, {
    "date" : "2026-01-06",
    "price" : 296.95,
    "dma50" : 275.75,
    "dma100" : 253.20,
    "dma200" : 252.29,
    "volume" : 7652087.00
  }, {
    "date" : "2026-01-07",
    "price" : 303.55,
    "dma50" : 276.84,
    "dma100" : 254.00,
    "dma200" : 252.80,
    "volume" : 13778263.00
  }, {
    "date" : "2026-01-08",
    "price" : 271.75,
    "dma50" : 276.64,
    "dma100" : 254.48,
    "dma200" : 252.99,
    "volume" : 51767965.00
  }, {
    "date" : "2026-01-09",
    "price" : 274.25,
    "dma50" : 276.54,
    "dma100" : 255.01,
    "dma200" : 253.20,
    "volume" : 66138626.00
  }, {
    "date" : "2026-01-12",
    "price" : 267.90,
    "dma50" : 276.21,
    "dma100" : 255.52,
    "dma200" : 253.35,
    "volume" : 39168039.00
  }, {
    "date" : "2026-01-13",
    "price" : 265.55,
    "dma50" : 275.79,
    "dma100" : 255.98,
    "dma200" : 253.47,
    "volume" : 11790943.00
  }, {
    "date" : "2026-01-14",
    "price" : 267.45,
    "dma50" : 275.46,
    "dma100" : 256.45,
    "dma200" : 253.61,
    "volume" : 10169473.00
  }, {
    "date" : "2026-01-16",
    "price" : 265.40,
    "dma50" : 275.07,
    "dma100" : 256.92,
    "dma200" : 253.73,
    "volume" : 6035141.00
  }, {
    "date" : "2026-01-19",
    "price" : 263.10,
    "dma50" : 274.60,
    "dma100" : 257.36,
    "dma200" : 253.82,
    "volume" : 26888302.00
  }, {
    "date" : "2026-01-20",
    "price" : 250.15,
    "dma50" : 273.64,
    "dma100" : 257.70,
    "dma200" : 253.78,
    "volume" : 26141041.00
  }, {
    "date" : "2026-01-21",
    "price" : 252.35,
    "dma50" : 272.80,
    "dma100" : 258.11,
    "dma200" : 253.77,
    "volume" : 15071485.00
  }, {
    "date" : "2026-01-22",
    "price" : 251.55,
    "dma50" : 271.97,
    "dma100" : 258.54,
    "dma200" : 253.75,
    "volume" : 6605120.00
  }, {
    "date" : "2026-01-23",
    "price" : 242.50,
    "dma50" : 270.81,
    "dma100" : 258.88,
    "dma200" : 253.64,
    "volume" : 7427365.00
  }, {
    "date" : "2026-01-27",
    "price" : 247.70,
    "dma50" : 269.91,
    "dma100" : 259.24,
    "dma200" : 253.58,
    "volume" : 10243974.00
  }, {
    "date" : "2026-01-28",
    "price" : 259.65,
    "dma50" : 269.51,
    "dma100" : 259.68,
    "dma200" : 253.64,
    "volume" : 8962395.00
  }, {
    "date" : "2026-01-29",
    "price" : 260.50,
    "dma50" : 269.15,
    "dma100" : 260.12,
    "dma200" : 253.71,
    "volume" : 8653710.00
  }, {
    "date" : "2026-01-30",
    "price" : 262.70,
    "dma50" : 268.90,
    "dma100" : 260.63,
    "dma200" : 253.80,
    "volume" : 6595117.00
  }, {
    "date" : "2026-02-01",
    "price" : 252.10,
    "dma50" : 268.24,
    "dma100" : 261.03,
    "dma200" : 253.78,
    "volume" : 18375833.00
  }, {
    "date" : "2026-02-02",
    "price" : 258.25,
    "dma50" : 267.85,
    "dma100" : 261.45,
    "dma200" : 253.82,
    "volume" : 5608522.00
  }, {
    "date" : "2026-02-03",
    "price" : 267.90,
    "dma50" : 267.85,
    "dma100" : 261.98,
    "dma200" : 253.96,
    "volume" : 8605671.00
  }, {
    "date" : "2026-02-04",
    "price" : 272.70,
    "dma50" : 268.04,
    "dma100" : 262.51,
    "dma200" : 254.15,
    "volume" : 8926852.00
  }, {
    "date" : "2026-02-05",
    "price" : 268.90,
    "dma50" : 268.07,
    "dma100" : 262.91,
    "dma200" : 254.30,
    "volume" : 3826216.00
  }, {
    "date" : "2026-02-06",
    "price" : 266.60,
    "dma50" : 268.02,
    "dma100" : 263.28,
    "dma200" : 254.42,
    "volume" : 3754528.00
  }, {
    "date" : "2026-02-09",
    "price" : 274.65,
    "dma50" : 268.28,
    "dma100" : 263.73,
    "dma200" : 254.62,
    "volume" : 6157167.00
  }, {
    "date" : "2026-02-10",
    "price" : 276.10,
    "dma50" : 268.58,
    "dma100" : 264.17,
    "dma200" : 254.83,
    "volume" : 5658353.00
  }, {
    "date" : "2026-02-11",
    "price" : 260.65,
    "dma50" : 268.27,
    "dma100" : 264.44,
    "dma200" : 254.89,
    "volume" : 86862116.00
  }, {
    "date" : "2026-02-12",
    "price" : 260.60,
    "dma50" : 267.97,
    "dma100" : 264.70,
    "dma200" : 254.95,
    "volume" : 71409738.00
  }, {
    "date" : "2026-02-13",
    "price" : 255.75,
    "dma50" : 267.49,
    "dma100" : 264.88,
    "dma200" : 254.96,
    "volume" : 30471695.00
  }, {
    "date" : "2026-02-16",
    "price" : 262.50,
    "dma50" : 267.30,
    "dma100" : 265.11,
    "dma200" : 255.03,
    "volume" : 30982511.00
  }, {
    "date" : "2026-02-17",
    "price" : 262.80,
    "dma50" : 267.12,
    "dma100" : 265.35,
    "dma200" : 255.11,
    "volume" : 10933908.00
  }, {
    "date" : "2026-02-18",
    "price" : 261.60,
    "dma50" : 266.90,
    "dma100" : 265.61,
    "dma200" : 255.17,
    "volume" : 13246439.00
  }, {
    "date" : "2026-02-19",
    "price" : 253.80,
    "dma50" : 266.39,
    "dma100" : 265.80,
    "dma200" : 255.16,
    "volume" : 11405375.00
  }, {
    "date" : "2026-02-20",
    "price" : 257.30,
    "dma50" : 266.03,
    "dma100" : 266.06,
    "dma200" : 255.18,
    "volume" : 10482224.00
  } ],
  "latestTechnicalAttributes" : {
    "date" : "2026-02-20",
    "price" : 257.30,
    "dma50" : 266.03,
    "dma100" : 266.06,
    "dma200" : 255.18,
    "volume" : 10482224.00
  },
  "quarterlyResults" : [ {
    "date" : "2005-03-31",
    "sales" : 4304.67,
    "salesGrowthYoY" : null,
    "grossProfitMargin" : 43.07,
    "grossProfit" : 1854.02,
    "operatingProfitMargin" : 18.55,
    "operatingProfit" : 798.52,
    "netProfitMargin" : 12.41,
    "netProfit" : 534.21
  }, {
    "date" : "2005-06-30",
    "sales" : 1936.59,
    "salesGrowthYoY" : null,
    "grossProfitMargin" : 44.54,
    "grossProfit" : 862.56,
    "operatingProfitMargin" : 8.86,
    "operatingProfit" : 171.58,
    "netProfitMargin" : 6.60,
    "netProfit" : 127.81
  }, {
    "date" : "2005-09-30",
    "sales" : 2510.29,
    "salesGrowthYoY" : null,
    "grossProfitMargin" : 46.54,
    "grossProfit" : 1168.29,
    "operatingProfitMargin" : 14.70,
    "operatingProfit" : 369.01,
    "netProfitMargin" : 10.36,
    "netProfit" : 260.07
  }, {
    "date" : "2005-12-31",
    "sales" : 3294.41,
    "salesGrowthYoY" : null,
    "grossProfitMargin" : 42.50,
    "grossProfit" : 1400.12,
    "operatingProfitMargin" : 18.30,
    "operatingProfit" : 602.88,
    "netProfitMargin" : 12.85,
    "netProfit" : 423.33
  }, {
    "date" : "2006-03-31",
    "sales" : 5518.94,
    "salesGrowthYoY" : 28.21,
    "grossProfitMargin" : 44.54,
    "grossProfit" : 2458.14,
    "operatingProfitMargin" : 21.65,
    "operatingProfit" : 1194.85,
    "netProfitMargin" : 15.73,
    "netProfit" : 868.13
  }, {
    "date" : "2006-06-30",
    "sales" : 2659.37,
    "salesGrowthYoY" : 37.32,
    "grossProfitMargin" : 41.89,
    "grossProfit" : 1114.01,
    "operatingProfitMargin" : 11.96,
    "operatingProfit" : 318.06,
    "netProfitMargin" : 8.90,
    "netProfit" : 236.68
  }, {
    "date" : "2006-09-30",
    "sales" : 3338.11,
    "salesGrowthYoY" : 32.98,
    "grossProfitMargin" : 44.38,
    "grossProfit" : 1481.45,
    "operatingProfitMargin" : 13.67,
    "operatingProfit" : 456.32,
    "netProfitMargin" : 10.78,
    "netProfit" : 359.85
  }, {
    "date" : "2006-12-31",
    "sales" : 4339.69,
    "salesGrowthYoY" : 31.73,
    "grossProfitMargin" : 43.29,
    "grossProfit" : 1878.65,
    "operatingProfitMargin" : 21.41,
    "operatingProfit" : 929.13,
    "netProfitMargin" : 15.38,
    "netProfit" : 667.44
  }, {
    "date" : "2007-03-31",
    "sales" : 6919.68,
    "salesGrowthYoY" : 25.38,
    "grossProfitMargin" : 44.66,
    "grossProfit" : 3090.33,
    "operatingProfitMargin" : 22.94,
    "operatingProfit" : 1587.37,
    "netProfitMargin" : 16.62,
    "netProfit" : 1150.05
  }, {
    "date" : "2007-06-30",
    "sales" : 3233.92,
    "salesGrowthYoY" : 21.60,
    "grossProfitMargin" : 40.78,
    "grossProfit" : 1318.79,
    "operatingProfitMargin" : 9.61,
    "operatingProfit" : 310.78,
    "netProfitMargin" : 8.93,
    "netProfit" : 288.79
  }, {
    "date" : "2007-09-30",
    "sales" : 3965.36,
    "salesGrowthYoY" : 18.79,
    "grossProfitMargin" : 45.44,
    "grossProfit" : 1801.86,
    "operatingProfitMargin" : 17.53,
    "operatingProfit" : 695.13,
    "netProfitMargin" : 17.34,
    "netProfit" : 687.59
  }, {
    "date" : "2007-12-31",
    "sales" : 4964.14,
    "salesGrowthYoY" : 14.39,
    "grossProfitMargin" : 43.95,
    "grossProfit" : 2181.74,
    "operatingProfitMargin" : 20.10,
    "operatingProfit" : 997.79,
    "netProfitMargin" : 15.55,
    "netProfit" : 771.92
  }, {
    "date" : "2008-03-31",
    "sales" : 7448.45,
    "salesGrowthYoY" : 7.64,
    "grossProfitMargin" : 48.97,
    "grossProfit" : 3647.51,
    "operatingProfitMargin" : 21.61,
    "operatingProfit" : 1609.61,
    "netProfitMargin" : 14.91,
    "netProfit" : 1110.56
  }, {
    "date" : "2008-06-30",
    "sales" : 4415.04,
    "salesGrowthYoY" : 36.52,
    "grossProfitMargin" : 42.64,
    "grossProfit" : 1882.57,
    "operatingProfitMargin" : 10.41,
    "operatingProfit" : 459.61,
    "netProfitMargin" : 8.71,
    "netProfit" : 384.55
  }, {
    "date" : "2008-09-30",
    "sales" : 5444.70,
    "salesGrowthYoY" : 37.31,
    "grossProfitMargin" : 41.57,
    "grossProfit" : 2263.36,
    "operatingProfitMargin" : 14.93,
    "operatingProfit" : 812.89,
    "netProfitMargin" : 11.31,
    "netProfit" : 615.80
  }, {
    "date" : "2008-12-31",
    "sales" : 6148.84,
    "salesGrowthYoY" : 23.87,
    "grossProfitMargin" : 43.00,
    "grossProfit" : 2644.00,
    "operatingProfitMargin" : 18.66,
    "operatingProfit" : 1147.37,
    "netProfitMargin" : 12.86,
    "netProfit" : 790.74
  }, {
    "date" : "2009-03-31",
    "sales" : 10850.05,
    "salesGrowthYoY" : 45.67,
    "grossProfitMargin" : 37.78,
    "grossProfit" : 4099.15,
    "operatingProfitMargin" : 18.49,
    "operatingProfit" : 2006.17,
    "netProfitMargin" : 12.42,
    "netProfit" : 1347.58
  }, {
    "date" : "2009-06-30",
    "sales" : 5671.42,
    "salesGrowthYoY" : 28.46,
    "grossProfitMargin" : 37.49,
    "grossProfit" : 2126.22,
    "operatingProfitMargin" : 10.44,
    "operatingProfit" : 592.10,
    "netProfitMargin" : 8.30,
    "netProfit" : 470.73
  }, {
    "date" : "2009-09-30",
    "sales" : 6727.52,
    "salesGrowthYoY" : 23.56,
    "grossProfitMargin" : 43.62,
    "grossProfit" : 2934.54,
    "operatingProfitMargin" : 18.31,
    "operatingProfit" : 1231.81,
    "netProfitMargin" : 12.75,
    "netProfit" : 857.76
  }, {
    "date" : "2009-12-31",
    "sales" : 7229.22,
    "salesGrowthYoY" : 17.57,
    "grossProfitMargin" : 45.48,
    "grossProfit" : 3287.85,
    "operatingProfitMargin" : 21.60,
    "operatingProfit" : 1561.51,
    "netProfitMargin" : 14.84,
    "netProfit" : 1072.82
  }, {
    "date" : "2010-03-31",
    "sales" : 13944.65,
    "salesGrowthYoY" : 28.52,
    "grossProfitMargin" : 42.43,
    "grossProfit" : 5916.71,
    "operatingProfitMargin" : 20.60,
    "operatingProfit" : 2872.60,
    "netProfitMargin" : 13.69,
    "netProfit" : 1909.02
  }, {
    "date" : "2010-06-30",
    "sales" : 6601.04,
    "salesGrowthYoY" : 16.39,
    "grossProfitMargin" : 42.29,
    "grossProfit" : 2791.58,
    "operatingProfitMargin" : 14.62,
    "operatingProfit" : 965.07,
    "netProfitMargin" : 10.11,
    "netProfit" : 667.37
  }, {
    "date" : "2010-09-30",
    "sales" : 8490.65,
    "salesGrowthYoY" : 26.21,
    "grossProfitMargin" : 41.53,
    "grossProfit" : 3526.17,
    "operatingProfitMargin" : 19.23,
    "operatingProfit" : 1632.75,
    "netProfitMargin" : 13.45,
    "netProfit" : 1141.99
  }, {
    "date" : "2010-12-31",
    "sales" : 9023.32,
    "salesGrowthYoY" : 24.82,
    "grossProfitMargin" : 46.70,
    "grossProfit" : 4213.89,
    "operatingProfitMargin" : 22.96,
    "operatingProfit" : 2071.75,
    "netProfitMargin" : 15.55,
    "netProfit" : 1403.13
  }, {
    "date" : "2011-03-31",
    "sales" : 18221.65,
    "salesGrowthYoY" : 30.67,
    "grossProfitMargin" : 50.83,
    "grossProfit" : 9262.06,
    "operatingProfitMargin" : 22.44,
    "operatingProfit" : 4088.94,
    "netProfitMargin" : 15.36,
    "netProfit" : 2798.85
  }, {
    "date" : "2011-06-30",
    "sales" : 7216.96,
    "salesGrowthYoY" : 9.33,
    "grossProfitMargin" : 42.50,
    "grossProfit" : 3067.21,
    "operatingProfitMargin" : 14.11,
    "operatingProfit" : 1018.31,
    "netProfitMargin" : 11.30,
    "netProfit" : 815.52
  }, {
    "date" : "2011-09-30",
    "sales" : 10475.32,
    "salesGrowthYoY" : 23.37,
    "grossProfitMargin" : 41.60,
    "grossProfit" : 4357.73,
    "operatingProfitMargin" : 17.77,
    "operatingProfit" : 1861.46,
    "netProfitMargin" : 13.48,
    "netProfit" : 1412.07
  }, {
    "date" : "2011-12-31",
    "sales" : 10659.31,
    "salesGrowthYoY" : 18.13,
    "grossProfitMargin" : 43.58,
    "grossProfit" : 4645.33,
    "operatingProfitMargin" : 19.11,
    "operatingProfit" : 2036.99,
    "netProfitMargin" : 13.44,
    "netProfit" : 1432.61
  }, {
    "date" : "2012-03-31",
    "sales" : 19627.30,
    "salesGrowthYoY" : 7.71,
    "grossProfitMargin" : 43.27,
    "grossProfit" : 8492.73,
    "operatingProfitMargin" : 25.33,
    "operatingProfit" : 4971.60,
    "netProfitMargin" : 17.22,
    "netProfit" : 3379.82
  }, {
    "date" : "2012-06-30",
    "sales" : 8439.01,
    "salesGrowthYoY" : 16.93,
    "grossProfitMargin" : 42.44,
    "grossProfit" : 3581.52,
    "operatingProfitMargin" : 14.25,
    "operatingProfit" : 1202.56,
    "netProfitMargin" : 10.91,
    "netProfit" : 920.70
  }, {
    "date" : "2012-09-30",
    "sales" : 10561.55,
    "salesGrowthYoY" : 0.82,
    "grossProfitMargin" : 41.93,
    "grossProfit" : 4428.46,
    "operatingProfitMargin" : 17.98,
    "operatingProfit" : 1898.97,
    "netProfitMargin" : 12.07,
    "netProfit" : 1274.78
  }, {
    "date" : "2012-12-31",
    "sales" : 10219.71,
    "salesGrowthYoY" : -4.12,
    "grossProfitMargin" : 43.87,
    "grossProfit" : 4483.39,
    "operatingProfitMargin" : 15.99,
    "operatingProfit" : 1634.13,
    "netProfitMargin" : 11.56,
    "netProfit" : 1181.40
  }, {
    "date" : "2013-03-31",
    "sales" : 19204.38,
    "salesGrowthYoY" : -2.15,
    "grossProfitMargin" : 44.65,
    "grossProfit" : 8574.76,
    "operatingProfitMargin" : 24.22,
    "operatingProfit" : 4651.30,
    "netProfitMargin" : 16.86,
    "netProfit" : 3237.86
  }, {
    "date" : "2013-06-30",
    "sales" : 6458.12,
    "salesGrowthYoY" : -23.47,
    "grossProfitMargin" : 43.73,
    "grossProfit" : 2824.14,
    "operatingProfitMargin" : 6.02,
    "operatingProfit" : 388.78,
    "netProfitMargin" : 7.21,
    "netProfit" : 465.63
  }, {
    "date" : "2013-09-30",
    "sales" : 8984.35,
    "salesGrowthYoY" : -14.93,
    "grossProfitMargin" : 40.65,
    "grossProfit" : 3652.14,
    "operatingProfitMargin" : 4.58,
    "operatingProfit" : 411.48,
    "netProfitMargin" : 5.07,
    "netProfit" : 455.51
  }, {
    "date" : "2013-12-31",
    "sales" : 8634.85,
    "salesGrowthYoY" : -15.51,
    "grossProfitMargin" : 43.48,
    "grossProfit" : 3754.43,
    "operatingProfitMargin" : 11.42,
    "operatingProfit" : 986.10,
    "netProfitMargin" : 8.05,
    "netProfit" : 695.11
  }, {
    "date" : "2014-03-31",
    "sales" : 15031.51,
    "salesGrowthYoY" : -21.73,
    "grossProfitMargin" : 42.30,
    "grossProfit" : 6358.33,
    "operatingProfitMargin" : 18.14,
    "operatingProfit" : 2726.72,
    "netProfitMargin" : 12.27,
    "netProfit" : 1844.37
  }, {
    "date" : "2014-06-30",
    "sales" : 5154.97,
    "salesGrowthYoY" : -20.18,
    "grossProfitMargin" : 49.63,
    "grossProfit" : 2558.41,
    "operatingProfitMargin" : 4.23,
    "operatingProfit" : 218.06,
    "netProfitMargin" : 3.75,
    "netProfit" : 193.31
  }, {
    "date" : "2014-09-30",
    "sales" : 6144.02,
    "salesGrowthYoY" : -31.61,
    "grossProfitMargin" : 44.11,
    "grossProfit" : 2710.13,
    "operatingProfitMargin" : 4.75,
    "operatingProfit" : 291.84,
    "netProfitMargin" : 2.03,
    "netProfit" : 124.72
  }, {
    "date" : "2014-12-31",
    "sales" : 6197.96,
    "salesGrowthYoY" : -28.22,
    "grossProfitMargin" : 46.29,
    "grossProfit" : 2869.04,
    "operatingProfitMargin" : 4.74,
    "operatingProfit" : 293.78,
    "netProfitMargin" : 3.43,
    "netProfit" : 212.59
  }, {
    "date" : "2015-03-31",
    "sales" : 12745.19,
    "salesGrowthYoY" : -15.21,
    "grossProfitMargin" : 40.68,
    "grossProfit" : 5184.74,
    "operatingProfitMargin" : 13.12,
    "operatingProfit" : 1672.17,
    "netProfitMargin" : 6.97,
    "netProfit" : 888.34
  }, {
    "date" : "2015-06-30",
    "sales" : 4367.70,
    "salesGrowthYoY" : -15.27,
    "grossProfitMargin" : 45.62,
    "grossProfit" : 1992.54,
    "operatingProfitMargin" : -4.19,
    "operatingProfit" : -183.01,
    "netProfitMargin" : 1.15,
    "netProfit" : 50.23
  }, {
    "date" : "2015-09-30",
    "sales" : 5940.65,
    "salesGrowthYoY" : -3.31,
    "grossProfitMargin" : 34.18,
    "grossProfit" : 2030.51,
    "operatingProfitMargin" : -7.37,
    "operatingProfit" : -437.83,
    "netProfitMargin" : -3.04,
    "netProfit" : -180.60
  }, {
    "date" : "2015-12-31",
    "sales" : 5327.24,
    "salesGrowthYoY" : -14.05,
    "grossProfitMargin" : 35.25,
    "grossProfit" : 1877.85,
    "operatingProfitMargin" : -30.26,
    "operatingProfit" : -1612.02,
    "netProfitMargin" : -20.37,
    "netProfit" : -1085.16
  }, {
    "date" : "2016-03-31",
    "sales" : 9977.15,
    "salesGrowthYoY" : -21.72,
    "grossProfitMargin" : 36.01,
    "grossProfit" : 3592.77,
    "operatingProfitMargin" : 8.68,
    "operatingProfit" : 866.02,
    "netProfitMargin" : 5.07,
    "netProfit" : 505.84
  }, {
    "date" : "2016-06-30",
    "sales" : 5611.84,
    "salesGrowthYoY" : 28.49,
    "grossProfitMargin" : 36.80,
    "grossProfit" : 2065.16,
    "operatingProfitMargin" : 1.27,
    "operatingProfit" : 71.27,
    "netProfitMargin" : 1.39,
    "netProfit" : 78.00
  }, {
    "date" : "2016-09-30",
    "sales" : 6601.24,
    "salesGrowthYoY" : 11.12,
    "grossProfitMargin" : 35.01,
    "grossProfit" : 2311.09,
    "operatingProfitMargin" : 2.35,
    "operatingProfit" : 155.13,
    "netProfitMargin" : 1.65,
    "netProfit" : 108.92
  }, {
    "date" : "2016-12-31",
    "sales" : 6320.95,
    "salesGrowthYoY" : 18.65,
    "grossProfitMargin" : 37.37,
    "grossProfit" : 2362.14,
    "operatingProfitMargin" : 3.54,
    "operatingProfit" : 223.76,
    "netProfitMargin" : 1.48,
    "netProfit" : 93.55
  }, {
    "date" : "2017-03-31",
    "sales" : 9779.47,
    "salesGrowthYoY" : -1.98,
    "grossProfitMargin" : 45.66,
    "grossProfit" : 4465.31,
    "operatingProfitMargin" : 5.81,
    "operatingProfit" : 568.19,
    "netProfitMargin" : 2.20,
    "netProfit" : 215.15
  }, {
    "date" : "2017-06-30",
    "sales" : 5583.37,
    "salesGrowthYoY" : -0.51,
    "grossProfitMargin" : 40.98,
    "grossProfit" : 2288.07,
    "operatingProfitMargin" : 3.63,
    "operatingProfit" : 202.68,
    "netProfitMargin" : 1.45,
    "netProfit" : 80.96
  }, {
    "date" : "2017-09-30",
    "sales" : 6463.16,
    "salesGrowthYoY" : -2.09,
    "grossProfitMargin" : 40.82,
    "grossProfit" : 2638.26,
    "operatingProfitMargin" : 2.65,
    "operatingProfit" : 171.27,
    "netProfitMargin" : 1.79,
    "netProfit" : 115.69
  }, {
    "date" : "2017-12-31",
    "sales" : 6666.14,
    "salesGrowthYoY" : 5.46,
    "grossProfitMargin" : 41.59,
    "grossProfit" : 2772.45,
    "operatingProfitMargin" : 3.98,
    "operatingProfit" : 265.31,
    "netProfitMargin" : 2.30,
    "netProfit" : 153.32
  }, {
    "date" : "2018-03-31",
    "sales" : 10213.04,
    "salesGrowthYoY" : 4.43,
    "grossProfitMargin" : 49.78,
    "grossProfit" : 5084.05,
    "operatingProfitMargin" : 12.65,
    "operatingProfit" : 1291.95,
    "netProfitMargin" : 4.48,
    "netProfit" : 457.54
  }, {
    "date" : "2018-06-30",
    "sales" : 5935.49,
    "salesGrowthYoY" : 6.31,
    "grossProfitMargin" : 43.26,
    "grossProfit" : 2567.69,
    "operatingProfitMargin" : 4.84,
    "operatingProfit" : 287.28,
    "netProfitMargin" : 2.62,
    "netProfit" : 155.51
  }, {
    "date" : "2018-09-30",
    "sales" : 6779.88,
    "salesGrowthYoY" : 4.90,
    "grossProfitMargin" : 41.36,
    "grossProfit" : 2804.16,
    "operatingProfitMargin" : 3.55,
    "operatingProfit" : 240.69,
    "netProfitMargin" : 2.73,
    "netProfit" : 185.09
  }, {
    "date" : "2018-12-31",
    "sales" : 7336.42,
    "salesGrowthYoY" : 10.05,
    "grossProfitMargin" : 37.56,
    "grossProfit" : 2755.56,
    "operatingProfitMargin" : 2.98,
    "operatingProfit" : 218.63,
    "netProfitMargin" : 2.62,
    "netProfit" : 192.21
  }, {
    "date" : "2019-03-31",
    "sales" : 10370.89,
    "salesGrowthYoY" : 1.55,
    "grossProfitMargin" : 42.89,
    "grossProfit" : 4448.07,
    "operatingProfitMargin" : 13.36,
    "operatingProfit" : 1385.55,
    "netProfitMargin" : 6.52,
    "netProfit" : 676.18
  }, {
    "date" : "2019-06-30",
    "sales" : 4531.68,
    "salesGrowthYoY" : -23.65,
    "grossProfitMargin" : 42.47,
    "grossProfit" : 1924.60,
    "operatingProfitMargin" : -5.89,
    "operatingProfit" : -266.92,
    "netProfitMargin" : -4.77,
    "netProfit" : -216.16
  }, {
    "date" : "2019-09-30",
    "sales" : 6225.72,
    "salesGrowthYoY" : -8.17,
    "grossProfitMargin" : 37.20,
    "grossProfit" : 2315.97,
    "operatingProfitMargin" : 4.29,
    "operatingProfit" : 267.08,
    "netProfitMargin" : 1.90,
    "netProfit" : 118.29
  }, {
    "date" : "2019-12-31",
    "sales" : 5679.35,
    "salesGrowthYoY" : -22.59,
    "grossProfitMargin" : 36.61,
    "grossProfit" : 2079.21,
    "operatingProfitMargin" : 5.79,
    "operatingProfit" : 328.83,
    "netProfitMargin" : 2.80,
    "netProfit" : 159.02
  }, {
    "date" : "2020-03-31",
    "sales" : 5022.44,
    "salesGrowthYoY" : -51.57,
    "grossProfitMargin" : 28.98,
    "grossProfit" : 1455.50,
    "operatingProfitMargin" : -11.18,
    "operatingProfit" : -561.51,
    "netProfitMargin" : -30.55,
    "netProfit" : -1534.36
  }, {
    "date" : "2020-06-30",
    "sales" : 1990.90,
    "salesGrowthYoY" : -56.07,
    "grossProfitMargin" : 34.12,
    "grossProfit" : 679.30,
    "operatingProfitMargin" : -53.19,
    "operatingProfit" : -1058.96,
    "netProfitMargin" : -45.06,
    "netProfit" : -897.10
  }, {
    "date" : "2020-09-30",
    "sales" : 3695.17,
    "salesGrowthYoY" : -40.65,
    "grossProfitMargin" : 35.51,
    "grossProfit" : 1312.15,
    "operatingProfitMargin" : -17.12,
    "operatingProfit" : -632.61,
    "netProfitMargin" : -15.05,
    "netProfit" : -556.12
  }, {
    "date" : "2020-12-31",
    "sales" : 4451.36,
    "salesGrowthYoY" : -21.62,
    "grossProfitMargin" : 33.93,
    "grossProfit" : 1510.35,
    "operatingProfitMargin" : -4.03,
    "operatingProfit" : -179.39,
    "netProfitMargin" : -5.19,
    "netProfit" : -231.03
  }, {
    "date" : "2021-03-31",
    "sales" : 7171.01,
    "salesGrowthYoY" : 42.78,
    "grossProfitMargin" : 50.93,
    "grossProfit" : 3652.20,
    "operatingProfitMargin" : -17.63,
    "operatingProfit" : -1264.25,
    "netProfitMargin" : -14.40,
    "netProfit" : -1032.63
  }, {
    "date" : "2021-06-30",
    "sales" : 2901.32,
    "salesGrowthYoY" : 45.73,
    "grossProfitMargin" : 33.23,
    "grossProfit" : 964.11,
    "operatingProfitMargin" : -16.34,
    "operatingProfit" : -474.08,
    "netProfitMargin" : -15.35,
    "netProfit" : -445.35
  }, {
    "date" : "2021-09-30",
    "sales" : 5112.19,
    "salesGrowthYoY" : 38.35,
    "grossProfitMargin" : 33.92,
    "grossProfit" : 1734.05,
    "operatingProfitMargin" : -0.57,
    "operatingProfit" : -29.14,
    "netProfitMargin" : -1.32,
    "netProfit" : -67.48
  }, {
    "date" : "2021-12-31",
    "sales" : 5135.90,
    "salesGrowthYoY" : 15.38,
    "grossProfitMargin" : 60.73,
    "grossProfit" : 3119.03,
    "operatingProfitMargin" : 1.74,
    "operatingProfit" : 89.36,
    "netProfitMargin" : 0.28,
    "netProfit" : 14.38
  }, {
    "date" : "2022-03-31",
    "sales" : 8061.68,
    "salesGrowthYoY" : 12.42,
    "grossProfitMargin" : 48.38,
    "grossProfit" : 3900.24,
    "operatingProfitMargin" : 14.29,
    "operatingProfit" : 1152.01,
    "netProfitMargin" : 11.27,
    "netProfit" : 908.55
  }, {
    "date" : "2022-06-30",
    "sales" : 4672.00,
    "salesGrowthYoY" : 61.03,
    "grossProfitMargin" : 59.40,
    "grossProfit" : 2775.17,
    "operatingProfitMargin" : -3.64,
    "operatingProfit" : -170.06,
    "netProfitMargin" : -4.11,
    "netProfit" : -192.02
  }, {
    "date" : "2022-09-30",
    "sales" : 5202.57,
    "salesGrowthYoY" : 1.77,
    "grossProfitMargin" : 57.42,
    "grossProfit" : 2987.32,
    "operatingProfitMargin" : -4.69,
    "operatingProfit" : -244.00,
    "netProfitMargin" : 0.20,
    "netProfit" : 10.41
  }, {
    "date" : "2022-12-31",
    "sales" : 5263.38,
    "salesGrowthYoY" : 2.48,
    "grossProfitMargin" : 55.18,
    "grossProfit" : 2904.33,
    "operatingProfitMargin" : 2.74,
    "operatingProfit" : 144.22,
    "netProfitMargin" : 0.59,
    "netProfit" : 31.05
  }, {
    "date" : "2023-03-31",
    "sales" : 8226.99,
    "salesGrowthYoY" : 2.05,
    "grossProfitMargin" : 31.11,
    "grossProfit" : 2559.42,
    "operatingProfitMargin" : 12.75,
    "operatingProfit" : 1048.94,
    "netProfitMargin" : 7.84,
    "netProfit" : 645.00
  }, {
    "date" : "2023-06-30",
    "sales" : 5003.43,
    "salesGrowthYoY" : 7.09,
    "grossProfitMargin" : 29.09,
    "grossProfit" : 1455.50,
    "operatingProfitMargin" : -3.56,
    "operatingProfit" : -178.12,
    "netProfitMargin" : -4.25,
    "netProfit" : -212.65
  }, {
    "date" : "2023-09-30",
    "sales" : 5125.29,
    "salesGrowthYoY" : -1.49,
    "grossProfitMargin" : 27.63,
    "grossProfit" : 1416.12,
    "operatingProfitMargin" : -3.00,
    "operatingProfit" : -153.76,
    "netProfitMargin" : -1.14,
    "netProfit" : -58.43
  }, {
    "date" : "2023-12-31",
    "sales" : 5503.81,
    "salesGrowthYoY" : 4.57,
    "grossProfitMargin" : 26.79,
    "grossProfit" : 1474.47,
    "operatingProfitMargin" : 3.93,
    "operatingProfit" : 216.30,
    "netProfitMargin" : 0.84,
    "netProfit" : 46.23
  }, {
    "date" : "2024-03-31",
    "sales" : 8260.25,
    "salesGrowthYoY" : 0.40,
    "grossProfitMargin" : 33.17,
    "grossProfit" : 2739.92,
    "operatingProfitMargin" : 8.81,
    "operatingProfit" : 727.73,
    "netProfitMargin" : 5.86,
    "netProfit" : 484.05
  }, {
    "date" : "2024-06-30",
    "sales" : 5484.92,
    "salesGrowthYoY" : 9.62,
    "grossProfitMargin" : 29.30,
    "grossProfit" : 1607.08,
    "operatingProfitMargin" : -3.09,
    "operatingProfit" : -169.48,
    "netProfitMargin" : -3.87,
    "netProfit" : -212.27
  }, {
    "date" : "2024-09-30",
    "sales" : 6584.10,
    "salesGrowthYoY" : 28.46,
    "grossProfitMargin" : 32.71,
    "grossProfit" : 2153.66,
    "operatingProfitMargin" : 4.18,
    "operatingProfit" : 275.22,
    "netProfitMargin" : 1.47,
    "netProfit" : 96.79
  }, {
    "date" : "2024-12-31",
    "sales" : 7277.09,
    "salesGrowthYoY" : 32.22,
    "grossProfitMargin" : 37.01,
    "grossProfit" : 2693.25,
    "operatingProfitMargin" : 4.18,
    "operatingProfit" : 304.18,
    "netProfitMargin" : 1.71,
    "netProfit" : 124.44
  }, {
    "date" : "2025-03-31",
    "sales" : 8993.37,
    "salesGrowthYoY" : 8.88,
    "grossProfitMargin" : 33.80,
    "grossProfit" : 3039.76,
    "operatingProfitMargin" : 9.25,
    "operatingProfit" : 831.89,
    "netProfitMargin" : 5.60,
    "netProfit" : 503.63
  }, {
    "date" : "2025-06-30",
    "sales" : 5486.91,
    "salesGrowthYoY" : 0.04,
    "grossProfitMargin" : 29.17,
    "grossProfit" : 1600.53,
    "operatingProfitMargin" : -9.79,
    "operatingProfit" : -537.17,
    "netProfitMargin" : -8.29,
    "netProfit" : -454.86
  }, {
    "date" : "2025-09-30",
    "sales" : 7511.80,
    "salesGrowthYoY" : 14.09,
    "grossProfitMargin" : 30.60,
    "grossProfit" : 2298.61,
    "operatingProfitMargin" : 7.73,
    "operatingProfit" : 580.66,
    "netProfitMargin" : 4.89,
    "netProfit" : 367.33
  }, {
    "date" : "2025-12-31",
    "sales" : 8473.10,
    "salesGrowthYoY" : 16.44,
    "grossProfitMargin" : 30.81,
    "grossProfit" : 2610.56,
    "operatingProfitMargin" : 6.44,
    "operatingProfit" : 545.67,
    "netProfitMargin" : 4.51,
    "netProfit" : 382.14
  } ],
  "latestQuarterlyResult" : {
    "date" : "2025-12-31",
    "sales" : 8473.10,
    "salesGrowthYoY" : 16.44,
    "grossProfitMargin" : 30.81,
    "grossProfit" : 2610.56,
    "operatingProfitMargin" : 6.44,
    "operatingProfit" : 545.67,
    "netProfitMargin" : 4.51,
    "netProfit" : 382.14
  },
  "companyScore" : {
    "priceHigherThanDma50" : 0.00,
    "priceHigherThanDma100" : 0.00,
    "priceHigherThanDma200" : 5.00,
    "dma50HigherThanDma100" : 0.00,
    "dma50HigherThanDma200" : 5.00,
    "dma100HigherThanDma200" : 5.00,
    "pricePercentageAboveDma50" : 5.16,
    "pricePercentageAboveDma100" : 5.16,
    "pricePercentageAboveDma200" : 4.96,
    "weeklyVolumeHigherThanYearlyVolume" : 5.00,
    "salesGrowthPercentile" : 12.75,
    "operatingProfitMarginPercentile" : 15.19,
    "netProfitMarginPercentile" : 7.94,
    "totalTechnicalScore" : 35.29,
    "totalFundamentalScore" : 35.88,
    "totalScore" : 71.17
  }
}