{
  "metadata" : {
    "screenerCompanyId" : "487",
    "companyCode" : "BIOCON",
    "companyName" : "Biocon",
    "screenerCompanyLink" : "https://www.screener.in/company/BIOCON/consolidated/",
    "screenerTechnicalHistoryLink" : "https://www.screener.in/api/company/487/chart/?q=Price-DMA50-DMA200-Volume&days=365",
    "screenerQuarterlyResultsLink" : "https://www.screener.in/api/company/487/chart/?q=GPM-OPM-NPM-Quarter+Sales&days=10000",
    "attributes" : {
      "companyCode" : "BIOCON",
      "companyName" : "Biocon",
      "marketCap" : 53412.00,
      "peRatio" : 113.00,
      "description" : "Biocon is engaged in the business of manufacture of biotechnology products and research services.(Source : 202003-01 Annual Report Page No:195)"
    },
    "companyScore" : {
      "priceHigherThanDma50" : 5.00,
      "priceHigherThanDma100" : 5.00,
      "priceHigherThanDma200" : 5.00,
      "dma50HigherThanDma100" : 5.00,
      "dma50HigherThanDma200" : 5.00,
      "dma100HigherThanDma200" : 5.00,
      "pricePercentageAboveDma50" : 4.82,
      "pricePercentageAboveDma100" : 4.64,
      "pricePercentageAboveDma200" : 4.54,
      "weeklyVolumeHigherThanYearlyVolume" : 0.00,
      "salesGrowthPercentile" : 11.65,
      "operatingProfitMarginPercentile" : 6.03,
      "netProfitMarginPercentile" : 4.13,
      "totalTechnicalScore" : 44.00,
      "totalFundamentalScore" : 21.80,
      "totalScore" : 65.80
    }
  },
  "attributes" : {
    "companyCode" : "BIOCON",
    "companyName" : "Biocon",
    "marketCap" : 53412.00,
    "peRatio" : 113.00,
    "description" : "Biocon is engaged in the business of manufacture of biotechnology products and research services.(Source : 202003-01 Annual Report Page No:195)"
  },
  "technicalHistory" : [ {
    "date" : "2024-12-23",
    "price" : 329.55,
    "dma50" : 349.15,
    "dma100" : null,
    "dma200" : 330.27,
    "volume" : 2075700.00
  }, {
    "date" : "2024-12-24",
    "price" : 344.50,
    "dma50" : 348.97,
    "dma100" : null,
    "dma200" : 330.41,
    "volume" : 7133051.00
  }, {
    "date" : "2024-12-26",
    "price" : 346.45,
    "dma50" : 348.87,
    "dma100" : null,
    "dma200" : 330.57,
    "volume" : 3249525.00
  }, {
    "date" : "2024-12-27",
    "price" : 352.55,
    "dma50" : 349.01,
    "dma100" : null,
    "dma200" : 330.79,
    "volume" : 2706521.00
  }, {
    "date" : "2024-12-30",
    "price" : 367.70,
    "dma50" : 349.75,
    "dma100" : null,
    "dma200" : 331.15,
    "volume" : 9005147.00
  }, {
    "date" : "2024-12-31",
    "price" : 365.35,
    "dma50" : 350.36,
    "dma100" : null,
    "dma200" : 331.50,
    "volume" : 1692024.00
  }, {
    "date" : "2025-01-01",
    "price" : 368.80,
    "dma50" : 351.08,
    "dma100" : null,
    "dma200" : 331.87,
    "volume" : 1603333.00
  }, {
    "date" : "2025-01-02",
    "price" : 373.25,
    "dma50" : 351.95,
    "dma100" : null,
    "dma200" : 332.28,
    "volume" : 2133672.00
  }, {
    "date" : "2025-01-03",
    "price" : 369.25,
    "dma50" : 352.63,
    "dma100" : null,
    "dma200" : 332.65,
    "volume" : 2207335.00
  }, {
    "date" : "2025-01-06",
    "price" : 358.10,
    "dma50" : 352.84,
    "dma100" : null,
    "dma200" : 332.90,
    "volume" : 2270121.00
  }, {
    "date" : "2025-01-07",
    "price" : 382.35,
    "dma50" : 354.00,
    "dma100" : null,
    "dma200" : 333.39,
    "volume" : 21202050.00
  }, {
    "date" : "2025-01-08",
    "price" : 371.20,
    "dma50" : 354.68,
    "dma100" : null,
    "dma200" : 333.77,
    "volume" : 3413837.00
  }, {
    "date" : "2025-01-09",
    "price" : 370.70,
    "dma50" : 355.30,
    "dma100" : null,
    "dma200" : 334.14,
    "volume" : 1807326.00
  }, {
    "date" : "2025-01-10",
    "price" : 360.95,
    "dma50" : 355.53,
    "dma100" : null,
    "dma200" : 334.40,
    "volume" : 2320494.00
  }, {
    "date" : "2025-01-13",
    "price" : 365.20,
    "dma50" : 355.90,
    "dma100" : null,
    "dma200" : 334.71,
    "volume" : 24448946.00
  }, {
    "date" : "2025-01-14",
    "price" : 387.65,
    "dma50" : 357.15,
    "dma100" : null,
    "dma200" : 335.24,
    "volume" : 17569295.00
  }, {
    "date" : "2025-01-15",
    "price" : 382.05,
    "dma50" : 358.13,
    "dma100" : null,
    "dma200" : 335.70,
    "volume" : 6192760.00
  }, {
    "date" : "2025-01-16",
    "price" : 393.15,
    "dma50" : 359.50,
    "dma100" : null,
    "dma200" : 336.27,
    "volume" : 11032055.00
  }, {
    "date" : "2025-01-17",
    "price" : 393.70,
    "dma50" : 360.84,
    "dma100" : null,
    "dma200" : 336.84,
    "volume" : 6341156.00
  }, {
    "date" : "2025-01-20",
    "price" : 401.55,
    "dma50" : 362.44,
    "dma100" : null,
    "dma200" : 337.49,
    "volume" : 8242631.00
  }, {
    "date" : "2025-01-21",
    "price" : 390.55,
    "dma50" : 363.54,
    "dma100" : null,
    "dma200" : 338.02,
    "volume" : 4809901.00
  }, {
    "date" : "2025-01-22",
    "price" : 388.05,
    "dma50" : 364.50,
    "dma100" : null,
    "dma200" : 338.51,
    "volume" : 2924594.00
  }, {
    "date" : "2025-01-23",
    "price" : 397.30,
    "dma50" : 365.79,
    "dma100" : null,
    "dma200" : 339.10,
    "volume" : 3319365.00
  }, {
    "date" : "2025-01-24",
    "price" : 388.25,
    "dma50" : 366.67,
    "dma100" : null,
    "dma200" : 339.59,
    "volume" : 2994949.00
  }, {
    "date" : "2025-01-27",
    "price" : 370.25,
    "dma50" : 366.81,
    "dma100" : null,
    "dma200" : 339.89,
    "volume" : 3481586.00
  }, {
    "date" : "2025-01-28",
    "price" : 359.90,
    "dma50" : 366.54,
    "dma100" : null,
    "dma200" : 340.09,
    "volume" : 4020342.00
  }, {
    "date" : "2025-01-29",
    "price" : 355.70,
    "dma50" : 366.11,
    "dma100" : null,
    "dma200" : 340.25,
    "volume" : 4294993.00
  }, {
    "date" : "2025-01-30",
    "price" : 357.00,
    "dma50" : 365.76,
    "dma100" : null,
    "dma200" : 340.41,
    "volume" : 3571897.00
  }, {
    "date" : "2025-01-31",
    "price" : 362.55,
    "dma50" : 365.63,
    "dma100" : null,
    "dma200" : 340.63,
    "volume" : 7703207.00
  }, {
    "date" : "2025-02-01",
    "price" : 370.45,
    "dma50" : 365.82,
    "dma100" : null,
    "dma200" : 340.93,
    "volume" : 2336899.00
  }, {
    "date" : "2025-02-03",
    "price" : 364.45,
    "dma50" : 365.76,
    "dma100" : null,
    "dma200" : 341.16,
    "volume" : 1713795.00
  }, {
    "date" : "2025-02-04",
    "price" : 371.05,
    "dma50" : 365.97,
    "dma100" : null,
    "dma200" : 341.46,
    "volume" : 2889644.00
  }, {
    "date" : "2025-02-05",
    "price" : 390.25,
    "dma50" : 366.92,
    "dma100" : null,
    "dma200" : 341.95,
    "volume" : 8008099.00
  }, {
    "date" : "2025-02-06",
    "price" : 396.95,
    "dma50" : 368.10,
    "dma100" : null,
    "dma200" : 342.49,
    "volume" : 6924239.00
  }, {
    "date" : "2025-02-07",
    "price" : 386.80,
    "dma50" : 368.84,
    "dma100" : null,
    "dma200" : 342.94,
    "volume" : 2524071.00
  }, {
    "date" : "2025-02-10",
    "price" : 377.15,
    "dma50" : 369.16,
    "dma100" : null,
    "dma200" : 343.28,
    "volume" : 1787361.00
  }, {
    "date" : "2025-02-11",
    "price" : 362.00,
    "dma50" : 368.88,
    "dma100" : null,
    "dma200" : 343.46,
    "volume" : 2058497.00
  }, {
    "date" : "2025-02-12",
    "price" : 355.95,
    "dma50" : 368.37,
    "dma100" : null,
    "dma200" : 343.59,
    "volume" : 4125413.00
  }, {
    "date" : "2025-02-13",
    "price" : 359.30,
    "dma50" : 368.02,
    "dma100" : null,
    "dma200" : 343.74,
    "volume" : 2867711.00
  }, {
    "date" : "2025-02-14",
    "price" : 349.35,
    "dma50" : 367.29,
    "dma100" : null,
    "dma200" : 343.80,
    "volume" : 3252786.00
  }, {
    "date" : "2025-02-17",
    "price" : 347.55,
    "dma50" : 366.51,
    "dma100" : null,
    "dma200" : 343.84,
    "volume" : 2904019.00
  }, {
    "date" : "2025-02-18",
    "price" : 338.20,
    "dma50" : 365.40,
    "dma100" : null,
    "dma200" : 343.78,
    "volume" : 3429679.00
  }, {
    "date" : "2025-02-19",
    "price" : 336.80,
    "dma50" : 364.28,
    "dma100" : null,
    "dma200" : 343.71,
    "volume" : 3292184.00
  }, {
    "date" : "2025-02-20",
    "price" : 336.00,
    "dma50" : 363.17,
    "dma100" : null,
    "dma200" : 343.63,
    "volume" : 3806454.00
  }, {
    "date" : "2025-02-21",
    "price" : 322.50,
    "dma50" : 361.58,
    "dma100" : null,
    "dma200" : 343.42,
    "volume" : 5438765.00
  }, {
    "date" : "2025-02-24",
    "price" : 320.85,
    "dma50" : 359.98,
    "dma100" : null,
    "dma200" : 343.20,
    "volume" : 2661009.00
  }, {
    "date" : "2025-02-25",
    "price" : 321.20,
    "dma50" : 358.46,
    "dma100" : null,
    "dma200" : 342.98,
    "volume" : 4246564.00
  }, {
    "date" : "2025-02-27",
    "price" : 311.85,
    "dma50" : 356.63,
    "dma100" : null,
    "dma200" : 342.67,
    "volume" : 3998378.00
  }, {
    "date" : "2025-02-28",
    "price" : 302.45,
    "dma50" : 354.51,
    "dma100" : null,
    "dma200" : 342.27,
    "volume" : 4871108.00
  }, {
    "date" : "2025-03-03",
    "price" : 305.05,
    "dma50" : 352.57,
    "dma100" : null,
    "dma200" : 341.90,
    "volume" : 3766815.00
  }, {
    "date" : "2025-03-04",
    "price" : 314.80,
    "dma50" : 351.08,
    "dma100" : null,
    "dma200" : 341.63,
    "volume" : 3771653.00
  }, {
    "date" : "2025-03-05",
    "price" : 324.85,
    "dma50" : 350.06,
    "dma100" : null,
    "dma200" : 341.46,
    "volume" : 6160370.00
  }, {
    "date" : "2025-03-06",
    "price" : 333.00,
    "dma50" : 349.39,
    "dma100" : null,
    "dma200" : 341.38,
    "volume" : 3282631.00
  }, {
    "date" : "2025-03-07",
    "price" : 333.70,
    "dma50" : 348.77,
    "dma100" : null,
    "dma200" : 341.30,
    "volume" : 4025390.00
  }, {
    "date" : "2025-03-10",
    "price" : 328.15,
    "dma50" : 347.96,
    "dma100" : null,
    "dma200" : 341.17,
    "volume" : 2028399.00
  }, {
    "date" : "2025-03-11",
    "price" : 328.90,
    "dma50" : 347.22,
    "dma100" : null,
    "dma200" : 341.05,
    "volume" : 1611152.00
  }, {
    "date" : "2025-03-12",
    "price" : 325.10,
    "dma50" : 346.35,
    "dma100" : null,
    "dma200" : 340.89,
    "volume" : 1881548.00
  }, {
    "date" : "2025-03-13",
    "price" : 323.05,
    "dma50" : 345.43,
    "dma100" : null,
    "dma200" : 340.71,
    "volume" : 1540917.00
  }, {
    "date" : "2025-03-17",
    "price" : 333.25,
    "dma50" : 344.96,
    "dma100" : null,
    "dma200" : 340.64,
    "volume" : 2540406.00
  }, {
    "date" : "2025-03-18",
    "price" : 336.35,
    "dma50" : 344.62,
    "dma100" : null,
    "dma200" : 340.60,
    "volume" : 1733511.00
  }, {
    "date" : "2025-03-19",
    "price" : 341.90,
    "dma50" : 344.51,
    "dma100" : null,
    "dma200" : 340.61,
    "volume" : 1725227.00
  }, {
    "date" : "2025-03-20",
    "price" : 341.10,
    "dma50" : 344.38,
    "dma100" : null,
    "dma200" : 340.61,
    "volume" : 1041414.00
  }, {
    "date" : "2025-03-21",
    "price" : 344.10,
    "dma50" : 344.37,
    "dma100" : null,
    "dma200" : 340.65,
    "volume" : 1489312.00
  }, {
    "date" : "2025-03-24",
    "price" : 349.30,
    "dma50" : 344.56,
    "dma100" : null,
    "dma200" : 340.74,
    "volume" : 1203051.00
  }, {
    "date" : "2025-03-25",
    "price" : 348.15,
    "dma50" : 344.70,
    "dma100" : null,
    "dma200" : 340.81,
    "volume" : 1679748.00
  }, {
    "date" : "2025-03-26",
    "price" : 348.30,
    "dma50" : 344.84,
    "dma100" : null,
    "dma200" : 340.88,
    "volume" : 1471283.00
  }, {
    "date" : "2025-03-27",
    "price" : 345.55,
    "dma50" : 344.87,
    "dma100" : null,
    "dma200" : 340.93,
    "volume" : 1442413.00
  }, {
    "date" : "2025-03-28",
    "price" : 341.70,
    "dma50" : 344.75,
    "dma100" : null,
    "dma200" : 340.94,
    "volume" : 2400667.00
  }, {
    "date" : "2025-04-01",
    "price" : 339.10,
    "dma50" : 344.53,
    "dma100" : null,
    "dma200" : 340.92,
    "volume" : 1102259.00
  }, {
    "date" : "2025-04-02",
    "price" : 342.05,
    "dma50" : 344.43,
    "dma100" : null,
    "dma200" : 340.93,
    "volume" : 987332.00
  }, {
    "date" : "2025-04-03",
    "price" : 345.75,
    "dma50" : 344.48,
    "dma100" : null,
    "dma200" : 340.98,
    "volume" : 3784726.00
  }, {
    "date" : "2025-04-04",
    "price" : 327.80,
    "dma50" : 343.83,
    "dma100" : null,
    "dma200" : 340.85,
    "volume" : 3826644.00
  }, {
    "date" : "2025-04-07",
    "price" : 307.50,
    "dma50" : 342.40,
    "dma100" : null,
    "dma200" : 340.52,
    "volume" : 2791588.00
  }, {
    "date" : "2025-04-08",
    "price" : 322.30,
    "dma50" : 341.61,
    "dma100" : null,
    "dma200" : 340.33,
    "volume" : 4250899.00
  }, {
    "date" : "2025-04-09",
    "price" : 306.30,
    "dma50" : 340.23,
    "dma100" : null,
    "dma200" : 340.00,
    "volume" : 3644955.00
  }, {
    "date" : "2025-04-11",
    "price" : 316.55,
    "dma50" : 339.30,
    "dma100" : null,
    "dma200" : 339.76,
    "volume" : 3272271.00
  }, {
    "date" : "2025-04-15",
    "price" : 328.85,
    "dma50" : 338.89,
    "dma100" : null,
    "dma200" : 339.65,
    "volume" : 3399844.00
  }, {
    "date" : "2025-04-16",
    "price" : 329.15,
    "dma50" : 338.51,
    "dma100" : null,
    "dma200" : 339.55,
    "volume" : 1328641.00
  }, {
    "date" : "2025-04-17",
    "price" : 331.30,
    "dma50" : 338.23,
    "dma100" : null,
    "dma200" : 339.47,
    "volume" : 1003165.00
  }, {
    "date" : "2025-04-21",
    "price" : 331.90,
    "dma50" : 337.98,
    "dma100" : null,
    "dma200" : 339.39,
    "volume" : 1896338.00
  }, {
    "date" : "2025-04-22",
    "price" : 333.80,
    "dma50" : 337.81,
    "dma100" : null,
    "dma200" : 339.34,
    "volume" : 2457320.00
  }, {
    "date" : "2025-04-23",
    "price" : 335.70,
    "dma50" : 337.73,
    "dma100" : null,
    "dma200" : 339.30,
    "volume" : 2799379.00
  }, {
    "date" : "2025-04-24",
    "price" : 326.75,
    "dma50" : 337.30,
    "dma100" : null,
    "dma200" : 339.18,
    "volume" : 4922372.00
  }, {
    "date" : "2025-04-25",
    "price" : 311.85,
    "dma50" : 336.30,
    "dma100" : null,
    "dma200" : 338.90,
    "volume" : 4466086.00
  }, {
    "date" : "2025-04-28",
    "price" : 320.85,
    "dma50" : 335.70,
    "dma100" : null,
    "dma200" : 338.72,
    "volume" : 2583699.00
  }, {
    "date" : "2025-04-29",
    "price" : 318.85,
    "dma50" : 335.04,
    "dma100" : null,
    "dma200" : 338.53,
    "volume" : 1313536.00
  }, {
    "date" : "2025-04-30",
    "price" : 321.80,
    "dma50" : 334.52,
    "dma100" : null,
    "dma200" : 338.36,
    "volume" : 2678442.00
  }, {
    "date" : "2025-05-02",
    "price" : 318.90,
    "dma50" : 333.90,
    "dma100" : null,
    "dma200" : 338.17,
    "volume" : 1398357.00
  }, {
    "date" : "2025-05-05",
    "price" : 335.90,
    "dma50" : 333.98,
    "dma100" : null,
    "dma200" : 338.14,
    "volume" : 4868660.00
  }, {
    "date" : "2025-05-06",
    "price" : 341.45,
    "dma50" : 334.27,
    "dma100" : null,
    "dma200" : 338.18,
    "volume" : 7200942.00
  }, {
    "date" : "2025-05-07",
    "price" : 346.50,
    "dma50" : 334.75,
    "dma100" : null,
    "dma200" : 338.26,
    "volume" : 5404894.00
  }, {
    "date" : "2025-05-08",
    "price" : 334.60,
    "dma50" : 334.75,
    "dma100" : null,
    "dma200" : 338.22,
    "volume" : 2715035.00
  }, {
    "date" : "2025-05-09",
    "price" : 329.90,
    "dma50" : 334.56,
    "dma100" : null,
    "dma200" : 338.14,
    "volume" : 6378707.00
  }, {
    "date" : "2025-05-12",
    "price" : 328.15,
    "dma50" : 334.31,
    "dma100" : null,
    "dma200" : 338.04,
    "volume" : 7904229.00
  }, {
    "date" : "2025-05-13",
    "price" : 329.85,
    "dma50" : 334.13,
    "dma100" : null,
    "dma200" : 337.96,
    "volume" : 4710386.00
  }, {
    "date" : "2025-05-14",
    "price" : 338.20,
    "dma50" : 334.29,
    "dma100" : null,
    "dma200" : 337.96,
    "volume" : 3341941.00
  }, {
    "date" : "2025-05-15",
    "price" : 338.60,
    "dma50" : 334.46,
    "dma100" : null,
    "dma200" : 337.97,
    "volume" : 3273224.00
  }, {
    "date" : "2025-05-16",
    "price" : 339.40,
    "dma50" : 334.65,
    "dma100" : null,
    "dma200" : 337.98,
    "volume" : 2070827.00
  }, {
    "date" : "2025-05-19",
    "price" : 341.60,
    "dma50" : 334.93,
    "dma100" : null,
    "dma200" : 338.02,
    "volume" : 1460635.00
  }, {
    "date" : "2025-05-20",
    "price" : 332.50,
    "dma50" : 334.83,
    "dma100" : null,
    "dma200" : 337.96,
    "volume" : 2166111.00
  }, {
    "date" : "2025-05-21",
    "price" : 340.65,
    "dma50" : 335.06,
    "dma100" : 346.86,
    "dma200" : 337.99,
    "volume" : 2359551.00
  }, {
    "date" : "2025-05-22",
    "price" : 333.10,
    "dma50" : 334.98,
    "dma100" : 346.74,
    "dma200" : 337.94,
    "volume" : 2279014.00
  }, {
    "date" : "2025-05-23",
    "price" : 330.75,
    "dma50" : 334.82,
    "dma100" : 346.59,
    "dma200" : 337.87,
    "volume" : 2120909.00
  }, {
    "date" : "2025-05-26",
    "price" : 332.35,
    "dma50" : 334.72,
    "dma100" : 346.38,
    "dma200" : 337.81,
    "volume" : 1397964.00
  }, {
    "date" : "2025-05-27",
    "price" : 335.05,
    "dma50" : 334.73,
    "dma100" : 346.06,
    "dma200" : 337.79,
    "volume" : 1754614.00
  }, {
    "date" : "2025-05-28",
    "price" : 334.35,
    "dma50" : 334.72,
    "dma100" : 345.75,
    "dma200" : 337.75,
    "volume" : 1213344.00
  }, {
    "date" : "2025-05-29",
    "price" : 335.60,
    "dma50" : 334.75,
    "dma100" : 345.42,
    "dma200" : 337.73,
    "volume" : 1138398.00
  }, {
    "date" : "2025-05-30",
    "price" : 335.85,
    "dma50" : 334.80,
    "dma100" : 345.04,
    "dma200" : 337.71,
    "volume" : 1951730.00
  }, {
    "date" : "2025-06-02",
    "price" : 334.00,
    "dma50" : 334.76,
    "dma100" : 344.69,
    "dma200" : 337.68,
    "volume" : 1210542.00
  }, {
    "date" : "2025-06-03",
    "price" : 337.20,
    "dma50" : 334.86,
    "dma100" : 344.48,
    "dma200" : 337.67,
    "volume" : 3291055.00
  }, {
    "date" : "2025-06-04",
    "price" : 336.40,
    "dma50" : 334.92,
    "dma100" : 344.02,
    "dma200" : 337.66,
    "volume" : 958384.00
  }, {
    "date" : "2025-06-05",
    "price" : 330.60,
    "dma50" : 334.75,
    "dma100" : 343.61,
    "dma200" : 337.59,
    "volume" : 3992527.00
  }, {
    "date" : "2025-06-06",
    "price" : 330.05,
    "dma50" : 334.57,
    "dma100" : 343.21,
    "dma200" : 337.51,
    "volume" : 1323053.00
  }, {
    "date" : "2025-06-09",
    "price" : 338.15,
    "dma50" : 334.71,
    "dma100" : 342.98,
    "dma200" : 337.52,
    "volume" : 3561316.00
  }, {
    "date" : "2025-06-10",
    "price" : 341.20,
    "dma50" : 334.96,
    "dma100" : 342.74,
    "dma200" : 337.56,
    "volume" : 6205319.00
  }, {
    "date" : "2025-06-11",
    "price" : 354.45,
    "dma50" : 335.73,
    "dma100" : 342.41,
    "dma200" : 337.72,
    "volume" : 8541298.00
  }, {
    "date" : "2025-06-12",
    "price" : 352.25,
    "dma50" : 336.37,
    "dma100" : 342.11,
    "dma200" : 337.87,
    "volume" : 4369287.00
  }, {
    "date" : "2025-06-13",
    "price" : 355.40,
    "dma50" : 337.12,
    "dma100" : 341.73,
    "dma200" : 338.04,
    "volume" : 8279002.00
  }, {
    "date" : "2025-06-16",
    "price" : 357.25,
    "dma50" : 337.91,
    "dma100" : 341.37,
    "dma200" : 338.23,
    "volume" : 3983610.00
  }, {
    "date" : "2025-06-17",
    "price" : 352.65,
    "dma50" : 338.49,
    "dma100" : 340.88,
    "dma200" : 338.38,
    "volume" : 12175501.00
  }, {
    "date" : "2025-06-18",
    "price" : 342.00,
    "dma50" : 338.63,
    "dma100" : 340.39,
    "dma200" : 338.41,
    "volume" : 9290243.00
  }, {
    "date" : "2025-06-19",
    "price" : 348.60,
    "dma50" : 339.02,
    "dma100" : 340.00,
    "dma200" : 338.52,
    "volume" : 9344344.00
  }, {
    "date" : "2025-06-20",
    "price" : 351.35,
    "dma50" : 339.50,
    "dma100" : 339.54,
    "dma200" : 338.64,
    "volume" : 3700931.00
  }, {
    "date" : "2025-06-23",
    "price" : 352.20,
    "dma50" : 340.00,
    "dma100" : 339.18,
    "dma200" : 338.78,
    "volume" : 4627816.00
  }, {
    "date" : "2025-06-24",
    "price" : 349.20,
    "dma50" : 340.36,
    "dma100" : 338.97,
    "dma200" : 338.88,
    "volume" : 12614722.00
  }, {
    "date" : "2025-06-25",
    "price" : 351.40,
    "dma50" : 340.79,
    "dma100" : 338.88,
    "dma200" : 339.01,
    "volume" : 14284374.00
  }, {
    "date" : "2025-06-26",
    "price" : 350.50,
    "dma50" : 341.17,
    "dma100" : 338.83,
    "dma200" : 339.12,
    "volume" : 12970207.00
  }, {
    "date" : "2025-06-27",
    "price" : 354.40,
    "dma50" : 341.69,
    "dma100" : 338.81,
    "dma200" : 339.27,
    "volume" : 4827570.00
  }, {
    "date" : "2025-06-30",
    "price" : 355.70,
    "dma50" : 342.24,
    "dma100" : 338.74,
    "dma200" : 339.44,
    "volume" : 2731435.00
  }, {
    "date" : "2025-07-01",
    "price" : 362.50,
    "dma50" : 343.04,
    "dma100" : 338.66,
    "dma200" : 339.67,
    "volume" : 5449608.00
  }, {
    "date" : "2025-07-02",
    "price" : 368.55,
    "dma50" : 344.04,
    "dma100" : 338.70,
    "dma200" : 339.95,
    "volume" : 7622221.00
  }, {
    "date" : "2025-07-03",
    "price" : 374.45,
    "dma50" : 345.23,
    "dma100" : 338.73,
    "dma200" : 340.30,
    "volume" : 6037979.00
  }, {
    "date" : "2025-07-04",
    "price" : 380.05,
    "dma50" : 346.59,
    "dma100" : 338.63,
    "dma200" : 340.69,
    "volume" : 6983136.00
  }, {
    "date" : "2025-07-07",
    "price" : 372.10,
    "dma50" : 347.59,
    "dma100" : 338.38,
    "dma200" : 341.00,
    "volume" : 3472354.00
  }, {
    "date" : "2025-07-08",
    "price" : 369.35,
    "dma50" : 348.45,
    "dma100" : 338.21,
    "dma200" : 341.29,
    "volume" : 2587827.00
  }, {
    "date" : "2025-07-09",
    "price" : 373.55,
    "dma50" : 349.43,
    "dma100" : 338.17,
    "dma200" : 341.61,
    "volume" : 4344932.00
  }, {
    "date" : "2025-07-10",
    "price" : 372.40,
    "dma50" : 350.33,
    "dma100" : 338.28,
    "dma200" : 341.91,
    "volume" : 1916091.00
  }, {
    "date" : "2025-07-11",
    "price" : 374.20,
    "dma50" : 351.27,
    "dma100" : 338.46,
    "dma200" : 342.23,
    "volume" : 3242414.00
  }, {
    "date" : "2025-07-14",
    "price" : 379.10,
    "dma50" : 352.36,
    "dma100" : 338.66,
    "dma200" : 342.60,
    "volume" : 5738501.00
  }, {
    "date" : "2025-07-15",
    "price" : 390.45,
    "dma50" : 353.85,
    "dma100" : 339.07,
    "dma200" : 343.08,
    "volume" : 8238408.00
  }, {
    "date" : "2025-07-16",
    "price" : 394.65,
    "dma50" : 355.45,
    "dma100" : 339.54,
    "dma200" : 343.59,
    "volume" : 18229366.00
  }, {
    "date" : "2025-07-17",
    "price" : 397.00,
    "dma50" : 357.08,
    "dma100" : 340.13,
    "dma200" : 344.12,
    "volume" : 4350171.00
  }, {
    "date" : "2025-07-18",
    "price" : 398.75,
    "dma50" : 358.72,
    "dma100" : 340.75,
    "dma200" : 344.67,
    "volume" : 6436827.00
  }, {
    "date" : "2025-07-21",
    "price" : 394.65,
    "dma50" : 360.13,
    "dma100" : 341.33,
    "dma200" : 345.16,
    "volume" : 2655787.00
  }, {
    "date" : "2025-07-22",
    "price" : 387.20,
    "dma50" : 361.19,
    "dma100" : 341.98,
    "dma200" : 345.58,
    "volume" : 2491078.00
  }, {
    "date" : "2025-07-23",
    "price" : 396.95,
    "dma50" : 362.59,
    "dma100" : 342.74,
    "dma200" : 346.09,
    "volume" : 3828433.00
  }, {
    "date" : "2025-07-24",
    "price" : 397.60,
    "dma50" : 363.96,
    "dma100" : 343.50,
    "dma200" : 346.61,
    "volume" : 3292241.00
  }, {
    "date" : "2025-07-25",
    "price" : 394.15,
    "dma50" : 365.15,
    "dma100" : 344.33,
    "dma200" : 347.08,
    "volume" : 2182109.00
  }, {
    "date" : "2025-07-28",
    "price" : 387.45,
    "dma50" : 366.02,
    "dma100" : 345.18,
    "dma200" : 347.48,
    "volume" : 3819893.00
  }, {
    "date" : "2025-07-29",
    "price" : 398.15,
    "dma50" : 367.28,
    "dma100" : 346.11,
    "dma200" : 347.98,
    "volume" : 5604677.00
  }, {
    "date" : "2025-07-30",
    "price" : 397.30,
    "dma50" : 368.46,
    "dma100" : 346.93,
    "dma200" : 348.47,
    "volume" : 6334173.00
  }, {
    "date" : "2025-07-31",
    "price" : 391.40,
    "dma50" : 369.36,
    "dma100" : 347.60,
    "dma200" : 348.90,
    "volume" : 3443650.00
  }, {
    "date" : "2025-08-01",
    "price" : 383.10,
    "dma50" : 369.90,
    "dma100" : 348.10,
    "dma200" : 349.24,
    "volume" : 3216583.00
  }, {
    "date" : "2025-08-04",
    "price" : 382.40,
    "dma50" : 370.39,
    "dma100" : 348.59,
    "dma200" : 349.57,
    "volume" : 8538012.00
  }, {
    "date" : "2025-08-05",
    "price" : 372.35,
    "dma50" : 370.46,
    "dma100" : 349.03,
    "dma200" : 349.80,
    "volume" : 3188185.00
  }, {
    "date" : "2025-08-06",
    "price" : 360.40,
    "dma50" : 370.07,
    "dma100" : 349.34,
    "dma200" : 349.90,
    "volume" : 4283853.00
  }, {
    "date" : "2025-08-07",
    "price" : 364.20,
    "dma50" : 369.84,
    "dma100" : 349.73,
    "dma200" : 350.05,
    "volume" : 2296049.00
  }, {
    "date" : "2025-08-08",
    "price" : 343.35,
    "dma50" : 368.80,
    "dma100" : 349.94,
    "dma200" : 349.98,
    "volume" : 6087925.00
  }, {
    "date" : "2025-08-11",
    "price" : 342.10,
    "dma50" : 367.75,
    "dma100" : 350.03,
    "dma200" : 349.90,
    "volume" : 5205413.00
  }, {
    "date" : "2025-08-12",
    "price" : 354.90,
    "dma50" : 367.25,
    "dma100" : 350.21,
    "dma200" : 349.95,
    "volume" : 7208678.00
  }, {
    "date" : "2025-08-13",
    "price" : 360.25,
    "dma50" : 366.98,
    "dma100" : 350.40,
    "dma200" : 350.05,
    "volume" : 2463390.00
  }, {
    "date" : "2025-08-14",
    "price" : 359.25,
    "dma50" : 366.67,
    "dma100" : 350.58,
    "dma200" : 350.15,
    "volume" : 2609444.00
  }, {
    "date" : "2025-08-18",
    "price" : 364.30,
    "dma50" : 366.58,
    "dma100" : 350.78,
    "dma200" : 350.29,
    "volume" : 2291996.00
  }, {
    "date" : "2025-08-19",
    "price" : 363.85,
    "dma50" : 366.47,
    "dma100" : 350.92,
    "dma200" : 350.42,
    "volume" : 1059068.00
  }, {
    "date" : "2025-08-20",
    "price" : 359.45,
    "dma50" : 366.20,
    "dma100" : 351.04,
    "dma200" : 350.51,
    "volume" : 1053760.00
  }, {
    "date" : "2025-08-21",
    "price" : 357.75,
    "dma50" : 365.87,
    "dma100" : 351.13,
    "dma200" : 350.58,
    "volume" : 2342880.00
  }, {
    "date" : "2025-08-22",
    "price" : 359.50,
    "dma50" : 365.62,
    "dma100" : 351.27,
    "dma200" : 350.67,
    "volume" : 1073402.00
  }, {
    "date" : "2025-08-25",
    "price" : 359.95,
    "dma50" : 365.39,
    "dma100" : 351.45,
    "dma200" : 350.76,
    "volume" : 964548.00
  }, {
    "date" : "2025-08-26",
    "price" : 358.30,
    "dma50" : 365.12,
    "dma100" : 351.65,
    "dma200" : 350.84,
    "volume" : 4353547.00
  }, {
    "date" : "2025-08-28",
    "price" : 353.25,
    "dma50" : 364.65,
    "dma100" : 351.76,
    "dma200" : 350.86,
    "volume" : 2599976.00
  }, {
    "date" : "2025-08-29",
    "price" : 348.35,
    "dma50" : 364.01,
    "dma100" : 351.78,
    "dma200" : 350.84,
    "volume" : 1837780.00
  }, {
    "date" : "2025-09-01",
    "price" : 352.55,
    "dma50" : 363.56,
    "dma100" : 352.03,
    "dma200" : 350.85,
    "volume" : 1642906.00
  }, {
    "date" : "2025-09-02",
    "price" : 356.10,
    "dma50" : 363.27,
    "dma100" : 352.52,
    "dma200" : 350.91,
    "volume" : 3107329.00
  }, {
    "date" : "2025-09-03",
    "price" : 361.55,
    "dma50" : 363.20,
    "dma100" : 352.91,
    "dma200" : 351.01,
    "volume" : 2701710.00
  }, {
    "date" : "2025-09-04",
    "price" : 356.85,
    "dma50" : 362.95,
    "dma100" : 353.42,
    "dma200" : 351.07,
    "volume" : 1237842.00
  }, {
    "date" : "2025-09-05",
    "price" : 363.70,
    "dma50" : 362.98,
    "dma100" : 353.89,
    "dma200" : 351.20,
    "volume" : 2519609.00
  }, {
    "date" : "2025-09-08",
    "price" : 364.15,
    "dma50" : 363.03,
    "dma100" : 354.24,
    "dma200" : 351.33,
    "volume" : 1458481.00
  }, {
    "date" : "2025-09-09",
    "price" : 364.50,
    "dma50" : 363.09,
    "dma100" : 354.59,
    "dma200" : 351.46,
    "volume" : 869830.00
  }, {
    "date" : "2025-09-10",
    "price" : 364.20,
    "dma50" : 363.13,
    "dma100" : 354.92,
    "dma200" : 351.58,
    "volume" : 1775722.00
  }, {
    "date" : "2025-09-11",
    "price" : 364.05,
    "dma50" : 363.17,
    "dma100" : 355.24,
    "dma200" : 351.71,
    "volume" : 1784960.00
  }, {
    "date" : "2025-09-12",
    "price" : 365.20,
    "dma50" : 363.24,
    "dma100" : 355.56,
    "dma200" : 351.84,
    "volume" : 1218832.00
  }, {
    "date" : "2025-09-15",
    "price" : 358.25,
    "dma50" : 363.05,
    "dma100" : 355.78,
    "dma200" : 351.91,
    "volume" : 2304047.00
  }, {
    "date" : "2025-09-16",
    "price" : 360.20,
    "dma50" : 362.94,
    "dma100" : 356.12,
    "dma200" : 351.99,
    "volume" : 1003640.00
  }, {
    "date" : "2025-09-17",
    "price" : 354.35,
    "dma50" : 362.60,
    "dma100" : 356.54,
    "dma200" : 352.01,
    "volume" : 3440289.00
  }, {
    "date" : "2025-09-18",
    "price" : 368.40,
    "dma50" : 362.83,
    "dma100" : 357.02,
    "dma200" : 352.17,
    "volume" : 9429541.00
  }, {
    "date" : "2025-09-19",
    "price" : 369.20,
    "dma50" : 363.08,
    "dma100" : 357.52,
    "dma200" : 352.34,
    "volume" : 14379357.00
  }, {
    "date" : "2025-09-22",
    "price" : 362.15,
    "dma50" : 363.04,
    "dma100" : 357.93,
    "dma200" : 352.44,
    "volume" : 3953725.00
  }, {
    "date" : "2025-09-23",
    "price" : 359.50,
    "dma50" : 362.90,
    "dma100" : 358.33,
    "dma200" : 352.51,
    "volume" : 858104.00
  }, {
    "date" : "2025-09-24",
    "price" : 358.95,
    "dma50" : 362.75,
    "dma100" : 358.56,
    "dma200" : 352.58,
    "volume" : 1739614.00
  }, {
    "date" : "2025-09-25",
    "price" : 355.95,
    "dma50" : 362.48,
    "dma100" : 358.71,
    "dma200" : 352.61,
    "volume" : 1844274.00
  }, {
    "date" : "2025-09-26",
    "price" : 338.90,
    "dma50" : 361.56,
    "dma100" : 358.63,
    "dma200" : 352.47,
    "volume" : 3763026.00
  }, {
    "date" : "2025-09-29",
    "price" : 340.15,
    "dma50" : 360.72,
    "dma100" : 358.69,
    "dma200" : 352.35,
    "volume" : 1783991.00
  }, {
    "date" : "2025-09-30",
    "price" : 341.00,
    "dma50" : 359.94,
    "dma100" : 358.80,
    "dma200" : 352.24,
    "volume" : 883390.00
  }, {
    "date" : "2025-10-01",
    "price" : 346.45,
    "dma50" : 359.41,
    "dma100" : 358.98,
    "dma200" : 352.18,
    "volume" : 1992068.00
  }, {
    "date" : "2025-10-03",
    "price" : 352.25,
    "dma50" : 359.13,
    "dma100" : 359.20,
    "dma200" : 352.18,
    "volume" : 2709436.00
  }, {
    "date" : "2025-10-06",
    "price" : 347.75,
    "dma50" : 358.69,
    "dma100" : 359.30,
    "dma200" : 352.14,
    "volume" : 2853812.00
  }, {
    "date" : "2025-10-07",
    "price" : 347.80,
    "dma50" : 358.26,
    "dma100" : 359.39,
    "dma200" : 352.09,
    "volume" : 2199468.00
  }, {
    "date" : "2025-10-08",
    "price" : 349.00,
    "dma50" : 357.90,
    "dma100" : 359.49,
    "dma200" : 352.06,
    "volume" : 3605045.00
  }, {
    "date" : "2025-10-09",
    "price" : 352.50,
    "dma50" : 357.69,
    "dma100" : 359.60,
    "dma200" : 352.07,
    "volume" : 2714503.00
  }, {
    "date" : "2025-10-10",
    "price" : 353.45,
    "dma50" : 357.52,
    "dma100" : 359.81,
    "dma200" : 352.08,
    "volume" : 2169278.00
  }, {
    "date" : "2025-10-13",
    "price" : 349.40,
    "dma50" : 357.20,
    "dma100" : 359.89,
    "dma200" : 352.05,
    "volume" : 850937.00
  }, {
    "date" : "2025-10-14",
    "price" : 351.85,
    "dma50" : 356.99,
    "dma100" : 360.08,
    "dma200" : 352.05,
    "volume" : 4547549.00
  }, {
    "date" : "2025-10-15",
    "price" : 356.40,
    "dma50" : 356.97,
    "dma100" : 360.34,
    "dma200" : 352.10,
    "volume" : 2352953.00
  }, {
    "date" : "2025-10-16",
    "price" : 358.20,
    "dma50" : 357.02,
    "dma100" : 360.60,
    "dma200" : 352.16,
    "volume" : 1406317.00
  }, {
    "date" : "2025-10-17",
    "price" : 356.15,
    "dma50" : 356.98,
    "dma100" : 360.81,
    "dma200" : 352.20,
    "volume" : 1561917.00
  }, {
    "date" : "2025-10-20",
    "price" : 364.30,
    "dma50" : 357.27,
    "dma100" : 361.11,
    "dma200" : 352.32,
    "volume" : 2350194.00
  }, {
    "date" : "2025-10-21",
    "price" : 366.10,
    "dma50" : 357.62,
    "dma100" : 361.41,
    "dma200" : 352.45,
    "volume" : 480052.00
  }, {
    "date" : "2025-10-23",
    "price" : 362.30,
    "dma50" : 357.80,
    "dma100" : 361.68,
    "dma200" : 352.55,
    "volume" : 1974779.00
  }, {
    "date" : "2025-10-24",
    "price" : 359.50,
    "dma50" : 357.87,
    "dma100" : 361.93,
    "dma200" : 352.62,
    "volume" : 1042377.00
  }, {
    "date" : "2025-10-27",
    "price" : 360.45,
    "dma50" : 357.97,
    "dma100" : 362.16,
    "dma200" : 352.70,
    "volume" : 1295091.00
  }, {
    "date" : "2025-10-28",
    "price" : 365.75,
    "dma50" : 358.27,
    "dma100" : 362.46,
    "dma200" : 352.83,
    "volume" : 1390945.00
  }, {
    "date" : "2025-10-29",
    "price" : 373.70,
    "dma50" : 358.88,
    "dma100" : 362.89,
    "dma200" : 353.04,
    "volume" : 2760741.00
  }, {
    "date" : "2025-10-30",
    "price" : 376.60,
    "dma50" : 359.57,
    "dma100" : 363.35,
    "dma200" : 353.27,
    "volume" : 7177712.00
  }, {
    "date" : "2025-10-31",
    "price" : 372.10,
    "dma50" : 360.06,
    "dma100" : 363.69,
    "dma200" : 353.46,
    "volume" : 2190311.00
  }, {
    "date" : "2025-11-03",
    "price" : 377.15,
    "dma50" : 360.73,
    "dma100" : 364.05,
    "dma200" : 353.69,
    "volume" : 5128775.00
  }, {
    "date" : "2025-11-04",
    "price" : 380.50,
    "dma50" : 361.51,
    "dma100" : 364.31,
    "dma200" : 353.96,
    "volume" : 4475782.00
  }, {
    "date" : "2025-11-06",
    "price" : 385.20,
    "dma50" : 362.44,
    "dma100" : 364.64,
    "dma200" : 354.27,
    "volume" : 4107531.00
  }, {
    "date" : "2025-11-07",
    "price" : 380.40,
    "dma50" : 363.14,
    "dma100" : 364.89,
    "dma200" : 354.53,
    "volume" : 2457796.00
  }, {
    "date" : "2025-11-10",
    "price" : 382.15,
    "dma50" : 363.89,
    "dma100" : 365.14,
    "dma200" : 354.81,
    "volume" : 1690520.00
  }, {
    "date" : "2025-11-11",
    "price" : 385.10,
    "dma50" : 364.72,
    "dma100" : 365.47,
    "dma200" : 355.11,
    "volume" : 2616581.00
  }, {
    "date" : "2025-11-12",
    "price" : 405.90,
    "dma50" : 366.33,
    "dma100" : 366.11,
    "dma200" : 355.61,
    "volume" : 17197609.00
  }, {
    "date" : "2025-11-13",
    "price" : 417.00,
    "dma50" : 368.32,
    "dma100" : 366.79,
    "dma200" : 356.22,
    "volume" : 13154751.00
  }, {
    "date" : "2025-11-14",
    "price" : 411.15,
    "dma50" : 370.00,
    "dma100" : 367.39,
    "dma200" : 356.77,
    "volume" : 3559062.00
  }, {
    "date" : "2025-11-17",
    "price" : 420.95,
    "dma50" : 372.00,
    "dma100" : 368.07,
    "dma200" : 357.41,
    "volume" : 3889717.00
  }, {
    "date" : "2025-11-18",
    "price" : 421.60,
    "dma50" : 373.94,
    "dma100" : 368.80,
    "dma200" : 358.05,
    "volume" : 7627184.00
  }, {
    "date" : "2025-11-19",
    "price" : 410.10,
    "dma50" : 375.36,
    "dma100" : 369.39,
    "dma200" : 358.57,
    "volume" : 3417259.00
  }, {
    "date" : "2025-11-20",
    "price" : 395.15,
    "dma50" : 376.14,
    "dma100" : 369.83,
    "dma200" : 358.93,
    "volume" : 8744855.00
  }, {
    "date" : "2025-11-21",
    "price" : 396.85,
    "dma50" : 376.95,
    "dma100" : 370.26,
    "dma200" : 359.31,
    "volume" : 3556311.00
  }, {
    "date" : "2025-11-24",
    "price" : 395.25,
    "dma50" : 377.67,
    "dma100" : 370.65,
    "dma200" : 359.66,
    "volume" : 2056832.00
  }, {
    "date" : "2025-11-25",
    "price" : 393.25,
    "dma50" : 378.28,
    "dma100" : 370.96,
    "dma200" : 360.00,
    "volume" : 1659038.00
  }, {
    "date" : "2025-11-26",
    "price" : 398.45,
    "dma50" : 379.07,
    "dma100" : 371.26,
    "dma200" : 360.38,
    "volume" : 1659807.00
  }, {
    "date" : "2025-11-27",
    "price" : 399.65,
    "dma50" : 379.88,
    "dma100" : 371.51,
    "dma200" : 360.77,
    "volume" : 2014352.00
  }, {
    "date" : "2025-11-28",
    "price" : 398.35,
    "dma50" : 380.60,
    "dma100" : 371.69,
    "dma200" : 361.15,
    "volume" : 2455421.00
  }, {
    "date" : "2025-12-01",
    "price" : 394.50,
    "dma50" : 381.15,
    "dma100" : 371.92,
    "dma200" : 361.48,
    "volume" : 1994375.00
  }, {
    "date" : "2025-12-02",
    "price" : 399.00,
    "dma50" : 381.85,
    "dma100" : 372.21,
    "dma200" : 361.85,
    "volume" : 2933395.00
  }, {
    "date" : "2025-12-03",
    "price" : 410.00,
    "dma50" : 382.95,
    "dma100" : 372.58,
    "dma200" : 362.33,
    "volume" : 11530393.00
  }, {
    "date" : "2025-12-04",
    "price" : 388.35,
    "dma50" : 383.16,
    "dma100" : 372.74,
    "dma200" : 362.59,
    "volume" : 12585106.00
  }, {
    "date" : "2025-12-05",
    "price" : 392.65,
    "dma50" : 383.53,
    "dma100" : 372.92,
    "dma200" : 362.89,
    "volume" : 4294162.00
  }, {
    "date" : "2025-12-08",
    "price" : 383.80,
    "dma50" : 383.54,
    "dma100" : 372.97,
    "dma200" : 363.10,
    "volume" : 6477145.00
  }, {
    "date" : "2025-12-09",
    "price" : 383.65,
    "dma50" : 383.55,
    "dma100" : 372.90,
    "dma200" : 363.30,
    "volume" : 4642258.00
  }, {
    "date" : "2025-12-10",
    "price" : 379.15,
    "dma50" : 383.38,
    "dma100" : 372.75,
    "dma200" : 363.46,
    "volume" : 2618959.00
  }, {
    "date" : "2025-12-11",
    "price" : 381.75,
    "dma50" : 383.31,
    "dma100" : 372.59,
    "dma200" : 363.64,
    "volume" : 2115308.00
  }, {
    "date" : "2025-12-12",
    "price" : 386.35,
    "dma50" : 383.43,
    "dma100" : 372.47,
    "dma200" : 363.87,
    "volume" : 1992546.00
  }, {
    "date" : "2025-12-15",
    "price" : 390.65,
    "dma50" : 383.71,
    "dma100" : 372.43,
    "dma200" : 364.13,
    "volume" : 1523335.00
  }, {
    "date" : "2025-12-16",
    "price" : 384.90,
    "dma50" : 383.76,
    "dma100" : 372.41,
    "dma200" : 364.34,
    "volume" : 1046538.00
  }, {
    "date" : "2025-12-17",
    "price" : 386.10,
    "dma50" : 383.85,
    "dma100" : 372.30,
    "dma200" : 364.56,
    "volume" : 1340360.00
  }, {
    "date" : "2025-12-18",
    "price" : 392.25,
    "dma50" : 384.18,
    "dma100" : 372.25,
    "dma200" : 364.83,
    "volume" : 3877660.00
  }, {
    "date" : "2025-12-19",
    "price" : 398.55,
    "dma50" : 384.75,
    "dma100" : 372.29,
    "dma200" : 365.17,
    "volume" : 4248938.00
  }, {
    "date" : "2025-12-22",
    "price" : 399.30,
    "dma50" : 385.32,
    "dma100" : 372.41,
    "dma200" : 365.51,
    "volume" : 2660862.00
  } ],
  "latestTechnicalAttributes" : {
    "date" : "2025-12-22",
    "price" : 399.30,
    "dma50" : 385.32,
    "dma100" : 372.41,
    "dma200" : 365.51,
    "volume" : 2660862.00
  },
  "quarterlyResults" : [ {
    "date" : "2005-03-31",
    "sales" : 155.81,
    "salesGrowthYoY" : null,
    "grossProfitMargin" : 38.44,
    "grossProfit" : 59.89,
    "operatingProfitMargin" : 25.18,
    "operatingProfit" : 39.23,
    "netProfitMargin" : 22.59,
    "netProfit" : 35.20
  }, {
    "date" : "2005-06-30",
    "sales" : 155.08,
    "salesGrowthYoY" : null,
    "grossProfitMargin" : 40.49,
    "grossProfit" : 62.79,
    "operatingProfitMargin" : 27.76,
    "operatingProfit" : 43.05,
    "netProfitMargin" : 21.21,
    "netProfit" : 32.89
  }, {
    "date" : "2005-09-30",
    "sales" : 177.57,
    "salesGrowthYoY" : null,
    "grossProfitMargin" : 40.85,
    "grossProfit" : 72.54,
    "operatingProfitMargin" : 27.31,
    "operatingProfit" : 48.49,
    "netProfitMargin" : 19.92,
    "netProfit" : 35.37
  }, {
    "date" : "2005-12-31",
    "sales" : 173.48,
    "salesGrowthYoY" : null,
    "grossProfitMargin" : 43.59,
    "grossProfit" : 75.62,
    "operatingProfitMargin" : 26.65,
    "operatingProfit" : 46.23,
    "netProfitMargin" : 18.90,
    "netProfit" : 32.79
  }, {
    "date" : "2006-03-31",
    "sales" : 182.45,
    "salesGrowthYoY" : 17.10,
    "grossProfitMargin" : 37.33,
    "grossProfit" : 68.11,
    "operatingProfitMargin" : 23.58,
    "operatingProfit" : 43.02,
    "netProfitMargin" : 17.77,
    "netProfit" : 32.42
  }, {
    "date" : "2006-06-30",
    "sales" : 183.70,
    "salesGrowthYoY" : 18.45,
    "grossProfitMargin" : 39.50,
    "grossProfit" : 72.56,
    "operatingProfitMargin" : 22.19,
    "operatingProfit" : 40.76,
    "netProfitMargin" : 15.01,
    "netProfit" : 27.57
  }, {
    "date" : "2006-09-30",
    "sales" : 219.11,
    "salesGrowthYoY" : 23.39,
    "grossProfitMargin" : 42.89,
    "grossProfit" : 93.98,
    "operatingProfitMargin" : 24.63,
    "operatingProfit" : 53.97,
    "netProfitMargin" : 16.42,
    "netProfit" : 35.98
  }, {
    "date" : "2006-12-31",
    "sales" : 214.08,
    "salesGrowthYoY" : 23.40,
    "grossProfitMargin" : 48.24,
    "grossProfit" : 103.27,
    "operatingProfitMargin" : 31.25,
    "operatingProfit" : 66.90,
    "netProfitMargin" : 22.19,
    "netProfit" : 47.50
  }, {
    "date" : "2007-03-31",
    "sales" : 233.59,
    "salesGrowthYoY" : 28.03,
    "grossProfitMargin" : 43.82,
    "grossProfit" : 102.36,
    "operatingProfitMargin" : 26.62,
    "operatingProfit" : 62.18,
    "netProfitMargin" : 20.24,
    "netProfit" : 47.28
  }, {
    "date" : "2007-06-30",
    "sales" : 227.40,
    "salesGrowthYoY" : 23.79,
    "grossProfitMargin" : 48.06,
    "grossProfit" : 109.29,
    "operatingProfitMargin" : 25.91,
    "operatingProfit" : 58.92,
    "netProfitMargin" : 19.73,
    "netProfit" : 44.87
  }, {
    "date" : "2007-09-30",
    "sales" : 235.59,
    "salesGrowthYoY" : 7.52,
    "grossProfitMargin" : 46.47,
    "grossProfit" : 109.48,
    "operatingProfitMargin" : 25.51,
    "operatingProfit" : 60.10,
    "netProfitMargin" : 18.68,
    "netProfit" : 44.01
  }, {
    "date" : "2007-12-31",
    "sales" : 194.19,
    "salesGrowthYoY" : -9.29,
    "grossProfitMargin" : 44.01,
    "grossProfit" : 85.46,
    "operatingProfitMargin" : 20.20,
    "operatingProfit" : 39.23,
    "netProfitMargin" : 23.47,
    "netProfit" : 45.58
  }, {
    "date" : "2008-03-31",
    "sales" : 225.98,
    "salesGrowthYoY" : -3.26,
    "grossProfitMargin" : 49.11,
    "grossProfit" : 110.98,
    "operatingProfitMargin" : 32.64,
    "operatingProfit" : 73.76,
    "netProfitMargin" : 27.05,
    "netProfit" : 61.13
  }, {
    "date" : "2008-06-30",
    "sales" : 221.18,
    "salesGrowthYoY" : -2.74,
    "grossProfitMargin" : 42.94,
    "grossProfit" : 94.97,
    "operatingProfitMargin" : 19.92,
    "operatingProfit" : 44.06,
    "netProfitMargin" : 17.50,
    "netProfit" : 38.71
  }, {
    "date" : "2008-09-30",
    "sales" : 253.42,
    "salesGrowthYoY" : 7.57,
    "grossProfitMargin" : 47.30,
    "grossProfit" : 119.87,
    "operatingProfitMargin" : 23.04,
    "operatingProfit" : 58.39,
    "netProfitMargin" : 18.68,
    "netProfit" : 47.34
  }, {
    "date" : "2008-12-31",
    "sales" : 225.47,
    "salesGrowthYoY" : 16.11,
    "grossProfitMargin" : 56.86,
    "grossProfit" : 128.20,
    "operatingProfitMargin" : 28.64,
    "operatingProfit" : 64.57,
    "netProfitMargin" : 25.14,
    "netProfit" : 56.68
  }, {
    "date" : "2009-03-31",
    "sales" : 229.72,
    "salesGrowthYoY" : 1.66,
    "grossProfitMargin" : 48.48,
    "grossProfit" : 111.37,
    "operatingProfitMargin" : 26.12,
    "operatingProfit" : 60.00,
    "netProfitMargin" : 22.64,
    "netProfit" : 52.01
  }, {
    "date" : "2009-06-30",
    "sales" : 251.58,
    "salesGrowthYoY" : 13.74,
    "grossProfitMargin" : 51.12,
    "grossProfit" : 128.61,
    "operatingProfitMargin" : 26.78,
    "operatingProfit" : 67.37,
    "netProfitMargin" : 18.90,
    "netProfit" : 47.55
  }, {
    "date" : "2009-09-30",
    "sales" : 301.10,
    "salesGrowthYoY" : 18.81,
    "grossProfitMargin" : 47.84,
    "grossProfit" : 144.05,
    "operatingProfitMargin" : 25.65,
    "operatingProfit" : 77.23,
    "netProfitMargin" : 20.71,
    "netProfit" : 62.36
  }, {
    "date" : "2009-12-31",
    "sales" : 309.84,
    "salesGrowthYoY" : 37.42,
    "grossProfitMargin" : 50.91,
    "grossProfit" : 157.74,
    "operatingProfitMargin" : 27.98,
    "operatingProfit" : 86.69,
    "netProfitMargin" : 21.24,
    "netProfit" : 65.81
  }, {
    "date" : "2010-03-31",
    "sales" : 336.12,
    "salesGrowthYoY" : 46.32,
    "grossProfitMargin" : 45.70,
    "grossProfit" : 153.61,
    "operatingProfitMargin" : 28.67,
    "operatingProfit" : 96.37,
    "netProfitMargin" : 21.61,
    "netProfit" : 72.64
  }, {
    "date" : "2010-06-30",
    "sales" : 332.27,
    "salesGrowthYoY" : 32.07,
    "grossProfitMargin" : 47.77,
    "grossProfit" : 158.73,
    "operatingProfitMargin" : 29.50,
    "operatingProfit" : 98.02,
    "netProfitMargin" : 21.76,
    "netProfit" : 72.30
  }, {
    "date" : "2010-09-30",
    "sales" : 344.61,
    "salesGrowthYoY" : 14.45,
    "grossProfitMargin" : 51.24,
    "grossProfit" : 176.58,
    "operatingProfitMargin" : 33.24,
    "operatingProfit" : 114.55,
    "netProfitMargin" : 25.34,
    "netProfit" : 87.32
  }, {
    "date" : "2010-12-31",
    "sales" : 510.12,
    "salesGrowthYoY" : 64.64,
    "grossProfitMargin" : 63.38,
    "grossProfit" : 323.31,
    "operatingProfitMargin" : 50.19,
    "operatingProfit" : 256.03,
    "netProfitMargin" : 41.48,
    "netProfit" : 211.60
  }, {
    "date" : "2011-03-31",
    "sales" : 378.15,
    "salesGrowthYoY" : 12.50,
    "grossProfitMargin" : 54.75,
    "grossProfit" : 207.04,
    "operatingProfitMargin" : 27.60,
    "operatingProfit" : 104.37,
    "netProfitMargin" : 23.28,
    "netProfit" : 88.03
  }, {
    "date" : "2011-06-30",
    "sales" : 346.44,
    "salesGrowthYoY" : 4.26,
    "grossProfitMargin" : 52.73,
    "grossProfit" : 182.68,
    "operatingProfitMargin" : 22.54,
    "operatingProfit" : 78.09,
    "netProfitMargin" : 17.43,
    "netProfit" : 60.38
  }, {
    "date" : "2011-09-30",
    "sales" : 390.84,
    "salesGrowthYoY" : 13.42,
    "grossProfitMargin" : 51.85,
    "grossProfit" : 202.65,
    "operatingProfitMargin" : 22.61,
    "operatingProfit" : 88.37,
    "netProfitMargin" : 17.42,
    "netProfit" : 68.08
  }, {
    "date" : "2011-12-31",
    "sales" : 385.92,
    "salesGrowthYoY" : -24.35,
    "grossProfitMargin" : 53.10,
    "grossProfit" : 204.92,
    "operatingProfitMargin" : 20.66,
    "operatingProfit" : 79.73,
    "netProfitMargin" : 16.77,
    "netProfit" : 64.72
  }, {
    "date" : "2012-03-31",
    "sales" : 432.60,
    "salesGrowthYoY" : 14.40,
    "grossProfitMargin" : 51.81,
    "grossProfit" : 224.13,
    "operatingProfitMargin" : 20.00,
    "operatingProfit" : 86.52,
    "netProfitMargin" : 14.40,
    "netProfit" : 62.29
  }, {
    "date" : "2012-06-30",
    "sales" : 447.44,
    "salesGrowthYoY" : 29.15,
    "grossProfitMargin" : 52.31,
    "grossProfit" : 234.06,
    "operatingProfitMargin" : 18.77,
    "operatingProfit" : 83.98,
    "netProfitMargin" : 15.39,
    "netProfit" : 68.86
  }, {
    "date" : "2012-09-30",
    "sales" : 508.07,
    "salesGrowthYoY" : 29.99,
    "grossProfitMargin" : 55.50,
    "grossProfit" : 281.98,
    "operatingProfitMargin" : 25.29,
    "operatingProfit" : 128.49,
    "netProfitMargin" : 17.39,
    "netProfit" : 88.35
  }, {
    "date" : "2012-12-31",
    "sales" : 506.70,
    "salesGrowthYoY" : 31.30,
    "grossProfitMargin" : 52.84,
    "grossProfit" : 267.74,
    "operatingProfitMargin" : 21.12,
    "operatingProfit" : 107.02,
    "netProfitMargin" : 15.83,
    "netProfit" : 80.21
  }, {
    "date" : "2013-03-31",
    "sales" : 475.79,
    "salesGrowthYoY" : 9.98,
    "grossProfitMargin" : 53.90,
    "grossProfit" : 256.45,
    "operatingProfitMargin" : 16.40,
    "operatingProfit" : 78.03,
    "netProfitMargin" : 10.35,
    "netProfit" : 49.24
  }, {
    "date" : "2013-06-30",
    "sales" : 545.36,
    "salesGrowthYoY" : 21.88,
    "grossProfitMargin" : 52.42,
    "grossProfit" : 285.88,
    "operatingProfitMargin" : 21.01,
    "operatingProfit" : 114.58,
    "netProfitMargin" : 16.09,
    "netProfit" : 87.75
  }, {
    "date" : "2013-09-30",
    "sales" : 559.41,
    "salesGrowthYoY" : 10.10,
    "grossProfitMargin" : 56.99,
    "grossProfit" : 318.81,
    "operatingProfitMargin" : 23.06,
    "operatingProfit" : 129.00,
    "netProfitMargin" : 17.06,
    "netProfit" : 95.44
  }, {
    "date" : "2013-12-31",
    "sales" : 526.30,
    "salesGrowthYoY" : 3.87,
    "grossProfitMargin" : 53.29,
    "grossProfit" : 280.47,
    "operatingProfitMargin" : 18.84,
    "operatingProfit" : 99.15,
    "netProfitMargin" : 11.39,
    "netProfit" : 59.95
  }, {
    "date" : "2014-03-31",
    "sales" : 571.43,
    "salesGrowthYoY" : 20.10,
    "grossProfitMargin" : 56.80,
    "grossProfit" : 324.57,
    "operatingProfitMargin" : 21.38,
    "operatingProfit" : 122.17,
    "netProfitMargin" : 15.18,
    "netProfit" : 86.74
  }, {
    "date" : "2014-06-30",
    "sales" : 558.69,
    "salesGrowthYoY" : 2.44,
    "grossProfitMargin" : 56.25,
    "grossProfit" : 314.26,
    "operatingProfitMargin" : 20.83,
    "operatingProfit" : 116.38,
    "netProfitMargin" : 13.36,
    "netProfit" : 74.64
  }, {
    "date" : "2014-09-30",
    "sales" : 566.90,
    "salesGrowthYoY" : 1.34,
    "grossProfitMargin" : 55.72,
    "grossProfit" : 315.88,
    "operatingProfitMargin" : 21.67,
    "operatingProfit" : 122.85,
    "netProfitMargin" : 32.02,
    "netProfit" : 181.52
  }, {
    "date" : "2014-12-31",
    "sales" : 532.60,
    "salesGrowthYoY" : 1.20,
    "grossProfitMargin" : 54.62,
    "grossProfit" : 290.91,
    "operatingProfitMargin" : 15.36,
    "operatingProfit" : 81.81,
    "netProfitMargin" : 10.76,
    "netProfit" : 57.31
  }, {
    "date" : "2015-03-31",
    "sales" : 583.40,
    "salesGrowthYoY" : 2.09,
    "grossProfitMargin" : 54.05,
    "grossProfit" : 315.33,
    "operatingProfitMargin" : 17.60,
    "operatingProfit" : 102.68,
    "netProfitMargin" : 11.06,
    "netProfit" : 64.52
  }, {
    "date" : "2015-06-30",
    "sales" : 597.40,
    "salesGrowthYoY" : 6.93,
    "grossProfitMargin" : 56.58,
    "grossProfit" : 338.01,
    "operatingProfitMargin" : 22.65,
    "operatingProfit" : 135.31,
    "netProfitMargin" : 17.04,
    "netProfit" : 101.80
  }, {
    "date" : "2015-09-30",
    "sales" : 549.80,
    "salesGrowthYoY" : -3.02,
    "grossProfitMargin" : 55.27,
    "grossProfit" : 303.87,
    "operatingProfitMargin" : 17.95,
    "operatingProfit" : 98.69,
    "netProfitMargin" : 6.95,
    "netProfit" : 38.21
  }, {
    "date" : "2015-12-31",
    "sales" : 520.50,
    "salesGrowthYoY" : -2.27,
    "grossProfitMargin" : 58.42,
    "grossProfit" : 304.08,
    "operatingProfitMargin" : 15.49,
    "operatingProfit" : 80.63,
    "netProfitMargin" : 12.26,
    "netProfit" : 63.81
  }, {
    "date" : "2016-03-31",
    "sales" : 634.20,
    "salesGrowthYoY" : 8.71,
    "grossProfitMargin" : 58.06,
    "grossProfit" : 368.22,
    "operatingProfitMargin" : 16.89,
    "operatingProfit" : 107.12,
    "netProfitMargin" : 19.12,
    "netProfit" : 121.26
  }, {
    "date" : "2016-06-30",
    "sales" : 695.80,
    "salesGrowthYoY" : 16.47,
    "grossProfitMargin" : 56.98,
    "grossProfit" : 396.47,
    "operatingProfitMargin" : 25.77,
    "operatingProfit" : 179.31,
    "netProfitMargin" : 20.32,
    "netProfit" : 141.39
  }, {
    "date" : "2016-09-30",
    "sales" : 617.60,
    "salesGrowthYoY" : 12.33,
    "grossProfitMargin" : 60.95,
    "grossProfit" : 376.43,
    "operatingProfitMargin" : 21.39,
    "operatingProfit" : 132.10,
    "netProfitMargin" : 11.33,
    "netProfit" : 69.97
  }, {
    "date" : "2016-12-31",
    "sales" : 648.20,
    "salesGrowthYoY" : 24.53,
    "grossProfitMargin" : 60.98,
    "grossProfit" : 395.27,
    "operatingProfitMargin" : 23.60,
    "operatingProfit" : 152.98,
    "netProfitMargin" : 16.06,
    "netProfit" : 104.10
  }, {
    "date" : "2017-03-31",
    "sales" : 626.30,
    "salesGrowthYoY" : -1.25,
    "grossProfitMargin" : 61.39,
    "grossProfit" : 384.49,
    "operatingProfitMargin" : 19.77,
    "operatingProfit" : 123.82,
    "netProfitMargin" : 32.54,
    "netProfit" : 203.80
  }, {
    "date" : "2017-06-30",
    "sales" : 574.30,
    "salesGrowthYoY" : -17.46,
    "grossProfitMargin" : 57.55,
    "grossProfit" : 330.51,
    "operatingProfitMargin" : 15.01,
    "operatingProfit" : 86.20,
    "netProfitMargin" : 9.49,
    "netProfit" : 54.50
  }, {
    "date" : "2017-09-30",
    "sales" : 604.70,
    "salesGrowthYoY" : -2.09,
    "grossProfitMargin" : 55.05,
    "grossProfit" : 332.89,
    "operatingProfitMargin" : 12.06,
    "operatingProfit" : 72.93,
    "netProfitMargin" : 11.31,
    "netProfit" : 68.39
  }, {
    "date" : "2017-12-31",
    "sales" : 592.10,
    "salesGrowthYoY" : -8.65,
    "grossProfitMargin" : 57.54,
    "grossProfit" : 340.69,
    "operatingProfitMargin" : 9.44,
    "operatingProfit" : 55.89,
    "netProfitMargin" : 7.38,
    "netProfit" : 43.70
  }, {
    "date" : "2018-03-31",
    "sales" : 648.10,
    "salesGrowthYoY" : 3.48,
    "grossProfitMargin" : 56.43,
    "grossProfit" : 365.72,
    "operatingProfitMargin" : 13.50,
    "operatingProfit" : 87.49,
    "netProfitMargin" : 11.09,
    "netProfit" : 71.87
  }, {
    "date" : "2018-06-30",
    "sales" : 422.80,
    "salesGrowthYoY" : -26.38,
    "grossProfitMargin" : 54.00,
    "grossProfit" : 228.31,
    "operatingProfitMargin" : 11.80,
    "operatingProfit" : 49.89,
    "netProfitMargin" : 19.07,
    "netProfit" : 80.63
  }, {
    "date" : "2018-09-30",
    "sales" : 456.70,
    "salesGrowthYoY" : -24.47,
    "grossProfitMargin" : 54.76,
    "grossProfit" : 250.09,
    "operatingProfitMargin" : 13.44,
    "operatingProfit" : 61.38,
    "netProfitMargin" : 19.77,
    "netProfit" : 90.29
  }, {
    "date" : "2018-12-31",
    "sales" : 443.40,
    "salesGrowthYoY" : -25.11,
    "grossProfitMargin" : 57.17,
    "grossProfit" : 253.49,
    "operatingProfitMargin" : 9.02,
    "operatingProfit" : 39.99,
    "netProfitMargin" : 16.40,
    "netProfit" : 72.72
  }, {
    "date" : "2019-03-31",
    "sales" : 462.80,
    "salesGrowthYoY" : -28.59,
    "grossProfitMargin" : 57.32,
    "grossProfit" : 265.28,
    "operatingProfitMargin" : 9.16,
    "operatingProfit" : 42.39,
    "netProfitMargin" : 15.23,
    "netProfit" : 70.48
  }, {
    "date" : "2019-06-30",
    "sales" : 480.80,
    "salesGrowthYoY" : 13.72,
    "grossProfitMargin" : 60.05,
    "grossProfit" : 288.72,
    "operatingProfitMargin" : 13.17,
    "operatingProfit" : 63.32,
    "netProfitMargin" : 9.95,
    "netProfit" : 47.84
  }, {
    "date" : "2019-09-30",
    "sales" : 523.90,
    "salesGrowthYoY" : 14.71,
    "grossProfitMargin" : 58.87,
    "grossProfit" : 308.42,
    "operatingProfitMargin" : 17.16,
    "operatingProfit" : 89.90,
    "netProfitMargin" : 20.25,
    "netProfit" : 106.09
  }, {
    "date" : "2019-12-31",
    "sales" : 501.30,
    "salesGrowthYoY" : 13.06,
    "grossProfitMargin" : 58.81,
    "grossProfit" : 294.81,
    "operatingProfitMargin" : 15.36,
    "operatingProfit" : 77.00,
    "netProfitMargin" : 15.69,
    "netProfit" : 78.65
  }, {
    "date" : "2020-03-31",
    "sales" : 482.40,
    "salesGrowthYoY" : 4.24,
    "grossProfitMargin" : 55.72,
    "grossProfit" : 268.79,
    "operatingProfitMargin" : 9.00,
    "operatingProfit" : 43.42,
    "netProfitMargin" : 17.13,
    "netProfit" : 82.64
  }, {
    "date" : "2020-06-30",
    "sales" : 520.70,
    "salesGrowthYoY" : 8.30,
    "grossProfitMargin" : 57.71,
    "grossProfit" : 300.50,
    "operatingProfitMargin" : 22.41,
    "operatingProfit" : 116.69,
    "netProfitMargin" : 16.29,
    "netProfit" : 84.82
  }, {
    "date" : "2020-09-30",
    "sales" : 560.00,
    "salesGrowthYoY" : 6.89,
    "grossProfitMargin" : 61.18,
    "grossProfit" : 342.61,
    "operatingProfitMargin" : 15.70,
    "operatingProfit" : 87.92,
    "netProfitMargin" : 16.96,
    "netProfit" : 94.98
  }, {
    "date" : "2020-12-31",
    "sales" : 456.10,
    "salesGrowthYoY" : -9.02,
    "grossProfitMargin" : 61.65,
    "grossProfit" : 281.19,
    "operatingProfitMargin" : 8.38,
    "operatingProfit" : 38.22,
    "netProfitMargin" : 7.24,
    "netProfit" : 33.02
  }, {
    "date" : "2021-03-31",
    "sales" : 491.60,
    "salesGrowthYoY" : 1.91,
    "grossProfitMargin" : 62.21,
    "grossProfit" : 305.82,
    "operatingProfitMargin" : 13.61,
    "operatingProfit" : 66.91,
    "netProfitMargin" : 13.77,
    "netProfit" : 67.69
  }, {
    "date" : "2021-06-30",
    "sales" : 382.70,
    "salesGrowthYoY" : -26.50,
    "grossProfitMargin" : 56.55,
    "grossProfit" : 216.42,
    "operatingProfitMargin" : 6.14,
    "operatingProfit" : 23.50,
    "netProfitMargin" : 7.60,
    "netProfit" : 29.09
  }, {
    "date" : "2021-09-30",
    "sales" : 364.80,
    "salesGrowthYoY" : -34.86,
    "grossProfitMargin" : 53.21,
    "grossProfit" : 194.11,
    "operatingProfitMargin" : -6.36,
    "operatingProfit" : -23.20,
    "netProfitMargin" : -1.81,
    "netProfit" : -6.60
  }, {
    "date" : "2021-12-31",
    "sales" : 473.00,
    "salesGrowthYoY" : 3.71,
    "grossProfitMargin" : 54.23,
    "grossProfit" : 256.51,
    "operatingProfitMargin" : 7.25,
    "operatingProfit" : 34.29,
    "netProfitMargin" : 5.39,
    "netProfit" : 25.49
  }, {
    "date" : "2022-03-31",
    "sales" : 517.70,
    "salesGrowthYoY" : 5.31,
    "grossProfitMargin" : 50.80,
    "grossProfit" : 262.99,
    "operatingProfitMargin" : 5.12,
    "operatingProfit" : 26.51,
    "netProfitMargin" : 7.36,
    "netProfit" : 38.10
  }, {
    "date" : "2022-06-30",
    "sales" : 441.70,
    "salesGrowthYoY" : 15.42,
    "grossProfitMargin" : 53.25,
    "grossProfit" : 235.21,
    "operatingProfitMargin" : 0.59,
    "operatingProfit" : 2.61,
    "netProfitMargin" : 3.37,
    "netProfit" : 14.89
  }, {
    "date" : "2022-09-30",
    "sales" : 489.50,
    "salesGrowthYoY" : 34.18,
    "grossProfitMargin" : 53.65,
    "grossProfit" : 262.62,
    "operatingProfitMargin" : 5.68,
    "operatingProfit" : 27.80,
    "netProfitMargin" : 17.67,
    "netProfit" : 86.49
  }, {
    "date" : "2022-12-31",
    "sales" : 555.00,
    "salesGrowthYoY" : 17.34,
    "grossProfitMargin" : 52.32,
    "grossProfit" : 290.38,
    "operatingProfitMargin" : 6.68,
    "operatingProfit" : 37.07,
    "netProfitMargin" : 6.34,
    "netProfit" : 35.19
  }, {
    "date" : "2023-03-31",
    "sales" : 506.70,
    "salesGrowthYoY" : -2.12,
    "grossProfitMargin" : 43.52,
    "grossProfit" : 220.52,
    "operatingProfitMargin" : -8.68,
    "operatingProfit" : -43.98,
    "netProfitMargin" : -8.45,
    "netProfit" : -42.82
  }, {
    "date" : "2023-06-30",
    "sales" : 513.20,
    "salesGrowthYoY" : 16.19,
    "grossProfitMargin" : 57.03,
    "grossProfit" : 292.68,
    "operatingProfitMargin" : 14.03,
    "operatingProfit" : 72.00,
    "netProfitMargin" : 5.54,
    "netProfit" : 28.43
  }, {
    "date" : "2023-09-30",
    "sales" : 518.70,
    "salesGrowthYoY" : 5.97,
    "grossProfitMargin" : 58.32,
    "grossProfit" : 302.51,
    "operatingProfitMargin" : 12.96,
    "operatingProfit" : 67.22,
    "netProfitMargin" : 7.45,
    "netProfit" : 38.64
  }, {
    "date" : "2023-12-31",
    "sales" : 562.80,
    "salesGrowthYoY" : 1.41,
    "grossProfitMargin" : 55.85,
    "grossProfit" : 314.32,
    "operatingProfitMargin" : 12.67,
    "operatingProfit" : 71.31,
    "netProfitMargin" : 4.26,
    "netProfit" : 23.98
  }, {
    "date" : "2024-03-31",
    "sales" : 532.60,
    "salesGrowthYoY" : 5.11,
    "grossProfitMargin" : 53.15,
    "grossProfit" : 283.08,
    "operatingProfitMargin" : 9.80,
    "operatingProfit" : 52.19,
    "netProfitMargin" : 2.63,
    "netProfit" : 14.01
  }, {
    "date" : "2024-06-30",
    "sales" : 510.60,
    "salesGrowthYoY" : -0.51,
    "grossProfitMargin" : 58.19,
    "grossProfit" : 297.12,
    "operatingProfitMargin" : 8.79,
    "operatingProfit" : 44.88,
    "netProfitMargin" : 0.18,
    "netProfit" : 0.92
  }, {
    "date" : "2024-09-30",
    "sales" : 525.40,
    "salesGrowthYoY" : 1.29,
    "grossProfitMargin" : 54.89,
    "grossProfit" : 288.39,
    "operatingProfitMargin" : 7.16,
    "operatingProfit" : 37.62,
    "netProfitMargin" : 0.61,
    "netProfit" : 3.20
  }, {
    "date" : "2024-12-31",
    "sales" : 562.80,
    "salesGrowthYoY" : 0.00,
    "grossProfitMargin" : 53.11,
    "grossProfit" : 298.90,
    "operatingProfitMargin" : 5.56,
    "operatingProfit" : 31.29,
    "netProfitMargin" : -0.64,
    "netProfit" : -3.60
  }, {
    "date" : "2025-03-31",
    "sales" : 643.80,
    "salesGrowthYoY" : 20.88,
    "grossProfitMargin" : 50.85,
    "grossProfit" : 327.37,
    "operatingProfitMargin" : 9.63,
    "operatingProfit" : 62.00,
    "netProfitMargin" : 3.29,
    "netProfit" : 21.18
  }, {
    "date" : "2025-06-30",
    "sales" : 537.10,
    "salesGrowthYoY" : 5.19,
    "grossProfitMargin" : 52.56,
    "grossProfit" : 282.30,
    "operatingProfitMargin" : 3.84,
    "operatingProfit" : 20.62,
    "netProfitMargin" : -1.55,
    "netProfit" : -8.33
  }, {
    "date" : "2025-09-30",
    "sales" : 583.30,
    "salesGrowthYoY" : 11.02,
    "grossProfitMargin" : 54.33,
    "grossProfit" : 316.91,
    "operatingProfitMargin" : 9.07,
    "operatingProfit" : 52.91,
    "netProfitMargin" : 12.15,
    "netProfit" : 70.87
  } ],
  "latestQuarterlyResult" : {
    "date" : "2025-09-30",
    "sales" : 583.30,
    "salesGrowthYoY" : 11.02,
    "grossProfitMargin" : 54.33,
    "grossProfit" : 316.91,
    "operatingProfitMargin" : 9.07,
    "operatingProfit" : 52.91,
    "netProfitMargin" : 12.15,
    "netProfit" : 70.87
  },
  "companyScore" : {
    "priceHigherThanDma50" : 5.00,
    "priceHigherThanDma100" : 5.00,
    "priceHigherThanDma200" : 5.00,
    "dma50HigherThanDma100" : 5.00,
    "dma50HigherThanDma200" : 5.00,
    "dma100HigherThanDma200" : 5.00,
    "pricePercentageAboveDma50" : 4.82,
    "pricePercentageAboveDma100" : 4.64,
    "pricePercentageAboveDma200" : 4.54,
    "weeklyVolumeHigherThanYearlyVolume" : 0.00,
    "salesGrowthPercentile" : 11.65,
    "operatingProfitMarginPercentile" : 6.03,
    "netProfitMarginPercentile" : 4.13,
    "totalTechnicalScore" : 44.00,
    "totalFundamentalScore" : 21.80,
    "totalScore" : 65.80
  }
}