{
  "metadata" : {
    "screenerCompanyId" : "354",
    "companyCode" : "BLKASHYAP",
    "companyName" : "B.L.Kashyap",
    "screenerCompanyLink" : "https://www.screener.in/company/BLKASHYAP",
    "screenerTechnicalHistoryLink" : "https://www.screener.in/api/company/354/chart/?q=Price-DMA50-DMA200-Volume&days=365",
    "screenerQuarterlyResultsLink" : "https://www.screener.in/api/company/354/chart/?q=GPM-OPM-NPM-Quarter+Sales&days=10000",
    "attributes" : {
      "companyCode" : "BLKASHYAP",
      "companyName" : "B.L.Kashyap",
      "marketCap" : 1070.00,
      "peRatio" : 100.00,
      "description" : "B.L.Kashyap & Sons Ltd is an EPC company engaged in the business of Construction of Buildings High-Rise Residential and Commercial Complexes, IT Parks, Institutional Buildings, etc. [1]"
    },
    "companyScore" : {
      "priceHigherThanDma50" : 0.00,
      "priceHigherThanDma100" : 0.00,
      "priceHigherThanDma200" : 0.00,
      "dma50HigherThanDma100" : 0.00,
      "dma50HigherThanDma200" : 0.00,
      "dma100HigherThanDma200" : 0.00,
      "pricePercentageAboveDma50" : 5.75,
      "pricePercentageAboveDma100" : 6.25,
      "pricePercentageAboveDma200" : 6.29,
      "weeklyVolumeHigherThanYearlyVolume" : 0.00,
      "salesGrowthPercentile" : 15.79,
      "operatingProfitMarginPercentile" : 11.32,
      "netProfitMarginPercentile" : 5.26,
      "totalTechnicalScore" : 18.29,
      "totalFundamentalScore" : 32.37,
      "totalScore" : 50.66
    }
  },
  "attributes" : {
    "companyCode" : "BLKASHYAP",
    "companyName" : "B.L.Kashyap",
    "marketCap" : 1070.00,
    "peRatio" : 100.00,
    "description" : "B.L.Kashyap & Sons Ltd is an EPC company engaged in the business of Construction of Buildings High-Rise Residential and Commercial Complexes, IT Parks, Institutional Buildings, etc. [1]"
  },
  "technicalHistory" : [ {
    "date" : "2024-12-09",
    "price" : 73.77,
    "dma50" : 81.11,
    "dma100" : null,
    "dma200" : 82.89,
    "volume" : 690114.00
  }, {
    "date" : "2024-12-10",
    "price" : 74.71,
    "dma50" : 80.86,
    "dma100" : null,
    "dma200" : 82.81,
    "volume" : 486634.00
  }, {
    "date" : "2024-12-11",
    "price" : 82.16,
    "dma50" : 80.91,
    "dma100" : null,
    "dma200" : 82.80,
    "volume" : 2216517.00
  }, {
    "date" : "2024-12-12",
    "price" : 79.07,
    "dma50" : 80.84,
    "dma100" : null,
    "dma200" : 82.77,
    "volume" : 1282572.00
  }, {
    "date" : "2024-12-13",
    "price" : 81.78,
    "dma50" : 80.88,
    "dma100" : null,
    "dma200" : 82.76,
    "volume" : 1238970.00
  }, {
    "date" : "2024-12-16",
    "price" : 80.11,
    "dma50" : 80.85,
    "dma100" : null,
    "dma200" : 82.73,
    "volume" : 505159.00
  }, {
    "date" : "2024-12-17",
    "price" : 78.64,
    "dma50" : 80.76,
    "dma100" : null,
    "dma200" : 82.69,
    "volume" : 405850.00
  }, {
    "date" : "2024-12-18",
    "price" : 77.13,
    "dma50" : 80.62,
    "dma100" : null,
    "dma200" : 82.63,
    "volume" : 431901.00
  }, {
    "date" : "2024-12-19",
    "price" : 77.73,
    "dma50" : 80.51,
    "dma100" : null,
    "dma200" : 82.58,
    "volume" : 363164.00
  }, {
    "date" : "2024-12-20",
    "price" : 76.05,
    "dma50" : 80.33,
    "dma100" : null,
    "dma200" : 82.52,
    "volume" : 424367.00
  }, {
    "date" : "2024-12-23",
    "price" : 76.13,
    "dma50" : 80.17,
    "dma100" : null,
    "dma200" : 82.46,
    "volume" : 507422.00
  }, {
    "date" : "2024-12-24",
    "price" : 78.52,
    "dma50" : 80.10,
    "dma100" : null,
    "dma200" : 82.42,
    "volume" : 405433.00
  }, {
    "date" : "2024-12-26",
    "price" : 77.31,
    "dma50" : 79.99,
    "dma100" : null,
    "dma200" : 82.37,
    "volume" : 268823.00
  }, {
    "date" : "2024-12-27",
    "price" : 77.28,
    "dma50" : 79.89,
    "dma100" : null,
    "dma200" : 82.32,
    "volume" : 213763.00
  }, {
    "date" : "2024-12-30",
    "price" : 76.35,
    "dma50" : 79.75,
    "dma100" : null,
    "dma200" : 82.26,
    "volume" : 181736.00
  }, {
    "date" : "2024-12-31",
    "price" : 77.22,
    "dma50" : 79.65,
    "dma100" : null,
    "dma200" : 82.21,
    "volume" : 194793.00
  }, {
    "date" : "2025-01-01",
    "price" : 78.45,
    "dma50" : 79.60,
    "dma100" : null,
    "dma200" : 82.17,
    "volume" : 215024.00
  }, {
    "date" : "2025-01-02",
    "price" : 82.57,
    "dma50" : 79.72,
    "dma100" : null,
    "dma200" : 82.17,
    "volume" : 1121212.00
  }, {
    "date" : "2025-01-03",
    "price" : 81.09,
    "dma50" : 79.77,
    "dma100" : null,
    "dma200" : 82.16,
    "volume" : 541811.00
  }, {
    "date" : "2025-01-06",
    "price" : 76.01,
    "dma50" : 79.62,
    "dma100" : null,
    "dma200" : 82.10,
    "volume" : 611211.00
  }, {
    "date" : "2025-01-07",
    "price" : 80.17,
    "dma50" : 79.65,
    "dma100" : null,
    "dma200" : 82.08,
    "volume" : 766254.00
  }, {
    "date" : "2025-01-08",
    "price" : 81.73,
    "dma50" : 79.73,
    "dma100" : null,
    "dma200" : 82.08,
    "volume" : 961502.00
  }, {
    "date" : "2025-01-09",
    "price" : 78.68,
    "dma50" : 79.69,
    "dma100" : null,
    "dma200" : 82.04,
    "volume" : 292283.00
  }, {
    "date" : "2025-01-10",
    "price" : 75.71,
    "dma50" : 79.53,
    "dma100" : null,
    "dma200" : 81.98,
    "volume" : 319495.00
  }, {
    "date" : "2025-01-13",
    "price" : 72.14,
    "dma50" : 79.24,
    "dma100" : null,
    "dma200" : 81.88,
    "volume" : 614647.00
  }, {
    "date" : "2025-01-14",
    "price" : 75.21,
    "dma50" : 79.08,
    "dma100" : null,
    "dma200" : 81.82,
    "volume" : 535606.00
  }, {
    "date" : "2025-01-15",
    "price" : 74.02,
    "dma50" : 78.88,
    "dma100" : null,
    "dma200" : 81.74,
    "volume" : 336314.00
  }, {
    "date" : "2025-01-16",
    "price" : 74.18,
    "dma50" : 78.70,
    "dma100" : null,
    "dma200" : 81.66,
    "volume" : 274116.00
  }, {
    "date" : "2025-01-17",
    "price" : 75.25,
    "dma50" : 78.56,
    "dma100" : null,
    "dma200" : 81.60,
    "volume" : 243207.00
  }, {
    "date" : "2025-01-20",
    "price" : 75.06,
    "dma50" : 78.43,
    "dma100" : null,
    "dma200" : 81.53,
    "volume" : 290323.00
  }, {
    "date" : "2025-01-21",
    "price" : 73.97,
    "dma50" : 78.25,
    "dma100" : null,
    "dma200" : 81.46,
    "volume" : 317437.00
  }, {
    "date" : "2025-01-22",
    "price" : 71.15,
    "dma50" : 77.97,
    "dma100" : null,
    "dma200" : 81.36,
    "volume" : 416334.00
  }, {
    "date" : "2025-01-23",
    "price" : 71.31,
    "dma50" : 77.71,
    "dma100" : null,
    "dma200" : 81.26,
    "volume" : 189256.00
  }, {
    "date" : "2025-01-24",
    "price" : 71.11,
    "dma50" : 77.45,
    "dma100" : null,
    "dma200" : 81.16,
    "volume" : 206113.00
  }, {
    "date" : "2025-01-27",
    "price" : 64.04,
    "dma50" : 76.93,
    "dma100" : null,
    "dma200" : 80.99,
    "volume" : 1275998.00
  }, {
    "date" : "2025-01-28",
    "price" : 64.25,
    "dma50" : 76.43,
    "dma100" : null,
    "dma200" : 80.82,
    "volume" : 791230.00
  }, {
    "date" : "2025-01-29",
    "price" : 69.35,
    "dma50" : 76.15,
    "dma100" : null,
    "dma200" : 80.71,
    "volume" : 920423.00
  }, {
    "date" : "2025-01-30",
    "price" : 66.87,
    "dma50" : 75.79,
    "dma100" : null,
    "dma200" : 80.57,
    "volume" : 397744.00
  }, {
    "date" : "2025-01-31",
    "price" : 65.85,
    "dma50" : 75.40,
    "dma100" : null,
    "dma200" : 80.42,
    "volume" : 531022.00
  }, {
    "date" : "2025-02-01",
    "price" : 67.32,
    "dma50" : 75.08,
    "dma100" : null,
    "dma200" : 80.29,
    "volume" : 127061.00
  }, {
    "date" : "2025-02-03",
    "price" : 63.92,
    "dma50" : 74.64,
    "dma100" : null,
    "dma200" : 80.13,
    "volume" : 467224.00
  }, {
    "date" : "2025-02-04",
    "price" : 65.78,
    "dma50" : 74.30,
    "dma100" : null,
    "dma200" : 79.98,
    "volume" : 565227.00
  }, {
    "date" : "2025-02-05",
    "price" : 63.90,
    "dma50" : 73.89,
    "dma100" : null,
    "dma200" : 79.82,
    "volume" : 588097.00
  }, {
    "date" : "2025-02-06",
    "price" : 63.95,
    "dma50" : 73.50,
    "dma100" : null,
    "dma200" : 79.67,
    "volume" : 441303.00
  }, {
    "date" : "2025-02-07",
    "price" : 61.03,
    "dma50" : 73.01,
    "dma100" : null,
    "dma200" : 79.48,
    "volume" : 738499.00
  }, {
    "date" : "2025-02-10",
    "price" : 61.53,
    "dma50" : 72.56,
    "dma100" : null,
    "dma200" : 79.30,
    "volume" : 686894.00
  }, {
    "date" : "2025-02-11",
    "price" : 59.74,
    "dma50" : 72.06,
    "dma100" : null,
    "dma200" : 79.11,
    "volume" : 606749.00
  }, {
    "date" : "2025-02-12",
    "price" : 57.15,
    "dma50" : 71.47,
    "dma100" : null,
    "dma200" : 78.89,
    "volume" : 877054.00
  }, {
    "date" : "2025-02-13",
    "price" : 56.68,
    "dma50" : 70.89,
    "dma100" : null,
    "dma200" : 78.67,
    "volume" : 760449.00
  }, {
    "date" : "2025-02-14",
    "price" : 53.29,
    "dma50" : 70.20,
    "dma100" : null,
    "dma200" : 78.42,
    "volume" : 754162.00
  }, {
    "date" : "2025-02-17",
    "price" : 52.69,
    "dma50" : 69.52,
    "dma100" : null,
    "dma200" : 78.16,
    "volume" : 1620827.00
  }, {
    "date" : "2025-02-18",
    "price" : 49.18,
    "dma50" : 68.72,
    "dma100" : null,
    "dma200" : 77.87,
    "volume" : 1276389.00
  }, {
    "date" : "2025-02-19",
    "price" : 50.82,
    "dma50" : 68.02,
    "dma100" : null,
    "dma200" : 77.60,
    "volume" : 994679.00
  }, {
    "date" : "2025-02-20",
    "price" : 53.28,
    "dma50" : 67.44,
    "dma100" : null,
    "dma200" : 77.36,
    "volume" : 1330598.00
  }, {
    "date" : "2025-02-21",
    "price" : 54.63,
    "dma50" : 66.94,
    "dma100" : null,
    "dma200" : 77.13,
    "volume" : 644951.00
  }, {
    "date" : "2025-02-24",
    "price" : 52.56,
    "dma50" : 66.37,
    "dma100" : null,
    "dma200" : 76.89,
    "volume" : 354066.00
  }, {
    "date" : "2025-02-25",
    "price" : 53.45,
    "dma50" : 65.87,
    "dma100" : null,
    "dma200" : 76.66,
    "volume" : 455065.00
  }, {
    "date" : "2025-02-27",
    "price" : 51.33,
    "dma50" : 65.30,
    "dma100" : null,
    "dma200" : 76.40,
    "volume" : 631402.00
  }, {
    "date" : "2025-02-28",
    "price" : 49.59,
    "dma50" : 64.68,
    "dma100" : null,
    "dma200" : 76.14,
    "volume" : 773911.00
  }, {
    "date" : "2025-03-03",
    "price" : 46.75,
    "dma50" : 63.98,
    "dma100" : null,
    "dma200" : 75.85,
    "volume" : 940289.00
  }, {
    "date" : "2025-03-04",
    "price" : 48.01,
    "dma50" : 63.35,
    "dma100" : null,
    "dma200" : 75.57,
    "volume" : 1050005.00
  }, {
    "date" : "2025-03-05",
    "price" : 49.80,
    "dma50" : 62.82,
    "dma100" : null,
    "dma200" : 75.31,
    "volume" : 1017051.00
  }, {
    "date" : "2025-03-06",
    "price" : 50.28,
    "dma50" : 62.33,
    "dma100" : null,
    "dma200" : 75.06,
    "volume" : 625750.00
  }, {
    "date" : "2025-03-07",
    "price" : 51.42,
    "dma50" : 61.90,
    "dma100" : null,
    "dma200" : 74.83,
    "volume" : 878497.00
  }, {
    "date" : "2025-03-10",
    "price" : 48.73,
    "dma50" : 61.38,
    "dma100" : null,
    "dma200" : 74.57,
    "volume" : 679735.00
  }, {
    "date" : "2025-03-11",
    "price" : 47.61,
    "dma50" : 60.84,
    "dma100" : null,
    "dma200" : 74.30,
    "volume" : 845375.00
  }, {
    "date" : "2025-03-12",
    "price" : 47.40,
    "dma50" : 60.32,
    "dma100" : null,
    "dma200" : 74.03,
    "volume" : 1105645.00
  }, {
    "date" : "2025-03-13",
    "price" : 47.27,
    "dma50" : 59.80,
    "dma100" : null,
    "dma200" : 73.77,
    "volume" : 1074980.00
  }, {
    "date" : "2025-03-17",
    "price" : 46.35,
    "dma50" : 59.28,
    "dma100" : null,
    "dma200" : 73.49,
    "volume" : 1801444.00
  }, {
    "date" : "2025-03-18",
    "price" : 48.16,
    "dma50" : 58.84,
    "dma100" : null,
    "dma200" : 73.24,
    "volume" : 1826259.00
  }, {
    "date" : "2025-03-19",
    "price" : 50.28,
    "dma50" : 58.50,
    "dma100" : null,
    "dma200" : 73.01,
    "volume" : 757690.00
  }, {
    "date" : "2025-03-20",
    "price" : 49.79,
    "dma50" : 58.16,
    "dma100" : null,
    "dma200" : 72.78,
    "volume" : 1125127.00
  }, {
    "date" : "2025-03-21",
    "price" : 51.36,
    "dma50" : 57.90,
    "dma100" : null,
    "dma200" : 72.57,
    "volume" : 1853631.00
  }, {
    "date" : "2025-03-24",
    "price" : 51.47,
    "dma50" : 57.64,
    "dma100" : null,
    "dma200" : 72.36,
    "volume" : 1384681.00
  }, {
    "date" : "2025-03-25",
    "price" : 50.41,
    "dma50" : 57.36,
    "dma100" : null,
    "dma200" : 72.14,
    "volume" : 870856.00
  }, {
    "date" : "2025-03-26",
    "price" : 49.12,
    "dma50" : 57.04,
    "dma100" : null,
    "dma200" : 71.91,
    "volume" : 1152086.00
  }, {
    "date" : "2025-03-27",
    "price" : 49.52,
    "dma50" : 56.74,
    "dma100" : null,
    "dma200" : 71.69,
    "volume" : 1379872.00
  }, {
    "date" : "2025-03-28",
    "price" : 51.29,
    "dma50" : 56.53,
    "dma100" : null,
    "dma200" : 71.49,
    "volume" : 1042969.00
  }, {
    "date" : "2025-04-01",
    "price" : 50.49,
    "dma50" : 56.29,
    "dma100" : null,
    "dma200" : 71.28,
    "volume" : 410164.00
  }, {
    "date" : "2025-04-02",
    "price" : 52.35,
    "dma50" : 56.14,
    "dma100" : null,
    "dma200" : 71.09,
    "volume" : 358344.00
  }, {
    "date" : "2025-04-03",
    "price" : 52.87,
    "dma50" : 56.01,
    "dma100" : null,
    "dma200" : 70.91,
    "volume" : 412073.00
  }, {
    "date" : "2025-04-04",
    "price" : 51.31,
    "dma50" : 55.82,
    "dma100" : null,
    "dma200" : 70.71,
    "volume" : 383242.00
  }, {
    "date" : "2025-04-07",
    "price" : 49.39,
    "dma50" : 55.57,
    "dma100" : null,
    "dma200" : 70.50,
    "volume" : 760641.00
  }, {
    "date" : "2025-04-08",
    "price" : 50.06,
    "dma50" : 55.36,
    "dma100" : null,
    "dma200" : 70.30,
    "volume" : 289561.00
  }, {
    "date" : "2025-04-09",
    "price" : 50.59,
    "dma50" : 55.17,
    "dma100" : null,
    "dma200" : 70.10,
    "volume" : 153087.00
  }, {
    "date" : "2025-04-11",
    "price" : 59.44,
    "dma50" : 55.34,
    "dma100" : null,
    "dma200" : 69.99,
    "volume" : 3922179.00
  }, {
    "date" : "2025-04-15",
    "price" : 60.45,
    "dma50" : 55.54,
    "dma100" : null,
    "dma200" : 69.90,
    "volume" : 698777.00
  }, {
    "date" : "2025-04-16",
    "price" : 60.08,
    "dma50" : 55.72,
    "dma100" : null,
    "dma200" : 69.80,
    "volume" : 446884.00
  }, {
    "date" : "2025-04-17",
    "price" : 65.77,
    "dma50" : 56.11,
    "dma100" : null,
    "dma200" : 69.76,
    "volume" : 2226798.00
  }, {
    "date" : "2025-04-21",
    "price" : 66.18,
    "dma50" : 56.50,
    "dma100" : null,
    "dma200" : 69.73,
    "volume" : 1069645.00
  }, {
    "date" : "2025-04-22",
    "price" : 65.90,
    "dma50" : 56.87,
    "dma100" : null,
    "dma200" : 69.69,
    "volume" : 267394.00
  }, {
    "date" : "2025-04-23",
    "price" : 66.52,
    "dma50" : 57.25,
    "dma100" : null,
    "dma200" : 69.66,
    "volume" : 571883.00
  }, {
    "date" : "2025-04-24",
    "price" : 67.29,
    "dma50" : 57.65,
    "dma100" : null,
    "dma200" : 69.63,
    "volume" : 513101.00
  }, {
    "date" : "2025-04-25",
    "price" : 66.58,
    "dma50" : 58.00,
    "dma100" : null,
    "dma200" : 69.60,
    "volume" : 858258.00
  }, {
    "date" : "2025-04-28",
    "price" : 65.76,
    "dma50" : 58.30,
    "dma100" : null,
    "dma200" : 69.56,
    "volume" : 475474.00
  }, {
    "date" : "2025-04-29",
    "price" : 64.09,
    "dma50" : 58.53,
    "dma100" : null,
    "dma200" : 69.51,
    "volume" : 309823.00
  }, {
    "date" : "2025-04-30",
    "price" : 63.62,
    "dma50" : 58.73,
    "dma100" : null,
    "dma200" : 69.45,
    "volume" : 353398.00
  }, {
    "date" : "2025-05-02",
    "price" : 65.20,
    "dma50" : 58.98,
    "dma100" : null,
    "dma200" : 69.41,
    "volume" : 523744.00
  }, {
    "date" : "2025-05-05",
    "price" : 66.03,
    "dma50" : 59.26,
    "dma100" : null,
    "dma200" : 69.37,
    "volume" : 847526.00
  }, {
    "date" : "2025-05-06",
    "price" : 64.53,
    "dma50" : 59.46,
    "dma100" : null,
    "dma200" : 69.33,
    "volume" : 534861.00
  }, {
    "date" : "2025-05-07",
    "price" : 65.48,
    "dma50" : 59.70,
    "dma100" : 63.35,
    "dma200" : 69.29,
    "volume" : 371898.00
  }, {
    "date" : "2025-05-08",
    "price" : 64.20,
    "dma50" : 59.88,
    "dma100" : 63.25,
    "dma200" : 69.24,
    "volume" : 255531.00
  }, {
    "date" : "2025-05-09",
    "price" : 63.60,
    "dma50" : 60.02,
    "dma100" : 63.06,
    "dma200" : 69.18,
    "volume" : 837735.00
  }, {
    "date" : "2025-05-12",
    "price" : 65.86,
    "dma50" : 60.25,
    "dma100" : 62.93,
    "dma200" : 69.15,
    "volume" : 226649.00
  }, {
    "date" : "2025-05-13",
    "price" : 65.75,
    "dma50" : 60.47,
    "dma100" : 62.77,
    "dma200" : 69.11,
    "volume" : 351419.00
  }, {
    "date" : "2025-05-14",
    "price" : 64.67,
    "dma50" : 60.63,
    "dma100" : 62.61,
    "dma200" : 69.07,
    "volume" : 362770.00
  }, {
    "date" : "2025-05-15",
    "price" : 67.35,
    "dma50" : 60.90,
    "dma100" : 62.50,
    "dma200" : 69.05,
    "volume" : 497721.00
  }, {
    "date" : "2025-05-16",
    "price" : 72.40,
    "dma50" : 61.35,
    "dma100" : 62.45,
    "dma200" : 69.09,
    "volume" : 1604866.00
  }, {
    "date" : "2025-05-19",
    "price" : 73.98,
    "dma50" : 61.84,
    "dma100" : 62.42,
    "dma200" : 69.14,
    "volume" : 1238237.00
  }, {
    "date" : "2025-05-20",
    "price" : 72.08,
    "dma50" : 62.24,
    "dma100" : 62.38,
    "dma200" : 69.16,
    "volume" : 443298.00
  }, {
    "date" : "2025-05-21",
    "price" : 72.23,
    "dma50" : 62.63,
    "dma100" : 62.34,
    "dma200" : 69.20,
    "volume" : 400453.00
  }, {
    "date" : "2025-05-22",
    "price" : 70.71,
    "dma50" : 62.95,
    "dma100" : 62.26,
    "dma200" : 69.21,
    "volume" : 225870.00
  }, {
    "date" : "2025-05-23",
    "price" : 73.60,
    "dma50" : 63.37,
    "dma100" : 62.22,
    "dma200" : 69.25,
    "volume" : 453355.00
  }, {
    "date" : "2025-05-26",
    "price" : 73.21,
    "dma50" : 63.76,
    "dma100" : 62.18,
    "dma200" : 69.29,
    "volume" : 368490.00
  }, {
    "date" : "2025-05-27",
    "price" : 72.43,
    "dma50" : 64.10,
    "dma100" : 62.14,
    "dma200" : 69.32,
    "volume" : 256953.00
  }, {
    "date" : "2025-05-28",
    "price" : 71.80,
    "dma50" : 64.40,
    "dma100" : 62.09,
    "dma200" : 69.35,
    "volume" : 113050.00
  }, {
    "date" : "2025-05-29",
    "price" : 72.39,
    "dma50" : 64.71,
    "dma100" : 62.03,
    "dma200" : 69.38,
    "volume" : 283359.00
  }, {
    "date" : "2025-05-30",
    "price" : 71.53,
    "dma50" : 64.98,
    "dma100" : 61.92,
    "dma200" : 69.40,
    "volume" : 243217.00
  }, {
    "date" : "2025-06-02",
    "price" : 67.43,
    "dma50" : 65.07,
    "dma100" : 61.78,
    "dma200" : 69.38,
    "volume" : 1217581.00
  }, {
    "date" : "2025-06-03",
    "price" : 68.68,
    "dma50" : 65.22,
    "dma100" : 61.71,
    "dma200" : 69.37,
    "volume" : 510888.00
  }, {
    "date" : "2025-06-04",
    "price" : 67.67,
    "dma50" : 65.31,
    "dma100" : 61.58,
    "dma200" : 69.36,
    "volume" : 461286.00
  }, {
    "date" : "2025-06-05",
    "price" : 67.10,
    "dma50" : 65.38,
    "dma100" : 61.44,
    "dma200" : 69.33,
    "volume" : 336601.00
  }, {
    "date" : "2025-06-06",
    "price" : 69.78,
    "dma50" : 65.55,
    "dma100" : 61.35,
    "dma200" : 69.34,
    "volume" : 694007.00
  }, {
    "date" : "2025-06-09",
    "price" : 67.55,
    "dma50" : 65.63,
    "dma100" : 61.27,
    "dma200" : 69.32,
    "volume" : 621840.00
  }, {
    "date" : "2025-06-10",
    "price" : 67.14,
    "dma50" : 65.69,
    "dma100" : 61.22,
    "dma200" : 69.30,
    "volume" : 301712.00
  }, {
    "date" : "2025-06-11",
    "price" : 71.31,
    "dma50" : 65.91,
    "dma100" : 61.18,
    "dma200" : 69.32,
    "volume" : 1748274.00
  }, {
    "date" : "2025-06-12",
    "price" : 70.09,
    "dma50" : 66.08,
    "dma100" : 61.14,
    "dma200" : 69.33,
    "volume" : 810977.00
  }, {
    "date" : "2025-06-13",
    "price" : 68.90,
    "dma50" : 66.19,
    "dma100" : 61.08,
    "dma200" : 69.32,
    "volume" : 330505.00
  }, {
    "date" : "2025-06-16",
    "price" : 69.36,
    "dma50" : 66.31,
    "dma100" : 61.03,
    "dma200" : 69.32,
    "volume" : 232243.00
  }, {
    "date" : "2025-06-17",
    "price" : 67.20,
    "dma50" : 66.35,
    "dma100" : 60.95,
    "dma200" : 69.30,
    "volume" : 264309.00
  }, {
    "date" : "2025-06-18",
    "price" : 66.80,
    "dma50" : 66.36,
    "dma100" : 60.88,
    "dma200" : 69.28,
    "volume" : 481045.00
  }, {
    "date" : "2025-06-19",
    "price" : 64.58,
    "dma50" : 66.29,
    "dma100" : 60.81,
    "dma200" : 69.23,
    "volume" : 339524.00
  }, {
    "date" : "2025-06-20",
    "price" : 64.82,
    "dma50" : 66.24,
    "dma100" : 60.74,
    "dma200" : 69.19,
    "volume" : 324496.00
  }, {
    "date" : "2025-06-23",
    "price" : 64.27,
    "dma50" : 66.16,
    "dma100" : 60.68,
    "dma200" : 69.14,
    "volume" : 242789.00
  }, {
    "date" : "2025-06-24",
    "price" : 65.28,
    "dma50" : 66.12,
    "dma100" : 60.69,
    "dma200" : 69.10,
    "volume" : 474476.00
  }, {
    "date" : "2025-06-25",
    "price" : 65.72,
    "dma50" : 66.11,
    "dma100" : 60.70,
    "dma200" : 69.07,
    "volume" : 308180.00
  }, {
    "date" : "2025-06-26",
    "price" : 66.15,
    "dma50" : 66.11,
    "dma100" : 60.67,
    "dma200" : 69.04,
    "volume" : 390066.00
  }, {
    "date" : "2025-06-27",
    "price" : 66.41,
    "dma50" : 66.12,
    "dma100" : 60.67,
    "dma200" : 69.01,
    "volume" : 292076.00
  }, {
    "date" : "2025-06-30",
    "price" : 66.28,
    "dma50" : 66.13,
    "dma100" : 60.67,
    "dma200" : 68.98,
    "volume" : 162054.00
  }, {
    "date" : "2025-07-01",
    "price" : 65.37,
    "dma50" : 66.10,
    "dma100" : 60.65,
    "dma200" : 68.95,
    "volume" : 376766.00
  }, {
    "date" : "2025-07-02",
    "price" : 66.10,
    "dma50" : 66.10,
    "dma100" : 60.67,
    "dma200" : 68.92,
    "volume" : 259860.00
  }, {
    "date" : "2025-07-03",
    "price" : 70.65,
    "dma50" : 66.28,
    "dma100" : 60.72,
    "dma200" : 68.94,
    "volume" : 2492707.00
  }, {
    "date" : "2025-07-04",
    "price" : 69.82,
    "dma50" : 66.42,
    "dma100" : 60.78,
    "dma200" : 68.95,
    "volume" : 871954.00
  }, {
    "date" : "2025-07-07",
    "price" : 68.09,
    "dma50" : 66.48,
    "dma100" : 60.82,
    "dma200" : 68.94,
    "volume" : 333443.00
  }, {
    "date" : "2025-07-08",
    "price" : 68.36,
    "dma50" : 66.56,
    "dma100" : 60.90,
    "dma200" : 68.93,
    "volume" : 211962.00
  }, {
    "date" : "2025-07-09",
    "price" : 67.74,
    "dma50" : 66.60,
    "dma100" : 60.96,
    "dma200" : 68.92,
    "volume" : 222385.00
  }, {
    "date" : "2025-07-10",
    "price" : 67.23,
    "dma50" : 66.63,
    "dma100" : 61.03,
    "dma200" : 68.90,
    "volume" : 457703.00
  }, {
    "date" : "2025-07-11",
    "price" : 67.54,
    "dma50" : 66.66,
    "dma100" : 61.14,
    "dma200" : 68.89,
    "volume" : 417351.00
  }, {
    "date" : "2025-07-14",
    "price" : 68.17,
    "dma50" : 66.72,
    "dma100" : 61.25,
    "dma200" : 68.88,
    "volume" : 294749.00
  }, {
    "date" : "2025-07-15",
    "price" : 68.85,
    "dma50" : 66.80,
    "dma100" : 61.41,
    "dma200" : 68.88,
    "volume" : 368756.00
  }, {
    "date" : "2025-07-16",
    "price" : 69.69,
    "dma50" : 66.92,
    "dma100" : 61.58,
    "dma200" : 68.89,
    "volume" : 299712.00
  }, {
    "date" : "2025-07-17",
    "price" : 68.94,
    "dma50" : 67.00,
    "dma100" : 61.78,
    "dma200" : 68.89,
    "volume" : 402231.00
  }, {
    "date" : "2025-07-18",
    "price" : 68.28,
    "dma50" : 67.05,
    "dma100" : 61.95,
    "dma200" : 68.88,
    "volume" : 154620.00
  }, {
    "date" : "2025-07-21",
    "price" : 72.23,
    "dma50" : 67.25,
    "dma100" : 62.14,
    "dma200" : 68.92,
    "volume" : 1694871.00
  }, {
    "date" : "2025-07-22",
    "price" : 72.04,
    "dma50" : 67.44,
    "dma100" : 62.31,
    "dma200" : 68.95,
    "volume" : 2904873.00
  }, {
    "date" : "2025-07-23",
    "price" : 70.31,
    "dma50" : 67.55,
    "dma100" : 62.49,
    "dma200" : 68.96,
    "volume" : 376575.00
  }, {
    "date" : "2025-07-24",
    "price" : 70.59,
    "dma50" : 67.67,
    "dma100" : 62.66,
    "dma200" : 68.98,
    "volume" : 1177262.00
  }, {
    "date" : "2025-07-25",
    "price" : 71.43,
    "dma50" : 67.82,
    "dma100" : 62.86,
    "dma200" : 69.00,
    "volume" : 997336.00
  }, {
    "date" : "2025-07-28",
    "price" : 71.97,
    "dma50" : 67.98,
    "dma100" : 63.09,
    "dma200" : 69.03,
    "volume" : 463724.00
  }, {
    "date" : "2025-07-29",
    "price" : 72.24,
    "dma50" : 68.15,
    "dma100" : 63.34,
    "dma200" : 69.06,
    "volume" : 747983.00
  }, {
    "date" : "2025-07-30",
    "price" : 75.54,
    "dma50" : 68.44,
    "dma100" : 63.62,
    "dma200" : 69.13,
    "volume" : 2174999.00
  }, {
    "date" : "2025-07-31",
    "price" : 79.01,
    "dma50" : 68.85,
    "dma100" : 63.91,
    "dma200" : 69.23,
    "volume" : 3153358.00
  }, {
    "date" : "2025-08-01",
    "price" : 75.09,
    "dma50" : 69.10,
    "dma100" : 64.16,
    "dma200" : 69.28,
    "volume" : 1213460.00
  }, {
    "date" : "2025-08-04",
    "price" : 75.88,
    "dma50" : 69.36,
    "dma100" : 64.40,
    "dma200" : 69.35,
    "volume" : 861681.00
  }, {
    "date" : "2025-08-05",
    "price" : 72.94,
    "dma50" : 69.50,
    "dma100" : 64.64,
    "dma200" : 69.39,
    "volume" : 800623.00
  }, {
    "date" : "2025-08-06",
    "price" : 70.71,
    "dma50" : 69.55,
    "dma100" : 64.88,
    "dma200" : 69.40,
    "volume" : 546272.00
  }, {
    "date" : "2025-08-07",
    "price" : 70.61,
    "dma50" : 69.59,
    "dma100" : 65.11,
    "dma200" : 69.41,
    "volume" : 947160.00
  }, {
    "date" : "2025-08-08",
    "price" : 70.34,
    "dma50" : 69.62,
    "dma100" : 65.34,
    "dma200" : 69.42,
    "volume" : 549093.00
  }, {
    "date" : "2025-08-11",
    "price" : 69.07,
    "dma50" : 69.60,
    "dma100" : 65.57,
    "dma200" : 69.42,
    "volume" : 292960.00
  }, {
    "date" : "2025-08-12",
    "price" : 68.51,
    "dma50" : 69.56,
    "dma100" : 65.77,
    "dma200" : 69.41,
    "volume" : 355981.00
  }, {
    "date" : "2025-08-13",
    "price" : 68.81,
    "dma50" : 69.53,
    "dma100" : 65.95,
    "dma200" : 69.40,
    "volume" : 675353.00
  }, {
    "date" : "2025-08-14",
    "price" : 67.50,
    "dma50" : 69.45,
    "dma100" : 66.13,
    "dma200" : 69.38,
    "volume" : 786824.00
  }, {
    "date" : "2025-08-18",
    "price" : 68.47,
    "dma50" : 69.41,
    "dma100" : 66.30,
    "dma200" : 69.37,
    "volume" : 616274.00
  }, {
    "date" : "2025-08-19",
    "price" : 70.85,
    "dma50" : 69.47,
    "dma100" : 66.50,
    "dma200" : 69.39,
    "volume" : 827846.00
  }, {
    "date" : "2025-08-20",
    "price" : 70.61,
    "dma50" : 69.51,
    "dma100" : 66.70,
    "dma200" : 69.40,
    "volume" : 267029.00
  }, {
    "date" : "2025-08-21",
    "price" : 72.81,
    "dma50" : 69.64,
    "dma100" : 66.93,
    "dma200" : 69.44,
    "volume" : 1208819.00
  }, {
    "date" : "2025-08-22",
    "price" : 72.55,
    "dma50" : 69.75,
    "dma100" : 67.17,
    "dma200" : 69.47,
    "volume" : 262125.00
  }, {
    "date" : "2025-08-25",
    "price" : 72.83,
    "dma50" : 69.88,
    "dma100" : 67.38,
    "dma200" : 69.50,
    "volume" : 424752.00
  }, {
    "date" : "2025-08-26",
    "price" : 68.60,
    "dma50" : 69.83,
    "dma100" : 67.56,
    "dma200" : 69.49,
    "volume" : 665203.00
  }, {
    "date" : "2025-08-28",
    "price" : 69.49,
    "dma50" : 69.81,
    "dma100" : 67.73,
    "dma200" : 69.49,
    "volume" : 333019.00
  }, {
    "date" : "2025-08-29",
    "price" : 69.75,
    "dma50" : 69.81,
    "dma100" : 67.90,
    "dma200" : 69.49,
    "volume" : 287212.00
  }, {
    "date" : "2025-09-01",
    "price" : 69.34,
    "dma50" : 69.79,
    "dma100" : 68.08,
    "dma200" : 69.49,
    "volume" : 153944.00
  }, {
    "date" : "2025-09-02",
    "price" : 69.10,
    "dma50" : 69.76,
    "dma100" : 68.28,
    "dma200" : 69.49,
    "volume" : 270112.00
  }, {
    "date" : "2025-09-03",
    "price" : 69.44,
    "dma50" : 69.75,
    "dma100" : 68.47,
    "dma200" : 69.49,
    "volume" : 204036.00
  }, {
    "date" : "2025-09-04",
    "price" : 69.35,
    "dma50" : 69.74,
    "dma100" : 68.66,
    "dma200" : 69.49,
    "volume" : 281769.00
  }, {
    "date" : "2025-09-05",
    "price" : 68.75,
    "dma50" : 69.70,
    "dma100" : 68.75,
    "dma200" : 69.48,
    "volume" : 234918.00
  }, {
    "date" : "2025-09-08",
    "price" : 70.08,
    "dma50" : 69.71,
    "dma100" : 68.85,
    "dma200" : 69.48,
    "volume" : 443694.00
  }, {
    "date" : "2025-09-09",
    "price" : 69.19,
    "dma50" : 69.69,
    "dma100" : 68.94,
    "dma200" : 69.48,
    "volume" : 762620.00
  }, {
    "date" : "2025-09-10",
    "price" : 70.94,
    "dma50" : 69.74,
    "dma100" : 68.99,
    "dma200" : 69.50,
    "volume" : 407810.00
  }, {
    "date" : "2025-09-11",
    "price" : 69.29,
    "dma50" : 69.72,
    "dma100" : 69.02,
    "dma200" : 69.49,
    "volume" : 312804.00
  }, {
    "date" : "2025-09-12",
    "price" : 67.81,
    "dma50" : 69.65,
    "dma100" : 69.04,
    "dma200" : 69.48,
    "volume" : 709366.00
  }, {
    "date" : "2025-09-15",
    "price" : 68.17,
    "dma50" : 69.59,
    "dma100" : 69.06,
    "dma200" : 69.46,
    "volume" : 453396.00
  }, {
    "date" : "2025-09-16",
    "price" : 67.23,
    "dma50" : 69.50,
    "dma100" : 69.06,
    "dma200" : 69.44,
    "volume" : 639653.00
  }, {
    "date" : "2025-09-17",
    "price" : 66.31,
    "dma50" : 69.37,
    "dma100" : 69.06,
    "dma200" : 69.41,
    "volume" : 464134.00
  }, {
    "date" : "2025-09-18",
    "price" : 66.44,
    "dma50" : 69.26,
    "dma100" : 69.06,
    "dma200" : 69.38,
    "volume" : 544662.00
  }, {
    "date" : "2025-09-19",
    "price" : 66.81,
    "dma50" : 69.16,
    "dma100" : 69.09,
    "dma200" : 69.36,
    "volume" : 372203.00
  }, {
    "date" : "2025-09-22",
    "price" : 65.13,
    "dma50" : 69.00,
    "dma100" : 69.11,
    "dma200" : 69.31,
    "volume" : 469581.00
  }, {
    "date" : "2025-09-23",
    "price" : 62.54,
    "dma50" : 68.75,
    "dma100" : 69.08,
    "dma200" : 69.25,
    "volume" : 542753.00
  }, {
    "date" : "2025-09-24",
    "price" : 63.23,
    "dma50" : 68.53,
    "dma100" : 69.05,
    "dma200" : 69.19,
    "volume" : 262327.00
  }, {
    "date" : "2025-09-25",
    "price" : 60.45,
    "dma50" : 68.22,
    "dma100" : 69.01,
    "dma200" : 69.10,
    "volume" : 431413.00
  }, {
    "date" : "2025-09-26",
    "price" : 60.77,
    "dma50" : 67.92,
    "dma100" : 68.96,
    "dma200" : 69.02,
    "volume" : 837681.00
  }, {
    "date" : "2025-09-29",
    "price" : 61.52,
    "dma50" : 67.67,
    "dma100" : 68.94,
    "dma200" : 68.94,
    "volume" : 293282.00
  }, {
    "date" : "2025-09-30",
    "price" : 59.79,
    "dma50" : 67.36,
    "dma100" : 68.90,
    "dma200" : 68.85,
    "volume" : 313033.00
  }, {
    "date" : "2025-10-01",
    "price" : 61.31,
    "dma50" : 67.13,
    "dma100" : 68.85,
    "dma200" : 68.78,
    "volume" : 274100.00
  }, {
    "date" : "2025-10-03",
    "price" : 61.70,
    "dma50" : 66.91,
    "dma100" : 68.81,
    "dma200" : 68.71,
    "volume" : 344094.00
  }, {
    "date" : "2025-10-06",
    "price" : 60.78,
    "dma50" : 66.67,
    "dma100" : 68.77,
    "dma200" : 68.63,
    "volume" : 329439.00
  }, {
    "date" : "2025-10-07",
    "price" : 60.12,
    "dma50" : 66.42,
    "dma100" : 68.70,
    "dma200" : 68.54,
    "volume" : 216631.00
  }, {
    "date" : "2025-10-08",
    "price" : 59.07,
    "dma50" : 66.13,
    "dma100" : 68.57,
    "dma200" : 68.45,
    "volume" : 165968.00
  }, {
    "date" : "2025-10-09",
    "price" : 58.26,
    "dma50" : 65.82,
    "dma100" : 68.41,
    "dma200" : 68.35,
    "volume" : 477376.00
  }, {
    "date" : "2025-10-10",
    "price" : 61.61,
    "dma50" : 65.65,
    "dma100" : 68.31,
    "dma200" : 68.28,
    "volume" : 576602.00
  }, {
    "date" : "2025-10-13",
    "price" : 61.93,
    "dma50" : 65.51,
    "dma100" : 68.20,
    "dma200" : 68.22,
    "volume" : 420621.00
  }, {
    "date" : "2025-10-14",
    "price" : 61.08,
    "dma50" : 65.33,
    "dma100" : 68.11,
    "dma200" : 68.15,
    "volume" : 945585.00
  }, {
    "date" : "2025-10-15",
    "price" : 61.43,
    "dma50" : 65.18,
    "dma100" : 67.98,
    "dma200" : 68.08,
    "volume" : 259101.00
  }, {
    "date" : "2025-10-16",
    "price" : 60.42,
    "dma50" : 64.99,
    "dma100" : 67.86,
    "dma200" : 68.00,
    "volume" : 384880.00
  }, {
    "date" : "2025-10-17",
    "price" : 60.97,
    "dma50" : 64.84,
    "dma100" : 67.74,
    "dma200" : 67.93,
    "volume" : 684822.00
  }, {
    "date" : "2025-10-20",
    "price" : 62.09,
    "dma50" : 64.73,
    "dma100" : 67.65,
    "dma200" : 67.87,
    "volume" : 241304.00
  }, {
    "date" : "2025-10-21",
    "price" : 63.10,
    "dma50" : 64.67,
    "dma100" : 67.55,
    "dma200" : 67.83,
    "volume" : 283314.00
  }, {
    "date" : "2025-10-23",
    "price" : 61.83,
    "dma50" : 64.55,
    "dma100" : 67.46,
    "dma200" : 67.77,
    "volume" : 283312.00
  }, {
    "date" : "2025-10-24",
    "price" : 61.19,
    "dma50" : 64.42,
    "dma100" : 67.39,
    "dma200" : 67.70,
    "volume" : 169342.00
  }, {
    "date" : "2025-10-27",
    "price" : 60.45,
    "dma50" : 64.27,
    "dma100" : 67.31,
    "dma200" : 67.63,
    "volume" : 256779.00
  }, {
    "date" : "2025-10-28",
    "price" : 59.71,
    "dma50" : 64.09,
    "dma100" : 67.23,
    "dma200" : 67.55,
    "volume" : 284368.00
  }, {
    "date" : "2025-10-29",
    "price" : 59.87,
    "dma50" : 63.92,
    "dma100" : 67.16,
    "dma200" : 67.47,
    "volume" : 355889.00
  }, {
    "date" : "2025-10-30",
    "price" : 60.09,
    "dma50" : 63.77,
    "dma100" : 67.06,
    "dma200" : 67.40,
    "volume" : 245623.00
  }, {
    "date" : "2025-10-31",
    "price" : 59.05,
    "dma50" : 63.59,
    "dma100" : 66.98,
    "dma200" : 67.32,
    "volume" : 307768.00
  }, {
    "date" : "2025-11-03",
    "price" : 59.24,
    "dma50" : 63.42,
    "dma100" : 66.90,
    "dma200" : 67.24,
    "volume" : 135528.00
  }, {
    "date" : "2025-11-04",
    "price" : 58.70,
    "dma50" : 63.23,
    "dma100" : 66.77,
    "dma200" : 67.15,
    "volume" : 270945.00
  }, {
    "date" : "2025-11-06",
    "price" : 58.24,
    "dma50" : 63.04,
    "dma100" : 66.65,
    "dma200" : 67.06,
    "volume" : 274476.00
  }, {
    "date" : "2025-11-07",
    "price" : 57.21,
    "dma50" : 62.81,
    "dma100" : 66.54,
    "dma200" : 66.97,
    "volume" : 241890.00
  }, {
    "date" : "2025-11-10",
    "price" : 56.70,
    "dma50" : 62.57,
    "dma100" : 66.41,
    "dma200" : 66.86,
    "volume" : 224279.00
  }, {
    "date" : "2025-11-11",
    "price" : 56.95,
    "dma50" : 62.35,
    "dma100" : 66.31,
    "dma200" : 66.76,
    "volume" : 115011.00
  }, {
    "date" : "2025-11-12",
    "price" : 55.24,
    "dma50" : 62.07,
    "dma100" : 66.19,
    "dma200" : 66.65,
    "volume" : 511152.00
  }, {
    "date" : "2025-11-13",
    "price" : 55.91,
    "dma50" : 61.83,
    "dma100" : 66.10,
    "dma200" : 66.54,
    "volume" : 330688.00
  }, {
    "date" : "2025-11-14",
    "price" : 52.02,
    "dma50" : 61.44,
    "dma100" : 65.98,
    "dma200" : 66.40,
    "volume" : 1082476.00
  }, {
    "date" : "2025-11-17",
    "price" : 51.97,
    "dma50" : 61.07,
    "dma100" : 65.85,
    "dma200" : 66.26,
    "volume" : 772265.00
  }, {
    "date" : "2025-11-18",
    "price" : 50.69,
    "dma50" : 60.66,
    "dma100" : 65.71,
    "dma200" : 66.10,
    "volume" : 274938.00
  }, {
    "date" : "2025-11-19",
    "price" : 51.03,
    "dma50" : 60.29,
    "dma100" : 65.56,
    "dma200" : 65.95,
    "volume" : 448239.00
  }, {
    "date" : "2025-11-20",
    "price" : 50.09,
    "dma50" : 59.89,
    "dma100" : 65.40,
    "dma200" : 65.79,
    "volume" : 419853.00
  }, {
    "date" : "2025-11-21",
    "price" : 49.01,
    "dma50" : 59.46,
    "dma100" : 65.23,
    "dma200" : 65.63,
    "volume" : 348757.00
  }, {
    "date" : "2025-11-24",
    "price" : 47.25,
    "dma50" : 58.98,
    "dma100" : 65.04,
    "dma200" : 65.44,
    "volume" : 350455.00
  }, {
    "date" : "2025-11-25",
    "price" : 47.69,
    "dma50" : 58.54,
    "dma100" : 64.86,
    "dma200" : 65.27,
    "volume" : 759064.00
  }, {
    "date" : "2025-11-26",
    "price" : 47.78,
    "dma50" : 58.12,
    "dma100" : 64.68,
    "dma200" : 65.09,
    "volume" : 886756.00
  }, {
    "date" : "2025-11-27",
    "price" : 50.34,
    "dma50" : 57.81,
    "dma100" : 64.47,
    "dma200" : 64.95,
    "volume" : 1025941.00
  }, {
    "date" : "2025-11-28",
    "price" : 51.30,
    "dma50" : 57.56,
    "dma100" : 64.29,
    "dma200" : 64.81,
    "volume" : 584171.00
  }, {
    "date" : "2025-12-01",
    "price" : 49.10,
    "dma50" : 57.22,
    "dma100" : 64.10,
    "dma200" : 64.65,
    "volume" : 252868.00
  }, {
    "date" : "2025-12-02",
    "price" : 48.57,
    "dma50" : 56.89,
    "dma100" : 63.90,
    "dma200" : 64.49,
    "volume" : 113399.00
  }, {
    "date" : "2025-12-03",
    "price" : 47.30,
    "dma50" : 56.51,
    "dma100" : 63.70,
    "dma200" : 64.32,
    "volume" : 173960.00
  }, {
    "date" : "2025-12-04",
    "price" : 48.36,
    "dma50" : 56.19,
    "dma100" : 63.51,
    "dma200" : 64.16,
    "volume" : 176812.00
  }, {
    "date" : "2025-12-05",
    "price" : 47.46,
    "dma50" : 55.85,
    "dma100" : 63.31,
    "dma200" : 64.00,
    "volume" : 256922.00
  } ],
  "latestTechnicalAttributes" : {
    "date" : "2025-12-05",
    "price" : 47.46,
    "dma50" : 55.85,
    "dma100" : 63.31,
    "dma200" : 64.00,
    "volume" : 256922.00
  },
  "quarterlyResults" : [ {
    "date" : "2005-12-31",
    "sales" : 107.69,
    "salesGrowthYoY" : null,
    "grossProfitMargin" : 46.76,
    "grossProfit" : 50.36,
    "operatingProfitMargin" : 9.04,
    "operatingProfit" : 9.74,
    "netProfitMargin" : 4.97,
    "netProfit" : 5.35
  }, {
    "date" : "2006-03-31",
    "sales" : 150.96,
    "salesGrowthYoY" : null,
    "grossProfitMargin" : 50.96,
    "grossProfit" : 76.93,
    "operatingProfitMargin" : 10.40,
    "operatingProfit" : 15.70,
    "netProfitMargin" : 6.18,
    "netProfit" : 9.33
  }, {
    "date" : "2006-06-30",
    "sales" : 163.88,
    "salesGrowthYoY" : null,
    "grossProfitMargin" : 42.23,
    "grossProfit" : 69.21,
    "operatingProfitMargin" : 10.83,
    "operatingProfit" : 17.75,
    "netProfitMargin" : 6.33,
    "netProfit" : 10.37
  }, {
    "date" : "2006-09-30",
    "sales" : 170.68,
    "salesGrowthYoY" : null,
    "grossProfitMargin" : 50.73,
    "grossProfit" : 86.59,
    "operatingProfitMargin" : 10.66,
    "operatingProfit" : 18.19,
    "netProfitMargin" : 6.23,
    "netProfit" : 10.63
  }, {
    "date" : "2006-12-31",
    "sales" : 236.20,
    "salesGrowthYoY" : 119.33,
    "grossProfitMargin" : 42.35,
    "grossProfit" : 100.03,
    "operatingProfitMargin" : 10.57,
    "operatingProfit" : 24.97,
    "netProfitMargin" : 6.52,
    "netProfit" : 15.40
  }, {
    "date" : "2007-03-31",
    "sales" : 237.34,
    "salesGrowthYoY" : 57.22,
    "grossProfitMargin" : 52.44,
    "grossProfit" : 124.46,
    "operatingProfitMargin" : 13.26,
    "operatingProfit" : 31.47,
    "netProfitMargin" : 8.10,
    "netProfit" : 19.22
  }, {
    "date" : "2007-06-30",
    "sales" : 302.55,
    "salesGrowthYoY" : 84.62,
    "grossProfitMargin" : 45.45,
    "grossProfit" : 137.51,
    "operatingProfitMargin" : 11.63,
    "operatingProfit" : 35.19,
    "netProfitMargin" : 9.17,
    "netProfit" : 27.74
  }, {
    "date" : "2007-09-30",
    "sales" : 372.30,
    "salesGrowthYoY" : 118.13,
    "grossProfitMargin" : 49.14,
    "grossProfit" : 182.95,
    "operatingProfitMargin" : 11.81,
    "operatingProfit" : 43.97,
    "netProfitMargin" : 7.28,
    "netProfit" : 27.10
  }, {
    "date" : "2007-12-31",
    "sales" : 405.80,
    "salesGrowthYoY" : 71.80,
    "grossProfitMargin" : 53.13,
    "grossProfit" : 215.60,
    "operatingProfitMargin" : 11.67,
    "operatingProfit" : 47.36,
    "netProfitMargin" : 6.21,
    "netProfit" : 25.20
  }, {
    "date" : "2008-03-31",
    "sales" : 463.98,
    "salesGrowthYoY" : 95.49,
    "grossProfitMargin" : 48.39,
    "grossProfit" : 224.52,
    "operatingProfitMargin" : 12.85,
    "operatingProfit" : 59.62,
    "netProfitMargin" : 7.61,
    "netProfit" : 35.31
  }, {
    "date" : "2008-06-30",
    "sales" : 415.20,
    "salesGrowthYoY" : 37.23,
    "grossProfitMargin" : 45.76,
    "grossProfit" : 190.00,
    "operatingProfitMargin" : 12.11,
    "operatingProfit" : 50.28,
    "netProfitMargin" : 8.71,
    "netProfit" : 36.16
  }, {
    "date" : "2008-09-30",
    "sales" : 404.35,
    "salesGrowthYoY" : 8.61,
    "grossProfitMargin" : 50.28,
    "grossProfit" : 203.31,
    "operatingProfitMargin" : 10.68,
    "operatingProfit" : 43.18,
    "netProfitMargin" : 6.00,
    "netProfit" : 24.26
  }, {
    "date" : "2008-12-31",
    "sales" : 357.53,
    "salesGrowthYoY" : -11.90,
    "grossProfitMargin" : 48.30,
    "grossProfit" : 172.69,
    "operatingProfitMargin" : 8.99,
    "operatingProfit" : 32.14,
    "netProfitMargin" : 4.53,
    "netProfit" : 16.20
  }, {
    "date" : "2009-03-31",
    "sales" : 284.98,
    "salesGrowthYoY" : -38.58,
    "grossProfitMargin" : 50.35,
    "grossProfit" : 143.49,
    "operatingProfitMargin" : 1.78,
    "operatingProfit" : 5.07,
    "netProfitMargin" : 0.39,
    "netProfit" : 1.11
  }, {
    "date" : "2009-06-30",
    "sales" : 213.07,
    "salesGrowthYoY" : -48.68,
    "grossProfitMargin" : 48.00,
    "grossProfit" : 102.27,
    "operatingProfitMargin" : 8.05,
    "operatingProfit" : 17.15,
    "netProfitMargin" : 3.72,
    "netProfit" : 7.93
  }, {
    "date" : "2009-09-30",
    "sales" : 240.46,
    "salesGrowthYoY" : -40.53,
    "grossProfitMargin" : 47.60,
    "grossProfit" : 114.46,
    "operatingProfitMargin" : 8.73,
    "operatingProfit" : 20.99,
    "netProfitMargin" : 3.74,
    "netProfit" : 8.99
  }, {
    "date" : "2009-12-31",
    "sales" : 273.23,
    "salesGrowthYoY" : -23.58,
    "grossProfitMargin" : 46.20,
    "grossProfit" : 126.23,
    "operatingProfitMargin" : 8.35,
    "operatingProfit" : 22.81,
    "netProfitMargin" : 3.93,
    "netProfit" : 10.74
  }, {
    "date" : "2010-03-31",
    "sales" : 291.88,
    "salesGrowthYoY" : 2.42,
    "grossProfitMargin" : 51.78,
    "grossProfit" : 151.14,
    "operatingProfitMargin" : 7.96,
    "operatingProfit" : 23.23,
    "netProfitMargin" : 4.85,
    "netProfit" : 14.16
  }, {
    "date" : "2010-06-30",
    "sales" : 299.98,
    "salesGrowthYoY" : 40.79,
    "grossProfitMargin" : 47.84,
    "grossProfit" : 143.51,
    "operatingProfitMargin" : 8.45,
    "operatingProfit" : 25.35,
    "netProfitMargin" : 3.42,
    "netProfit" : 10.26
  }, {
    "date" : "2010-09-30",
    "sales" : 311.17,
    "salesGrowthYoY" : 29.41,
    "grossProfitMargin" : 54.59,
    "grossProfit" : 169.87,
    "operatingProfitMargin" : 7.61,
    "operatingProfit" : 23.68,
    "netProfitMargin" : 3.28,
    "netProfit" : 10.21
  }, {
    "date" : "2010-12-31",
    "sales" : 438.64,
    "salesGrowthYoY" : 60.54,
    "grossProfitMargin" : 47.01,
    "grossProfit" : 206.20,
    "operatingProfitMargin" : 7.90,
    "operatingProfit" : 34.65,
    "netProfitMargin" : 3.42,
    "netProfit" : 15.00
  }, {
    "date" : "2011-03-31",
    "sales" : 482.87,
    "salesGrowthYoY" : 65.43,
    "grossProfitMargin" : 49.72,
    "grossProfit" : 240.08,
    "operatingProfitMargin" : 6.13,
    "operatingProfit" : 29.60,
    "netProfitMargin" : 2.83,
    "netProfit" : 13.67
  }, {
    "date" : "2011-06-30",
    "sales" : 431.39,
    "salesGrowthYoY" : 43.81,
    "grossProfitMargin" : 43.44,
    "grossProfit" : 187.40,
    "operatingProfitMargin" : 3.57,
    "operatingProfit" : 15.40,
    "netProfitMargin" : 0.44,
    "netProfit" : 1.90
  }, {
    "date" : "2011-09-30",
    "sales" : 523.00,
    "salesGrowthYoY" : 68.08,
    "grossProfitMargin" : 44.50,
    "grossProfit" : 232.74,
    "operatingProfitMargin" : 6.15,
    "operatingProfit" : 32.16,
    "netProfitMargin" : 2.05,
    "netProfit" : 10.72
  }, {
    "date" : "2011-12-31",
    "sales" : 492.49,
    "salesGrowthYoY" : 12.28,
    "grossProfitMargin" : 45.57,
    "grossProfit" : 224.43,
    "operatingProfitMargin" : 4.02,
    "operatingProfit" : 19.80,
    "netProfitMargin" : 0.08,
    "netProfit" : 0.39
  }, {
    "date" : "2012-03-31",
    "sales" : 474.33,
    "salesGrowthYoY" : -1.77,
    "grossProfitMargin" : 55.07,
    "grossProfit" : 261.21,
    "operatingProfitMargin" : 1.07,
    "operatingProfit" : 5.08,
    "netProfitMargin" : -2.03,
    "netProfit" : -9.63
  }, {
    "date" : "2012-06-30",
    "sales" : 368.97,
    "salesGrowthYoY" : -14.47,
    "grossProfitMargin" : 47.33,
    "grossProfit" : 174.63,
    "operatingProfitMargin" : 5.04,
    "operatingProfit" : 18.60,
    "netProfitMargin" : -0.95,
    "netProfit" : -3.51
  }, {
    "date" : "2012-09-30",
    "sales" : 356.66,
    "salesGrowthYoY" : -31.80,
    "grossProfitMargin" : 48.71,
    "grossProfit" : 173.73,
    "operatingProfitMargin" : 7.03,
    "operatingProfit" : 25.07,
    "netProfitMargin" : 1.52,
    "netProfit" : 5.42
  }, {
    "date" : "2012-12-31",
    "sales" : 376.77,
    "salesGrowthYoY" : -23.50,
    "grossProfitMargin" : 49.53,
    "grossProfit" : 186.61,
    "operatingProfitMargin" : 6.56,
    "operatingProfit" : 24.72,
    "netProfitMargin" : 1.06,
    "netProfit" : 3.99
  }, {
    "date" : "2013-03-31",
    "sales" : 408.53,
    "salesGrowthYoY" : -13.87,
    "grossProfitMargin" : 47.75,
    "grossProfit" : 195.07,
    "operatingProfitMargin" : 5.21,
    "operatingProfit" : 21.28,
    "netProfitMargin" : 0.14,
    "netProfit" : 0.57
  }, {
    "date" : "2013-06-30",
    "sales" : 339.18,
    "salesGrowthYoY" : -8.07,
    "grossProfitMargin" : 29.87,
    "grossProfit" : 101.31,
    "operatingProfitMargin" : 5.14,
    "operatingProfit" : 17.43,
    "netProfitMargin" : -0.51,
    "netProfit" : -1.73
  }, {
    "date" : "2013-09-30",
    "sales" : 368.61,
    "salesGrowthYoY" : 3.35,
    "grossProfitMargin" : 29.92,
    "grossProfit" : 110.29,
    "operatingProfitMargin" : 4.50,
    "operatingProfit" : 16.59,
    "netProfitMargin" : -0.82,
    "netProfit" : -3.02
  }, {
    "date" : "2013-12-31",
    "sales" : 309.50,
    "salesGrowthYoY" : -17.85,
    "grossProfitMargin" : 45.32,
    "grossProfit" : 140.27,
    "operatingProfitMargin" : -3.61,
    "operatingProfit" : -11.17,
    "netProfitMargin" : -9.49,
    "netProfit" : -29.37
  }, {
    "date" : "2014-03-31",
    "sales" : 265.19,
    "salesGrowthYoY" : -35.09,
    "grossProfitMargin" : 31.35,
    "grossProfit" : 83.14,
    "operatingProfitMargin" : 5.09,
    "operatingProfit" : 13.50,
    "netProfitMargin" : 9.04,
    "netProfit" : 23.97
  }, {
    "date" : "2014-06-30",
    "sales" : 176.66,
    "salesGrowthYoY" : -47.92,
    "grossProfitMargin" : 32.89,
    "grossProfit" : 58.10,
    "operatingProfitMargin" : 1.39,
    "operatingProfit" : 2.46,
    "netProfitMargin" : -8.72,
    "netProfit" : -15.40
  }, {
    "date" : "2014-09-30",
    "sales" : 188.17,
    "salesGrowthYoY" : -48.95,
    "grossProfitMargin" : 32.08,
    "grossProfit" : 60.36,
    "operatingProfitMargin" : 3.35,
    "operatingProfit" : 6.30,
    "netProfitMargin" : -5.56,
    "netProfit" : -10.46
  }, {
    "date" : "2014-12-31",
    "sales" : 200.37,
    "salesGrowthYoY" : -35.26,
    "grossProfitMargin" : 29.59,
    "grossProfit" : 59.29,
    "operatingProfitMargin" : 1.04,
    "operatingProfit" : 2.08,
    "netProfitMargin" : -2.39,
    "netProfit" : -4.79
  }, {
    "date" : "2015-03-31",
    "sales" : 242.38,
    "salesGrowthYoY" : -8.60,
    "grossProfitMargin" : 26.88,
    "grossProfit" : 65.15,
    "operatingProfitMargin" : 2.03,
    "operatingProfit" : 4.92,
    "netProfitMargin" : -8.91,
    "netProfit" : -21.60
  }, {
    "date" : "2015-06-30",
    "sales" : 172.32,
    "salesGrowthYoY" : -2.46,
    "grossProfitMargin" : 53.51,
    "grossProfit" : 92.21,
    "operatingProfitMargin" : 6.05,
    "operatingProfit" : 10.43,
    "netProfitMargin" : -2.26,
    "netProfit" : -3.89
  }, {
    "date" : "2015-09-30",
    "sales" : 220.23,
    "salesGrowthYoY" : 17.04,
    "grossProfitMargin" : 46.91,
    "grossProfit" : 103.31,
    "operatingProfitMargin" : 6.59,
    "operatingProfit" : 14.51,
    "netProfitMargin" : 0.93,
    "netProfit" : 2.05
  }, {
    "date" : "2015-12-31",
    "sales" : 208.04,
    "salesGrowthYoY" : 3.83,
    "grossProfitMargin" : 48.39,
    "grossProfit" : 100.67,
    "operatingProfitMargin" : 8.07,
    "operatingProfit" : 16.79,
    "netProfitMargin" : 0.14,
    "netProfit" : 0.29
  }, {
    "date" : "2016-03-31",
    "sales" : 241.10,
    "salesGrowthYoY" : -0.53,
    "grossProfitMargin" : 49.11,
    "grossProfit" : 118.40,
    "operatingProfitMargin" : 10.92,
    "operatingProfit" : 26.33,
    "netProfitMargin" : 1.20,
    "netProfit" : 2.89
  }, {
    "date" : "2016-06-30",
    "sales" : 220.78,
    "salesGrowthYoY" : 28.12,
    "grossProfitMargin" : 42.83,
    "grossProfit" : 94.56,
    "operatingProfitMargin" : 8.60,
    "operatingProfit" : 18.99,
    "netProfitMargin" : 1.39,
    "netProfit" : 3.07
  }, {
    "date" : "2016-09-30",
    "sales" : 233.18,
    "salesGrowthYoY" : 5.88,
    "grossProfitMargin" : 45.00,
    "grossProfit" : 104.93,
    "operatingProfitMargin" : 9.15,
    "operatingProfit" : 21.34,
    "netProfitMargin" : 1.42,
    "netProfit" : 3.31
  }, {
    "date" : "2016-12-31",
    "sales" : 201.42,
    "salesGrowthYoY" : -3.18,
    "grossProfitMargin" : 49.65,
    "grossProfit" : 100.01,
    "operatingProfitMargin" : 10.06,
    "operatingProfit" : 20.26,
    "netProfitMargin" : 1.08,
    "netProfit" : 2.18
  }, {
    "date" : "2017-03-31",
    "sales" : 234.11,
    "salesGrowthYoY" : -2.90,
    "grossProfitMargin" : 49.63,
    "grossProfit" : 116.19,
    "operatingProfitMargin" : 10.91,
    "operatingProfit" : 25.54,
    "netProfitMargin" : 0.73,
    "netProfit" : 1.71
  }, {
    "date" : "2017-06-30",
    "sales" : 216.36,
    "salesGrowthYoY" : -2.00,
    "grossProfitMargin" : 53.64,
    "grossProfit" : 116.06,
    "operatingProfitMargin" : 11.09,
    "operatingProfit" : 23.99,
    "netProfitMargin" : 2.34,
    "netProfit" : 5.06
  }, {
    "date" : "2017-09-30",
    "sales" : 237.90,
    "salesGrowthYoY" : 2.02,
    "grossProfitMargin" : 53.06,
    "grossProfit" : 126.23,
    "operatingProfitMargin" : 12.89,
    "operatingProfit" : 30.67,
    "netProfitMargin" : 3.46,
    "netProfit" : 8.23
  }, {
    "date" : "2017-12-31",
    "sales" : 242.60,
    "salesGrowthYoY" : 20.44,
    "grossProfitMargin" : 57.51,
    "grossProfit" : 139.52,
    "operatingProfitMargin" : 12.02,
    "operatingProfit" : 29.16,
    "netProfitMargin" : 3.99,
    "netProfit" : 9.68
  }, {
    "date" : "2018-03-31",
    "sales" : 239.82,
    "salesGrowthYoY" : 2.44,
    "grossProfitMargin" : 55.99,
    "grossProfit" : 134.28,
    "operatingProfitMargin" : 5.50,
    "operatingProfit" : 13.19,
    "netProfitMargin" : 10.85,
    "netProfit" : 26.02
  }, {
    "date" : "2018-06-30",
    "sales" : 205.13,
    "salesGrowthYoY" : -5.19,
    "grossProfitMargin" : 52.61,
    "grossProfit" : 107.92,
    "operatingProfitMargin" : 12.44,
    "operatingProfit" : 25.52,
    "netProfitMargin" : 5.79,
    "netProfit" : 11.88
  }, {
    "date" : "2018-09-30",
    "sales" : 205.66,
    "salesGrowthYoY" : -13.55,
    "grossProfitMargin" : 56.26,
    "grossProfit" : 115.70,
    "operatingProfitMargin" : 11.07,
    "operatingProfit" : 22.77,
    "netProfitMargin" : 4.81,
    "netProfit" : 9.89
  }, {
    "date" : "2018-12-31",
    "sales" : 187.07,
    "salesGrowthYoY" : -22.89,
    "grossProfitMargin" : 58.93,
    "grossProfit" : 110.24,
    "operatingProfitMargin" : 9.35,
    "operatingProfit" : 17.49,
    "netProfitMargin" : 2.40,
    "netProfit" : 4.49
  }, {
    "date" : "2019-03-31",
    "sales" : 150.63,
    "salesGrowthYoY" : -37.19,
    "grossProfitMargin" : 64.99,
    "grossProfit" : 97.89,
    "operatingProfitMargin" : -3.19,
    "operatingProfit" : -4.81,
    "netProfitMargin" : -8.19,
    "netProfit" : -12.34
  }, {
    "date" : "2019-06-30",
    "sales" : 170.93,
    "salesGrowthYoY" : -16.67,
    "grossProfitMargin" : 55.93,
    "grossProfit" : 95.60,
    "operatingProfitMargin" : 3.42,
    "operatingProfit" : 5.85,
    "netProfitMargin" : -2.01,
    "netProfit" : -3.44
  }, {
    "date" : "2019-09-30",
    "sales" : 217.58,
    "salesGrowthYoY" : 5.80,
    "grossProfitMargin" : 50.52,
    "grossProfit" : 109.92,
    "operatingProfitMargin" : 3.05,
    "operatingProfit" : 6.64,
    "netProfitMargin" : -2.84,
    "netProfit" : -6.18
  }, {
    "date" : "2019-12-31",
    "sales" : 186.94,
    "salesGrowthYoY" : -0.07,
    "grossProfitMargin" : 53.30,
    "grossProfit" : 99.64,
    "operatingProfitMargin" : 8.22,
    "operatingProfit" : 15.37,
    "netProfitMargin" : -1.15,
    "netProfit" : -2.15
  }, {
    "date" : "2020-03-31",
    "sales" : 217.31,
    "salesGrowthYoY" : 44.27,
    "grossProfitMargin" : 52.42,
    "grossProfit" : 113.91,
    "operatingProfitMargin" : -4.53,
    "operatingProfit" : -9.84,
    "netProfitMargin" : -3.13,
    "netProfit" : -6.80
  }, {
    "date" : "2020-06-30",
    "sales" : 64.22,
    "salesGrowthYoY" : -62.43,
    "grossProfitMargin" : 66.60,
    "grossProfit" : 42.77,
    "operatingProfitMargin" : 3.04,
    "operatingProfit" : 1.95,
    "netProfitMargin" : -7.61,
    "netProfit" : -4.89
  }, {
    "date" : "2020-09-30",
    "sales" : 161.19,
    "salesGrowthYoY" : -25.92,
    "grossProfitMargin" : 48.49,
    "grossProfit" : 78.16,
    "operatingProfitMargin" : 9.55,
    "operatingProfit" : 15.39,
    "netProfitMargin" : 1.97,
    "netProfit" : 3.18
  }, {
    "date" : "2020-12-31",
    "sales" : 235.84,
    "salesGrowthYoY" : 26.16,
    "grossProfitMargin" : 45.48,
    "grossProfit" : 107.26,
    "operatingProfitMargin" : 10.41,
    "operatingProfit" : 24.55,
    "netProfitMargin" : 3.38,
    "netProfit" : 7.97
  }, {
    "date" : "2021-03-31",
    "sales" : 287.73,
    "salesGrowthYoY" : 32.41,
    "grossProfitMargin" : 49.13,
    "grossProfit" : 141.36,
    "operatingProfitMargin" : 8.20,
    "operatingProfit" : 23.59,
    "netProfitMargin" : -1.32,
    "netProfit" : -3.80
  }, {
    "date" : "2021-06-30",
    "sales" : 238.30,
    "salesGrowthYoY" : 271.07,
    "grossProfitMargin" : 44.35,
    "grossProfit" : 105.69,
    "operatingProfitMargin" : 10.21,
    "operatingProfit" : 24.33,
    "netProfitMargin" : 4.45,
    "netProfit" : 10.60
  }, {
    "date" : "2021-09-30",
    "sales" : 308.04,
    "salesGrowthYoY" : 91.10,
    "grossProfitMargin" : 49.41,
    "grossProfit" : 152.20,
    "operatingProfitMargin" : 11.40,
    "operatingProfit" : 35.12,
    "netProfitMargin" : 5.72,
    "netProfit" : 17.62
  }, {
    "date" : "2021-12-31",
    "sales" : 274.12,
    "salesGrowthYoY" : 16.23,
    "grossProfitMargin" : 42.56,
    "grossProfit" : 116.67,
    "operatingProfitMargin" : 10.16,
    "operatingProfit" : 27.85,
    "netProfitMargin" : 4.75,
    "netProfit" : 13.02
  }, {
    "date" : "2022-03-31",
    "sales" : 319.52,
    "salesGrowthYoY" : 11.05,
    "grossProfitMargin" : 49.25,
    "grossProfit" : 157.36,
    "operatingProfitMargin" : 2.07,
    "operatingProfit" : 6.61,
    "netProfitMargin" : -2.42,
    "netProfit" : -7.73
  }, {
    "date" : "2022-06-30",
    "sales" : 283.82,
    "salesGrowthYoY" : 19.10,
    "grossProfitMargin" : 56.62,
    "grossProfit" : 160.70,
    "operatingProfitMargin" : 11.51,
    "operatingProfit" : 32.67,
    "netProfitMargin" : 5.23,
    "netProfit" : 14.84
  }, {
    "date" : "2022-09-30",
    "sales" : 289.29,
    "salesGrowthYoY" : -6.09,
    "grossProfitMargin" : 54.81,
    "grossProfit" : 158.56,
    "operatingProfitMargin" : 7.40,
    "operatingProfit" : 21.41,
    "netProfitMargin" : 3.51,
    "netProfit" : 10.15
  }, {
    "date" : "2022-12-31",
    "sales" : 248.20,
    "salesGrowthYoY" : -9.46,
    "grossProfitMargin" : 50.28,
    "grossProfit" : 124.79,
    "operatingProfitMargin" : 9.11,
    "operatingProfit" : 22.61,
    "netProfitMargin" : 3.95,
    "netProfit" : 9.80
  }, {
    "date" : "2023-03-31",
    "sales" : 270.37,
    "salesGrowthYoY" : -15.38,
    "grossProfitMargin" : 49.95,
    "grossProfit" : 135.05,
    "operatingProfitMargin" : 10.11,
    "operatingProfit" : 27.33,
    "netProfitMargin" : 6.36,
    "netProfit" : 17.20
  }, {
    "date" : "2023-06-30",
    "sales" : 248.34,
    "salesGrowthYoY" : -12.50,
    "grossProfitMargin" : 50.48,
    "grossProfit" : 125.36,
    "operatingProfitMargin" : 10.12,
    "operatingProfit" : 25.13,
    "netProfitMargin" : 4.81,
    "netProfit" : 11.95
  }, {
    "date" : "2023-09-30",
    "sales" : 323.41,
    "salesGrowthYoY" : 11.79,
    "grossProfitMargin" : 55.65,
    "grossProfit" : 179.98,
    "operatingProfitMargin" : 9.25,
    "operatingProfit" : 29.92,
    "netProfitMargin" : 4.33,
    "netProfit" : 14.00
  }, {
    "date" : "2023-12-31",
    "sales" : 319.72,
    "salesGrowthYoY" : 28.82,
    "grossProfitMargin" : 50.53,
    "grossProfit" : 161.55,
    "operatingProfitMargin" : 7.29,
    "operatingProfit" : 23.31,
    "netProfitMargin" : 2.77,
    "netProfit" : 8.86
  }, {
    "date" : "2024-03-31",
    "sales" : 322.76,
    "salesGrowthYoY" : 19.38,
    "grossProfitMargin" : 17.13,
    "grossProfit" : 55.29,
    "operatingProfitMargin" : 5.75,
    "operatingProfit" : 18.56,
    "netProfitMargin" : 0.02,
    "netProfit" : 0.06
  }, {
    "date" : "2024-06-30",
    "sales" : 347.56,
    "salesGrowthYoY" : 39.95,
    "grossProfitMargin" : 50.97,
    "grossProfit" : 177.15,
    "operatingProfitMargin" : 9.14,
    "operatingProfit" : 31.77,
    "netProfitMargin" : 4.38,
    "netProfit" : 15.22
  }, {
    "date" : "2024-09-30",
    "sales" : 264.68,
    "salesGrowthYoY" : -18.16,
    "grossProfitMargin" : 20.44,
    "grossProfit" : 54.10,
    "operatingProfitMargin" : 8.19,
    "operatingProfit" : 21.68,
    "netProfitMargin" : 4.11,
    "netProfit" : 10.88
  }, {
    "date" : "2024-12-31",
    "sales" : 239.14,
    "salesGrowthYoY" : -25.20,
    "grossProfitMargin" : 15.15,
    "grossProfit" : 36.23,
    "operatingProfitMargin" : 2.37,
    "operatingProfit" : 5.67,
    "netProfitMargin" : 0.39,
    "netProfit" : 0.93
  }, {
    "date" : "2025-03-31",
    "sales" : 290.92,
    "salesGrowthYoY" : -9.86,
    "grossProfitMargin" : 13.59,
    "grossProfit" : 39.54,
    "operatingProfitMargin" : 2.77,
    "operatingProfit" : 8.06,
    "netProfitMargin" : -1.78,
    "netProfit" : -5.18
  }, {
    "date" : "2025-06-30",
    "sales" : 332.85,
    "salesGrowthYoY" : -4.23,
    "grossProfitMargin" : 17.37,
    "grossProfit" : 57.82,
    "operatingProfitMargin" : 7.76,
    "operatingProfit" : 25.83,
    "netProfitMargin" : 3.22,
    "netProfit" : 10.72
  }, {
    "date" : "2025-09-30",
    "sales" : 350.75,
    "salesGrowthYoY" : 32.52,
    "grossProfitMargin" : 15.41,
    "grossProfit" : 54.05,
    "operatingProfitMargin" : 5.54,
    "operatingProfit" : 19.43,
    "netProfitMargin" : 1.20,
    "netProfit" : 4.21
  } ],
  "latestQuarterlyResult" : {
    "date" : "2025-09-30",
    "sales" : 350.75,
    "salesGrowthYoY" : 32.52,
    "grossProfitMargin" : 15.41,
    "grossProfit" : 54.05,
    "operatingProfitMargin" : 5.54,
    "operatingProfit" : 19.43,
    "netProfitMargin" : 1.20,
    "netProfit" : 4.21
  },
  "companyScore" : {
    "priceHigherThanDma50" : 0.00,
    "priceHigherThanDma100" : 0.00,
    "priceHigherThanDma200" : 0.00,
    "dma50HigherThanDma100" : 0.00,
    "dma50HigherThanDma200" : 0.00,
    "dma100HigherThanDma200" : 0.00,
    "pricePercentageAboveDma50" : 5.75,
    "pricePercentageAboveDma100" : 6.25,
    "pricePercentageAboveDma200" : 6.29,
    "weeklyVolumeHigherThanYearlyVolume" : 0.00,
    "salesGrowthPercentile" : 15.79,
    "operatingProfitMarginPercentile" : 11.32,
    "netProfitMarginPercentile" : 5.26,
    "totalTechnicalScore" : 18.29,
    "totalFundamentalScore" : 32.37,
    "totalScore" : 50.66
  }
}