{
  "metadata" : {
    "screenerCompanyId" : "536",
    "companyCode" : "BORORENEW",
    "companyName" : "Borosil Renew.",
    "screenerCompanyLink" : "https://www.screener.in/company/BORORENEW",
    "screenerTechnicalHistoryLink" : "https://www.screener.in/api/company/536/chart/?q=Price-DMA50-DMA200-Volume&days=365",
    "screenerQuarterlyResultsLink" : "https://www.screener.in/api/company/536/chart/?q=GPM-OPM-NPM-Quarter+Sales&days=10000",
    "attributes" : {
      "companyCode" : "BORORENEW",
      "companyName" : "Borosil Renew.",
      "marketCap" : 8237.00,
      "peRatio" : 65.60,
      "description" : "Borosil Renewables is engaged in manufacturing extra clear patterned glass and Low Iron Solar Glass for application in Photovoltaic panels, Flat plate collectors and Greenhouses. (Source: 202003-01 Annual Report Page No:188)"
    },
    "companyScore" : {
      "priceHigherThanDma50" : 0.00,
      "priceHigherThanDma100" : 0.00,
      "priceHigherThanDma200" : 5.00,
      "dma50HigherThanDma100" : 5.00,
      "dma50HigherThanDma200" : 5.00,
      "dma100HigherThanDma200" : 5.00,
      "pricePercentageAboveDma50" : 5.34,
      "pricePercentageAboveDma100" : 5.13,
      "pricePercentageAboveDma200" : 4.93,
      "weeklyVolumeHigherThanYearlyVolume" : 0.00,
      "salesGrowthPercentile" : 16.20,
      "operatingProfitMarginPercentile" : 18.31,
      "netProfitMarginPercentile" : 7.71,
      "totalTechnicalScore" : 35.40,
      "totalFundamentalScore" : 42.23,
      "totalScore" : 77.62
    }
  },
  "attributes" : {
    "companyCode" : "BORORENEW",
    "companyName" : "Borosil Renew.",
    "marketCap" : 8237.00,
    "peRatio" : 65.60,
    "description" : "Borosil Renewables is engaged in manufacturing extra clear patterned glass and Low Iron Solar Glass for application in Photovoltaic panels, Flat plate collectors and Greenhouses. (Source: 202003-01 Annual Report Page No:188)"
  },
  "technicalHistory" : [ {
    "date" : "2024-11-25",
    "price" : 444.85,
    "dma50" : 461.12,
    "dma100" : null,
    "dma200" : 487.30,
    "volume" : 246828.00
  }, {
    "date" : "2024-11-26",
    "price" : 436.30,
    "dma50" : 460.14,
    "dma100" : null,
    "dma200" : 486.79,
    "volume" : 179900.00
  }, {
    "date" : "2024-11-27",
    "price" : 441.90,
    "dma50" : 459.43,
    "dma100" : null,
    "dma200" : 486.35,
    "volume" : 181425.00
  }, {
    "date" : "2024-11-28",
    "price" : 442.15,
    "dma50" : 458.75,
    "dma100" : null,
    "dma200" : 485.91,
    "volume" : 310307.00
  }, {
    "date" : "2024-11-29",
    "price" : 442.00,
    "dma50" : 458.09,
    "dma100" : null,
    "dma200" : 485.47,
    "volume" : 142421.00
  }, {
    "date" : "2024-12-02",
    "price" : 440.60,
    "dma50" : 457.41,
    "dma100" : null,
    "dma200" : 485.02,
    "volume" : 219478.00
  }, {
    "date" : "2024-12-03",
    "price" : 474.80,
    "dma50" : 458.09,
    "dma100" : null,
    "dma200" : 484.92,
    "volume" : 1405090.00
  }, {
    "date" : "2024-12-04",
    "price" : 487.75,
    "dma50" : 459.25,
    "dma100" : null,
    "dma200" : 484.95,
    "volume" : 985974.00
  }, {
    "date" : "2024-12-05",
    "price" : 512.05,
    "dma50" : 461.32,
    "dma100" : null,
    "dma200" : 485.22,
    "volume" : 4524874.00
  }, {
    "date" : "2024-12-06",
    "price" : 554.55,
    "dma50" : 464.98,
    "dma100" : null,
    "dma200" : 485.91,
    "volume" : 8639567.00
  }, {
    "date" : "2024-12-09",
    "price" : 572.95,
    "dma50" : 469.21,
    "dma100" : null,
    "dma200" : 486.78,
    "volume" : 3745980.00
  }, {
    "date" : "2024-12-10",
    "price" : 592.55,
    "dma50" : 474.05,
    "dma100" : null,
    "dma200" : 487.83,
    "volume" : 4447968.00
  }, {
    "date" : "2024-12-11",
    "price" : 589.75,
    "dma50" : 478.59,
    "dma100" : null,
    "dma200" : 488.84,
    "volume" : 1988123.00
  }, {
    "date" : "2024-12-12",
    "price" : 593.15,
    "dma50" : 483.08,
    "dma100" : null,
    "dma200" : 489.88,
    "volume" : 1227557.00
  }, {
    "date" : "2024-12-13",
    "price" : 596.75,
    "dma50" : 487.54,
    "dma100" : null,
    "dma200" : 490.94,
    "volume" : 1105313.00
  }, {
    "date" : "2024-12-16",
    "price" : 588.15,
    "dma50" : 491.48,
    "dma100" : null,
    "dma200" : 491.91,
    "volume" : 972381.00
  }, {
    "date" : "2024-12-17",
    "price" : 618.40,
    "dma50" : 496.46,
    "dma100" : null,
    "dma200" : 493.17,
    "volume" : 2018962.00
  }, {
    "date" : "2024-12-18",
    "price" : 627.15,
    "dma50" : 501.59,
    "dma100" : null,
    "dma200" : 494.50,
    "volume" : 1814609.00
  }, {
    "date" : "2024-12-19",
    "price" : 609.70,
    "dma50" : 505.83,
    "dma100" : null,
    "dma200" : 495.65,
    "volume" : 1704821.00
  }, {
    "date" : "2024-12-20",
    "price" : 602.50,
    "dma50" : 509.62,
    "dma100" : null,
    "dma200" : 496.71,
    "volume" : 792577.00
  }, {
    "date" : "2024-12-23",
    "price" : 591.35,
    "dma50" : 512.82,
    "dma100" : null,
    "dma200" : 497.65,
    "volume" : 823775.00
  }, {
    "date" : "2024-12-24",
    "price" : 579.40,
    "dma50" : 515.43,
    "dma100" : null,
    "dma200" : 498.47,
    "volume" : 425582.00
  }, {
    "date" : "2024-12-26",
    "price" : 565.80,
    "dma50" : 517.41,
    "dma100" : null,
    "dma200" : 499.14,
    "volume" : 488103.00
  }, {
    "date" : "2024-12-27",
    "price" : 566.55,
    "dma50" : 519.34,
    "dma100" : null,
    "dma200" : 499.81,
    "volume" : 770719.00
  }, {
    "date" : "2024-12-30",
    "price" : 548.75,
    "dma50" : 520.49,
    "dma100" : null,
    "dma200" : 500.30,
    "volume" : 400147.00
  }, {
    "date" : "2024-12-31",
    "price" : 560.45,
    "dma50" : 522.06,
    "dma100" : null,
    "dma200" : 500.89,
    "volume" : 303728.00
  }, {
    "date" : "2025-01-01",
    "price" : 554.00,
    "dma50" : 523.31,
    "dma100" : null,
    "dma200" : 501.42,
    "volume" : 143638.00
  }, {
    "date" : "2025-01-02",
    "price" : 547.45,
    "dma50" : 524.26,
    "dma100" : null,
    "dma200" : 501.88,
    "volume" : 109031.00
  }, {
    "date" : "2025-01-03",
    "price" : 548.40,
    "dma50" : 525.20,
    "dma100" : null,
    "dma200" : 502.34,
    "volume" : 464714.00
  }, {
    "date" : "2025-01-06",
    "price" : 521.00,
    "dma50" : 525.04,
    "dma100" : null,
    "dma200" : 502.53,
    "volume" : 226539.00
  }, {
    "date" : "2025-01-07",
    "price" : 547.05,
    "dma50" : 525.90,
    "dma100" : null,
    "dma200" : 502.97,
    "volume" : 480142.00
  }, {
    "date" : "2025-01-08",
    "price" : 574.40,
    "dma50" : 527.80,
    "dma100" : null,
    "dma200" : 503.68,
    "volume" : 323504.00
  }, {
    "date" : "2025-01-09",
    "price" : 596.80,
    "dma50" : 530.51,
    "dma100" : null,
    "dma200" : 504.61,
    "volume" : 649300.00
  }, {
    "date" : "2025-01-10",
    "price" : 581.30,
    "dma50" : 532.50,
    "dma100" : null,
    "dma200" : 505.37,
    "volume" : 457052.00
  }, {
    "date" : "2025-01-13",
    "price" : 554.90,
    "dma50" : 533.38,
    "dma100" : null,
    "dma200" : 505.87,
    "volume" : 327625.00
  }, {
    "date" : "2025-01-14",
    "price" : 582.60,
    "dma50" : 535.31,
    "dma100" : null,
    "dma200" : 506.63,
    "volume" : 326849.00
  }, {
    "date" : "2025-01-15",
    "price" : 576.80,
    "dma50" : 536.94,
    "dma100" : null,
    "dma200" : 507.33,
    "volume" : 491101.00
  }, {
    "date" : "2025-01-16",
    "price" : 591.30,
    "dma50" : 539.07,
    "dma100" : null,
    "dma200" : 508.16,
    "volume" : 234330.00
  }, {
    "date" : "2025-01-17",
    "price" : 573.70,
    "dma50" : 540.43,
    "dma100" : null,
    "dma200" : 508.81,
    "volume" : 156141.00
  }, {
    "date" : "2025-01-20",
    "price" : 564.30,
    "dma50" : 541.36,
    "dma100" : null,
    "dma200" : 509.37,
    "volume" : 148950.00
  }, {
    "date" : "2025-01-21",
    "price" : 545.05,
    "dma50" : 541.51,
    "dma100" : null,
    "dma200" : 509.72,
    "volume" : 178573.00
  }, {
    "date" : "2025-01-22",
    "price" : 549.30,
    "dma50" : 541.81,
    "dma100" : null,
    "dma200" : 510.12,
    "volume" : 298578.00
  }, {
    "date" : "2025-01-23",
    "price" : 539.55,
    "dma50" : 541.72,
    "dma100" : null,
    "dma200" : 510.41,
    "volume" : 179742.00
  }, {
    "date" : "2025-01-24",
    "price" : 518.35,
    "dma50" : 540.81,
    "dma100" : null,
    "dma200" : 510.49,
    "volume" : 170846.00
  }, {
    "date" : "2025-01-27",
    "price" : 492.50,
    "dma50" : 538.91,
    "dma100" : null,
    "dma200" : 510.31,
    "volume" : 181779.00
  }, {
    "date" : "2025-01-28",
    "price" : 484.55,
    "dma50" : 536.78,
    "dma100" : null,
    "dma200" : 510.05,
    "volume" : 310059.00
  }, {
    "date" : "2025-01-29",
    "price" : 506.80,
    "dma50" : 535.61,
    "dma100" : null,
    "dma200" : 510.02,
    "volume" : 167037.00
  }, {
    "date" : "2025-01-30",
    "price" : 506.35,
    "dma50" : 534.46,
    "dma100" : null,
    "dma200" : 509.98,
    "volume" : 137967.00
  }, {
    "date" : "2025-01-31",
    "price" : 528.30,
    "dma50" : 534.22,
    "dma100" : null,
    "dma200" : 510.17,
    "volume" : 159737.00
  }, {
    "date" : "2025-02-01",
    "price" : 513.15,
    "dma50" : 533.39,
    "dma100" : null,
    "dma200" : 510.20,
    "volume" : 125797.00
  }, {
    "date" : "2025-02-03",
    "price" : 494.00,
    "dma50" : 531.85,
    "dma100" : null,
    "dma200" : 510.03,
    "volume" : 141242.00
  }, {
    "date" : "2025-02-04",
    "price" : 514.60,
    "dma50" : 531.17,
    "dma100" : null,
    "dma200" : 510.08,
    "volume" : 155493.00
  }, {
    "date" : "2025-02-05",
    "price" : 533.60,
    "dma50" : 531.26,
    "dma100" : null,
    "dma200" : 510.31,
    "volume" : 175952.00
  }, {
    "date" : "2025-02-06",
    "price" : 549.75,
    "dma50" : 531.99,
    "dma100" : null,
    "dma200" : 510.71,
    "volume" : 215204.00
  }, {
    "date" : "2025-02-07",
    "price" : 558.65,
    "dma50" : 533.04,
    "dma100" : null,
    "dma200" : 511.18,
    "volume" : 264747.00
  }, {
    "date" : "2025-02-10",
    "price" : 546.55,
    "dma50" : 533.57,
    "dma100" : null,
    "dma200" : 511.53,
    "volume" : 165853.00
  }, {
    "date" : "2025-02-11",
    "price" : 519.25,
    "dma50" : 533.00,
    "dma100" : null,
    "dma200" : 511.61,
    "volume" : 60331.00
  }, {
    "date" : "2025-02-12",
    "price" : 529.85,
    "dma50" : 532.88,
    "dma100" : null,
    "dma200" : 511.79,
    "volume" : 536385.00
  }, {
    "date" : "2025-02-13",
    "price" : 503.50,
    "dma50" : 531.73,
    "dma100" : null,
    "dma200" : 511.71,
    "volume" : 317298.00
  }, {
    "date" : "2025-02-14",
    "price" : 497.30,
    "dma50" : 530.38,
    "dma100" : null,
    "dma200" : 511.57,
    "volume" : 201710.00
  }, {
    "date" : "2025-02-17",
    "price" : 476.60,
    "dma50" : 528.27,
    "dma100" : null,
    "dma200" : 511.22,
    "volume" : 264306.00
  }, {
    "date" : "2025-02-18",
    "price" : 500.40,
    "dma50" : 527.18,
    "dma100" : null,
    "dma200" : 511.11,
    "volume" : 205186.00
  }, {
    "date" : "2025-02-19",
    "price" : 525.40,
    "dma50" : 527.11,
    "dma100" : null,
    "dma200" : 511.25,
    "volume" : 96654.00
  }, {
    "date" : "2025-02-20",
    "price" : 551.65,
    "dma50" : 528.07,
    "dma100" : null,
    "dma200" : 511.66,
    "volume" : 115833.00
  }, {
    "date" : "2025-02-21",
    "price" : 549.85,
    "dma50" : 528.92,
    "dma100" : null,
    "dma200" : 512.04,
    "volume" : 280149.00
  }, {
    "date" : "2025-02-24",
    "price" : 548.30,
    "dma50" : 529.68,
    "dma100" : null,
    "dma200" : 512.40,
    "volume" : 165407.00
  }, {
    "date" : "2025-02-25",
    "price" : 548.75,
    "dma50" : 530.43,
    "dma100" : null,
    "dma200" : 512.76,
    "volume" : 108401.00
  }, {
    "date" : "2025-02-27",
    "price" : 524.05,
    "dma50" : 530.18,
    "dma100" : null,
    "dma200" : 512.87,
    "volume" : 183197.00
  }, {
    "date" : "2025-02-28",
    "price" : 502.50,
    "dma50" : 529.09,
    "dma100" : null,
    "dma200" : 512.77,
    "volume" : 190964.00
  }, {
    "date" : "2025-03-03",
    "price" : 497.35,
    "dma50" : 527.85,
    "dma100" : null,
    "dma200" : 512.61,
    "volume" : 155220.00
  }, {
    "date" : "2025-03-04",
    "price" : 522.20,
    "dma50" : 527.63,
    "dma100" : null,
    "dma200" : 512.71,
    "volume" : 135901.00
  }, {
    "date" : "2025-03-05",
    "price" : 535.35,
    "dma50" : 527.93,
    "dma100" : null,
    "dma200" : 512.93,
    "volume" : 152993.00
  }, {
    "date" : "2025-03-06",
    "price" : 534.85,
    "dma50" : 528.20,
    "dma100" : null,
    "dma200" : 513.15,
    "volume" : 114874.00
  }, {
    "date" : "2025-03-07",
    "price" : 535.30,
    "dma50" : 528.48,
    "dma100" : null,
    "dma200" : 513.37,
    "volume" : 118879.00
  }, {
    "date" : "2025-03-10",
    "price" : 521.90,
    "dma50" : 528.22,
    "dma100" : null,
    "dma200" : 513.46,
    "volume" : 73741.00
  }, {
    "date" : "2025-03-11",
    "price" : 527.40,
    "dma50" : 528.19,
    "dma100" : null,
    "dma200" : 513.60,
    "volume" : 68618.00
  }, {
    "date" : "2025-03-12",
    "price" : 515.55,
    "dma50" : 527.69,
    "dma100" : null,
    "dma200" : 513.62,
    "volume" : 76714.00
  }, {
    "date" : "2025-03-13",
    "price" : 505.60,
    "dma50" : 526.83,
    "dma100" : null,
    "dma200" : 513.54,
    "volume" : 75641.00
  }, {
    "date" : "2025-03-17",
    "price" : 499.45,
    "dma50" : 525.75,
    "dma100" : null,
    "dma200" : 513.40,
    "volume" : 126738.00
  }, {
    "date" : "2025-03-18",
    "price" : 512.30,
    "dma50" : 525.23,
    "dma100" : null,
    "dma200" : 513.39,
    "volume" : 122966.00
  }, {
    "date" : "2025-03-19",
    "price" : 524.75,
    "dma50" : 525.21,
    "dma100" : null,
    "dma200" : 513.50,
    "volume" : 136537.00
  }, {
    "date" : "2025-03-20",
    "price" : 521.05,
    "dma50" : 525.05,
    "dma100" : null,
    "dma200" : 513.57,
    "volume" : 103311.00
  }, {
    "date" : "2025-03-21",
    "price" : 507.35,
    "dma50" : 524.35,
    "dma100" : null,
    "dma200" : 513.51,
    "volume" : 172496.00
  }, {
    "date" : "2025-03-24",
    "price" : 526.65,
    "dma50" : 524.44,
    "dma100" : null,
    "dma200" : 513.64,
    "volume" : 170972.00
  }, {
    "date" : "2025-03-25",
    "price" : 510.25,
    "dma50" : 523.88,
    "dma100" : null,
    "dma200" : 513.61,
    "volume" : 173152.00
  }, {
    "date" : "2025-03-26",
    "price" : 495.85,
    "dma50" : 522.79,
    "dma100" : null,
    "dma200" : 513.43,
    "volume" : 225825.00
  }, {
    "date" : "2025-03-27",
    "price" : 492.10,
    "dma50" : 521.58,
    "dma100" : null,
    "dma200" : 513.22,
    "volume" : 410214.00
  }, {
    "date" : "2025-03-28",
    "price" : 478.45,
    "dma50" : 519.89,
    "dma100" : null,
    "dma200" : 512.87,
    "volume" : 241657.00
  }, {
    "date" : "2025-04-01",
    "price" : 501.30,
    "dma50" : 519.16,
    "dma100" : null,
    "dma200" : 512.76,
    "volume" : 242543.00
  }, {
    "date" : "2025-04-02",
    "price" : 509.75,
    "dma50" : 518.79,
    "dma100" : null,
    "dma200" : 512.73,
    "volume" : 249584.00
  }, {
    "date" : "2025-04-03",
    "price" : 507.35,
    "dma50" : 518.34,
    "dma100" : null,
    "dma200" : 512.68,
    "volume" : 106574.00
  }, {
    "date" : "2025-04-04",
    "price" : 490.50,
    "dma50" : 517.25,
    "dma100" : null,
    "dma200" : 512.45,
    "volume" : 204253.00
  }, {
    "date" : "2025-04-07",
    "price" : 463.65,
    "dma50" : 515.15,
    "dma100" : null,
    "dma200" : 511.97,
    "volume" : 352862.00
  }, {
    "date" : "2025-04-08",
    "price" : 472.00,
    "dma50" : 513.46,
    "dma100" : null,
    "dma200" : 511.57,
    "volume" : 400143.00
  }, {
    "date" : "2025-04-09",
    "price" : 462.00,
    "dma50" : 511.44,
    "dma100" : null,
    "dma200" : 511.08,
    "volume" : 148851.00
  }, {
    "date" : "2025-04-11",
    "price" : 478.65,
    "dma50" : 510.15,
    "dma100" : null,
    "dma200" : 510.76,
    "volume" : 206655.00
  }, {
    "date" : "2025-04-15",
    "price" : 502.90,
    "dma50" : 509.87,
    "dma100" : null,
    "dma200" : 510.68,
    "volume" : 243628.00
  }, {
    "date" : "2025-04-16",
    "price" : 499.70,
    "dma50" : 509.47,
    "dma100" : null,
    "dma200" : 510.57,
    "volume" : 141056.00
  }, {
    "date" : "2025-04-17",
    "price" : 521.05,
    "dma50" : 509.92,
    "dma100" : null,
    "dma200" : 510.67,
    "volume" : 333699.00
  }, {
    "date" : "2025-04-21",
    "price" : 514.65,
    "dma50" : 510.11,
    "dma100" : null,
    "dma200" : 510.71,
    "volume" : 297022.00
  }, {
    "date" : "2025-04-22",
    "price" : 527.10,
    "dma50" : 510.78,
    "dma100" : 529.22,
    "dma200" : 510.87,
    "volume" : 451430.00
  }, {
    "date" : "2025-04-23",
    "price" : 520.50,
    "dma50" : 511.16,
    "dma100" : 530.06,
    "dma200" : 510.97,
    "volume" : 226302.00
  }, {
    "date" : "2025-04-24",
    "price" : 515.70,
    "dma50" : 511.34,
    "dma100" : 530.80,
    "dma200" : 511.02,
    "volume" : 169498.00
  }, {
    "date" : "2025-04-25",
    "price" : 511.10,
    "dma50" : 511.33,
    "dma100" : 531.49,
    "dma200" : 511.02,
    "volume" : 282132.00
  }, {
    "date" : "2025-04-28",
    "price" : 503.70,
    "dma50" : 511.03,
    "dma100" : 532.11,
    "dma200" : 510.95,
    "volume" : 129186.00
  }, {
    "date" : "2025-04-29",
    "price" : 499.50,
    "dma50" : 510.58,
    "dma100" : 532.70,
    "dma200" : 510.83,
    "volume" : 129275.00
  }, {
    "date" : "2025-04-30",
    "price" : 492.25,
    "dma50" : 509.86,
    "dma100" : 532.87,
    "dma200" : 510.65,
    "volume" : 222176.00
  }, {
    "date" : "2025-05-02",
    "price" : 483.95,
    "dma50" : 508.84,
    "dma100" : 532.83,
    "dma200" : 510.38,
    "volume" : 165315.00
  }, {
    "date" : "2025-05-05",
    "price" : 489.70,
    "dma50" : 508.09,
    "dma100" : 532.61,
    "dma200" : 510.18,
    "volume" : 153464.00
  }, {
    "date" : "2025-05-06",
    "price" : 477.05,
    "dma50" : 506.87,
    "dma100" : 531.84,
    "dma200" : 509.85,
    "volume" : 129473.00
  }, {
    "date" : "2025-05-07",
    "price" : 484.05,
    "dma50" : 505.98,
    "dma100" : 530.95,
    "dma200" : 509.59,
    "volume" : 160603.00
  }, {
    "date" : "2025-05-08",
    "price" : 484.25,
    "dma50" : 505.13,
    "dma100" : 529.86,
    "dma200" : 509.34,
    "volume" : 421107.00
  }, {
    "date" : "2025-05-09",
    "price" : 532.55,
    "dma50" : 506.20,
    "dma100" : 529.29,
    "dma200" : 509.57,
    "volume" : 1636311.00
  }, {
    "date" : "2025-05-12",
    "price" : 542.65,
    "dma50" : 507.63,
    "dma100" : 528.79,
    "dma200" : 509.90,
    "volume" : 942462.00
  }, {
    "date" : "2025-05-13",
    "price" : 521.25,
    "dma50" : 508.16,
    "dma100" : 528.03,
    "dma200" : 510.01,
    "volume" : 865683.00
  }, {
    "date" : "2025-05-14",
    "price" : 548.95,
    "dma50" : 509.76,
    "dma100" : 527.64,
    "dma200" : 510.40,
    "volume" : 581626.00
  }, {
    "date" : "2025-05-15",
    "price" : 550.55,
    "dma50" : 511.36,
    "dma100" : 526.96,
    "dma200" : 510.80,
    "volume" : 833704.00
  }, {
    "date" : "2025-05-16",
    "price" : 572.55,
    "dma50" : 513.76,
    "dma100" : 526.41,
    "dma200" : 511.41,
    "volume" : 796259.00
  }, {
    "date" : "2025-05-19",
    "price" : 561.20,
    "dma50" : 515.62,
    "dma100" : 525.93,
    "dma200" : 511.91,
    "volume" : 695086.00
  }, {
    "date" : "2025-05-20",
    "price" : 549.00,
    "dma50" : 516.93,
    "dma100" : 525.39,
    "dma200" : 512.28,
    "volume" : 488538.00
  }, {
    "date" : "2025-05-21",
    "price" : 546.90,
    "dma50" : 518.11,
    "dma100" : 524.95,
    "dma200" : 512.62,
    "volume" : 424339.00
  }, {
    "date" : "2025-05-22",
    "price" : 540.35,
    "dma50" : 518.98,
    "dma100" : 524.56,
    "dma200" : 512.90,
    "volume" : 287504.00
  }, {
    "date" : "2025-05-23",
    "price" : 548.05,
    "dma50" : 520.12,
    "dma100" : 524.38,
    "dma200" : 513.25,
    "volume" : 402118.00
  }, {
    "date" : "2025-05-26",
    "price" : 538.60,
    "dma50" : 520.84,
    "dma100" : 524.10,
    "dma200" : 513.50,
    "volume" : 208008.00
  }, {
    "date" : "2025-05-27",
    "price" : 544.40,
    "dma50" : 521.77,
    "dma100" : 524.06,
    "dma200" : 513.81,
    "volume" : 194162.00
  }, {
    "date" : "2025-05-28",
    "price" : 542.55,
    "dma50" : 522.58,
    "dma100" : 523.88,
    "dma200" : 514.09,
    "volume" : 127145.00
  }, {
    "date" : "2025-05-29",
    "price" : 544.30,
    "dma50" : 523.43,
    "dma100" : 523.78,
    "dma200" : 514.39,
    "volume" : 181306.00
  }, {
    "date" : "2025-05-30",
    "price" : 541.80,
    "dma50" : 524.15,
    "dma100" : 523.73,
    "dma200" : 514.67,
    "volume" : 723133.00
  }, {
    "date" : "2025-06-02",
    "price" : 557.50,
    "dma50" : 525.46,
    "dma100" : 523.82,
    "dma200" : 515.09,
    "volume" : 480038.00
  }, {
    "date" : "2025-06-03",
    "price" : 542.25,
    "dma50" : 526.12,
    "dma100" : 524.03,
    "dma200" : 515.36,
    "volume" : 371747.00
  }, {
    "date" : "2025-06-04",
    "price" : 545.40,
    "dma50" : 526.88,
    "dma100" : 524.01,
    "dma200" : 515.66,
    "volume" : 272340.00
  }, {
    "date" : "2025-06-05",
    "price" : 561.75,
    "dma50" : 528.24,
    "dma100" : 523.89,
    "dma200" : 516.12,
    "volume" : 788982.00
  }, {
    "date" : "2025-06-06",
    "price" : 569.50,
    "dma50" : 529.86,
    "dma100" : 523.61,
    "dma200" : 516.65,
    "volume" : 574499.00
  }, {
    "date" : "2025-06-09",
    "price" : 565.45,
    "dma50" : 531.26,
    "dma100" : 523.46,
    "dma200" : 517.14,
    "volume" : 383668.00
  }, {
    "date" : "2025-06-10",
    "price" : 588.25,
    "dma50" : 533.49,
    "dma100" : 523.79,
    "dma200" : 517.84,
    "volume" : 1700416.00
  }, {
    "date" : "2025-06-11",
    "price" : 576.00,
    "dma50" : 535.16,
    "dma100" : 523.72,
    "dma200" : 518.42,
    "volume" : 669635.00
  }, {
    "date" : "2025-06-12",
    "price" : 563.20,
    "dma50" : 536.26,
    "dma100" : 523.59,
    "dma200" : 518.87,
    "volume" : 541070.00
  }, {
    "date" : "2025-06-13",
    "price" : 557.30,
    "dma50" : 537.08,
    "dma100" : 523.25,
    "dma200" : 519.25,
    "volume" : 439975.00
  }, {
    "date" : "2025-06-16",
    "price" : 549.20,
    "dma50" : 537.56,
    "dma100" : 523.00,
    "dma200" : 519.55,
    "volume" : 263803.00
  }, {
    "date" : "2025-06-17",
    "price" : 539.90,
    "dma50" : 537.65,
    "dma100" : 522.76,
    "dma200" : 519.75,
    "volume" : 343302.00
  }, {
    "date" : "2025-06-18",
    "price" : 535.85,
    "dma50" : 537.58,
    "dma100" : 522.67,
    "dma200" : 519.91,
    "volume" : 191433.00
  }, {
    "date" : "2025-06-19",
    "price" : 525.65,
    "dma50" : 537.11,
    "dma100" : 522.43,
    "dma200" : 519.97,
    "volume" : 288042.00
  }, {
    "date" : "2025-06-20",
    "price" : 534.40,
    "dma50" : 537.01,
    "dma100" : 522.38,
    "dma200" : 520.11,
    "volume" : 263657.00
  }, {
    "date" : "2025-06-23",
    "price" : 530.70,
    "dma50" : 536.76,
    "dma100" : 522.50,
    "dma200" : 520.22,
    "volume" : 156151.00
  }, {
    "date" : "2025-06-24",
    "price" : 533.65,
    "dma50" : 536.64,
    "dma100" : 522.91,
    "dma200" : 520.35,
    "volume" : 293701.00
  }, {
    "date" : "2025-06-25",
    "price" : 539.15,
    "dma50" : 536.74,
    "dma100" : 523.46,
    "dma200" : 520.54,
    "volume" : 530874.00
  }, {
    "date" : "2025-06-26",
    "price" : 536.35,
    "dma50" : 536.72,
    "dma100" : 523.75,
    "dma200" : 520.70,
    "volume" : 244966.00
  }, {
    "date" : "2025-06-27",
    "price" : 528.95,
    "dma50" : 536.42,
    "dma100" : 523.98,
    "dma200" : 520.78,
    "volume" : 379323.00
  }, {
    "date" : "2025-06-30",
    "price" : 529.00,
    "dma50" : 536.13,
    "dma100" : 523.99,
    "dma200" : 520.86,
    "volume" : 260954.00
  }, {
    "date" : "2025-07-01",
    "price" : 494.50,
    "dma50" : 534.49,
    "dma100" : 523.80,
    "dma200" : 520.60,
    "volume" : 1885504.00
  }, {
    "date" : "2025-07-02",
    "price" : 499.35,
    "dma50" : 533.11,
    "dma100" : 523.85,
    "dma200" : 520.39,
    "volume" : 474547.00
  }, {
    "date" : "2025-07-03",
    "price" : 500.25,
    "dma50" : 531.83,
    "dma100" : 523.71,
    "dma200" : 520.18,
    "volume" : 372766.00
  }, {
    "date" : "2025-07-04",
    "price" : 497.10,
    "dma50" : 530.46,
    "dma100" : 523.35,
    "dma200" : 519.96,
    "volume" : 177783.00
  }, {
    "date" : "2025-07-07",
    "price" : 515.50,
    "dma50" : 529.88,
    "dma100" : 523.00,
    "dma200" : 519.91,
    "volume" : 1540486.00
  }, {
    "date" : "2025-07-08",
    "price" : 513.45,
    "dma50" : 529.23,
    "dma100" : 522.55,
    "dma200" : 519.85,
    "volume" : 240114.00
  }, {
    "date" : "2025-07-09",
    "price" : 516.40,
    "dma50" : 528.73,
    "dma100" : 522.25,
    "dma200" : 519.81,
    "volume" : 175668.00
  }, {
    "date" : "2025-07-10",
    "price" : 544.80,
    "dma50" : 529.36,
    "dma100" : 522.51,
    "dma200" : 520.06,
    "volume" : 1055206.00
  }, {
    "date" : "2025-07-11",
    "price" : 557.90,
    "dma50" : 530.48,
    "dma100" : 522.79,
    "dma200" : 520.44,
    "volume" : 1836721.00
  }, {
    "date" : "2025-07-14",
    "price" : 546.40,
    "dma50" : 531.10,
    "dma100" : 523.22,
    "dma200" : 520.70,
    "volume" : 380028.00
  }, {
    "date" : "2025-07-15",
    "price" : 556.45,
    "dma50" : 532.10,
    "dma100" : 523.81,
    "dma200" : 521.05,
    "volume" : 427307.00
  }, {
    "date" : "2025-07-16",
    "price" : 568.40,
    "dma50" : 533.52,
    "dma100" : 524.72,
    "dma200" : 521.52,
    "volume" : 745049.00
  }, {
    "date" : "2025-07-17",
    "price" : 580.80,
    "dma50" : 535.38,
    "dma100" : 525.53,
    "dma200" : 522.11,
    "volume" : 775177.00
  }, {
    "date" : "2025-07-18",
    "price" : 586.00,
    "dma50" : 537.36,
    "dma100" : 526.13,
    "dma200" : 522.75,
    "volume" : 716709.00
  }, {
    "date" : "2025-07-21",
    "price" : 630.75,
    "dma50" : 541.02,
    "dma100" : 526.93,
    "dma200" : 523.82,
    "volume" : 6849845.00
  }, {
    "date" : "2025-07-22",
    "price" : 621.30,
    "dma50" : 544.17,
    "dma100" : 527.64,
    "dma200" : 524.79,
    "volume" : 1326443.00
  }, {
    "date" : "2025-07-23",
    "price" : 625.05,
    "dma50" : 547.34,
    "dma100" : 528.41,
    "dma200" : 525.79,
    "volume" : 692933.00
  }, {
    "date" : "2025-07-24",
    "price" : 649.40,
    "dma50" : 551.34,
    "dma100" : 529.41,
    "dma200" : 527.02,
    "volume" : 4802388.00
  }, {
    "date" : "2025-07-25",
    "price" : 625.00,
    "dma50" : 554.23,
    "dma100" : 530.42,
    "dma200" : 528.00,
    "volume" : 1136080.00
  }, {
    "date" : "2025-07-28",
    "price" : 611.70,
    "dma50" : 556.49,
    "dma100" : 531.52,
    "dma200" : 528.83,
    "volume" : 671667.00
  }, {
    "date" : "2025-07-29",
    "price" : 607.75,
    "dma50" : 558.50,
    "dma100" : 532.62,
    "dma200" : 529.61,
    "volume" : 598968.00
  }, {
    "date" : "2025-07-30",
    "price" : 608.45,
    "dma50" : 560.46,
    "dma100" : 533.48,
    "dma200" : 530.40,
    "volume" : 934599.00
  }, {
    "date" : "2025-07-31",
    "price" : 613.50,
    "dma50" : 562.54,
    "dma100" : 534.26,
    "dma200" : 531.22,
    "volume" : 560369.00
  }, {
    "date" : "2025-08-01",
    "price" : 616.25,
    "dma50" : 564.64,
    "dma100" : 535.08,
    "dma200" : 532.07,
    "volume" : 459184.00
  }, {
    "date" : "2025-08-04",
    "price" : 613.45,
    "dma50" : 566.56,
    "dma100" : 535.86,
    "dma200" : 532.88,
    "volume" : 253339.00
  }, {
    "date" : "2025-08-05",
    "price" : 609.35,
    "dma50" : 568.23,
    "dma100" : 536.73,
    "dma200" : 533.64,
    "volume" : 213462.00
  }, {
    "date" : "2025-08-06",
    "price" : 604.15,
    "dma50" : 569.64,
    "dma100" : 537.50,
    "dma200" : 534.34,
    "volume" : 306597.00
  }, {
    "date" : "2025-08-07",
    "price" : 599.40,
    "dma50" : 570.81,
    "dma100" : 538.34,
    "dma200" : 534.99,
    "volume" : 320396.00
  }, {
    "date" : "2025-08-08",
    "price" : 587.60,
    "dma50" : 571.47,
    "dma100" : 539.16,
    "dma200" : 535.51,
    "volume" : 268879.00
  }, {
    "date" : "2025-08-11",
    "price" : 594.05,
    "dma50" : 572.35,
    "dma100" : 540.11,
    "dma200" : 536.10,
    "volume" : 311977.00
  }, {
    "date" : "2025-08-12",
    "price" : 587.25,
    "dma50" : 572.94,
    "dma100" : 540.86,
    "dma200" : 536.61,
    "volume" : 139202.00
  }, {
    "date" : "2025-08-13",
    "price" : 589.10,
    "dma50" : 573.57,
    "dma100" : 541.50,
    "dma200" : 537.13,
    "volume" : 151299.00
  }, {
    "date" : "2025-08-14",
    "price" : 565.60,
    "dma50" : 573.26,
    "dma100" : 541.94,
    "dma200" : 537.41,
    "volume" : 493016.00
  }, {
    "date" : "2025-08-18",
    "price" : 573.70,
    "dma50" : 573.28,
    "dma100" : 542.61,
    "dma200" : 537.77,
    "volume" : 287441.00
  }, {
    "date" : "2025-08-19",
    "price" : 576.05,
    "dma50" : 573.39,
    "dma100" : 543.10,
    "dma200" : 538.15,
    "volume" : 248470.00
  }, {
    "date" : "2025-08-20",
    "price" : 565.85,
    "dma50" : 573.09,
    "dma100" : 543.66,
    "dma200" : 538.43,
    "volume" : 208314.00
  }, {
    "date" : "2025-08-21",
    "price" : 561.10,
    "dma50" : 572.62,
    "dma100" : 544.31,
    "dma200" : 538.65,
    "volume" : 573659.00
  }, {
    "date" : "2025-08-22",
    "price" : 566.85,
    "dma50" : 572.39,
    "dma100" : 545.06,
    "dma200" : 538.93,
    "volume" : 269008.00
  }, {
    "date" : "2025-08-25",
    "price" : 562.05,
    "dma50" : 571.99,
    "dma100" : 545.89,
    "dma200" : 539.16,
    "volume" : 301071.00
  }, {
    "date" : "2025-08-26",
    "price" : 549.95,
    "dma50" : 571.12,
    "dma100" : 546.38,
    "dma200" : 539.27,
    "volume" : 794250.00
  }, {
    "date" : "2025-08-28",
    "price" : 547.10,
    "dma50" : 570.18,
    "dma100" : 546.75,
    "dma200" : 539.35,
    "volume" : 333575.00
  }, {
    "date" : "2025-08-29",
    "price" : 551.70,
    "dma50" : 569.46,
    "dma100" : 547.20,
    "dma200" : 539.47,
    "volume" : 235023.00
  }, {
    "date" : "2025-09-01",
    "price" : 574.85,
    "dma50" : 569.67,
    "dma100" : 548.04,
    "dma200" : 539.82,
    "volume" : 619881.00
  }, {
    "date" : "2025-09-02",
    "price" : 582.95,
    "dma50" : 570.19,
    "dma100" : 549.23,
    "dma200" : 540.25,
    "volume" : 456990.00
  }, {
    "date" : "2025-09-03",
    "price" : 574.85,
    "dma50" : 570.37,
    "dma100" : 550.26,
    "dma200" : 540.60,
    "volume" : 1624985.00
  }, {
    "date" : "2025-09-04",
    "price" : 560.20,
    "dma50" : 569.97,
    "dma100" : 551.24,
    "dma200" : 540.79,
    "volume" : 400705.00
  }, {
    "date" : "2025-09-05",
    "price" : 577.45,
    "dma50" : 570.27,
    "dma100" : 552.23,
    "dma200" : 541.16,
    "volume" : 718902.00
  }, {
    "date" : "2025-09-08",
    "price" : 571.70,
    "dma50" : 570.32,
    "dma100" : 552.92,
    "dma200" : 541.46,
    "volume" : 201746.00
  }, {
    "date" : "2025-09-09",
    "price" : 578.45,
    "dma50" : 570.64,
    "dma100" : 553.71,
    "dma200" : 541.83,
    "volume" : 218944.00
  }, {
    "date" : "2025-09-10",
    "price" : 582.10,
    "dma50" : 571.09,
    "dma100" : 554.32,
    "dma200" : 542.23,
    "volume" : 235688.00
  }, {
    "date" : "2025-09-11",
    "price" : 585.50,
    "dma50" : 571.66,
    "dma100" : 555.03,
    "dma200" : 542.66,
    "volume" : 158469.00
  }, {
    "date" : "2025-09-12",
    "price" : 569.20,
    "dma50" : 571.56,
    "dma100" : 555.45,
    "dma200" : 542.93,
    "volume" : 392400.00
  }, {
    "date" : "2025-09-15",
    "price" : 570.10,
    "dma50" : 571.50,
    "dma100" : 555.94,
    "dma200" : 543.20,
    "volume" : 337423.00
  }, {
    "date" : "2025-09-16",
    "price" : 574.95,
    "dma50" : 571.64,
    "dma100" : 556.54,
    "dma200" : 543.51,
    "volume" : 494845.00
  }, {
    "date" : "2025-09-17",
    "price" : 561.30,
    "dma50" : 571.23,
    "dma100" : 557.04,
    "dma200" : 543.69,
    "volume" : 674730.00
  }, {
    "date" : "2025-09-18",
    "price" : 556.40,
    "dma50" : 570.65,
    "dma100" : 557.57,
    "dma200" : 543.81,
    "volume" : 258360.00
  }, {
    "date" : "2025-09-19",
    "price" : 570.05,
    "dma50" : 570.63,
    "dma100" : 558.27,
    "dma200" : 544.08,
    "volume" : 811666.00
  }, {
    "date" : "2025-09-22",
    "price" : 619.85,
    "dma50" : 572.56,
    "dma100" : 559.55,
    "dma200" : 544.83,
    "volume" : 8329046.00
  }, {
    "date" : "2025-09-23",
    "price" : 602.85,
    "dma50" : 573.75,
    "dma100" : 560.74,
    "dma200" : 545.41,
    "volume" : 1067602.00
  }, {
    "date" : "2025-09-24",
    "price" : 588.25,
    "dma50" : 574.31,
    "dma100" : 561.72,
    "dma200" : 545.83,
    "volume" : 598218.00
  }, {
    "date" : "2025-09-25",
    "price" : 575.70,
    "dma50" : 574.37,
    "dma100" : 562.71,
    "dma200" : 546.13,
    "volume" : 517362.00
  }, {
    "date" : "2025-09-26",
    "price" : 580.95,
    "dma50" : 574.63,
    "dma100" : 563.68,
    "dma200" : 546.48,
    "volume" : 1347537.00
  }, {
    "date" : "2025-09-29",
    "price" : 565.45,
    "dma50" : 574.27,
    "dma100" : 564.49,
    "dma200" : 546.67,
    "volume" : 537361.00
  }, {
    "date" : "2025-09-30",
    "price" : 573.05,
    "dma50" : 574.22,
    "dma100" : 564.89,
    "dma200" : 546.93,
    "volume" : 473289.00
  }, {
    "date" : "2025-10-01",
    "price" : 581.35,
    "dma50" : 574.50,
    "dma100" : 565.28,
    "dma200" : 547.27,
    "volume" : 248285.00
  }, {
    "date" : "2025-10-03",
    "price" : 625.25,
    "dma50" : 576.49,
    "dma100" : 566.32,
    "dma200" : 548.05,
    "volume" : 2028249.00
  }, {
    "date" : "2025-10-06",
    "price" : 619.30,
    "dma50" : 578.17,
    "dma100" : 567.02,
    "dma200" : 548.76,
    "volume" : 941730.00
  }, {
    "date" : "2025-10-07",
    "price" : 603.95,
    "dma50" : 579.18,
    "dma100" : 567.56,
    "dma200" : 549.31,
    "volume" : 325907.00
  }, {
    "date" : "2025-10-08",
    "price" : 604.65,
    "dma50" : 580.18,
    "dma100" : 567.88,
    "dma200" : 549.86,
    "volume" : 563964.00
  }, {
    "date" : "2025-10-09",
    "price" : 605.25,
    "dma50" : 581.16,
    "dma100" : 568.32,
    "dma200" : 550.41,
    "volume" : 346011.00
  }, {
    "date" : "2025-10-10",
    "price" : 642.85,
    "dma50" : 583.58,
    "dma100" : 569.26,
    "dma200" : 551.33,
    "volume" : 1745803.00
  }, {
    "date" : "2025-10-13",
    "price" : 642.35,
    "dma50" : 585.88,
    "dma100" : 570.21,
    "dma200" : 552.23,
    "volume" : 1950605.00
  }, {
    "date" : "2025-10-14",
    "price" : 619.65,
    "dma50" : 587.21,
    "dma100" : 571.01,
    "dma200" : 552.90,
    "volume" : 603498.00
  }, {
    "date" : "2025-10-15",
    "price" : 633.00,
    "dma50" : 589.00,
    "dma100" : 571.86,
    "dma200" : 553.70,
    "volume" : 1181288.00
  }, {
    "date" : "2025-10-16",
    "price" : 654.75,
    "dma50" : 591.58,
    "dma100" : 573.02,
    "dma200" : 554.71,
    "volume" : 5110523.00
  }, {
    "date" : "2025-10-17",
    "price" : 639.00,
    "dma50" : 593.44,
    "dma100" : 573.96,
    "dma200" : 555.54,
    "volume" : 740764.00
  }, {
    "date" : "2025-10-20",
    "price" : 665.40,
    "dma50" : 596.26,
    "dma100" : 575.19,
    "dma200" : 556.64,
    "volume" : 1457129.00
  }, {
    "date" : "2025-10-21",
    "price" : 676.75,
    "dma50" : 599.42,
    "dma100" : 576.52,
    "dma200" : 557.83,
    "volume" : 437149.00
  }, {
    "date" : "2025-10-23",
    "price" : 658.90,
    "dma50" : 601.75,
    "dma100" : 577.69,
    "dma200" : 558.84,
    "volume" : 532194.00
  }, {
    "date" : "2025-10-24",
    "price" : 651.95,
    "dma50" : 603.72,
    "dma100" : 578.63,
    "dma200" : 559.76,
    "volume" : 470766.00
  }, {
    "date" : "2025-10-27",
    "price" : 670.15,
    "dma50" : 606.33,
    "dma100" : 579.91,
    "dma200" : 560.86,
    "volume" : 990809.00
  }, {
    "date" : "2025-10-28",
    "price" : 672.80,
    "dma50" : 608.93,
    "dma100" : 581.18,
    "dma200" : 561.98,
    "volume" : 474776.00
  }, {
    "date" : "2025-10-29",
    "price" : 658.35,
    "dma50" : 610.87,
    "dma100" : 582.15,
    "dma200" : 562.94,
    "volume" : 1156411.00
  }, {
    "date" : "2025-10-30",
    "price" : 653.20,
    "dma50" : 612.53,
    "dma100" : 582.99,
    "dma200" : 563.83,
    "volume" : 326420.00
  }, {
    "date" : "2025-10-31",
    "price" : 643.60,
    "dma50" : 613.75,
    "dma100" : 583.77,
    "dma200" : 564.63,
    "volume" : 427117.00
  }, {
    "date" : "2025-11-03",
    "price" : 665.20,
    "dma50" : 615.77,
    "dma100" : 584.54,
    "dma200" : 565.63,
    "volume" : 613428.00
  }, {
    "date" : "2025-11-04",
    "price" : 662.90,
    "dma50" : 617.62,
    "dma100" : 585.41,
    "dma200" : 566.60,
    "volume" : 404184.00
  }, {
    "date" : "2025-11-06",
    "price" : 664.85,
    "dma50" : 619.47,
    "dma100" : 586.42,
    "dma200" : 567.57,
    "volume" : 678138.00
  }, {
    "date" : "2025-11-07",
    "price" : 657.10,
    "dma50" : 620.94,
    "dma100" : 587.42,
    "dma200" : 568.46,
    "volume" : 400733.00
  }, {
    "date" : "2025-11-10",
    "price" : 675.20,
    "dma50" : 623.07,
    "dma100" : 588.68,
    "dma200" : 569.53,
    "volume" : 930334.00
  }, {
    "date" : "2025-11-11",
    "price" : 699.30,
    "dma50" : 626.06,
    "dma100" : 590.28,
    "dma200" : 570.82,
    "volume" : 4876830.00
  }, {
    "date" : "2025-11-12",
    "price" : 680.50,
    "dma50" : 628.20,
    "dma100" : 591.72,
    "dma200" : 571.91,
    "volume" : 2113053.00
  }, {
    "date" : "2025-11-13",
    "price" : 647.50,
    "dma50" : 628.95,
    "dma100" : 592.94,
    "dma200" : 572.66,
    "volume" : 1328446.00
  }, {
    "date" : "2025-11-14",
    "price" : 659.70,
    "dma50" : 630.16,
    "dma100" : 594.19,
    "dma200" : 573.53,
    "volume" : 1091481.00
  }, {
    "date" : "2025-11-17",
    "price" : 647.50,
    "dma50" : 630.84,
    "dma100" : 595.36,
    "dma200" : 574.26,
    "volume" : 371610.00
  }, {
    "date" : "2025-11-18",
    "price" : 632.55,
    "dma50" : 630.91,
    "dma100" : 596.35,
    "dma200" : 574.84,
    "volume" : 456915.00
  }, {
    "date" : "2025-11-19",
    "price" : 616.35,
    "dma50" : 630.33,
    "dma100" : 597.12,
    "dma200" : 575.26,
    "volume" : 575000.00
  }, {
    "date" : "2025-11-20",
    "price" : 612.95,
    "dma50" : 629.65,
    "dma100" : 597.89,
    "dma200" : 575.63,
    "volume" : 484333.00
  }, {
    "date" : "2025-11-21",
    "price" : 590.40,
    "dma50" : 628.11,
    "dma100" : 598.50,
    "dma200" : 575.78,
    "volume" : 561371.00
  }, {
    "date" : "2025-11-24",
    "price" : 583.85,
    "dma50" : 626.38,
    "dma100" : 599.05,
    "dma200" : 575.86,
    "volume" : 401798.00
  } ],
  "latestTechnicalAttributes" : {
    "date" : "2025-11-24",
    "price" : 583.85,
    "dma50" : 626.38,
    "dma100" : 599.05,
    "dma200" : 575.86,
    "volume" : 401798.00
  },
  "quarterlyResults" : [ {
    "date" : "2005-03-31",
    "sales" : 17.38,
    "salesGrowthYoY" : null,
    "grossProfitMargin" : 71.63,
    "grossProfit" : 12.45,
    "operatingProfitMargin" : 18.70,
    "operatingProfit" : 3.25,
    "netProfitMargin" : 19.33,
    "netProfit" : 3.36
  }, {
    "date" : "2005-06-30",
    "sales" : 12.36,
    "salesGrowthYoY" : null,
    "grossProfitMargin" : 75.16,
    "grossProfit" : 9.29,
    "operatingProfitMargin" : 15.45,
    "operatingProfit" : 1.91,
    "netProfitMargin" : 2.02,
    "netProfit" : 0.25
  }, {
    "date" : "2005-09-30",
    "sales" : 14.59,
    "salesGrowthYoY" : null,
    "grossProfitMargin" : 67.92,
    "grossProfit" : 9.91,
    "operatingProfitMargin" : 18.23,
    "operatingProfit" : 2.66,
    "netProfitMargin" : 11.10,
    "netProfit" : 1.62
  }, {
    "date" : "2005-12-31",
    "sales" : 17.86,
    "salesGrowthYoY" : null,
    "grossProfitMargin" : 60.86,
    "grossProfit" : 10.87,
    "operatingProfitMargin" : 15.57,
    "operatingProfit" : 2.78,
    "netProfitMargin" : 4.20,
    "netProfit" : 0.75
  }, {
    "date" : "2006-03-31",
    "sales" : 20.14,
    "salesGrowthYoY" : 15.88,
    "grossProfitMargin" : 63.41,
    "grossProfit" : 12.77,
    "operatingProfitMargin" : 14.55,
    "operatingProfit" : 2.93,
    "netProfitMargin" : 7.89,
    "netProfit" : 1.59
  }, {
    "date" : "2006-06-30",
    "sales" : 12.25,
    "salesGrowthYoY" : -0.89,
    "grossProfitMargin" : 93.63,
    "grossProfit" : 11.47,
    "operatingProfitMargin" : 20.73,
    "operatingProfit" : 2.54,
    "netProfitMargin" : 6.61,
    "netProfit" : 0.81
  }, {
    "date" : "2006-09-30",
    "sales" : 17.52,
    "salesGrowthYoY" : 20.08,
    "grossProfitMargin" : 69.46,
    "grossProfit" : 12.17,
    "operatingProfitMargin" : 16.55,
    "operatingProfit" : 2.90,
    "netProfitMargin" : 13.07,
    "netProfit" : 2.29
  }, {
    "date" : "2006-12-31",
    "sales" : 17.96,
    "salesGrowthYoY" : 0.56,
    "grossProfitMargin" : 71.60,
    "grossProfit" : 12.86,
    "operatingProfitMargin" : 15.70,
    "operatingProfit" : 2.82,
    "netProfitMargin" : 5.12,
    "netProfit" : 0.92
  }, {
    "date" : "2007-03-31",
    "sales" : 20.53,
    "salesGrowthYoY" : 1.94,
    "grossProfitMargin" : 57.77,
    "grossProfit" : 11.86,
    "operatingProfitMargin" : 11.11,
    "operatingProfit" : 2.28,
    "netProfitMargin" : 1.66,
    "netProfit" : 0.34
  }, {
    "date" : "2007-06-30",
    "sales" : 14.28,
    "salesGrowthYoY" : 16.57,
    "grossProfitMargin" : 75.70,
    "grossProfit" : 10.81,
    "operatingProfitMargin" : 11.69,
    "operatingProfit" : 1.67,
    "netProfitMargin" : 0.77,
    "netProfit" : 0.11
  }, {
    "date" : "2007-09-30",
    "sales" : 15.42,
    "salesGrowthYoY" : -11.99,
    "grossProfitMargin" : 76.07,
    "grossProfit" : 11.73,
    "operatingProfitMargin" : 9.73,
    "operatingProfit" : 1.50,
    "netProfitMargin" : 5.32,
    "netProfit" : 0.82
  }, {
    "date" : "2007-12-31",
    "sales" : 18.83,
    "salesGrowthYoY" : 4.84,
    "grossProfitMargin" : 67.92,
    "grossProfit" : 12.79,
    "operatingProfitMargin" : 8.23,
    "operatingProfit" : 1.55,
    "netProfitMargin" : 0.05,
    "netProfit" : 0.01
  }, {
    "date" : "2008-03-31",
    "sales" : 23.36,
    "salesGrowthYoY" : 13.78,
    "grossProfitMargin" : 53.90,
    "grossProfit" : 12.59,
    "operatingProfitMargin" : 4.54,
    "operatingProfit" : 1.06,
    "netProfitMargin" : -1.71,
    "netProfit" : -0.40
  }, {
    "date" : "2008-06-30",
    "sales" : 9.30,
    "salesGrowthYoY" : -34.87,
    "grossProfitMargin" : 77.63,
    "grossProfit" : 7.22,
    "operatingProfitMargin" : -19.89,
    "operatingProfit" : -1.85,
    "netProfitMargin" : -33.33,
    "netProfit" : -3.10
  }, {
    "date" : "2008-09-30",
    "sales" : 17.16,
    "salesGrowthYoY" : 11.28,
    "grossProfitMargin" : 63.17,
    "grossProfit" : 10.84,
    "operatingProfitMargin" : 5.71,
    "operatingProfit" : 0.98,
    "netProfitMargin" : 1.34,
    "netProfit" : 0.23
  }, {
    "date" : "2008-12-31",
    "sales" : 17.48,
    "salesGrowthYoY" : -7.17,
    "grossProfitMargin" : 67.33,
    "grossProfit" : 11.77,
    "operatingProfitMargin" : 3.60,
    "operatingProfit" : 0.63,
    "netProfitMargin" : -6.64,
    "netProfit" : -1.16
  }, {
    "date" : "2009-03-31",
    "sales" : 23.22,
    "salesGrowthYoY" : -0.60,
    "grossProfitMargin" : 61.89,
    "grossProfit" : 14.37,
    "operatingProfitMargin" : 6.42,
    "operatingProfit" : 1.49,
    "netProfitMargin" : -1.59,
    "netProfit" : -0.37
  }, {
    "date" : "2009-06-30",
    "sales" : 15.23,
    "salesGrowthYoY" : 63.76,
    "grossProfitMargin" : 60.47,
    "grossProfit" : 9.21,
    "operatingProfitMargin" : -5.52,
    "operatingProfit" : -0.84,
    "netProfitMargin" : -8.73,
    "netProfit" : -1.33
  }, {
    "date" : "2009-09-30",
    "sales" : 19.50,
    "salesGrowthYoY" : 13.64,
    "grossProfitMargin" : 50.72,
    "grossProfit" : 9.89,
    "operatingProfitMargin" : 1.59,
    "operatingProfit" : 0.31,
    "netProfitMargin" : -5.03,
    "netProfit" : -0.98
  }, {
    "date" : "2009-12-31",
    "sales" : 20.45,
    "salesGrowthYoY" : 16.99,
    "grossProfitMargin" : 53.84,
    "grossProfit" : 11.01,
    "operatingProfitMargin" : 7.09,
    "operatingProfit" : 1.45,
    "netProfitMargin" : -0.49,
    "netProfit" : -0.10
  }, {
    "date" : "2010-03-31",
    "sales" : 32.96,
    "salesGrowthYoY" : 41.95,
    "grossProfitMargin" : 13.02,
    "grossProfit" : 4.29,
    "operatingProfitMargin" : -9.50,
    "operatingProfit" : -3.13,
    "netProfitMargin" : -12.47,
    "netProfit" : -4.11
  }, {
    "date" : "2010-06-30",
    "sales" : 24.83,
    "salesGrowthYoY" : 63.03,
    "grossProfitMargin" : 40.68,
    "grossProfit" : 10.10,
    "operatingProfitMargin" : 13.17,
    "operatingProfit" : 3.27,
    "netProfitMargin" : 8.54,
    "netProfit" : 2.12
  }, {
    "date" : "2010-09-30",
    "sales" : 30.31,
    "salesGrowthYoY" : 55.44,
    "grossProfitMargin" : 39.13,
    "grossProfit" : 11.86,
    "operatingProfitMargin" : 11.12,
    "operatingProfit" : 3.37,
    "netProfitMargin" : 13.10,
    "netProfit" : 3.97
  }, {
    "date" : "2010-12-31",
    "sales" : 31.26,
    "salesGrowthYoY" : 52.86,
    "grossProfitMargin" : 42.32,
    "grossProfit" : 13.23,
    "operatingProfitMargin" : -11.39,
    "operatingProfit" : -3.56,
    "netProfitMargin" : 27.13,
    "netProfit" : 8.48
  }, {
    "date" : "2011-03-31",
    "sales" : 32.92,
    "salesGrowthYoY" : -0.12,
    "grossProfitMargin" : 38.79,
    "grossProfit" : 12.77,
    "operatingProfitMargin" : 13.94,
    "operatingProfit" : 4.59,
    "netProfitMargin" : 75.55,
    "netProfit" : 24.87
  }, {
    "date" : "2011-06-30",
    "sales" : 24.51,
    "salesGrowthYoY" : -1.29,
    "grossProfitMargin" : 45.70,
    "grossProfit" : 11.20,
    "operatingProfitMargin" : 1.84,
    "operatingProfit" : 0.45,
    "netProfitMargin" : 19.01,
    "netProfit" : 4.66
  }, {
    "date" : "2011-09-30",
    "sales" : 31.58,
    "salesGrowthYoY" : 4.19,
    "grossProfitMargin" : 42.56,
    "grossProfit" : 13.44,
    "operatingProfitMargin" : -23.75,
    "operatingProfit" : -7.50,
    "netProfitMargin" : -2.91,
    "netProfit" : -0.92
  }, {
    "date" : "2011-12-31",
    "sales" : 32.78,
    "salesGrowthYoY" : 4.86,
    "grossProfitMargin" : 43.78,
    "grossProfit" : 14.35,
    "operatingProfitMargin" : -10.65,
    "operatingProfit" : -3.49,
    "netProfitMargin" : 15.89,
    "netProfit" : 5.21
  }, {
    "date" : "2012-03-31",
    "sales" : 37.15,
    "salesGrowthYoY" : 12.85,
    "grossProfitMargin" : 41.70,
    "grossProfit" : 15.49,
    "operatingProfitMargin" : 35.75,
    "operatingProfit" : 13.28,
    "netProfitMargin" : 68.91,
    "netProfit" : 25.60
  }, {
    "date" : "2012-06-30",
    "sales" : 24.72,
    "salesGrowthYoY" : 0.86,
    "grossProfitMargin" : 47.45,
    "grossProfit" : 11.73,
    "operatingProfitMargin" : -4.05,
    "operatingProfit" : -1.00,
    "netProfitMargin" : 9.30,
    "netProfit" : 2.30
  }, {
    "date" : "2012-09-30",
    "sales" : 31.80,
    "salesGrowthYoY" : 0.70,
    "grossProfitMargin" : 44.87,
    "grossProfit" : 14.27,
    "operatingProfitMargin" : 2.36,
    "operatingProfit" : 0.75,
    "netProfitMargin" : 21.86,
    "netProfit" : 6.95
  }, {
    "date" : "2012-12-31",
    "sales" : 36.32,
    "salesGrowthYoY" : 10.80,
    "grossProfitMargin" : 40.58,
    "grossProfit" : 14.74,
    "operatingProfitMargin" : 3.91,
    "operatingProfit" : 1.42,
    "netProfitMargin" : 12.14,
    "netProfit" : 4.41
  }, {
    "date" : "2013-03-31",
    "sales" : 41.63,
    "salesGrowthYoY" : 12.06,
    "grossProfitMargin" : 45.54,
    "grossProfit" : 18.96,
    "operatingProfitMargin" : 4.95,
    "operatingProfit" : 2.06,
    "netProfitMargin" : 14.82,
    "netProfit" : 6.17
  }, {
    "date" : "2013-06-30",
    "sales" : 26.92,
    "salesGrowthYoY" : 8.90,
    "grossProfitMargin" : 46.58,
    "grossProfit" : 12.54,
    "operatingProfitMargin" : -3.27,
    "operatingProfit" : -0.88,
    "netProfitMargin" : 43.09,
    "netProfit" : 11.60
  }, {
    "date" : "2013-09-30",
    "sales" : 37.16,
    "salesGrowthYoY" : 16.86,
    "grossProfitMargin" : 43.68,
    "grossProfit" : 16.23,
    "operatingProfitMargin" : 8.15,
    "operatingProfit" : 3.03,
    "netProfitMargin" : 9.04,
    "netProfit" : 3.36
  }, {
    "date" : "2013-12-31",
    "sales" : 43.51,
    "salesGrowthYoY" : 19.80,
    "grossProfitMargin" : 36.68,
    "grossProfit" : 15.96,
    "operatingProfitMargin" : 15.42,
    "operatingProfit" : 6.71,
    "netProfitMargin" : 34.06,
    "netProfit" : 14.82
  }, {
    "date" : "2014-03-31",
    "sales" : 48.36,
    "salesGrowthYoY" : 16.17,
    "grossProfitMargin" : 43.36,
    "grossProfit" : 20.97,
    "operatingProfitMargin" : 14.29,
    "operatingProfit" : 6.91,
    "netProfitMargin" : 23.45,
    "netProfit" : 11.34
  }, {
    "date" : "2014-06-30",
    "sales" : 27.87,
    "salesGrowthYoY" : 3.53,
    "grossProfitMargin" : 40.40,
    "grossProfit" : 11.26,
    "operatingProfitMargin" : -4.70,
    "operatingProfit" : -1.31,
    "netProfitMargin" : 14.07,
    "netProfit" : 3.92
  }, {
    "date" : "2014-09-30",
    "sales" : 43.19,
    "salesGrowthYoY" : 16.23,
    "grossProfitMargin" : 42.02,
    "grossProfit" : 18.15,
    "operatingProfitMargin" : 2.64,
    "operatingProfit" : 1.14,
    "netProfitMargin" : 55.73,
    "netProfit" : 24.07
  }, {
    "date" : "2014-12-31",
    "sales" : 48.40,
    "salesGrowthYoY" : 11.24,
    "grossProfitMargin" : 42.21,
    "grossProfit" : 20.43,
    "operatingProfitMargin" : 7.71,
    "operatingProfit" : 3.73,
    "netProfitMargin" : 14.38,
    "netProfit" : 6.96
  }, {
    "date" : "2015-03-31",
    "sales" : 55.96,
    "salesGrowthYoY" : 15.72,
    "grossProfitMargin" : 43.53,
    "grossProfit" : 24.36,
    "operatingProfitMargin" : 7.01,
    "operatingProfit" : 3.92,
    "netProfitMargin" : 31.63,
    "netProfit" : 17.70
  }, {
    "date" : "2015-06-30",
    "sales" : 40.23,
    "salesGrowthYoY" : 44.35,
    "grossProfitMargin" : 45.09,
    "grossProfit" : 18.14,
    "operatingProfitMargin" : 5.29,
    "operatingProfit" : 2.13,
    "netProfitMargin" : 10.59,
    "netProfit" : 4.26
  }, {
    "date" : "2015-09-30",
    "sales" : 53.84,
    "salesGrowthYoY" : 24.66,
    "grossProfitMargin" : 43.11,
    "grossProfit" : 23.21,
    "operatingProfitMargin" : 7.21,
    "operatingProfit" : 3.88,
    "netProfitMargin" : 12.00,
    "netProfit" : 6.46
  }, {
    "date" : "2015-12-31",
    "sales" : 64.14,
    "salesGrowthYoY" : 32.52,
    "grossProfitMargin" : 41.55,
    "grossProfit" : 26.65,
    "operatingProfitMargin" : 6.14,
    "operatingProfit" : 3.94,
    "netProfitMargin" : 17.71,
    "netProfit" : 11.36
  }, {
    "date" : "2016-03-31",
    "sales" : 64.00,
    "salesGrowthYoY" : 14.37,
    "grossProfitMargin" : 43.53,
    "grossProfit" : 27.86,
    "operatingProfitMargin" : -37.30,
    "operatingProfit" : -23.87,
    "netProfitMargin" : -10.17,
    "netProfit" : -6.51
  }, {
    "date" : "2016-06-30",
    "sales" : 52.25,
    "salesGrowthYoY" : 29.88,
    "grossProfitMargin" : 46.35,
    "grossProfit" : 24.22,
    "operatingProfitMargin" : 5.67,
    "operatingProfit" : 2.96,
    "netProfitMargin" : 18.91,
    "netProfit" : 9.88
  }, {
    "date" : "2016-09-30",
    "sales" : 67.46,
    "salesGrowthYoY" : 25.30,
    "grossProfitMargin" : 44.25,
    "grossProfit" : 29.85,
    "operatingProfitMargin" : 10.73,
    "operatingProfit" : 7.24,
    "netProfitMargin" : 16.07,
    "netProfit" : 10.84
  }, {
    "date" : "2016-12-31",
    "sales" : 72.02,
    "salesGrowthYoY" : 12.29,
    "grossProfitMargin" : 44.97,
    "grossProfit" : 32.39,
    "operatingProfitMargin" : 13.07,
    "operatingProfit" : 9.41,
    "netProfitMargin" : 13.83,
    "netProfit" : 9.96
  }, {
    "date" : "2017-03-31",
    "sales" : 75.27,
    "salesGrowthYoY" : 17.61,
    "grossProfitMargin" : 48.61,
    "grossProfit" : 36.59,
    "operatingProfitMargin" : -0.76,
    "operatingProfit" : -0.57,
    "netProfitMargin" : 11.84,
    "netProfit" : 8.91
  }, {
    "date" : "2017-06-30",
    "sales" : 50.09,
    "salesGrowthYoY" : -4.13,
    "grossProfitMargin" : 45.02,
    "grossProfit" : 22.55,
    "operatingProfitMargin" : 5.97,
    "operatingProfit" : 2.99,
    "netProfitMargin" : 10.58,
    "netProfit" : 5.30
  }, {
    "date" : "2017-09-30",
    "sales" : 79.39,
    "salesGrowthYoY" : 17.68,
    "grossProfitMargin" : 51.61,
    "grossProfit" : 40.97,
    "operatingProfitMargin" : 16.14,
    "operatingProfit" : 12.81,
    "netProfitMargin" : 17.06,
    "netProfit" : 13.54
  }, {
    "date" : "2017-12-31",
    "sales" : 78.85,
    "salesGrowthYoY" : 9.48,
    "grossProfitMargin" : 50.39,
    "grossProfit" : 39.73,
    "operatingProfitMargin" : 16.18,
    "operatingProfit" : 12.76,
    "netProfitMargin" : 16.17,
    "netProfit" : 12.75
  }, {
    "date" : "2018-03-31",
    "sales" : 87.50,
    "salesGrowthYoY" : 16.25,
    "grossProfitMargin" : 49.90,
    "grossProfit" : 43.66,
    "operatingProfitMargin" : 12.40,
    "operatingProfit" : 10.85,
    "netProfitMargin" : 16.89,
    "netProfit" : 14.78
  }, {
    "date" : "2018-06-30",
    "sales" : 72.12,
    "salesGrowthYoY" : 43.98,
    "grossProfitMargin" : 48.81,
    "grossProfit" : 35.20,
    "operatingProfitMargin" : 9.53,
    "operatingProfit" : 6.87,
    "netProfitMargin" : 15.32,
    "netProfit" : 11.05
  }, {
    "date" : "2018-09-30",
    "sales" : 86.97,
    "salesGrowthYoY" : 9.55,
    "grossProfitMargin" : 50.30,
    "grossProfit" : 43.75,
    "operatingProfitMargin" : 9.22,
    "operatingProfit" : 8.02,
    "netProfitMargin" : 12.88,
    "netProfit" : 11.20
  }, {
    "date" : "2018-12-31",
    "sales" : 113.59,
    "salesGrowthYoY" : 44.06,
    "grossProfitMargin" : 46.24,
    "grossProfit" : 52.52,
    "operatingProfitMargin" : 10.12,
    "operatingProfit" : 11.50,
    "netProfitMargin" : 12.96,
    "netProfit" : 14.72
  }, {
    "date" : "2019-03-31",
    "sales" : 62.13,
    "salesGrowthYoY" : -28.99,
    "grossProfitMargin" : 44.70,
    "grossProfit" : 27.77,
    "operatingProfitMargin" : 10.78,
    "operatingProfit" : 6.70,
    "netProfitMargin" : 5.96,
    "netProfit" : 3.70
  }, {
    "date" : "2019-06-30",
    "sales" : 43.82,
    "salesGrowthYoY" : -39.24,
    "grossProfitMargin" : 49.84,
    "grossProfit" : 21.84,
    "operatingProfitMargin" : 6.16,
    "operatingProfit" : 2.70,
    "netProfitMargin" : -1.28,
    "netProfit" : -0.56
  }, {
    "date" : "2019-09-30",
    "sales" : 57.90,
    "salesGrowthYoY" : -33.43,
    "grossProfitMargin" : 46.42,
    "grossProfit" : 26.88,
    "operatingProfitMargin" : 7.46,
    "operatingProfit" : 4.32,
    "netProfitMargin" : -3.75,
    "netProfit" : -2.17
  }, {
    "date" : "2019-12-31",
    "sales" : 75.18,
    "salesGrowthYoY" : -33.81,
    "grossProfitMargin" : 44.88,
    "grossProfit" : 33.74,
    "operatingProfitMargin" : 12.30,
    "operatingProfit" : 9.25,
    "netProfitMargin" : -1.16,
    "netProfit" : -0.87
  }, {
    "date" : "2020-03-31",
    "sales" : 94.26,
    "salesGrowthYoY" : 51.71,
    "grossProfitMargin" : 51.96,
    "grossProfit" : 48.98,
    "operatingProfitMargin" : 21.39,
    "operatingProfit" : 20.16,
    "netProfitMargin" : 4.30,
    "netProfit" : 4.05
  }, {
    "date" : "2020-06-30",
    "sales" : 54.07,
    "salesGrowthYoY" : 23.39,
    "grossProfitMargin" : 57.41,
    "grossProfit" : 31.04,
    "operatingProfitMargin" : 17.68,
    "operatingProfit" : 9.56,
    "netProfitMargin" : -3.46,
    "netProfit" : -1.87
  }, {
    "date" : "2020-09-30",
    "sales" : 114.09,
    "salesGrowthYoY" : 97.05,
    "grossProfitMargin" : 54.67,
    "grossProfit" : 62.37,
    "operatingProfitMargin" : 27.77,
    "operatingProfit" : 31.68,
    "netProfitMargin" : 12.32,
    "netProfit" : 14.06
  }, {
    "date" : "2020-12-31",
    "sales" : 140.13,
    "salesGrowthYoY" : 86.39,
    "grossProfitMargin" : 60.55,
    "grossProfit" : 84.85,
    "operatingProfitMargin" : 37.44,
    "operatingProfit" : 52.46,
    "netProfitMargin" : 7.55,
    "netProfit" : 10.58
  }, {
    "date" : "2021-03-31",
    "sales" : 193.98,
    "salesGrowthYoY" : 105.79,
    "grossProfitMargin" : 72.45,
    "grossProfit" : 140.54,
    "operatingProfitMargin" : 53.45,
    "operatingProfit" : 103.68,
    "netProfitMargin" : 34.47,
    "netProfit" : 66.86
  }, {
    "date" : "2021-06-30",
    "sales" : 136.13,
    "salesGrowthYoY" : 151.77,
    "grossProfitMargin" : 74.18,
    "grossProfit" : 100.98,
    "operatingProfitMargin" : 45.41,
    "operatingProfit" : 61.82,
    "netProfitMargin" : 29.10,
    "netProfit" : 39.61
  }, {
    "date" : "2021-09-30",
    "sales" : 160.52,
    "salesGrowthYoY" : 40.70,
    "grossProfitMargin" : 59.43,
    "grossProfit" : 95.40,
    "operatingProfitMargin" : 33.52,
    "operatingProfit" : 53.81,
    "netProfitMargin" : 21.25,
    "netProfit" : 34.11
  }, {
    "date" : "2021-12-31",
    "sales" : 168.51,
    "salesGrowthYoY" : 20.25,
    "grossProfitMargin" : 68.57,
    "grossProfit" : 115.55,
    "operatingProfitMargin" : 41.39,
    "operatingProfit" : 69.75,
    "netProfitMargin" : 27.14,
    "netProfit" : 45.73
  }, {
    "date" : "2022-03-31",
    "sales" : 179.05,
    "salesGrowthYoY" : -7.70,
    "grossProfitMargin" : 62.69,
    "grossProfit" : 112.25,
    "operatingProfitMargin" : 33.03,
    "operatingProfit" : 59.14,
    "netProfitMargin" : 25.90,
    "netProfit" : 46.37
  }, {
    "date" : "2022-06-30",
    "sales" : 169.98,
    "salesGrowthYoY" : 24.87,
    "grossProfitMargin" : 58.28,
    "grossProfit" : 99.06,
    "operatingProfitMargin" : 28.34,
    "operatingProfit" : 48.17,
    "netProfitMargin" : 17.71,
    "netProfit" : 30.10
  }, {
    "date" : "2022-09-30",
    "sales" : 169.26,
    "salesGrowthYoY" : 5.44,
    "grossProfitMargin" : 56.92,
    "grossProfit" : 96.34,
    "operatingProfitMargin" : 24.81,
    "operatingProfit" : 41.99,
    "netProfitMargin" : 14.34,
    "netProfit" : 24.27
  }, {
    "date" : "2022-12-31",
    "sales" : 161.39,
    "salesGrowthYoY" : -4.23,
    "grossProfitMargin" : 53.35,
    "grossProfit" : 86.10,
    "operatingProfitMargin" : 20.78,
    "operatingProfit" : 33.54,
    "netProfitMargin" : 13.92,
    "netProfit" : 22.47
  }, {
    "date" : "2023-03-31",
    "sales" : 187.54,
    "salesGrowthYoY" : 4.74,
    "grossProfitMargin" : 51.73,
    "grossProfit" : 97.01,
    "operatingProfitMargin" : 18.10,
    "operatingProfit" : 33.94,
    "netProfitMargin" : 6.23,
    "netProfit" : 11.68
  }, {
    "date" : "2023-06-30",
    "sales" : 237.82,
    "salesGrowthYoY" : 39.91,
    "grossProfitMargin" : 52.32,
    "grossProfit" : 124.43,
    "operatingProfitMargin" : 20.94,
    "operatingProfit" : 49.80,
    "netProfitMargin" : 5.75,
    "netProfit" : 13.67
  }, {
    "date" : "2023-09-30",
    "sales" : 280.17,
    "salesGrowthYoY" : 65.53,
    "grossProfitMargin" : 34.95,
    "grossProfit" : 97.92,
    "operatingProfitMargin" : 7.51,
    "operatingProfit" : 21.04,
    "netProfitMargin" : -2.07,
    "netProfit" : -5.80
  }, {
    "date" : "2023-12-31",
    "sales" : 240.65,
    "salesGrowthYoY" : 49.11,
    "grossProfitMargin" : 35.21,
    "grossProfit" : 84.73,
    "operatingProfitMargin" : 7.64,
    "operatingProfit" : 18.39,
    "netProfitMargin" : -4.59,
    "netProfit" : -11.05
  }, {
    "date" : "2024-03-31",
    "sales" : 227.23,
    "salesGrowthYoY" : 21.16,
    "grossProfitMargin" : 38.93,
    "grossProfit" : 88.46,
    "operatingProfitMargin" : 3.44,
    "operatingProfit" : 7.82,
    "netProfitMargin" : -5.88,
    "netProfit" : -13.36
  }, {
    "date" : "2024-06-30",
    "sales" : 241.40,
    "salesGrowthYoY" : 1.51,
    "grossProfitMargin" : 41.85,
    "grossProfit" : 101.03,
    "operatingProfitMargin" : 11.07,
    "operatingProfit" : 26.72,
    "netProfitMargin" : -1.51,
    "netProfit" : -3.65
  }, {
    "date" : "2024-09-30",
    "sales" : 265.61,
    "salesGrowthYoY" : -5.20,
    "grossProfitMargin" : 46.66,
    "grossProfit" : 123.93,
    "operatingProfitMargin" : 17.95,
    "operatingProfit" : 47.68,
    "netProfitMargin" : 4.75,
    "netProfit" : 12.62
  }, {
    "date" : "2024-12-31",
    "sales" : 275.28,
    "salesGrowthYoY" : 14.39,
    "grossProfitMargin" : 36.63,
    "grossProfit" : 100.84,
    "operatingProfitMargin" : 6.92,
    "operatingProfit" : 19.05,
    "netProfitMargin" : -3.14,
    "netProfit" : -8.64
  }, {
    "date" : "2025-03-31",
    "sales" : 327.23,
    "salesGrowthYoY" : 44.01,
    "grossProfitMargin" : 46.00,
    "grossProfit" : 150.53,
    "operatingProfitMargin" : 21.44,
    "operatingProfit" : 70.16,
    "netProfitMargin" : 10.12,
    "netProfit" : 33.12
  }, {
    "date" : "2025-06-30",
    "sales" : 332.26,
    "salesGrowthYoY" : 37.64,
    "grossProfitMargin" : 51.11,
    "grossProfit" : 169.82,
    "operatingProfitMargin" : 26.19,
    "operatingProfit" : 87.02,
    "netProfitMargin" : 10.28,
    "netProfit" : 34.16
  }, {
    "date" : "2025-09-30",
    "sales" : 378.44,
    "salesGrowthYoY" : 42.48,
    "grossProfitMargin" : 57.43,
    "grossProfit" : 217.34,
    "operatingProfitMargin" : 32.69,
    "operatingProfit" : 123.71,
    "netProfitMargin" : 17.64,
    "netProfit" : 66.76
  } ],
  "latestQuarterlyResult" : {
    "date" : "2025-09-30",
    "sales" : 378.44,
    "salesGrowthYoY" : 42.48,
    "grossProfitMargin" : 57.43,
    "grossProfit" : 217.34,
    "operatingProfitMargin" : 32.69,
    "operatingProfit" : 123.71,
    "netProfitMargin" : 17.64,
    "netProfit" : 66.76
  },
  "companyScore" : {
    "priceHigherThanDma50" : 0.00,
    "priceHigherThanDma100" : 0.00,
    "priceHigherThanDma200" : 5.00,
    "dma50HigherThanDma100" : 5.00,
    "dma50HigherThanDma200" : 5.00,
    "dma100HigherThanDma200" : 5.00,
    "pricePercentageAboveDma50" : 5.34,
    "pricePercentageAboveDma100" : 5.13,
    "pricePercentageAboveDma200" : 4.93,
    "weeklyVolumeHigherThanYearlyVolume" : 0.00,
    "salesGrowthPercentile" : 16.20,
    "operatingProfitMarginPercentile" : 18.31,
    "netProfitMarginPercentile" : 7.71,
    "totalTechnicalScore" : 35.40,
    "totalFundamentalScore" : 42.23,
    "totalScore" : 77.62
  }
}