{
  "metadata" : {
    "screenerCompanyId" : "462",
    "companyCode" : "BPCL",
    "companyName" : "B P C L",
    "screenerCompanyLink" : "https://www.screener.in/company/BPCL/consolidated/",
    "screenerTechnicalHistoryLink" : "https://www.screener.in/api/company/462/chart/?q=Price-DMA50-DMA200-Volume&days=365",
    "screenerQuarterlyResultsLink" : "https://www.screener.in/api/company/462/chart/?q=GPM-OPM-NPM-Quarter+Sales&days=10000",
    "attributes" : {
      "companyCode" : "BPCL",
      "companyName" : "B P C L",
      "marketCap" : 152672.00,
      "peRatio" : 7.09,
      "description" : "Bharat Petroleum Corporation is a public sector company which is engaged in the business of refining of crude oil and marketing of petroleum products.[1]"
    },
    "companyScore" : {
      "priceHigherThanDma50" : 0.00,
      "priceHigherThanDma100" : 5.00,
      "priceHigherThanDma200" : 5.00,
      "dma50HigherThanDma100" : 5.00,
      "dma50HigherThanDma200" : 5.00,
      "dma100HigherThanDma200" : 5.00,
      "pricePercentageAboveDma50" : 5.12,
      "pricePercentageAboveDma100" : 4.96,
      "pricePercentageAboveDma200" : 4.78,
      "weeklyVolumeHigherThanYearlyVolume" : 0.00,
      "salesGrowthPercentile" : 7.77,
      "operatingProfitMarginPercentile" : 18.31,
      "netProfitMarginPercentile" : 9.04,
      "totalTechnicalScore" : 39.87,
      "totalFundamentalScore" : 35.12,
      "totalScore" : 74.98
    }
  },
  "attributes" : {
    "companyCode" : "BPCL",
    "companyName" : "B P C L",
    "marketCap" : 152672.00,
    "peRatio" : 7.09,
    "description" : "Bharat Petroleum Corporation is a public sector company which is engaged in the business of refining of crude oil and marketing of petroleum products.[1]"
  },
  "technicalHistory" : [ {
    "date" : "2025-01-22",
    "price" : 277.60,
    "dma50" : 291.95,
    "dma100" : null,
    "dma200" : 299.77,
    "volume" : 6571619.00
  }, {
    "date" : "2025-01-23",
    "price" : 271.25,
    "dma50" : 291.13,
    "dma100" : null,
    "dma200" : 299.49,
    "volume" : 19529619.00
  }, {
    "date" : "2025-01-24",
    "price" : 263.80,
    "dma50" : 290.06,
    "dma100" : null,
    "dma200" : 299.13,
    "volume" : 19006056.00
  }, {
    "date" : "2025-01-27",
    "price" : 261.30,
    "dma50" : 288.93,
    "dma100" : null,
    "dma200" : 298.76,
    "volume" : 10672701.00
  }, {
    "date" : "2025-01-28",
    "price" : 258.05,
    "dma50" : 287.72,
    "dma100" : null,
    "dma200" : 298.35,
    "volume" : 14056328.00
  }, {
    "date" : "2025-01-29",
    "price" : 257.00,
    "dma50" : 286.52,
    "dma100" : null,
    "dma200" : 297.94,
    "volume" : 9857465.00
  }, {
    "date" : "2025-01-30",
    "price" : 257.15,
    "dma50" : 285.37,
    "dma100" : null,
    "dma200" : 297.53,
    "volume" : 9735699.00
  }, {
    "date" : "2025-01-31",
    "price" : 261.10,
    "dma50" : 284.42,
    "dma100" : null,
    "dma200" : 297.17,
    "volume" : 9148798.00
  }, {
    "date" : "2025-02-01",
    "price" : 255.65,
    "dma50" : 283.29,
    "dma100" : null,
    "dma200" : 296.76,
    "volume" : 12343366.00
  }, {
    "date" : "2025-02-03",
    "price" : 249.55,
    "dma50" : 281.96,
    "dma100" : null,
    "dma200" : 296.29,
    "volume" : 22115282.00
  }, {
    "date" : "2025-02-04",
    "price" : 255.95,
    "dma50" : 280.94,
    "dma100" : null,
    "dma200" : 295.89,
    "volume" : 7266480.00
  }, {
    "date" : "2025-02-05",
    "price" : 261.25,
    "dma50" : 280.17,
    "dma100" : null,
    "dma200" : 295.54,
    "volume" : 10604900.00
  }, {
    "date" : "2025-02-06",
    "price" : 262.55,
    "dma50" : 279.48,
    "dma100" : null,
    "dma200" : 295.21,
    "volume" : 14624458.00
  }, {
    "date" : "2025-02-07",
    "price" : 264.30,
    "dma50" : 278.89,
    "dma100" : null,
    "dma200" : 294.91,
    "volume" : 6729465.00
  }, {
    "date" : "2025-02-10",
    "price" : 259.90,
    "dma50" : 278.14,
    "dma100" : null,
    "dma200" : 294.56,
    "volume" : 8353672.00
  }, {
    "date" : "2025-02-11",
    "price" : 255.15,
    "dma50" : 277.24,
    "dma100" : null,
    "dma200" : 294.17,
    "volume" : 7530556.00
  }, {
    "date" : "2025-02-12",
    "price" : 255.60,
    "dma50" : 276.39,
    "dma100" : null,
    "dma200" : 293.78,
    "volume" : 7099324.00
  }, {
    "date" : "2025-02-13",
    "price" : 255.75,
    "dma50" : 275.58,
    "dma100" : null,
    "dma200" : 293.40,
    "volume" : 6149026.00
  }, {
    "date" : "2025-02-14",
    "price" : 251.00,
    "dma50" : 274.62,
    "dma100" : null,
    "dma200" : 292.98,
    "volume" : 5463062.00
  }, {
    "date" : "2025-02-17",
    "price" : 252.30,
    "dma50" : 273.74,
    "dma100" : null,
    "dma200" : 292.58,
    "volume" : 6032227.00
  }, {
    "date" : "2025-02-18",
    "price" : 252.75,
    "dma50" : 272.92,
    "dma100" : null,
    "dma200" : 292.18,
    "volume" : 5909109.00
  }, {
    "date" : "2025-02-19",
    "price" : 255.60,
    "dma50" : 272.24,
    "dma100" : null,
    "dma200" : 291.82,
    "volume" : 6987131.00
  }, {
    "date" : "2025-02-20",
    "price" : 258.60,
    "dma50" : 271.70,
    "dma100" : null,
    "dma200" : 291.49,
    "volume" : 8252999.00
  }, {
    "date" : "2025-02-21",
    "price" : 251.30,
    "dma50" : 270.90,
    "dma100" : null,
    "dma200" : 291.09,
    "volume" : 10084127.00
  }, {
    "date" : "2025-02-24",
    "price" : 251.00,
    "dma50" : 270.12,
    "dma100" : null,
    "dma200" : 290.69,
    "volume" : 7008933.00
  }, {
    "date" : "2025-02-25",
    "price" : 248.45,
    "dma50" : 269.27,
    "dma100" : null,
    "dma200" : 290.27,
    "volume" : 4379180.00
  }, {
    "date" : "2025-02-27",
    "price" : 244.75,
    "dma50" : 268.31,
    "dma100" : null,
    "dma200" : 289.81,
    "volume" : 7636751.00
  }, {
    "date" : "2025-02-28",
    "price" : 237.30,
    "dma50" : 267.10,
    "dma100" : null,
    "dma200" : 289.29,
    "volume" : 14613018.00
  }, {
    "date" : "2025-03-03",
    "price" : 242.41,
    "dma50" : 266.13,
    "dma100" : null,
    "dma200" : 288.83,
    "volume" : 7214801.00
  }, {
    "date" : "2025-03-04",
    "price" : 249.92,
    "dma50" : 265.49,
    "dma100" : null,
    "dma200" : 288.44,
    "volume" : 7434716.00
  }, {
    "date" : "2025-03-05",
    "price" : 255.84,
    "dma50" : 265.11,
    "dma100" : null,
    "dma200" : 288.11,
    "volume" : 8682436.00
  }, {
    "date" : "2025-03-06",
    "price" : 265.04,
    "dma50" : 265.11,
    "dma100" : null,
    "dma200" : 287.88,
    "volume" : 14061269.00
  }, {
    "date" : "2025-03-07",
    "price" : 261.26,
    "dma50" : 264.96,
    "dma100" : null,
    "dma200" : 287.62,
    "volume" : 7675273.00
  }, {
    "date" : "2025-03-10",
    "price" : 256.93,
    "dma50" : 264.65,
    "dma100" : null,
    "dma200" : 287.31,
    "volume" : 8722653.00
  }, {
    "date" : "2025-03-11",
    "price" : 264.58,
    "dma50" : 264.64,
    "dma100" : null,
    "dma200" : 287.09,
    "volume" : 12643674.00
  }, {
    "date" : "2025-03-12",
    "price" : 266.32,
    "dma50" : 264.71,
    "dma100" : null,
    "dma200" : 286.88,
    "volume" : 11084419.00
  }, {
    "date" : "2025-03-13",
    "price" : 264.41,
    "dma50" : 264.70,
    "dma100" : null,
    "dma200" : 286.66,
    "volume" : 4649632.00
  }, {
    "date" : "2025-03-17",
    "price" : 261.42,
    "dma50" : 264.57,
    "dma100" : null,
    "dma200" : 286.41,
    "volume" : 7091746.00
  }, {
    "date" : "2025-03-18",
    "price" : 262.18,
    "dma50" : 264.47,
    "dma100" : null,
    "dma200" : 286.17,
    "volume" : 6005193.00
  }, {
    "date" : "2025-03-19",
    "price" : 265.26,
    "dma50" : 264.51,
    "dma100" : null,
    "dma200" : 285.96,
    "volume" : 5105054.00
  }, {
    "date" : "2025-03-20",
    "price" : 272.13,
    "dma50" : 264.80,
    "dma100" : null,
    "dma200" : 285.82,
    "volume" : 11313919.00
  }, {
    "date" : "2025-03-21",
    "price" : 279.66,
    "dma50" : 265.39,
    "dma100" : null,
    "dma200" : 285.76,
    "volume" : 26705316.00
  }, {
    "date" : "2025-03-24",
    "price" : 280.44,
    "dma50" : 265.98,
    "dma100" : null,
    "dma200" : 285.71,
    "volume" : 11873050.00
  }, {
    "date" : "2025-03-25",
    "price" : 279.11,
    "dma50" : 266.49,
    "dma100" : null,
    "dma200" : 285.64,
    "volume" : 12530505.00
  }, {
    "date" : "2025-03-26",
    "price" : 273.01,
    "dma50" : 266.75,
    "dma100" : null,
    "dma200" : 285.51,
    "volume" : 9707947.00
  }, {
    "date" : "2025-03-27",
    "price" : 276.06,
    "dma50" : 267.11,
    "dma100" : null,
    "dma200" : 285.42,
    "volume" : 108859023.00
  }, {
    "date" : "2025-03-28",
    "price" : 278.47,
    "dma50" : 267.56,
    "dma100" : null,
    "dma200" : 285.35,
    "volume" : 13260993.00
  }, {
    "date" : "2025-04-01",
    "price" : 284.60,
    "dma50" : 268.23,
    "dma100" : null,
    "dma200" : 285.34,
    "volume" : 21293174.00
  }, {
    "date" : "2025-04-02",
    "price" : 286.80,
    "dma50" : 268.96,
    "dma100" : null,
    "dma200" : 285.36,
    "volume" : 12436839.00
  }, {
    "date" : "2025-04-03",
    "price" : 286.80,
    "dma50" : 269.65,
    "dma100" : null,
    "dma200" : 285.37,
    "volume" : 7035094.00
  }, {
    "date" : "2025-04-04",
    "price" : 279.45,
    "dma50" : 270.04,
    "dma100" : null,
    "dma200" : 285.31,
    "volume" : 19353388.00
  }, {
    "date" : "2025-04-07",
    "price" : 273.70,
    "dma50" : 270.18,
    "dma100" : null,
    "dma200" : 285.20,
    "volume" : 15448083.00
  }, {
    "date" : "2025-04-08",
    "price" : 285.90,
    "dma50" : 270.80,
    "dma100" : null,
    "dma200" : 285.20,
    "volume" : 20403250.00
  }, {
    "date" : "2025-04-09",
    "price" : 287.95,
    "dma50" : 271.47,
    "dma100" : null,
    "dma200" : 285.23,
    "volume" : 14908452.00
  }, {
    "date" : "2025-04-11",
    "price" : 293.20,
    "dma50" : 272.32,
    "dma100" : null,
    "dma200" : 285.31,
    "volume" : 15169418.00
  }, {
    "date" : "2025-04-15",
    "price" : 294.40,
    "dma50" : 273.19,
    "dma100" : null,
    "dma200" : 285.40,
    "volume" : 8755801.00
  }, {
    "date" : "2025-04-16",
    "price" : 298.75,
    "dma50" : 274.19,
    "dma100" : null,
    "dma200" : 285.53,
    "volume" : 9739247.00
  }, {
    "date" : "2025-04-17",
    "price" : 298.35,
    "dma50" : 275.14,
    "dma100" : null,
    "dma200" : 285.66,
    "volume" : 7845289.00
  }, {
    "date" : "2025-04-21",
    "price" : 304.05,
    "dma50" : 276.27,
    "dma100" : null,
    "dma200" : 285.85,
    "volume" : 6906114.00
  }, {
    "date" : "2025-04-22",
    "price" : 306.10,
    "dma50" : 277.44,
    "dma100" : null,
    "dma200" : 286.05,
    "volume" : 7729419.00
  }, {
    "date" : "2025-04-23",
    "price" : 300.45,
    "dma50" : 278.34,
    "dma100" : null,
    "dma200" : 286.19,
    "volume" : 7789674.00
  }, {
    "date" : "2025-04-24",
    "price" : 302.00,
    "dma50" : 279.27,
    "dma100" : null,
    "dma200" : 286.35,
    "volume" : 6157867.00
  }, {
    "date" : "2025-04-25",
    "price" : 295.70,
    "dma50" : 279.92,
    "dma100" : null,
    "dma200" : 286.44,
    "volume" : 8007674.00
  }, {
    "date" : "2025-04-28",
    "price" : 310.00,
    "dma50" : 281.10,
    "dma100" : null,
    "dma200" : 286.67,
    "volume" : 14822790.00
  }, {
    "date" : "2025-04-29",
    "price" : 311.70,
    "dma50" : 282.30,
    "dma100" : null,
    "dma200" : 286.92,
    "volume" : 10114632.00
  }, {
    "date" : "2025-04-30",
    "price" : 310.05,
    "dma50" : 283.38,
    "dma100" : null,
    "dma200" : 287.15,
    "volume" : 22300832.00
  }, {
    "date" : "2025-05-02",
    "price" : 311.15,
    "dma50" : 284.47,
    "dma100" : null,
    "dma200" : 287.39,
    "volume" : 8280331.00
  }, {
    "date" : "2025-05-05",
    "price" : 321.05,
    "dma50" : 285.91,
    "dma100" : null,
    "dma200" : 287.73,
    "volume" : 16717692.00
  }, {
    "date" : "2025-05-06",
    "price" : 311.45,
    "dma50" : 286.91,
    "dma100" : null,
    "dma200" : 287.96,
    "volume" : 5860969.00
  }, {
    "date" : "2025-05-07",
    "price" : 316.90,
    "dma50" : 288.09,
    "dma100" : null,
    "dma200" : 288.25,
    "volume" : 8239909.00
  }, {
    "date" : "2025-05-08",
    "price" : 307.95,
    "dma50" : 288.86,
    "dma100" : null,
    "dma200" : 288.45,
    "volume" : 6039525.00
  }, {
    "date" : "2025-05-09",
    "price" : 306.85,
    "dma50" : 289.57,
    "dma100" : null,
    "dma200" : 288.63,
    "volume" : 5149944.00
  }, {
    "date" : "2025-05-12",
    "price" : 309.05,
    "dma50" : 290.33,
    "dma100" : null,
    "dma200" : 288.83,
    "volume" : 7040934.00
  }, {
    "date" : "2025-05-13",
    "price" : 306.90,
    "dma50" : 290.98,
    "dma100" : null,
    "dma200" : 289.01,
    "volume" : 7634847.00
  }, {
    "date" : "2025-05-14",
    "price" : 312.50,
    "dma50" : 291.83,
    "dma100" : null,
    "dma200" : 289.25,
    "volume" : 7982178.00
  }, {
    "date" : "2025-05-15",
    "price" : 317.00,
    "dma50" : 292.81,
    "dma100" : null,
    "dma200" : 289.52,
    "volume" : 7485010.00
  }, {
    "date" : "2025-05-16",
    "price" : 320.10,
    "dma50" : 293.88,
    "dma100" : null,
    "dma200" : 289.83,
    "volume" : 7160069.00
  }, {
    "date" : "2025-05-19",
    "price" : 317.20,
    "dma50" : 294.80,
    "dma100" : null,
    "dma200" : 290.10,
    "volume" : 3149105.00
  }, {
    "date" : "2025-05-20",
    "price" : 312.90,
    "dma50" : 295.51,
    "dma100" : null,
    "dma200" : 290.33,
    "volume" : 5204082.00
  }, {
    "date" : "2025-05-21",
    "price" : 315.85,
    "dma50" : 296.31,
    "dma100" : null,
    "dma200" : 290.58,
    "volume" : 5526512.00
  }, {
    "date" : "2025-05-22",
    "price" : 313.05,
    "dma50" : 296.96,
    "dma100" : null,
    "dma200" : 290.80,
    "volume" : 5055920.00
  }, {
    "date" : "2025-05-23",
    "price" : 318.90,
    "dma50" : 297.82,
    "dma100" : null,
    "dma200" : 291.08,
    "volume" : 4415446.00
  }, {
    "date" : "2025-05-26",
    "price" : 322.95,
    "dma50" : 298.81,
    "dma100" : null,
    "dma200" : 291.40,
    "volume" : 5551861.00
  }, {
    "date" : "2025-05-27",
    "price" : 317.00,
    "dma50" : 299.52,
    "dma100" : null,
    "dma200" : 291.66,
    "volume" : 5304325.00
  }, {
    "date" : "2025-05-28",
    "price" : 321.70,
    "dma50" : 300.39,
    "dma100" : null,
    "dma200" : 291.95,
    "volume" : 7401071.00
  }, {
    "date" : "2025-05-29",
    "price" : 319.15,
    "dma50" : 301.13,
    "dma100" : null,
    "dma200" : 292.23,
    "volume" : 4101187.00
  }, {
    "date" : "2025-05-30",
    "price" : 318.40,
    "dma50" : 301.80,
    "dma100" : null,
    "dma200" : 292.49,
    "volume" : 9352272.00
  }, {
    "date" : "2025-06-02",
    "price" : 316.60,
    "dma50" : 302.39,
    "dma100" : null,
    "dma200" : 292.73,
    "volume" : 3189936.00
  }, {
    "date" : "2025-06-03",
    "price" : 309.75,
    "dma50" : 302.67,
    "dma100" : null,
    "dma200" : 292.90,
    "volume" : 8115819.00
  }, {
    "date" : "2025-06-04",
    "price" : 311.55,
    "dma50" : 303.02,
    "dma100" : null,
    "dma200" : 293.08,
    "volume" : 6019719.00
  }, {
    "date" : "2025-06-05",
    "price" : 309.80,
    "dma50" : 303.29,
    "dma100" : null,
    "dma200" : 293.25,
    "volume" : 6363838.00
  }, {
    "date" : "2025-06-06",
    "price" : 316.70,
    "dma50" : 303.81,
    "dma100" : null,
    "dma200" : 293.48,
    "volume" : 6129533.00
  }, {
    "date" : "2025-06-09",
    "price" : 320.40,
    "dma50" : 304.46,
    "dma100" : null,
    "dma200" : 293.75,
    "volume" : 3885357.00
  }, {
    "date" : "2025-06-10",
    "price" : 320.10,
    "dma50" : 305.08,
    "dma100" : null,
    "dma200" : 294.01,
    "volume" : 6621449.00
  }, {
    "date" : "2025-06-11",
    "price" : 333.85,
    "dma50" : 306.21,
    "dma100" : null,
    "dma200" : 294.41,
    "volume" : 22542906.00
  }, {
    "date" : "2025-06-12",
    "price" : 318.65,
    "dma50" : 306.69,
    "dma100" : null,
    "dma200" : 294.65,
    "volume" : 14492107.00
  }, {
    "date" : "2025-06-13",
    "price" : 312.30,
    "dma50" : 306.91,
    "dma100" : null,
    "dma200" : 294.82,
    "volume" : 15001376.00
  }, {
    "date" : "2025-06-16",
    "price" : 316.40,
    "dma50" : 307.29,
    "dma100" : null,
    "dma200" : 295.04,
    "volume" : 7271085.00
  }, {
    "date" : "2025-06-17",
    "price" : 312.80,
    "dma50" : 307.50,
    "dma100" : null,
    "dma200" : 295.22,
    "volume" : 7844114.00
  }, {
    "date" : "2025-06-18",
    "price" : 315.85,
    "dma50" : 307.83,
    "dma100" : null,
    "dma200" : 295.42,
    "volume" : 10203155.00
  }, {
    "date" : "2025-06-19",
    "price" : 313.45,
    "dma50" : 308.05,
    "dma100" : 286.19,
    "dma200" : 295.60,
    "volume" : 5646606.00
  }, {
    "date" : "2025-06-20",
    "price" : 313.50,
    "dma50" : 308.26,
    "dma100" : 286.61,
    "dma200" : 295.78,
    "volume" : 8667985.00
  }, {
    "date" : "2025-06-23",
    "price" : 313.45,
    "dma50" : 308.47,
    "dma100" : 287.11,
    "dma200" : 295.95,
    "volume" : 6998131.00
  }, {
    "date" : "2025-06-24",
    "price" : 319.25,
    "dma50" : 308.89,
    "dma100" : 287.69,
    "dma200" : 296.19,
    "volume" : 11860771.00
  }, {
    "date" : "2025-06-25",
    "price" : 319.60,
    "dma50" : 309.31,
    "dma100" : 288.30,
    "dma200" : 296.42,
    "volume" : 6828799.00
  }, {
    "date" : "2025-06-26",
    "price" : 329.75,
    "dma50" : 310.11,
    "dma100" : 289.03,
    "dma200" : 296.75,
    "volume" : 16594194.00
  }, {
    "date" : "2025-06-27",
    "price" : 333.00,
    "dma50" : 311.01,
    "dma100" : 289.79,
    "dma200" : 297.11,
    "volume" : 10604761.00
  }, {
    "date" : "2025-06-30",
    "price" : 331.95,
    "dma50" : 311.83,
    "dma100" : 290.50,
    "dma200" : 297.46,
    "volume" : 6279567.00
  }, {
    "date" : "2025-07-01",
    "price" : 332.05,
    "dma50" : 312.62,
    "dma100" : 291.26,
    "dma200" : 297.80,
    "volume" : 4072690.00
  }, {
    "date" : "2025-07-02",
    "price" : 331.80,
    "dma50" : 313.38,
    "dma100" : 292.08,
    "dma200" : 298.14,
    "volume" : 3880874.00
  }, {
    "date" : "2025-07-03",
    "price" : 331.50,
    "dma50" : 314.09,
    "dma100" : 292.84,
    "dma200" : 298.47,
    "volume" : 5768418.00
  }, {
    "date" : "2025-07-04",
    "price" : 346.20,
    "dma50" : 315.35,
    "dma100" : 293.69,
    "dma200" : 298.95,
    "volume" : 14320950.00
  }, {
    "date" : "2025-07-07",
    "price" : 350.50,
    "dma50" : 316.72,
    "dma100" : 294.57,
    "dma200" : 299.46,
    "volume" : 9132890.00
  }, {
    "date" : "2025-07-08",
    "price" : 355.60,
    "dma50" : 318.25,
    "dma100" : 295.48,
    "dma200" : 300.02,
    "volume" : 13762152.00
  }, {
    "date" : "2025-07-09",
    "price" : 348.50,
    "dma50" : 319.43,
    "dma100" : 296.37,
    "dma200" : 300.50,
    "volume" : 8285732.00
  }, {
    "date" : "2025-07-10",
    "price" : 350.95,
    "dma50" : 320.67,
    "dma100" : 297.33,
    "dma200" : 301.00,
    "volume" : 7198502.00
  }, {
    "date" : "2025-07-11",
    "price" : 344.85,
    "dma50" : 321.62,
    "dma100" : 298.22,
    "dma200" : 301.44,
    "volume" : 4935830.00
  }, {
    "date" : "2025-07-14",
    "price" : 344.40,
    "dma50" : 322.51,
    "dma100" : 299.11,
    "dma200" : 301.87,
    "volume" : 6458818.00
  }, {
    "date" : "2025-07-15",
    "price" : 348.05,
    "dma50" : 323.51,
    "dma100" : 300.08,
    "dma200" : 302.33,
    "volume" : 6502299.00
  }, {
    "date" : "2025-07-16",
    "price" : 347.85,
    "dma50" : 324.47,
    "dma100" : 301.03,
    "dma200" : 302.78,
    "volume" : 9411523.00
  }, {
    "date" : "2025-07-17",
    "price" : 346.75,
    "dma50" : 325.34,
    "dma100" : 301.97,
    "dma200" : 303.22,
    "volume" : 4118529.00
  }, {
    "date" : "2025-07-18",
    "price" : 343.50,
    "dma50" : 326.05,
    "dma100" : 302.85,
    "dma200" : 303.62,
    "volume" : 5906076.00
  }, {
    "date" : "2025-07-21",
    "price" : 342.60,
    "dma50" : 326.70,
    "dma100" : 303.69,
    "dma200" : 304.01,
    "volume" : 5517707.00
  }, {
    "date" : "2025-07-22",
    "price" : 340.35,
    "dma50" : 327.24,
    "dma100" : 304.58,
    "dma200" : 304.37,
    "volume" : 4747363.00
  }, {
    "date" : "2025-07-23",
    "price" : 344.45,
    "dma50" : 327.91,
    "dma100" : 305.52,
    "dma200" : 304.77,
    "volume" : 5203401.00
  }, {
    "date" : "2025-07-24",
    "price" : 341.40,
    "dma50" : 328.44,
    "dma100" : 306.44,
    "dma200" : 305.13,
    "volume" : 3350816.00
  }, {
    "date" : "2025-07-25",
    "price" : 332.90,
    "dma50" : 328.62,
    "dma100" : 307.33,
    "dma200" : 305.41,
    "volume" : 3716850.00
  }, {
    "date" : "2025-07-28",
    "price" : 333.40,
    "dma50" : 328.80,
    "dma100" : 308.29,
    "dma200" : 305.69,
    "volume" : 6056960.00
  }, {
    "date" : "2025-07-29",
    "price" : 334.95,
    "dma50" : 329.05,
    "dma100" : 309.21,
    "dma200" : 305.98,
    "volume" : 8309359.00
  }, {
    "date" : "2025-07-30",
    "price" : 337.05,
    "dma50" : 329.36,
    "dma100" : 310.08,
    "dma200" : 306.29,
    "volume" : 11675868.00
  }, {
    "date" : "2025-07-31",
    "price" : 329.30,
    "dma50" : 329.36,
    "dma100" : 310.82,
    "dma200" : 306.51,
    "volume" : 7069139.00
  }, {
    "date" : "2025-08-01",
    "price" : 317.85,
    "dma50" : 328.91,
    "dma100" : 311.35,
    "dma200" : 306.63,
    "volume" : 4423616.00
  }, {
    "date" : "2025-08-04",
    "price" : 317.85,
    "dma50" : 328.47,
    "dma100" : 311.91,
    "dma200" : 306.74,
    "volume" : 3623976.00
  }, {
    "date" : "2025-08-05",
    "price" : 315.10,
    "dma50" : 327.95,
    "dma100" : 312.49,
    "dma200" : 306.82,
    "volume" : 6947088.00
  }, {
    "date" : "2025-08-06",
    "price" : 315.75,
    "dma50" : 327.47,
    "dma100" : 313.01,
    "dma200" : 306.91,
    "volume" : 3663645.00
  }, {
    "date" : "2025-08-07",
    "price" : 310.35,
    "dma50" : 326.80,
    "dma100" : 313.45,
    "dma200" : 306.95,
    "volume" : 5197405.00
  }, {
    "date" : "2025-08-08",
    "price" : 319.45,
    "dma50" : 326.51,
    "dma100" : 314.00,
    "dma200" : 307.07,
    "volume" : 10591508.00
  }, {
    "date" : "2025-08-11",
    "price" : 320.95,
    "dma50" : 326.29,
    "dma100" : 314.59,
    "dma200" : 307.21,
    "volume" : 8630159.00
  }, {
    "date" : "2025-08-12",
    "price" : 323.70,
    "dma50" : 326.19,
    "dma100" : 315.21,
    "dma200" : 307.37,
    "volume" : 4828817.00
  }, {
    "date" : "2025-08-13",
    "price" : 322.50,
    "dma50" : 326.05,
    "dma100" : 315.78,
    "dma200" : 307.52,
    "volume" : 2771967.00
  }, {
    "date" : "2025-08-14",
    "price" : 318.05,
    "dma50" : 325.73,
    "dma100" : 316.24,
    "dma200" : 307.63,
    "volume" : 11040739.00
  }, {
    "date" : "2025-08-18",
    "price" : 314.00,
    "dma50" : 325.27,
    "dma100" : 316.58,
    "dma200" : 307.69,
    "volume" : 8264928.00
  }, {
    "date" : "2025-08-19",
    "price" : 321.45,
    "dma50" : 325.12,
    "dma100" : 316.99,
    "dma200" : 307.83,
    "volume" : 4549083.00
  }, {
    "date" : "2025-08-20",
    "price" : 319.95,
    "dma50" : 324.92,
    "dma100" : 317.40,
    "dma200" : 307.95,
    "volume" : 3765824.00
  }, {
    "date" : "2025-08-21",
    "price" : 319.95,
    "dma50" : 324.72,
    "dma100" : 317.87,
    "dma200" : 308.07,
    "volume" : 4290883.00
  }, {
    "date" : "2025-08-22",
    "price" : 316.45,
    "dma50" : 324.40,
    "dma100" : 318.27,
    "dma200" : 308.15,
    "volume" : 3173439.00
  }, {
    "date" : "2025-08-25",
    "price" : 315.80,
    "dma50" : 324.06,
    "dma100" : 318.65,
    "dma200" : 308.23,
    "volume" : 2943401.00
  }, {
    "date" : "2025-08-26",
    "price" : 312.10,
    "dma50" : 323.59,
    "dma100" : 318.92,
    "dma200" : 308.27,
    "volume" : 10915176.00
  }, {
    "date" : "2025-08-28",
    "price" : 310.70,
    "dma50" : 323.09,
    "dma100" : 319.16,
    "dma200" : 308.29,
    "volume" : 9040880.00
  }, {
    "date" : "2025-08-29",
    "price" : 308.20,
    "dma50" : 322.50,
    "dma100" : 319.38,
    "dma200" : 308.29,
    "volume" : 4484057.00
  }, {
    "date" : "2025-09-01",
    "price" : 314.75,
    "dma50" : 322.20,
    "dma100" : 319.73,
    "dma200" : 308.35,
    "volume" : 3834509.00
  }, {
    "date" : "2025-09-02",
    "price" : 314.95,
    "dma50" : 321.92,
    "dma100" : 320.14,
    "dma200" : 308.42,
    "volume" : 3472452.00
  }, {
    "date" : "2025-09-03",
    "price" : 314.85,
    "dma50" : 321.64,
    "dma100" : 320.43,
    "dma200" : 308.48,
    "volume" : 6776579.00
  }, {
    "date" : "2025-09-04",
    "price" : 312.90,
    "dma50" : 321.30,
    "dma100" : 320.68,
    "dma200" : 308.53,
    "volume" : 5593138.00
  }, {
    "date" : "2025-09-05",
    "price" : 312.50,
    "dma50" : 320.95,
    "dma100" : 320.87,
    "dma200" : 308.57,
    "volume" : 6351511.00
  }, {
    "date" : "2025-09-08",
    "price" : 316.45,
    "dma50" : 320.77,
    "dma100" : 321.09,
    "dma200" : 308.64,
    "volume" : 2168537.00
  }, {
    "date" : "2025-09-09",
    "price" : 313.95,
    "dma50" : 320.51,
    "dma100" : 321.25,
    "dma200" : 308.70,
    "volume" : 6787184.00
  }, {
    "date" : "2025-09-10",
    "price" : 317.95,
    "dma50" : 320.41,
    "dma100" : 321.44,
    "dma200" : 308.79,
    "volume" : 5472424.00
  }, {
    "date" : "2025-09-11",
    "price" : 320.00,
    "dma50" : 320.39,
    "dma100" : 321.60,
    "dma200" : 308.90,
    "volume" : 8130058.00
  }, {
    "date" : "2025-09-12",
    "price" : 318.00,
    "dma50" : 320.30,
    "dma100" : 321.72,
    "dma200" : 308.99,
    "volume" : 5048675.00
  }, {
    "date" : "2025-09-15",
    "price" : 317.75,
    "dma50" : 320.20,
    "dma100" : 321.89,
    "dma200" : 309.08,
    "volume" : 4936510.00
  }, {
    "date" : "2025-09-16",
    "price" : 318.25,
    "dma50" : 320.12,
    "dma100" : 322.06,
    "dma200" : 309.17,
    "volume" : 5873983.00
  }, {
    "date" : "2025-09-17",
    "price" : 323.55,
    "dma50" : 320.26,
    "dma100" : 322.33,
    "dma200" : 309.31,
    "volume" : 7328170.00
  }, {
    "date" : "2025-09-18",
    "price" : 325.70,
    "dma50" : 320.47,
    "dma100" : 322.49,
    "dma200" : 309.48,
    "volume" : 5765485.00
  }, {
    "date" : "2025-09-19",
    "price" : 329.55,
    "dma50" : 320.82,
    "dma100" : 322.67,
    "dma200" : 309.68,
    "volume" : 10567521.00
  }, {
    "date" : "2025-09-22",
    "price" : 325.40,
    "dma50" : 321.00,
    "dma100" : 322.82,
    "dma200" : 309.83,
    "volume" : 5373507.00
  }, {
    "date" : "2025-09-23",
    "price" : 330.40,
    "dma50" : 321.37,
    "dma100" : 323.02,
    "dma200" : 310.04,
    "volume" : 9291023.00
  }, {
    "date" : "2025-09-24",
    "price" : 330.35,
    "dma50" : 321.72,
    "dma100" : 323.11,
    "dma200" : 310.24,
    "volume" : 5876681.00
  }, {
    "date" : "2025-09-25",
    "price" : 329.65,
    "dma50" : 322.04,
    "dma100" : 323.29,
    "dma200" : 310.43,
    "volume" : 5857507.00
  }, {
    "date" : "2025-09-26",
    "price" : 324.35,
    "dma50" : 322.13,
    "dma100" : 323.36,
    "dma200" : 310.57,
    "volume" : 5830803.00
  }, {
    "date" : "2025-09-29",
    "price" : 338.10,
    "dma50" : 322.75,
    "dma100" : 323.67,
    "dma200" : 310.84,
    "volume" : 13461405.00
  }, {
    "date" : "2025-09-30",
    "price" : 339.65,
    "dma50" : 323.42,
    "dma100" : 323.99,
    "dma200" : 311.13,
    "volume" : 6992106.00
  }, {
    "date" : "2025-10-01",
    "price" : 339.70,
    "dma50" : 324.05,
    "dma100" : 324.30,
    "dma200" : 311.42,
    "volume" : 10400175.00
  }, {
    "date" : "2025-10-03",
    "price" : 341.55,
    "dma50" : 324.74,
    "dma100" : 324.65,
    "dma200" : 311.72,
    "volume" : 6023788.00
  }, {
    "date" : "2025-10-06",
    "price" : 343.60,
    "dma50" : 325.48,
    "dma100" : 324.96,
    "dma200" : 312.03,
    "volume" : 6146443.00
  }, {
    "date" : "2025-10-07",
    "price" : 341.90,
    "dma50" : 326.12,
    "dma100" : 325.21,
    "dma200" : 312.33,
    "volume" : 6132259.00
  }, {
    "date" : "2025-10-08",
    "price" : 345.10,
    "dma50" : 326.87,
    "dma100" : 325.46,
    "dma200" : 312.66,
    "volume" : 8173936.00
  }, {
    "date" : "2025-10-09",
    "price" : 344.00,
    "dma50" : 327.54,
    "dma100" : 325.73,
    "dma200" : 312.97,
    "volume" : 7253232.00
  }, {
    "date" : "2025-10-10",
    "price" : 338.70,
    "dma50" : 327.98,
    "dma100" : 325.98,
    "dma200" : 313.22,
    "volume" : 5832879.00
  }, {
    "date" : "2025-10-13",
    "price" : 337.95,
    "dma50" : 328.37,
    "dma100" : 326.20,
    "dma200" : 313.47,
    "volume" : 7208925.00
  }, {
    "date" : "2025-10-14",
    "price" : 332.45,
    "dma50" : 328.53,
    "dma100" : 326.40,
    "dma200" : 313.66,
    "volume" : 4452878.00
  }, {
    "date" : "2025-10-15",
    "price" : 337.90,
    "dma50" : 328.90,
    "dma100" : 326.59,
    "dma200" : 313.90,
    "volume" : 16608791.00
  }, {
    "date" : "2025-10-16",
    "price" : 335.90,
    "dma50" : 329.17,
    "dma100" : 326.72,
    "dma200" : 314.12,
    "volume" : 6369739.00
  }, {
    "date" : "2025-10-17",
    "price" : 335.85,
    "dma50" : 329.43,
    "dma100" : 326.91,
    "dma200" : 314.34,
    "volume" : 7953091.00
  }, {
    "date" : "2025-10-20",
    "price" : 337.70,
    "dma50" : 329.76,
    "dma100" : 327.07,
    "dma200" : 314.57,
    "volume" : 6841929.00
  }, {
    "date" : "2025-10-21",
    "price" : 339.05,
    "dma50" : 330.12,
    "dma100" : 327.26,
    "dma200" : 314.81,
    "volume" : 436305.00
  }, {
    "date" : "2025-10-23",
    "price" : 331.30,
    "dma50" : 330.17,
    "dma100" : 327.39,
    "dma200" : 314.98,
    "volume" : 8739676.00
  }, {
    "date" : "2025-10-24",
    "price" : 330.45,
    "dma50" : 330.18,
    "dma100" : 327.53,
    "dma200" : 315.13,
    "volume" : 9129520.00
  }, {
    "date" : "2025-10-27",
    "price" : 343.00,
    "dma50" : 330.68,
    "dma100" : 327.87,
    "dma200" : 315.41,
    "volume" : 12620738.00
  }, {
    "date" : "2025-10-28",
    "price" : 340.65,
    "dma50" : 331.07,
    "dma100" : 328.16,
    "dma200" : 315.66,
    "volume" : 6293099.00
  }, {
    "date" : "2025-10-29",
    "price" : 348.10,
    "dma50" : 331.74,
    "dma100" : 328.54,
    "dma200" : 315.98,
    "volume" : 10125210.00
  }, {
    "date" : "2025-10-30",
    "price" : 357.60,
    "dma50" : 332.75,
    "dma100" : 328.95,
    "dma200" : 316.39,
    "volume" : 15873713.00
  }, {
    "date" : "2025-10-31",
    "price" : 356.80,
    "dma50" : 333.70,
    "dma100" : 329.31,
    "dma200" : 316.80,
    "volume" : 8125194.00
  }, {
    "date" : "2025-11-03",
    "price" : 367.30,
    "dma50" : 335.01,
    "dma100" : 329.78,
    "dma200" : 317.30,
    "volume" : 21146488.00
  }, {
    "date" : "2025-11-04",
    "price" : 372.95,
    "dma50" : 336.50,
    "dma100" : 330.18,
    "dma200" : 317.85,
    "volume" : 13711589.00
  }, {
    "date" : "2025-11-06",
    "price" : 367.95,
    "dma50" : 337.74,
    "dma100" : 330.67,
    "dma200" : 318.35,
    "volume" : 12334358.00
  }, {
    "date" : "2025-11-07",
    "price" : 367.15,
    "dma50" : 338.89,
    "dma100" : 331.22,
    "dma200" : 318.84,
    "volume" : 12451042.00
  }, {
    "date" : "2025-11-10",
    "price" : 365.15,
    "dma50" : 339.92,
    "dma100" : 331.70,
    "dma200" : 319.30,
    "volume" : 7201619.00
  }, {
    "date" : "2025-11-11",
    "price" : 374.15,
    "dma50" : 341.26,
    "dma100" : 332.32,
    "dma200" : 319.84,
    "volume" : 11261859.00
  }, {
    "date" : "2025-11-12",
    "price" : 375.45,
    "dma50" : 342.60,
    "dma100" : 332.91,
    "dma200" : 320.40,
    "volume" : 9612598.00
  }, {
    "date" : "2025-11-13",
    "price" : 374.95,
    "dma50" : 343.87,
    "dma100" : 333.53,
    "dma200" : 320.94,
    "volume" : 10113749.00
  }, {
    "date" : "2025-11-14",
    "price" : 371.15,
    "dma50" : 344.94,
    "dma100" : 334.10,
    "dma200" : 321.44,
    "volume" : 7241792.00
  }, {
    "date" : "2025-11-17",
    "price" : 374.25,
    "dma50" : 346.09,
    "dma100" : 334.71,
    "dma200" : 321.96,
    "volume" : 9651413.00
  }, {
    "date" : "2025-11-18",
    "price" : 371.85,
    "dma50" : 347.10,
    "dma100" : 335.24,
    "dma200" : 322.46,
    "volume" : 8268199.00
  }, {
    "date" : "2025-11-19",
    "price" : 365.65,
    "dma50" : 347.83,
    "dma100" : 335.70,
    "dma200" : 322.89,
    "volume" : 7392205.00
  }, {
    "date" : "2025-11-20",
    "price" : 365.05,
    "dma50" : 348.50,
    "dma100" : 336.05,
    "dma200" : 323.31,
    "volume" : 9637594.00
  }, {
    "date" : "2025-11-21",
    "price" : 364.55,
    "dma50" : 349.13,
    "dma100" : 336.37,
    "dma200" : 323.72,
    "volume" : 8246670.00
  }, {
    "date" : "2025-11-24",
    "price" : 359.65,
    "dma50" : 349.54,
    "dma100" : 336.65,
    "dma200" : 324.08,
    "volume" : 14550416.00
  }, {
    "date" : "2025-11-25",
    "price" : 355.85,
    "dma50" : 349.79,
    "dma100" : 336.88,
    "dma200" : 324.39,
    "volume" : 4268531.00
  }, {
    "date" : "2025-11-26",
    "price" : 367.65,
    "dma50" : 350.49,
    "dma100" : 337.24,
    "dma200" : 324.82,
    "volume" : 7847693.00
  }, {
    "date" : "2025-11-27",
    "price" : 364.70,
    "dma50" : 351.05,
    "dma100" : 337.57,
    "dma200" : 325.22,
    "volume" : 5261096.00
  }, {
    "date" : "2025-11-28",
    "price" : 359.10,
    "dma50" : 351.37,
    "dma100" : 337.70,
    "dma200" : 325.56,
    "volume" : 3593068.00
  }, {
    "date" : "2025-12-01",
    "price" : 354.00,
    "dma50" : 351.47,
    "dma100" : 337.74,
    "dma200" : 325.84,
    "volume" : 4540200.00
  }, {
    "date" : "2025-12-02",
    "price" : 358.75,
    "dma50" : 351.75,
    "dma100" : 337.77,
    "dma200" : 326.17,
    "volume" : 9706534.00
  }, {
    "date" : "2025-12-03",
    "price" : 358.40,
    "dma50" : 352.01,
    "dma100" : 337.87,
    "dma200" : 326.49,
    "volume" : 6289302.00
  }, {
    "date" : "2025-12-04",
    "price" : 356.00,
    "dma50" : 352.17,
    "dma100" : 337.92,
    "dma200" : 326.78,
    "volume" : 5894837.00
  }, {
    "date" : "2025-12-05",
    "price" : 360.30,
    "dma50" : 352.49,
    "dma100" : 338.07,
    "dma200" : 327.12,
    "volume" : 3597451.00
  }, {
    "date" : "2025-12-08",
    "price" : 357.55,
    "dma50" : 352.69,
    "dma100" : 338.20,
    "dma200" : 327.42,
    "volume" : 6844649.00
  }, {
    "date" : "2025-12-09",
    "price" : 355.05,
    "dma50" : 352.78,
    "dma100" : 338.27,
    "dma200" : 327.69,
    "volume" : 5809902.00
  }, {
    "date" : "2025-12-10",
    "price" : 355.15,
    "dma50" : 352.87,
    "dma100" : 338.35,
    "dma200" : 327.97,
    "volume" : 8996349.00
  }, {
    "date" : "2025-12-11",
    "price" : 351.30,
    "dma50" : 352.81,
    "dma100" : 338.39,
    "dma200" : 328.20,
    "volume" : 4993325.00
  }, {
    "date" : "2025-12-12",
    "price" : 365.05,
    "dma50" : 353.29,
    "dma100" : 338.61,
    "dma200" : 328.57,
    "volume" : 6644333.00
  }, {
    "date" : "2025-12-15",
    "price" : 367.00,
    "dma50" : 353.83,
    "dma100" : 338.85,
    "dma200" : 328.95,
    "volume" : 6291982.00
  }, {
    "date" : "2025-12-16",
    "price" : 368.15,
    "dma50" : 354.39,
    "dma100" : 339.13,
    "dma200" : 329.34,
    "volume" : 4464514.00
  }, {
    "date" : "2025-12-17",
    "price" : 368.35,
    "dma50" : 354.94,
    "dma100" : 339.37,
    "dma200" : 329.73,
    "volume" : 7107032.00
  }, {
    "date" : "2025-12-18",
    "price" : 363.35,
    "dma50" : 355.27,
    "dma100" : 339.59,
    "dma200" : 330.06,
    "volume" : 4246801.00
  }, {
    "date" : "2025-12-19",
    "price" : 365.95,
    "dma50" : 355.69,
    "dma100" : 339.92,
    "dma200" : 330.42,
    "volume" : 6750031.00
  }, {
    "date" : "2025-12-22",
    "price" : 369.90,
    "dma50" : 356.24,
    "dma100" : 340.28,
    "dma200" : 330.81,
    "volume" : 4281838.00
  }, {
    "date" : "2025-12-23",
    "price" : 370.00,
    "dma50" : 356.78,
    "dma100" : 340.64,
    "dma200" : 331.20,
    "volume" : 3601358.00
  }, {
    "date" : "2025-12-24",
    "price" : 365.90,
    "dma50" : 357.14,
    "dma100" : 340.92,
    "dma200" : 331.55,
    "volume" : 2443452.00
  }, {
    "date" : "2025-12-26",
    "price" : 366.00,
    "dma50" : 357.49,
    "dma100" : 341.29,
    "dma200" : 331.89,
    "volume" : 3077116.00
  }, {
    "date" : "2025-12-29",
    "price" : 371.60,
    "dma50" : 358.04,
    "dma100" : 341.83,
    "dma200" : 332.29,
    "volume" : 4869861.00
  }, {
    "date" : "2025-12-30",
    "price" : 369.50,
    "dma50" : 358.49,
    "dma100" : 342.34,
    "dma200" : 332.66,
    "volume" : 8781657.00
  }, {
    "date" : "2025-12-31",
    "price" : 384.00,
    "dma50" : 359.49,
    "dma100" : 343.03,
    "dma200" : 333.17,
    "volume" : 12810417.00
  }, {
    "date" : "2026-01-01",
    "price" : 381.50,
    "dma50" : 360.35,
    "dma100" : 343.69,
    "dma200" : 333.65,
    "volume" : 7271124.00
  }, {
    "date" : "2026-01-02",
    "price" : 381.45,
    "dma50" : 361.18,
    "dma100" : 344.40,
    "dma200" : 334.12,
    "volume" : 3755379.00
  }, {
    "date" : "2026-01-05",
    "price" : 377.90,
    "dma50" : 361.84,
    "dma100" : 344.99,
    "dma200" : 334.56,
    "volume" : 5372271.00
  }, {
    "date" : "2026-01-06",
    "price" : 370.80,
    "dma50" : 362.19,
    "dma100" : 345.49,
    "dma200" : 334.92,
    "volume" : 7210284.00
  }, {
    "date" : "2026-01-07",
    "price" : 368.20,
    "dma50" : 362.43,
    "dma100" : 345.93,
    "dma200" : 335.25,
    "volume" : 6768964.00
  }, {
    "date" : "2026-01-08",
    "price" : 354.55,
    "dma50" : 362.12,
    "dma100" : 346.25,
    "dma200" : 335.44,
    "volume" : 7933534.00
  }, {
    "date" : "2026-01-09",
    "price" : 354.15,
    "dma50" : 361.80,
    "dma100" : 346.61,
    "dma200" : 335.63,
    "volume" : 5430913.00
  }, {
    "date" : "2026-01-12",
    "price" : 358.75,
    "dma50" : 361.68,
    "dma100" : 347.06,
    "dma200" : 335.86,
    "volume" : 4677007.00
  }, {
    "date" : "2026-01-13",
    "price" : 355.10,
    "dma50" : 361.43,
    "dma100" : 347.40,
    "dma200" : 336.05,
    "volume" : 3776789.00
  }, {
    "date" : "2026-01-14",
    "price" : 356.90,
    "dma50" : 361.25,
    "dma100" : 347.77,
    "dma200" : 336.26,
    "volume" : 8269924.00
  }, {
    "date" : "2026-01-16",
    "price" : 363.20,
    "dma50" : 361.32,
    "dma100" : 348.20,
    "dma200" : 336.53,
    "volume" : 6527511.00
  }, {
    "date" : "2026-01-19",
    "price" : 361.25,
    "dma50" : 361.32,
    "dma100" : 348.65,
    "dma200" : 336.77,
    "volume" : 4619159.00
  }, {
    "date" : "2026-01-20",
    "price" : 355.20,
    "dma50" : 361.08,
    "dma100" : 349.04,
    "dma200" : 336.95,
    "volume" : 6558581.00
  }, {
    "date" : "2026-01-21",
    "price" : 351.95,
    "dma50" : 360.72,
    "dma100" : 349.44,
    "dma200" : 337.10,
    "volume" : 6328761.00
  } ],
  "latestTechnicalAttributes" : {
    "date" : "2026-01-21",
    "price" : 351.95,
    "dma50" : 360.72,
    "dma100" : 349.44,
    "dma200" : 337.10,
    "volume" : 6328761.00
  },
  "quarterlyResults" : [ {
    "date" : "2005-03-31",
    "sales" : 15968.10,
    "salesGrowthYoY" : null,
    "grossProfitMargin" : 12.65,
    "grossProfit" : 2019.96,
    "operatingProfitMargin" : 3.05,
    "operatingProfit" : 487.03,
    "netProfitMargin" : 2.20,
    "netProfit" : 351.30
  }, {
    "date" : "2005-06-30",
    "sales" : 16015.70,
    "salesGrowthYoY" : null,
    "grossProfitMargin" : 5.51,
    "grossProfit" : 882.47,
    "operatingProfitMargin" : -1.98,
    "operatingProfit" : -317.11,
    "netProfitMargin" : -2.69,
    "netProfit" : -430.82
  }, {
    "date" : "2005-09-30",
    "sales" : 17039.80,
    "salesGrowthYoY" : null,
    "grossProfitMargin" : 9.33,
    "grossProfit" : 1589.81,
    "operatingProfitMargin" : 0.72,
    "operatingProfit" : 122.69,
    "netProfitMargin" : 0.11,
    "netProfit" : 18.74
  }, {
    "date" : "2005-12-31",
    "sales" : 20254.10,
    "salesGrowthYoY" : null,
    "grossProfitMargin" : 1.48,
    "grossProfit" : 299.76,
    "operatingProfitMargin" : -4.78,
    "operatingProfit" : -968.15,
    "netProfitMargin" : -5.59,
    "netProfit" : -1132.20
  }, {
    "date" : "2006-03-31",
    "sales" : 22642.90,
    "salesGrowthYoY" : 41.80,
    "grossProfitMargin" : 15.00,
    "grossProfit" : 3396.43,
    "operatingProfitMargin" : 8.46,
    "operatingProfit" : 1915.59,
    "netProfitMargin" : 7.44,
    "netProfit" : 1684.63
  }, {
    "date" : "2006-06-30",
    "sales" : 22710.70,
    "salesGrowthYoY" : 41.80,
    "grossProfitMargin" : 4.92,
    "grossProfit" : 1117.37,
    "operatingProfitMargin" : -1.15,
    "operatingProfit" : -261.17,
    "netProfitMargin" : -1.88,
    "netProfit" : -426.96
  }, {
    "date" : "2006-09-30",
    "sales" : 26517.40,
    "salesGrowthYoY" : 55.62,
    "grossProfitMargin" : 11.84,
    "grossProfit" : 3139.66,
    "operatingProfitMargin" : 6.46,
    "operatingProfit" : 1713.02,
    "netProfitMargin" : 4.75,
    "netProfit" : 1259.58
  }, {
    "date" : "2006-12-31",
    "sales" : 24205.60,
    "salesGrowthYoY" : 19.51,
    "grossProfitMargin" : 7.96,
    "grossProfit" : 1926.77,
    "operatingProfitMargin" : 2.85,
    "operatingProfit" : 689.86,
    "netProfitMargin" : 1.25,
    "netProfit" : 302.57
  }, {
    "date" : "2007-03-31",
    "sales" : 24126.50,
    "salesGrowthYoY" : 6.55,
    "grossProfitMargin" : 12.39,
    "grossProfit" : 2989.27,
    "operatingProfitMargin" : 5.22,
    "operatingProfit" : 1259.40,
    "netProfitMargin" : 2.78,
    "netProfit" : 670.72
  }, {
    "date" : "2007-06-30",
    "sales" : 23869.40,
    "salesGrowthYoY" : 5.10,
    "grossProfitMargin" : 5.71,
    "grossProfit" : 1362.94,
    "operatingProfitMargin" : 0.86,
    "operatingProfit" : 205.28,
    "netProfitMargin" : 0.81,
    "netProfit" : 193.34
  }, {
    "date" : "2007-09-30",
    "sales" : 25170.37,
    "salesGrowthYoY" : -5.08,
    "grossProfitMargin" : 12.18,
    "grossProfit" : 3065.75,
    "operatingProfitMargin" : 6.22,
    "operatingProfit" : 1565.60,
    "netProfitMargin" : 4.12,
    "netProfit" : 1037.02
  }, {
    "date" : "2007-12-31",
    "sales" : 28928.37,
    "salesGrowthYoY" : 19.51,
    "grossProfitMargin" : 4.97,
    "grossProfit" : 1437.74,
    "operatingProfitMargin" : 1.51,
    "operatingProfit" : 436.82,
    "netProfitMargin" : 0.56,
    "netProfit" : 162.00
  }, {
    "date" : "2008-03-31",
    "sales" : 32604.47,
    "salesGrowthYoY" : 35.14,
    "grossProfitMargin" : 8.36,
    "grossProfit" : 2725.73,
    "operatingProfitMargin" : 2.72,
    "operatingProfit" : 886.84,
    "netProfitMargin" : 0.18,
    "netProfit" : 58.69
  }, {
    "date" : "2008-06-30",
    "sales" : 39047.48,
    "salesGrowthYoY" : 63.59,
    "grossProfitMargin" : 5.64,
    "grossProfit" : 2202.28,
    "operatingProfitMargin" : -1.91,
    "operatingProfit" : -745.81,
    "netProfitMargin" : -2.73,
    "netProfit" : -1066.00
  }, {
    "date" : "2008-09-30",
    "sales" : 37850.69,
    "salesGrowthYoY" : 50.38,
    "grossProfitMargin" : 0.85,
    "grossProfit" : 321.73,
    "operatingProfitMargin" : -5.66,
    "operatingProfit" : -2142.35,
    "netProfitMargin" : -6.94,
    "netProfit" : -2626.84
  }, {
    "date" : "2008-12-31",
    "sales" : 31908.03,
    "salesGrowthYoY" : 10.30,
    "grossProfitMargin" : 9.88,
    "grossProfit" : 3152.51,
    "operatingProfitMargin" : 4.84,
    "operatingProfit" : 1544.35,
    "netProfitMargin" : 2.51,
    "netProfit" : 800.89
  }, {
    "date" : "2009-03-31",
    "sales" : 26525.27,
    "salesGrowthYoY" : -18.65,
    "grossProfitMargin" : 23.65,
    "grossProfit" : 6273.23,
    "operatingProfitMargin" : 15.73,
    "operatingProfit" : 4172.42,
    "netProfitMargin" : 13.68,
    "netProfit" : 3628.66
  }, {
    "date" : "2009-06-30",
    "sales" : 25514.37,
    "salesGrowthYoY" : -34.66,
    "grossProfitMargin" : 11.12,
    "grossProfit" : 2837.20,
    "operatingProfitMargin" : 3.01,
    "operatingProfit" : 767.98,
    "netProfitMargin" : 2.41,
    "netProfit" : 614.90
  }, {
    "date" : "2009-09-30",
    "sales" : 27092.30,
    "salesGrowthYoY" : -28.42,
    "grossProfitMargin" : 8.34,
    "grossProfit" : 2259.50,
    "operatingProfitMargin" : -0.35,
    "operatingProfit" : -94.82,
    "netProfitMargin" : -0.59,
    "netProfit" : -159.84
  }, {
    "date" : "2009-12-31",
    "sales" : 32182.89,
    "salesGrowthYoY" : 0.86,
    "grossProfitMargin" : 7.32,
    "grossProfit" : 2355.79,
    "operatingProfitMargin" : 2.00,
    "operatingProfit" : 643.66,
    "netProfitMargin" : 1.18,
    "netProfit" : 379.76
  }, {
    "date" : "2010-03-31",
    "sales" : 37570.32,
    "salesGrowthYoY" : 41.64,
    "grossProfitMargin" : 13.09,
    "grossProfit" : 4917.95,
    "operatingProfitMargin" : 3.05,
    "operatingProfit" : 1145.89,
    "netProfitMargin" : 1.87,
    "netProfit" : 702.56
  }, {
    "date" : "2010-06-30",
    "sales" : 34232.52,
    "salesGrowthYoY" : 34.17,
    "grossProfitMargin" : 1.85,
    "grossProfit" : 633.30,
    "operatingProfitMargin" : -4.11,
    "operatingProfit" : -1406.96,
    "netProfitMargin" : -5.02,
    "netProfit" : -1718.47
  }, {
    "date" : "2010-09-30",
    "sales" : 35434.77,
    "salesGrowthYoY" : 30.79,
    "grossProfitMargin" : 12.94,
    "grossProfit" : 4585.26,
    "operatingProfitMargin" : 7.02,
    "operatingProfit" : 2487.52,
    "netProfitMargin" : 6.05,
    "netProfit" : 2143.80
  }, {
    "date" : "2010-12-31",
    "sales" : 36685.93,
    "salesGrowthYoY" : 13.99,
    "grossProfitMargin" : 7.59,
    "grossProfit" : 2784.46,
    "operatingProfitMargin" : 2.04,
    "operatingProfit" : 748.39,
    "netProfitMargin" : 0.51,
    "netProfit" : 187.10
  }, {
    "date" : "2011-03-31",
    "sales" : 45282.29,
    "salesGrowthYoY" : 20.53,
    "grossProfitMargin" : 10.71,
    "grossProfit" : 4849.73,
    "operatingProfitMargin" : 3.75,
    "operatingProfit" : 1698.09,
    "netProfitMargin" : 2.07,
    "netProfit" : 937.34
  }, {
    "date" : "2011-06-30",
    "sales" : 46144.87,
    "salesGrowthYoY" : 34.80,
    "grossProfitMargin" : -0.22,
    "grossProfit" : -101.52,
    "operatingProfitMargin" : -4.66,
    "operatingProfit" : -2150.35,
    "netProfitMargin" : -5.55,
    "netProfit" : -2561.04
  }, {
    "date" : "2011-09-30",
    "sales" : 42307.05,
    "salesGrowthYoY" : 19.39,
    "grossProfitMargin" : 1.06,
    "grossProfit" : 448.45,
    "operatingProfitMargin" : -6.52,
    "operatingProfit" : -2758.42,
    "netProfitMargin" : -7.63,
    "netProfit" : -3228.03
  }, {
    "date" : "2011-12-31",
    "sales" : 58852.15,
    "salesGrowthYoY" : 60.42,
    "grossProfitMargin" : 12.51,
    "grossProfit" : 7362.40,
    "operatingProfitMargin" : 6.28,
    "operatingProfit" : 3695.92,
    "netProfitMargin" : 5.33,
    "netProfit" : 3136.82
  }, {
    "date" : "2012-03-31",
    "sales" : 64668.89,
    "salesGrowthYoY" : 42.81,
    "grossProfitMargin" : 11.04,
    "grossProfit" : 7139.45,
    "operatingProfitMargin" : 7.86,
    "operatingProfit" : 5082.97,
    "netProfitMargin" : 6.13,
    "netProfit" : 3964.20
  }, {
    "date" : "2012-06-30",
    "sales" : 54548.42,
    "salesGrowthYoY" : 18.21,
    "grossProfitMargin" : -7.19,
    "grossProfit" : -3922.03,
    "operatingProfitMargin" : -14.94,
    "operatingProfit" : -8149.53,
    "netProfitMargin" : -16.20,
    "netProfit" : -8836.84
  }, {
    "date" : "2012-09-30",
    "sales" : 56887.87,
    "salesGrowthYoY" : 34.46,
    "grossProfitMargin" : 12.12,
    "grossProfit" : 6894.81,
    "operatingProfitMargin" : 9.47,
    "operatingProfit" : 5387.28,
    "netProfitMargin" : 8.85,
    "netProfit" : 5034.58
  }, {
    "date" : "2012-12-31",
    "sales" : 62368.74,
    "salesGrowthYoY" : 5.98,
    "grossProfitMargin" : 8.23,
    "grossProfit" : 5132.95,
    "operatingProfitMargin" : 3.67,
    "operatingProfit" : 2288.93,
    "netProfitMargin" : 2.64,
    "netProfit" : 1646.53
  }, {
    "date" : "2013-03-31",
    "sales" : 66310.72,
    "salesGrowthYoY" : 2.54,
    "grossProfitMargin" : 15.35,
    "grossProfit" : 10178.70,
    "operatingProfitMargin" : 9.93,
    "operatingProfit" : 6584.65,
    "netProfitMargin" : 7.23,
    "netProfit" : 4794.27
  }, {
    "date" : "2013-06-30",
    "sales" : 58736.44,
    "salesGrowthYoY" : 7.68,
    "grossProfitMargin" : 8.46,
    "grossProfit" : 4969.10,
    "operatingProfitMargin" : 1.59,
    "operatingProfit" : 933.91,
    "netProfitMargin" : 0.26,
    "netProfit" : 152.71
  }, {
    "date" : "2013-09-30",
    "sales" : 61784.51,
    "salesGrowthYoY" : 8.61,
    "grossProfitMargin" : 9.01,
    "grossProfit" : 5566.78,
    "operatingProfitMargin" : 2.76,
    "operatingProfit" : 1705.25,
    "netProfitMargin" : 1.51,
    "netProfit" : 932.95
  }, {
    "date" : "2013-12-31",
    "sales" : 64767.62,
    "salesGrowthYoY" : 3.85,
    "grossProfitMargin" : 2.39,
    "grossProfit" : 1547.95,
    "operatingProfitMargin" : -1.41,
    "operatingProfit" : -913.22,
    "netProfitMargin" : -1.68,
    "netProfit" : -1088.10
  }, {
    "date" : "2014-03-31",
    "sales" : 74775.07,
    "salesGrowthYoY" : 12.76,
    "grossProfitMargin" : 13.26,
    "grossProfit" : 9915.17,
    "operatingProfitMargin" : 8.51,
    "operatingProfit" : 6363.36,
    "netProfitMargin" : 5.44,
    "netProfit" : 4067.76
  }, {
    "date" : "2014-06-30",
    "sales" : 66793.77,
    "salesGrowthYoY" : 13.72,
    "grossProfitMargin" : 7.23,
    "grossProfit" : 4829.19,
    "operatingProfitMargin" : 2.28,
    "operatingProfit" : 1522.90,
    "netProfitMargin" : 1.82,
    "netProfit" : 1215.65
  }, {
    "date" : "2014-09-30",
    "sales" : 62028.23,
    "salesGrowthYoY" : 0.39,
    "grossProfitMargin" : 7.38,
    "grossProfit" : 4577.68,
    "operatingProfitMargin" : 1.81,
    "operatingProfit" : 1122.71,
    "netProfitMargin" : 0.75,
    "netProfit" : 465.21
  }, {
    "date" : "2014-12-31",
    "sales" : 57918.78,
    "salesGrowthYoY" : -10.57,
    "grossProfitMargin" : 7.36,
    "grossProfit" : 4262.82,
    "operatingProfitMargin" : 2.03,
    "operatingProfit" : 1175.75,
    "netProfitMargin" : 0.95,
    "netProfit" : 550.23
  }, {
    "date" : "2015-03-31",
    "sales" : 51346.12,
    "salesGrowthYoY" : -31.33,
    "grossProfitMargin" : 16.42,
    "grossProfit" : 8431.03,
    "operatingProfitMargin" : 8.76,
    "operatingProfit" : 4497.92,
    "netProfitMargin" : 5.56,
    "netProfit" : 2854.84
  }, {
    "date" : "2015-06-30",
    "sales" : 52071.09,
    "salesGrowthYoY" : -22.04,
    "grossProfitMargin" : 14.39,
    "grossProfit" : 7493.03,
    "operatingProfitMargin" : 7.31,
    "operatingProfit" : 3806.40,
    "netProfitMargin" : 4.53,
    "netProfit" : 2358.82
  }, {
    "date" : "2015-09-30",
    "sales" : 46275.08,
    "salesGrowthYoY" : -25.40,
    "grossProfitMargin" : 10.25,
    "grossProfit" : 4743.20,
    "operatingProfitMargin" : 2.93,
    "operatingProfit" : 1355.86,
    "netProfitMargin" : 2.24,
    "netProfit" : 1036.56
  }, {
    "date" : "2015-12-31",
    "sales" : 46503.97,
    "salesGrowthYoY" : -19.71,
    "grossProfitMargin" : 12.74,
    "grossProfit" : 5924.61,
    "operatingProfitMargin" : 5.36,
    "operatingProfit" : 2492.61,
    "netProfitMargin" : 3.32,
    "netProfit" : 1543.93
  }, {
    "date" : "2016-03-31",
    "sales" : 43554.50,
    "salesGrowthYoY" : -15.17,
    "grossProfitMargin" : 17.39,
    "grossProfit" : 7574.13,
    "operatingProfitMargin" : 7.74,
    "operatingProfit" : 3371.12,
    "netProfitMargin" : 4.86,
    "netProfit" : 2116.75
  }, {
    "date" : "2016-06-30",
    "sales" : 46938.67,
    "salesGrowthYoY" : -9.86,
    "grossProfitMargin" : 16.03,
    "grossProfit" : 7524.27,
    "operatingProfitMargin" : 8.35,
    "operatingProfit" : 3919.38,
    "netProfitMargin" : 5.58,
    "netProfit" : 2619.18
  }, {
    "date" : "2016-09-30",
    "sales" : 44692.72,
    "salesGrowthYoY" : -3.42,
    "grossProfitMargin" : 10.34,
    "grossProfit" : 4621.23,
    "operatingProfitMargin" : 3.09,
    "operatingProfit" : 1381.01,
    "netProfitMargin" : 2.92,
    "netProfit" : 1305.03
  }, {
    "date" : "2016-12-31",
    "sales" : 53542.70,
    "salesGrowthYoY" : 15.14,
    "grossProfitMargin" : 13.35,
    "grossProfit" : 7147.95,
    "operatingProfitMargin" : 6.19,
    "operatingProfit" : 3314.29,
    "netProfitMargin" : 4.24,
    "netProfit" : 2270.21
  }, {
    "date" : "2017-03-31",
    "sales" : 57036.48,
    "salesGrowthYoY" : 30.95,
    "grossProfitMargin" : 11.50,
    "grossProfit" : 6559.20,
    "operatingProfitMargin" : 3.88,
    "operatingProfit" : 2213.02,
    "netProfitMargin" : 3.23,
    "netProfit" : 1842.28
  }, {
    "date" : "2017-06-30",
    "sales" : 57133.85,
    "salesGrowthYoY" : 21.72,
    "grossProfitMargin" : 9.40,
    "grossProfit" : 5370.58,
    "operatingProfitMargin" : 2.16,
    "operatingProfit" : 1234.09,
    "netProfitMargin" : 1.30,
    "netProfit" : 742.74
  }, {
    "date" : "2017-09-30",
    "sales" : 53330.90,
    "salesGrowthYoY" : 19.33,
    "grossProfitMargin" : 14.46,
    "grossProfit" : 7711.65,
    "operatingProfitMargin" : 6.63,
    "operatingProfit" : 3535.84,
    "netProfitMargin" : 4.42,
    "netProfit" : 2357.23
  }, {
    "date" : "2017-12-31",
    "sales" : 60623.04,
    "salesGrowthYoY" : 13.22,
    "grossProfitMargin" : 12.52,
    "grossProfit" : 7590.00,
    "operatingProfitMargin" : 5.29,
    "operatingProfit" : 3206.96,
    "netProfitMargin" : 3.54,
    "netProfit" : 2146.06
  }, {
    "date" : "2018-03-31",
    "sales" : 65252.74,
    "salesGrowthYoY" : 14.41,
    "grossProfitMargin" : 12.90,
    "grossProfit" : 8417.60,
    "operatingProfitMargin" : 5.74,
    "operatingProfit" : 3745.51,
    "netProfitMargin" : 4.12,
    "netProfit" : 2688.41
  }, {
    "date" : "2018-06-30",
    "sales" : 71734.53,
    "salesGrowthYoY" : 25.56,
    "grossProfitMargin" : 13.12,
    "grossProfit" : 9411.57,
    "operatingProfitMargin" : 5.45,
    "operatingProfit" : 3909.53,
    "netProfitMargin" : 3.20,
    "netProfit" : 2295.50
  }, {
    "date" : "2018-09-30",
    "sales" : 72331.20,
    "salesGrowthYoY" : 35.63,
    "grossProfitMargin" : 11.39,
    "grossProfit" : 8238.52,
    "operatingProfitMargin" : 3.40,
    "operatingProfit" : 2459.26,
    "netProfitMargin" : 1.68,
    "netProfit" : 1215.16
  }, {
    "date" : "2018-12-31",
    "sales" : 79209.22,
    "salesGrowthYoY" : 30.66,
    "grossProfitMargin" : 6.23,
    "grossProfit" : 4934.73,
    "operatingProfitMargin" : 0.98,
    "operatingProfit" : 776.25,
    "netProfitMargin" : 0.63,
    "netProfit" : 499.02
  }, {
    "date" : "2019-03-31",
    "sales" : 73990.42,
    "salesGrowthYoY" : 13.39,
    "grossProfitMargin" : 13.50,
    "grossProfit" : 9988.71,
    "operatingProfitMargin" : 6.49,
    "operatingProfit" : 4801.98,
    "netProfitMargin" : 4.22,
    "netProfit" : 3122.40
  }, {
    "date" : "2019-06-30",
    "sales" : 76317.94,
    "salesGrowthYoY" : 6.39,
    "grossProfitMargin" : 9.22,
    "grossProfit" : 7036.51,
    "operatingProfitMargin" : 2.86,
    "operatingProfit" : 2182.69,
    "netProfitMargin" : 1.41,
    "netProfit" : 1076.08
  }, {
    "date" : "2019-09-30",
    "sales" : 64340.78,
    "salesGrowthYoY" : -11.05,
    "grossProfitMargin" : 11.69,
    "grossProfit" : 7521.44,
    "operatingProfitMargin" : 3.70,
    "operatingProfit" : 2380.61,
    "netProfitMargin" : 2.66,
    "netProfit" : 1711.46
  }, {
    "date" : "2019-12-31",
    "sales" : 74732.79,
    "salesGrowthYoY" : -5.65,
    "grossProfitMargin" : 10.47,
    "grossProfit" : 7824.52,
    "operatingProfitMargin" : 3.62,
    "operatingProfit" : 2705.33,
    "netProfitMargin" : 1.69,
    "netProfit" : 1262.98
  }, {
    "date" : "2020-03-31",
    "sales" : 68991.44,
    "salesGrowthYoY" : -6.76,
    "grossProfitMargin" : 8.79,
    "grossProfit" : 6064.35,
    "operatingProfitMargin" : -0.91,
    "operatingProfit" : -627.82,
    "netProfitMargin" : -0.41,
    "netProfit" : -282.86
  }, {
    "date" : "2020-06-30",
    "sales" : 38785.05,
    "salesGrowthYoY" : -49.18,
    "grossProfitMargin" : 21.05,
    "grossProfit" : 8164.25,
    "operatingProfitMargin" : 10.10,
    "operatingProfit" : 3917.29,
    "netProfitMargin" : 5.35,
    "netProfit" : 2075.00
  }, {
    "date" : "2020-09-30",
    "sales" : 50146.36,
    "salesGrowthYoY" : -22.06,
    "grossProfitMargin" : 17.77,
    "grossProfit" : 8911.01,
    "operatingProfitMargin" : 7.68,
    "operatingProfit" : 3851.24,
    "netProfitMargin" : 4.65,
    "netProfit" : 2331.81
  }, {
    "date" : "2020-12-31",
    "sales" : 66731.39,
    "salesGrowthYoY" : -10.71,
    "grossProfitMargin" : 13.65,
    "grossProfit" : 9108.83,
    "operatingProfitMargin" : 6.45,
    "operatingProfit" : 4304.17,
    "netProfitMargin" : 4.58,
    "netProfit" : 3056.30
  }, {
    "date" : "2021-03-31",
    "sales" : 76890.50,
    "salesGrowthYoY" : 11.45,
    "grossProfitMargin" : 14.38,
    "grossProfit" : 11056.85,
    "operatingProfitMargin" : 6.59,
    "operatingProfit" : 5067.08,
    "netProfitMargin" : 7.95,
    "netProfit" : 6112.79
  }, {
    "date" : "2021-06-30",
    "sales" : 70921.28,
    "salesGrowthYoY" : 82.86,
    "grossProfitMargin" : 11.64,
    "grossProfit" : 8255.24,
    "operatingProfitMargin" : 4.59,
    "operatingProfit" : 3255.29,
    "netProfitMargin" : 2.20,
    "netProfit" : 1560.27
  }, {
    "date" : "2021-09-30",
    "sales" : 76390.39,
    "salesGrowthYoY" : 52.33,
    "grossProfitMargin" : 13.48,
    "grossProfit" : 10297.42,
    "operatingProfitMargin" : 6.24,
    "operatingProfit" : 4766.76,
    "netProfitMargin" : 3.72,
    "netProfit" : 2841.72
  }, {
    "date" : "2021-12-31",
    "sales" : 95086.34,
    "salesGrowthYoY" : 42.49,
    "grossProfitMargin" : 11.72,
    "grossProfit" : 11144.12,
    "operatingProfitMargin" : 5.32,
    "operatingProfit" : 5058.59,
    "netProfitMargin" : 2.97,
    "netProfit" : 2824.06
  }, {
    "date" : "2022-03-31",
    "sales" : 104244.74,
    "salesGrowthYoY" : 35.58,
    "grossProfitMargin" : 12.98,
    "grossProfit" : 13530.97,
    "operatingProfitMargin" : 5.74,
    "operatingProfit" : 5983.65,
    "netProfitMargin" : 2.40,
    "netProfit" : 2501.87
  }, {
    "date" : "2022-06-30",
    "sales" : 121046.90,
    "salesGrowthYoY" : 70.68,
    "grossProfitMargin" : 2.41,
    "grossProfit" : 2917.23,
    "operatingProfitMargin" : -4.85,
    "operatingProfit" : -5870.77,
    "netProfitMargin" : -5.17,
    "netProfit" : -6258.12
  }, {
    "date" : "2022-09-30",
    "sales" : 114807.59,
    "salesGrowthYoY" : 50.29,
    "grossProfitMargin" : 7.08,
    "grossProfit" : 8128.38,
    "operatingProfitMargin" : 1.25,
    "operatingProfit" : 1435.09,
    "netProfitMargin" : -0.26,
    "netProfit" : -298.50
  }, {
    "date" : "2022-12-31",
    "sales" : 119158.10,
    "salesGrowthYoY" : 25.32,
    "grossProfitMargin" : 9.22,
    "grossProfit" : 10986.38,
    "operatingProfitMargin" : 3.55,
    "operatingProfit" : 4230.11,
    "netProfitMargin" : 1.64,
    "netProfit" : 1954.19
  }, {
    "date" : "2023-03-31",
    "sales" : 118112.08,
    "salesGrowthYoY" : 13.30,
    "grossProfitMargin" : 15.14,
    "grossProfit" : 17882.17,
    "operatingProfitMargin" : 9.44,
    "operatingProfit" : 11149.78,
    "netProfitMargin" : 6.40,
    "netProfit" : 7559.17
  }, {
    "date" : "2023-06-30",
    "sales" : 112978.23,
    "salesGrowthYoY" : -6.67,
    "grossProfitMargin" : 19.55,
    "grossProfit" : 22087.24,
    "operatingProfitMargin" : 13.99,
    "operatingProfit" : 15805.65,
    "netProfitMargin" : 9.34,
    "netProfit" : 10552.17
  }, {
    "date" : "2023-09-30",
    "sales" : 102985.56,
    "salesGrowthYoY" : -10.30,
    "grossProfitMargin" : 18.68,
    "grossProfit" : 19237.70,
    "operatingProfitMargin" : 12.53,
    "operatingProfit" : 12904.09,
    "netProfitMargin" : 8.25,
    "netProfit" : 8496.31
  }, {
    "date" : "2023-12-31",
    "sales" : 115465.59,
    "salesGrowthYoY" : -3.10,
    "grossProfitMargin" : 11.74,
    "grossProfit" : 13555.66,
    "operatingProfitMargin" : 5.37,
    "operatingProfit" : 6200.50,
    "netProfitMargin" : 2.94,
    "netProfit" : 3394.69
  }, {
    "date" : "2024-03-31",
    "sales" : 116526.82,
    "salesGrowthYoY" : -1.34,
    "grossProfitMargin" : 14.58,
    "grossProfit" : 16989.61,
    "operatingProfitMargin" : 7.88,
    "operatingProfit" : 9182.31,
    "netProfitMargin" : 4.62,
    "netProfit" : 5383.54
  }, {
    "date" : "2024-06-30",
    "sales" : 113096.01,
    "salesGrowthYoY" : 0.10,
    "grossProfitMargin" : 11.04,
    "grossProfit" : 12485.80,
    "operatingProfitMargin" : 5.00,
    "operatingProfit" : 5654.80,
    "netProfitMargin" : 2.67,
    "netProfit" : 3019.66
  }, {
    "date" : "2024-09-30",
    "sales" : 102756.13,
    "salesGrowthYoY" : -0.22,
    "grossProfitMargin" : 11.12,
    "grossProfit" : 11426.48,
    "operatingProfitMargin" : 4.39,
    "operatingProfit" : 4510.99,
    "netProfitMargin" : 2.33,
    "netProfit" : 2394.22
  }, {
    "date" : "2024-12-31",
    "sales" : 113135.80,
    "salesGrowthYoY" : -2.02,
    "grossProfitMargin" : 13.44,
    "grossProfit" : 15205.45,
    "operatingProfitMargin" : 6.70,
    "operatingProfit" : 7580.10,
    "netProfitMargin" : 4.11,
    "netProfit" : 4649.88
  }, {
    "date" : "2025-03-31",
    "sales" : 111178.96,
    "salesGrowthYoY" : -4.59,
    "grossProfitMargin" : 14.17,
    "grossProfit" : 15754.06,
    "operatingProfitMargin" : 6.98,
    "operatingProfit" : 7760.29,
    "netProfitMargin" : 4.03,
    "netProfit" : 4480.51
  }, {
    "date" : "2025-06-30",
    "sales" : 112514.65,
    "salesGrowthYoY" : -0.51,
    "grossProfitMargin" : 14.85,
    "grossProfit" : 16708.43,
    "operatingProfitMargin" : 8.59,
    "operatingProfit" : 9665.01,
    "netProfitMargin" : 5.44,
    "netProfit" : 6120.80
  }, {
    "date" : "2025-09-30",
    "sales" : 104912.47,
    "salesGrowthYoY" : 2.10,
    "grossProfitMargin" : 16.96,
    "grossProfit" : 17793.15,
    "operatingProfitMargin" : 9.32,
    "operatingProfit" : 9777.84,
    "netProfitMargin" : 6.14,
    "netProfit" : 6441.63
  } ],
  "latestQuarterlyResult" : {
    "date" : "2025-09-30",
    "sales" : 104912.47,
    "salesGrowthYoY" : 2.10,
    "grossProfitMargin" : 16.96,
    "grossProfit" : 17793.15,
    "operatingProfitMargin" : 9.32,
    "operatingProfit" : 9777.84,
    "netProfitMargin" : 6.14,
    "netProfit" : 6441.63
  },
  "companyScore" : {
    "priceHigherThanDma50" : 0.00,
    "priceHigherThanDma100" : 5.00,
    "priceHigherThanDma200" : 5.00,
    "dma50HigherThanDma100" : 5.00,
    "dma50HigherThanDma200" : 5.00,
    "dma100HigherThanDma200" : 5.00,
    "pricePercentageAboveDma50" : 5.12,
    "pricePercentageAboveDma100" : 4.96,
    "pricePercentageAboveDma200" : 4.78,
    "weeklyVolumeHigherThanYearlyVolume" : 0.00,
    "salesGrowthPercentile" : 7.77,
    "operatingProfitMarginPercentile" : 18.31,
    "netProfitMarginPercentile" : 9.04,
    "totalTechnicalScore" : 39.87,
    "totalFundamentalScore" : 35.12,
    "totalScore" : 74.98
  }
}