{
  "metadata" : {
    "screenerCompanyId" : "549",
    "companyCode" : "BRIGADE",
    "companyName" : "Brigade Enterpr.",
    "screenerCompanyLink" : "/company/BRIGADE/consolidated/",
    "screenerTechnicalHistoryLink" : "https://www.screener.in/api/company/549/chart/?q=Price-DMA50-DMA200-Volume&days=365",
    "screenerQuarterlyResultsLink" : "https://www.screener.in/api/company/549/chart/?q=GPM-OPM-NPM-Quarter+Sales&days=10000",
    "attributes" : {
      "companyCode" : "BRIGADE",
      "companyName" : "Brigade Enterpr.",
      "marketCap" : 0.00,
      "peRatio" : 0.00,
      "description" : ""
    },
    "companyScore" : {
      "priceHigherThanDma50" : 0.00,
      "priceHigherThanDma100" : 0.00,
      "priceHigherThanDma200" : 0.00,
      "dma50HigherThanDma100" : 0.00,
      "dma50HigherThanDma200" : 0.00,
      "dma100HigherThanDma200" : 0.00,
      "pricePercentageAboveDma50" : 5.30,
      "pricePercentageAboveDma100" : 5.42,
      "pricePercentageAboveDma200" : 5.65,
      "weeklyVolumeHigherThanYearlyVolume" : 5.00,
      "salesGrowthPercentile" : 16.18,
      "operatingProfitMarginPercentile" : 4.65,
      "netProfitMarginPercentile" : 5.44,
      "totalTechnicalScore" : 21.36,
      "totalFundamentalScore" : 26.27,
      "totalScore" : 47.63
    }
  },
  "attributes" : {
    "companyCode" : "BRIGADE",
    "companyName" : "Brigade Enterpr.",
    "marketCap" : 0.00,
    "peRatio" : 0.00,
    "description" : ""
  },
  "technicalHistory" : [ {
    "date" : "2024-12-11",
    "price" : 1235.95,
    "dma50" : 1236.06,
    "dma100" : null,
    "dma200" : 1156.31,
    "volume" : 256056.00
  }, {
    "date" : "2024-12-12",
    "price" : 1250.35,
    "dma50" : 1236.62,
    "dma100" : null,
    "dma200" : 1157.24,
    "volume" : 384279.00
  }, {
    "date" : "2024-12-13",
    "price" : 1248.15,
    "dma50" : 1237.07,
    "dma100" : null,
    "dma200" : 1158.15,
    "volume" : 294527.00
  }, {
    "date" : "2024-12-16",
    "price" : 1288.40,
    "dma50" : 1239.08,
    "dma100" : null,
    "dma200" : 1159.45,
    "volume" : 513787.00
  }, {
    "date" : "2024-12-17",
    "price" : 1298.85,
    "dma50" : 1241.43,
    "dma100" : null,
    "dma200" : 1160.83,
    "volume" : 446473.00
  }, {
    "date" : "2024-12-18",
    "price" : 1275.35,
    "dma50" : 1242.76,
    "dma100" : null,
    "dma200" : 1161.97,
    "volume" : 113540.00
  }, {
    "date" : "2024-12-19",
    "price" : 1302.95,
    "dma50" : 1245.12,
    "dma100" : null,
    "dma200" : 1163.37,
    "volume" : 432564.00
  }, {
    "date" : "2024-12-20",
    "price" : 1236.70,
    "dma50" : 1244.79,
    "dma100" : null,
    "dma200" : 1164.10,
    "volume" : 410879.00
  }, {
    "date" : "2024-12-23",
    "price" : 1258.40,
    "dma50" : 1245.32,
    "dma100" : null,
    "dma200" : 1165.04,
    "volume" : 1231679.00
  }, {
    "date" : "2024-12-24",
    "price" : 1264.80,
    "dma50" : 1246.09,
    "dma100" : null,
    "dma200" : 1166.04,
    "volume" : 94339.00
  }, {
    "date" : "2024-12-26",
    "price" : 1246.20,
    "dma50" : 1246.09,
    "dma100" : null,
    "dma200" : 1166.83,
    "volume" : 54865.00
  }, {
    "date" : "2024-12-27",
    "price" : 1246.70,
    "dma50" : 1246.11,
    "dma100" : null,
    "dma200" : 1167.63,
    "volume" : 89239.00
  }, {
    "date" : "2024-12-30",
    "price" : 1226.70,
    "dma50" : 1245.35,
    "dma100" : null,
    "dma200" : 1168.22,
    "volume" : 91603.00
  }, {
    "date" : "2024-12-31",
    "price" : 1243.00,
    "dma50" : 1245.26,
    "dma100" : null,
    "dma200" : 1168.96,
    "volume" : 143436.00
  }, {
    "date" : "2025-01-01",
    "price" : 1240.15,
    "dma50" : 1245.06,
    "dma100" : null,
    "dma200" : 1169.67,
    "volume" : 73147.00
  }, {
    "date" : "2025-01-02",
    "price" : 1277.15,
    "dma50" : 1246.32,
    "dma100" : null,
    "dma200" : 1170.74,
    "volume" : 143016.00
  }, {
    "date" : "2025-01-03",
    "price" : 1295.10,
    "dma50" : 1248.23,
    "dma100" : null,
    "dma200" : 1171.97,
    "volume" : 317679.00
  }, {
    "date" : "2025-01-06",
    "price" : 1254.00,
    "dma50" : 1248.46,
    "dma100" : null,
    "dma200" : 1172.79,
    "volume" : 185530.00
  }, {
    "date" : "2025-01-07",
    "price" : 1248.85,
    "dma50" : 1248.47,
    "dma100" : null,
    "dma200" : 1173.55,
    "volume" : 83122.00
  }, {
    "date" : "2025-01-08",
    "price" : 1221.65,
    "dma50" : 1247.42,
    "dma100" : null,
    "dma200" : 1174.03,
    "volume" : 466466.00
  }, {
    "date" : "2025-01-09",
    "price" : 1184.55,
    "dma50" : 1244.96,
    "dma100" : null,
    "dma200" : 1174.13,
    "volume" : 195330.00
  }, {
    "date" : "2025-01-10",
    "price" : 1148.25,
    "dma50" : 1241.16,
    "dma100" : null,
    "dma200" : 1173.87,
    "volume" : 184939.00
  }, {
    "date" : "2025-01-13",
    "price" : 1063.00,
    "dma50" : 1234.18,
    "dma100" : null,
    "dma200" : 1172.77,
    "volume" : 549077.00
  }, {
    "date" : "2025-01-14",
    "price" : 1081.25,
    "dma50" : 1228.18,
    "dma100" : null,
    "dma200" : 1171.86,
    "volume" : 119705.00
  }, {
    "date" : "2025-01-15",
    "price" : 1103.75,
    "dma50" : 1223.30,
    "dma100" : null,
    "dma200" : 1171.18,
    "volume" : 134542.00
  }, {
    "date" : "2025-01-16",
    "price" : 1137.80,
    "dma50" : 1219.95,
    "dma100" : null,
    "dma200" : 1170.85,
    "volume" : 270158.00
  }, {
    "date" : "2025-01-17",
    "price" : 1133.10,
    "dma50" : 1216.54,
    "dma100" : null,
    "dma200" : 1170.47,
    "volume" : 83155.00
  }, {
    "date" : "2025-01-20",
    "price" : 1137.00,
    "dma50" : 1213.42,
    "dma100" : null,
    "dma200" : 1170.14,
    "volume" : 115723.00
  }, {
    "date" : "2025-01-21",
    "price" : 1112.50,
    "dma50" : 1209.46,
    "dma100" : null,
    "dma200" : 1169.57,
    "volume" : 114038.00
  }, {
    "date" : "2025-01-22",
    "price" : 1069.75,
    "dma50" : 1203.98,
    "dma100" : null,
    "dma200" : 1168.57,
    "volume" : 213510.00
  }, {
    "date" : "2025-01-23",
    "price" : 1057.15,
    "dma50" : 1198.23,
    "dma100" : null,
    "dma200" : 1167.47,
    "volume" : 487762.00
  }, {
    "date" : "2025-01-24",
    "price" : 1030.80,
    "dma50" : 1191.66,
    "dma100" : null,
    "dma200" : 1166.11,
    "volume" : 327953.00
  }, {
    "date" : "2025-01-27",
    "price" : 1017.90,
    "dma50" : 1184.85,
    "dma100" : null,
    "dma200" : 1164.63,
    "volume" : 636851.00
  }, {
    "date" : "2025-01-28",
    "price" : 1013.90,
    "dma50" : 1178.14,
    "dma100" : null,
    "dma200" : 1163.13,
    "volume" : 238802.00
  }, {
    "date" : "2025-01-29",
    "price" : 1093.05,
    "dma50" : 1174.81,
    "dma100" : null,
    "dma200" : 1162.43,
    "volume" : 875683.00
  }, {
    "date" : "2025-01-30",
    "price" : 1113.90,
    "dma50" : 1172.42,
    "dma100" : null,
    "dma200" : 1161.95,
    "volume" : 1316224.00
  }, {
    "date" : "2025-01-31",
    "price" : 1171.05,
    "dma50" : 1172.36,
    "dma100" : null,
    "dma200" : 1162.04,
    "volume" : 333578.00
  }, {
    "date" : "2025-02-01",
    "price" : 1163.80,
    "dma50" : 1172.03,
    "dma100" : null,
    "dma200" : 1162.06,
    "volume" : 150450.00
  }, {
    "date" : "2025-02-03",
    "price" : 1163.25,
    "dma50" : 1171.68,
    "dma100" : null,
    "dma200" : 1162.07,
    "volume" : 874892.00
  }, {
    "date" : "2025-02-04",
    "price" : 1158.10,
    "dma50" : 1171.15,
    "dma100" : null,
    "dma200" : 1162.03,
    "volume" : 327101.00
  }, {
    "date" : "2025-02-05",
    "price" : 1158.65,
    "dma50" : 1170.66,
    "dma100" : null,
    "dma200" : 1162.00,
    "volume" : 229719.00
  }, {
    "date" : "2025-02-06",
    "price" : 1155.50,
    "dma50" : 1170.07,
    "dma100" : null,
    "dma200" : 1161.93,
    "volume" : 177293.00
  }, {
    "date" : "2025-02-07",
    "price" : 1146.70,
    "dma50" : 1169.15,
    "dma100" : null,
    "dma200" : 1161.78,
    "volume" : 184685.00
  }, {
    "date" : "2025-02-10",
    "price" : 1105.40,
    "dma50" : 1166.65,
    "dma100" : null,
    "dma200" : 1161.22,
    "volume" : 340521.00
  }, {
    "date" : "2025-02-11",
    "price" : 1058.45,
    "dma50" : 1162.41,
    "dma100" : null,
    "dma200" : 1160.20,
    "volume" : 160070.00
  }, {
    "date" : "2025-02-12",
    "price" : 1026.10,
    "dma50" : 1157.06,
    "dma100" : null,
    "dma200" : 1158.86,
    "volume" : 392513.00
  }, {
    "date" : "2025-02-13",
    "price" : 1026.20,
    "dma50" : 1151.93,
    "dma100" : null,
    "dma200" : 1157.54,
    "volume" : 125460.00
  }, {
    "date" : "2025-02-14",
    "price" : 1016.80,
    "dma50" : 1146.63,
    "dma100" : null,
    "dma200" : 1156.14,
    "volume" : 119438.00
  }, {
    "date" : "2025-02-17",
    "price" : 987.30,
    "dma50" : 1140.38,
    "dma100" : null,
    "dma200" : 1154.46,
    "volume" : 172305.00
  }, {
    "date" : "2025-02-18",
    "price" : 973.85,
    "dma50" : 1133.85,
    "dma100" : null,
    "dma200" : 1152.67,
    "volume" : 145783.00
  }, {
    "date" : "2025-02-19",
    "price" : 1023.85,
    "dma50" : 1129.54,
    "dma100" : null,
    "dma200" : 1151.38,
    "volume" : 271743.00
  }, {
    "date" : "2025-02-20",
    "price" : 1017.00,
    "dma50" : 1125.12,
    "dma100" : null,
    "dma200" : 1150.05,
    "volume" : 204725.00
  }, {
    "date" : "2025-02-21",
    "price" : 1006.05,
    "dma50" : 1120.45,
    "dma100" : null,
    "dma200" : 1148.61,
    "volume" : 138332.00
  }, {
    "date" : "2025-02-24",
    "price" : 997.25,
    "dma50" : 1115.62,
    "dma100" : null,
    "dma200" : 1147.11,
    "volume" : 157511.00
  }, {
    "date" : "2025-02-25",
    "price" : 976.20,
    "dma50" : 1110.16,
    "dma100" : null,
    "dma200" : 1145.41,
    "volume" : 148564.00
  }, {
    "date" : "2025-02-27",
    "price" : 979.10,
    "dma50" : 1105.02,
    "dma100" : null,
    "dma200" : 1143.75,
    "volume" : 140221.00
  }, {
    "date" : "2025-02-28",
    "price" : 947.05,
    "dma50" : 1098.82,
    "dma100" : null,
    "dma200" : 1141.80,
    "volume" : 323644.00
  }, {
    "date" : "2025-03-03",
    "price" : 940.00,
    "dma50" : 1092.59,
    "dma100" : null,
    "dma200" : 1139.79,
    "volume" : 178779.00
  }, {
    "date" : "2025-03-04",
    "price" : 948.30,
    "dma50" : 1086.93,
    "dma100" : null,
    "dma200" : 1137.88,
    "volume" : 108518.00
  }, {
    "date" : "2025-03-05",
    "price" : 965.10,
    "dma50" : 1082.16,
    "dma100" : null,
    "dma200" : 1136.16,
    "volume" : 266030.00
  }, {
    "date" : "2025-03-06",
    "price" : 958.20,
    "dma50" : 1077.30,
    "dma100" : null,
    "dma200" : 1134.39,
    "volume" : 135783.00
  }, {
    "date" : "2025-03-07",
    "price" : 954.35,
    "dma50" : 1072.47,
    "dma100" : null,
    "dma200" : 1132.60,
    "volume" : 554474.00
  }, {
    "date" : "2025-03-10",
    "price" : 957.20,
    "dma50" : 1067.95,
    "dma100" : null,
    "dma200" : 1130.86,
    "volume" : 156060.00
  }, {
    "date" : "2025-03-11",
    "price" : 952.80,
    "dma50" : 1063.44,
    "dma100" : null,
    "dma200" : 1129.08,
    "volume" : 176697.00
  }, {
    "date" : "2025-03-12",
    "price" : 976.45,
    "dma50" : 1060.03,
    "dma100" : null,
    "dma200" : 1127.56,
    "volume" : 300834.00
  }, {
    "date" : "2025-03-13",
    "price" : 950.45,
    "dma50" : 1055.73,
    "dma100" : null,
    "dma200" : 1125.80,
    "volume" : 293467.00
  }, {
    "date" : "2025-03-17",
    "price" : 936.65,
    "dma50" : 1051.06,
    "dma100" : null,
    "dma200" : 1123.92,
    "volume" : 331811.00
  }, {
    "date" : "2025-03-18",
    "price" : 937.40,
    "dma50" : 1046.60,
    "dma100" : null,
    "dma200" : 1122.06,
    "volume" : 2375510.00
  }, {
    "date" : "2025-03-19",
    "price" : 948.40,
    "dma50" : 1042.75,
    "dma100" : null,
    "dma200" : 1120.34,
    "volume" : 711800.00
  }, {
    "date" : "2025-03-20",
    "price" : 957.25,
    "dma50" : 1039.40,
    "dma100" : null,
    "dma200" : 1118.71,
    "volume" : 527384.00
  }, {
    "date" : "2025-03-21",
    "price" : 963.85,
    "dma50" : 1036.44,
    "dma100" : null,
    "dma200" : 1117.17,
    "volume" : 1674736.00
  }, {
    "date" : "2025-03-24",
    "price" : 993.60,
    "dma50" : 1034.76,
    "dma100" : null,
    "dma200" : 1115.94,
    "volume" : 1451357.00
  }, {
    "date" : "2025-03-25",
    "price" : 979.35,
    "dma50" : 1032.58,
    "dma100" : null,
    "dma200" : 1114.58,
    "volume" : 1172838.00
  }, {
    "date" : "2025-03-26",
    "price" : 976.00,
    "dma50" : 1030.36,
    "dma100" : null,
    "dma200" : 1113.21,
    "volume" : 344738.00
  }, {
    "date" : "2025-03-27",
    "price" : 993.40,
    "dma50" : 1028.91,
    "dma100" : null,
    "dma200" : 1112.01,
    "volume" : 272957.00
  }, {
    "date" : "2025-03-28",
    "price" : 976.65,
    "dma50" : 1026.87,
    "dma100" : null,
    "dma200" : 1110.67,
    "volume" : 234325.00
  }, {
    "date" : "2025-04-01",
    "price" : 958.45,
    "dma50" : 1024.18,
    "dma100" : null,
    "dma200" : 1109.15,
    "volume" : 346463.00
  }, {
    "date" : "2025-04-02",
    "price" : 978.90,
    "dma50" : 1022.41,
    "dma100" : null,
    "dma200" : 1107.86,
    "volume" : 646857.00
  }, {
    "date" : "2025-04-03",
    "price" : 985.90,
    "dma50" : 1020.97,
    "dma100" : null,
    "dma200" : 1106.64,
    "volume" : 132864.00
  }, {
    "date" : "2025-04-04",
    "price" : 949.10,
    "dma50" : 1018.16,
    "dma100" : null,
    "dma200" : 1105.07,
    "volume" : 209030.00
  }, {
    "date" : "2025-04-07",
    "price" : 895.85,
    "dma50" : 1013.36,
    "dma100" : null,
    "dma200" : 1102.99,
    "volume" : 328640.00
  }, {
    "date" : "2025-04-08",
    "price" : 923.95,
    "dma50" : 1009.85,
    "dma100" : null,
    "dma200" : 1101.21,
    "volume" : 666854.00
  }, {
    "date" : "2025-04-09",
    "price" : 909.35,
    "dma50" : 1005.91,
    "dma100" : null,
    "dma200" : 1099.30,
    "volume" : 115609.00
  }, {
    "date" : "2025-04-11",
    "price" : 934.60,
    "dma50" : 1003.12,
    "dma100" : null,
    "dma200" : 1097.66,
    "volume" : 902621.00
  }, {
    "date" : "2025-04-15",
    "price" : 972.65,
    "dma50" : 1001.92,
    "dma100" : null,
    "dma200" : 1096.42,
    "volume" : 255093.00
  }, {
    "date" : "2025-04-16",
    "price" : 983.15,
    "dma50" : 1001.18,
    "dma100" : null,
    "dma200" : 1095.29,
    "volume" : 174504.00
  }, {
    "date" : "2025-04-17",
    "price" : 985.70,
    "dma50" : 1000.58,
    "dma100" : null,
    "dma200" : 1094.20,
    "volume" : 336879.00
  }, {
    "date" : "2025-04-21",
    "price" : 1008.50,
    "dma50" : 1000.89,
    "dma100" : null,
    "dma200" : 1093.35,
    "volume" : 322994.00
  }, {
    "date" : "2025-04-22",
    "price" : 1033.80,
    "dma50" : 1002.18,
    "dma100" : null,
    "dma200" : 1092.76,
    "volume" : 308446.00
  }, {
    "date" : "2025-04-23",
    "price" : 1048.75,
    "dma50" : 1004.01,
    "dma100" : null,
    "dma200" : 1092.32,
    "volume" : 444753.00
  }, {
    "date" : "2025-04-24",
    "price" : 1037.40,
    "dma50" : 1005.31,
    "dma100" : null,
    "dma200" : 1091.77,
    "volume" : 207198.00
  }, {
    "date" : "2025-04-25",
    "price" : 1023.00,
    "dma50" : 1006.01,
    "dma100" : null,
    "dma200" : 1091.09,
    "volume" : 238430.00
  }, {
    "date" : "2025-04-28",
    "price" : 1024.90,
    "dma50" : 1006.75,
    "dma100" : null,
    "dma200" : 1090.43,
    "volume" : 206397.00
  }, {
    "date" : "2025-04-29",
    "price" : 1014.10,
    "dma50" : 1007.04,
    "dma100" : null,
    "dma200" : 1089.67,
    "volume" : 198684.00
  }, {
    "date" : "2025-04-30",
    "price" : 1028.60,
    "dma50" : 1007.88,
    "dma100" : null,
    "dma200" : 1089.06,
    "volume" : 455887.00
  }, {
    "date" : "2025-05-02",
    "price" : 987.00,
    "dma50" : 1007.06,
    "dma100" : null,
    "dma200" : 1088.05,
    "volume" : 133881.00
  }, {
    "date" : "2025-05-05",
    "price" : 1020.70,
    "dma50" : 1007.60,
    "dma100" : null,
    "dma200" : 1087.38,
    "volume" : 232083.00
  }, {
    "date" : "2025-05-06",
    "price" : 997.30,
    "dma50" : 1007.19,
    "dma100" : null,
    "dma200" : 1086.48,
    "volume" : 348149.00
  }, {
    "date" : "2025-05-07",
    "price" : 1018.00,
    "dma50" : 1007.62,
    "dma100" : null,
    "dma200" : 1085.80,
    "volume" : 84216.00
  }, {
    "date" : "2025-05-08",
    "price" : 1002.70,
    "dma50" : 1007.43,
    "dma100" : null,
    "dma200" : 1084.97,
    "volume" : 86633.00
  }, {
    "date" : "2025-05-09",
    "price" : 1016.50,
    "dma50" : 1007.78,
    "dma100" : 1066.83,
    "dma200" : 1084.29,
    "volume" : 206742.00
  }, {
    "date" : "2025-05-12",
    "price" : 1038.70,
    "dma50" : 1008.99,
    "dma100" : 1064.71,
    "dma200" : 1083.84,
    "volume" : 250909.00
  }, {
    "date" : "2025-05-13",
    "price" : 1080.40,
    "dma50" : 1011.79,
    "dma100" : 1063.04,
    "dma200" : 1083.80,
    "volume" : 342344.00
  }, {
    "date" : "2025-05-14",
    "price" : 1092.20,
    "dma50" : 1014.95,
    "dma100" : 1061.07,
    "dma200" : 1083.89,
    "volume" : 342275.00
  }, {
    "date" : "2025-05-15",
    "price" : 1065.10,
    "dma50" : 1016.91,
    "dma100" : 1058.74,
    "dma200" : 1083.70,
    "volume" : 468820.00
  }, {
    "date" : "2025-05-16",
    "price" : 1108.60,
    "dma50" : 1020.51,
    "dma100" : 1057.07,
    "dma200" : 1083.95,
    "volume" : 708858.00
  }, {
    "date" : "2025-05-19",
    "price" : 1115.20,
    "dma50" : 1024.22,
    "dma100" : 1055.19,
    "dma200" : 1084.26,
    "volume" : 346621.00
  }, {
    "date" : "2025-05-20",
    "price" : 1110.30,
    "dma50" : 1027.60,
    "dma100" : 1053.93,
    "dma200" : 1084.52,
    "volume" : 319260.00
  }, {
    "date" : "2025-05-21",
    "price" : 1110.80,
    "dma50" : 1030.86,
    "dma100" : 1052.45,
    "dma200" : 1084.78,
    "volume" : 175987.00
  }, {
    "date" : "2025-05-22",
    "price" : 1100.60,
    "dma50" : 1033.60,
    "dma100" : 1050.81,
    "dma200" : 1084.94,
    "volume" : 192498.00
  }, {
    "date" : "2025-05-23",
    "price" : 1090.20,
    "dma50" : 1035.82,
    "dma100" : 1049.25,
    "dma200" : 1084.99,
    "volume" : 311709.00
  }, {
    "date" : "2025-05-26",
    "price" : 1083.00,
    "dma50" : 1037.67,
    "dma100" : 1047.61,
    "dma200" : 1084.97,
    "volume" : 163335.00
  }, {
    "date" : "2025-05-27",
    "price" : 1077.30,
    "dma50" : 1039.22,
    "dma100" : 1046.12,
    "dma200" : 1084.89,
    "volume" : 217280.00
  }, {
    "date" : "2025-05-28",
    "price" : 1086.70,
    "dma50" : 1041.08,
    "dma100" : 1044.56,
    "dma200" : 1084.91,
    "volume" : 236413.00
  }, {
    "date" : "2025-05-29",
    "price" : 1108.60,
    "dma50" : 1043.73,
    "dma100" : 1043.24,
    "dma200" : 1085.15,
    "volume" : 439800.00
  }, {
    "date" : "2025-05-30",
    "price" : 1094.40,
    "dma50" : 1045.72,
    "dma100" : 1041.41,
    "dma200" : 1085.24,
    "volume" : 379820.00
  }, {
    "date" : "2025-06-02",
    "price" : 1176.30,
    "dma50" : 1050.84,
    "dma100" : 1040.22,
    "dma200" : 1086.14,
    "volume" : 980343.00
  }, {
    "date" : "2025-06-03",
    "price" : 1231.90,
    "dma50" : 1057.94,
    "dma100" : 1040.00,
    "dma200" : 1087.59,
    "volume" : 821890.00
  }, {
    "date" : "2025-06-04",
    "price" : 1213.00,
    "dma50" : 1064.02,
    "dma100" : 1039.65,
    "dma200" : 1088.84,
    "volume" : 451245.00
  }, {
    "date" : "2025-06-05",
    "price" : 1261.20,
    "dma50" : 1071.75,
    "dma100" : 1040.04,
    "dma200" : 1090.56,
    "volume" : 2972903.00
  }, {
    "date" : "2025-06-06",
    "price" : 1278.00,
    "dma50" : 1079.84,
    "dma100" : 1040.98,
    "dma200" : 1092.42,
    "volume" : 1075863.00
  }, {
    "date" : "2025-06-09",
    "price" : 1252.70,
    "dma50" : 1086.62,
    "dma100" : 1042.02,
    "dma200" : 1094.02,
    "volume" : 553929.00
  }, {
    "date" : "2025-06-10",
    "price" : 1231.10,
    "dma50" : 1092.29,
    "dma100" : 1043.70,
    "dma200" : 1095.38,
    "volume" : 380887.00
  }, {
    "date" : "2025-06-11",
    "price" : 1234.80,
    "dma50" : 1097.87,
    "dma100" : 1045.24,
    "dma200" : 1096.77,
    "volume" : 284878.00
  }, {
    "date" : "2025-06-12",
    "price" : 1210.10,
    "dma50" : 1102.27,
    "dma100" : 1046.30,
    "dma200" : 1097.90,
    "volume" : 380641.00
  }, {
    "date" : "2025-06-13",
    "price" : 1185.40,
    "dma50" : 1105.53,
    "dma100" : 1046.78,
    "dma200" : 1098.77,
    "volume" : 366065.00
  }, {
    "date" : "2025-06-16",
    "price" : 1195.90,
    "dma50" : 1109.08,
    "dma100" : 1047.40,
    "dma200" : 1099.73,
    "volume" : 218820.00
  }, {
    "date" : "2025-06-17",
    "price" : 1177.50,
    "dma50" : 1111.76,
    "dma100" : 1047.81,
    "dma200" : 1100.51,
    "volume" : 206586.00
  }, {
    "date" : "2025-06-18",
    "price" : 1167.70,
    "dma50" : 1113.96,
    "dma100" : 1048.36,
    "dma200" : 1101.18,
    "volume" : 146770.00
  }, {
    "date" : "2025-06-19",
    "price" : 1135.40,
    "dma50" : 1114.80,
    "dma100" : 1049.02,
    "dma200" : 1101.52,
    "volume" : 308065.00
  }, {
    "date" : "2025-06-20",
    "price" : 1144.60,
    "dma50" : 1115.97,
    "dma100" : 1049.89,
    "dma200" : 1101.95,
    "volume" : 317014.00
  }, {
    "date" : "2025-06-23",
    "price" : 1142.30,
    "dma50" : 1117.00,
    "dma100" : 1051.01,
    "dma200" : 1102.35,
    "volume" : 154596.00
  }, {
    "date" : "2025-06-24",
    "price" : 1142.40,
    "dma50" : 1117.99,
    "dma100" : 1052.25,
    "dma200" : 1102.75,
    "volume" : 320243.00
  }, {
    "date" : "2025-06-25",
    "price" : 1158.00,
    "dma50" : 1119.56,
    "dma100" : 1053.69,
    "dma200" : 1103.30,
    "volume" : 106888.00
  }, {
    "date" : "2025-06-26",
    "price" : 1128.00,
    "dma50" : 1119.89,
    "dma100" : 1054.04,
    "dma200" : 1103.54,
    "volume" : 212212.00
  }, {
    "date" : "2025-06-27",
    "price" : 1109.30,
    "dma50" : 1119.48,
    "dma100" : 1054.00,
    "dma200" : 1103.60,
    "volume" : 221926.00
  }, {
    "date" : "2025-06-30",
    "price" : 1109.80,
    "dma50" : 1119.10,
    "dma100" : 1053.38,
    "dma200" : 1103.66,
    "volume" : 235491.00
  }, {
    "date" : "2025-07-01",
    "price" : 1094.90,
    "dma50" : 1118.15,
    "dma100" : 1052.69,
    "dma200" : 1103.57,
    "volume" : 292111.00
  }, {
    "date" : "2025-07-02",
    "price" : 1059.30,
    "dma50" : 1115.84,
    "dma100" : 1051.66,
    "dma200" : 1103.13,
    "volume" : 290791.00
  }, {
    "date" : "2025-07-03",
    "price" : 1051.20,
    "dma50" : 1113.31,
    "dma100" : 1050.59,
    "dma200" : 1102.62,
    "volume" : 305310.00
  }, {
    "date" : "2025-07-04",
    "price" : 1073.30,
    "dma50" : 1111.74,
    "dma100" : 1049.73,
    "dma200" : 1102.32,
    "volume" : 394045.00
  }, {
    "date" : "2025-07-07",
    "price" : 1091.60,
    "dma50" : 1110.95,
    "dma100" : 1049.09,
    "dma200" : 1102.22,
    "volume" : 173453.00
  }, {
    "date" : "2025-07-08",
    "price" : 1120.90,
    "dma50" : 1111.34,
    "dma100" : 1048.84,
    "dma200" : 1102.40,
    "volume" : 473541.00
  }, {
    "date" : "2025-07-09",
    "price" : 1077.40,
    "dma50" : 1110.01,
    "dma100" : 1048.56,
    "dma200" : 1102.15,
    "volume" : 309146.00
  }, {
    "date" : "2025-07-10",
    "price" : 1079.90,
    "dma50" : 1108.83,
    "dma100" : 1048.77,
    "dma200" : 1101.93,
    "volume" : 186471.00
  }, {
    "date" : "2025-07-11",
    "price" : 1063.00,
    "dma50" : 1107.03,
    "dma100" : 1049.14,
    "dma200" : 1101.55,
    "volume" : 591484.00
  }, {
    "date" : "2025-07-14",
    "price" : 1084.90,
    "dma50" : 1106.16,
    "dma100" : 1049.73,
    "dma200" : 1101.38,
    "volume" : 258125.00
  }, {
    "date" : "2025-07-15",
    "price" : 1091.00,
    "dma50" : 1105.57,
    "dma100" : 1050.47,
    "dma200" : 1101.28,
    "volume" : 386379.00
  }, {
    "date" : "2025-07-16",
    "price" : 1115.00,
    "dma50" : 1105.94,
    "dma100" : 1051.74,
    "dma200" : 1101.41,
    "volume" : 775206.00
  }, {
    "date" : "2025-07-17",
    "price" : 1131.80,
    "dma50" : 1106.95,
    "dma100" : 1053.32,
    "dma200" : 1101.72,
    "volume" : 697033.00
  }, {
    "date" : "2025-07-18",
    "price" : 1111.80,
    "dma50" : 1107.14,
    "dma100" : 1054.20,
    "dma200" : 1101.82,
    "volume" : 384696.00
  }, {
    "date" : "2025-07-21",
    "price" : 1101.60,
    "dma50" : 1106.92,
    "dma100" : 1055.05,
    "dma200" : 1101.81,
    "volume" : 191654.00
  }, {
    "date" : "2025-07-22",
    "price" : 1086.90,
    "dma50" : 1106.14,
    "dma100" : 1055.86,
    "dma200" : 1101.67,
    "volume" : 405325.00
  }, {
    "date" : "2025-07-23",
    "price" : 1049.40,
    "dma50" : 1103.91,
    "dma100" : 1056.38,
    "dma200" : 1101.15,
    "volume" : 1219171.00
  }, {
    "date" : "2025-07-24",
    "price" : 1061.20,
    "dma50" : 1102.24,
    "dma100" : 1057.23,
    "dma200" : 1100.75,
    "volume" : 243958.00
  }, {
    "date" : "2025-07-25",
    "price" : 1057.60,
    "dma50" : 1100.49,
    "dma100" : 1058.01,
    "dma200" : 1100.32,
    "volume" : 344601.00
  }, {
    "date" : "2025-07-28",
    "price" : 1013.80,
    "dma50" : 1097.09,
    "dma100" : 1058.68,
    "dma200" : 1099.46,
    "volume" : 566034.00
  }, {
    "date" : "2025-07-29",
    "price" : 1009.00,
    "dma50" : 1093.63,
    "dma100" : 1059.37,
    "dma200" : 1098.56,
    "volume" : 485771.00
  }, {
    "date" : "2025-07-30",
    "price" : 987.20,
    "dma50" : 1089.46,
    "dma100" : 1059.76,
    "dma200" : 1097.45,
    "volume" : 526233.00
  }, {
    "date" : "2025-07-31",
    "price" : 1007.80,
    "dma50" : 1086.26,
    "dma100" : 1060.19,
    "dma200" : 1096.56,
    "volume" : 691089.00
  }, {
    "date" : "2025-08-01",
    "price" : 982.70,
    "dma50" : 1082.20,
    "dma100" : 1060.43,
    "dma200" : 1095.42,
    "volume" : 229873.00
  }, {
    "date" : "2025-08-04",
    "price" : 985.30,
    "dma50" : 1078.40,
    "dma100" : 1060.74,
    "dma200" : 1094.33,
    "volume" : 132908.00
  }, {
    "date" : "2025-08-05",
    "price" : 992.80,
    "dma50" : 1075.04,
    "dma100" : 1061.10,
    "dma200" : 1093.32,
    "volume" : 131543.00
  }, {
    "date" : "2025-08-06",
    "price" : 968.70,
    "dma50" : 1070.87,
    "dma100" : 1061.26,
    "dma200" : 1092.08,
    "volume" : 254549.00
  }, {
    "date" : "2025-08-07",
    "price" : 954.10,
    "dma50" : 1066.29,
    "dma100" : 1061.03,
    "dma200" : 1090.71,
    "volume" : 223081.00
  }, {
    "date" : "2025-08-08",
    "price" : 947.80,
    "dma50" : 1061.64,
    "dma100" : 1061.01,
    "dma200" : 1089.28,
    "volume" : 722422.00
  }, {
    "date" : "2025-08-11",
    "price" : 961.30,
    "dma50" : 1057.71,
    "dma100" : 1061.25,
    "dma200" : 1088.01,
    "volume" : 135725.00
  }, {
    "date" : "2025-08-12",
    "price" : 974.20,
    "dma50" : 1054.43,
    "dma100" : 1061.62,
    "dma200" : 1086.88,
    "volume" : 132392.00
  }, {
    "date" : "2025-08-13",
    "price" : 966.20,
    "dma50" : 1050.97,
    "dma100" : 1061.80,
    "dma200" : 1085.68,
    "volume" : 181187.00
  }, {
    "date" : "2025-08-14",
    "price" : 937.60,
    "dma50" : 1046.53,
    "dma100" : 1061.60,
    "dma200" : 1084.20,
    "volume" : 3344170.00
  }, {
    "date" : "2025-08-18",
    "price" : 962.60,
    "dma50" : 1043.24,
    "dma100" : 1061.59,
    "dma200" : 1082.99,
    "volume" : 515505.00
  }, {
    "date" : "2025-08-19",
    "price" : 955.70,
    "dma50" : 1039.80,
    "dma100" : 1061.21,
    "dma200" : 1081.73,
    "volume" : 745668.00
  }, {
    "date" : "2025-08-20",
    "price" : 956.30,
    "dma50" : 1036.53,
    "dma100" : 1060.98,
    "dma200" : 1080.48,
    "volume" : 101224.00
  }, {
    "date" : "2025-08-21",
    "price" : 967.60,
    "dma50" : 1033.83,
    "dma100" : 1060.90,
    "dma200" : 1079.36,
    "volume" : 241593.00
  }, {
    "date" : "2025-08-22",
    "price" : 962.50,
    "dma50" : 1031.03,
    "dma100" : 1060.59,
    "dma200" : 1078.19,
    "volume" : 105346.00
  }, {
    "date" : "2025-08-25",
    "price" : 968.60,
    "dma50" : 1028.58,
    "dma100" : 1060.51,
    "dma200" : 1077.10,
    "volume" : 295320.00
  }, {
    "date" : "2025-08-26",
    "price" : 944.20,
    "dma50" : 1025.27,
    "dma100" : 1060.37,
    "dma200" : 1075.78,
    "volume" : 170042.00
  }, {
    "date" : "2025-08-28",
    "price" : 952.90,
    "dma50" : 1022.43,
    "dma100" : 1060.11,
    "dma200" : 1074.56,
    "volume" : 502743.00
  }, {
    "date" : "2025-08-29",
    "price" : 923.10,
    "dma50" : 1018.54,
    "dma100" : 1059.48,
    "dma200" : 1073.05,
    "volume" : 199334.00
  }, {
    "date" : "2025-09-01",
    "price" : 927.25,
    "dma50" : 1014.96,
    "dma100" : 1059.26,
    "dma200" : 1071.60,
    "volume" : 117570.00
  }, {
    "date" : "2025-09-02",
    "price" : 925.85,
    "dma50" : 1011.46,
    "dma100" : 1059.56,
    "dma200" : 1070.15,
    "volume" : 247429.00
  }, {
    "date" : "2025-09-03",
    "price" : 931.90,
    "dma50" : 1008.34,
    "dma100" : 1059.64,
    "dma200" : 1068.77,
    "volume" : 254374.00
  }, {
    "date" : "2025-09-04",
    "price" : 928.45,
    "dma50" : 1005.21,
    "dma100" : 1059.83,
    "dma200" : 1067.38,
    "volume" : 108076.00
  }, {
    "date" : "2025-09-05",
    "price" : 910.35,
    "dma50" : 1001.49,
    "dma100" : 1059.59,
    "dma200" : 1065.81,
    "volume" : 842233.00
  }, {
    "date" : "2025-09-08",
    "price" : 909.00,
    "dma50" : 997.86,
    "dma100" : 1058.95,
    "dma200" : 1064.25,
    "volume" : 370411.00
  }, {
    "date" : "2025-09-09",
    "price" : 904.35,
    "dma50" : 994.20,
    "dma100" : 1058.16,
    "dma200" : 1062.66,
    "volume" : 485754.00
  }, {
    "date" : "2025-09-10",
    "price" : 935.90,
    "dma50" : 991.91,
    "dma100" : 1057.67,
    "dma200" : 1061.40,
    "volume" : 570487.00
  }, {
    "date" : "2025-09-11",
    "price" : 934.25,
    "dma50" : 989.65,
    "dma100" : 1056.92,
    "dma200" : 1060.14,
    "volume" : 290605.00
  }, {
    "date" : "2025-09-12",
    "price" : 945.60,
    "dma50" : 987.92,
    "dma100" : 1056.04,
    "dma200" : 1059.00,
    "volume" : 174399.00
  }, {
    "date" : "2025-09-15",
    "price" : 970.05,
    "dma50" : 987.22,
    "dma100" : 1055.25,
    "dma200" : 1058.11,
    "volume" : 270344.00
  }, {
    "date" : "2025-09-16",
    "price" : 952.60,
    "dma50" : 985.86,
    "dma100" : 1054.41,
    "dma200" : 1057.06,
    "volume" : 558810.00
  }, {
    "date" : "2025-09-17",
    "price" : 949.80,
    "dma50" : 984.45,
    "dma100" : 1053.67,
    "dma200" : 1056.00,
    "volume" : 195532.00
  }, {
    "date" : "2025-09-18",
    "price" : 953.25,
    "dma50" : 983.23,
    "dma100" : 1052.96,
    "dma200" : 1054.97,
    "volume" : 401499.00
  }, {
    "date" : "2025-09-19",
    "price" : 937.35,
    "dma50" : 981.43,
    "dma100" : 1052.19,
    "dma200" : 1053.80,
    "volume" : 498636.00
  }, {
    "date" : "2025-09-22",
    "price" : 924.60,
    "dma50" : 979.20,
    "dma100" : 1051.15,
    "dma200" : 1052.52,
    "volume" : 310233.00
  }, {
    "date" : "2025-09-23",
    "price" : 914.35,
    "dma50" : 976.65,
    "dma100" : 1050.42,
    "dma200" : 1051.14,
    "volume" : 315061.00
  }, {
    "date" : "2025-09-24",
    "price" : 914.90,
    "dma50" : 974.23,
    "dma100" : 1049.37,
    "dma200" : 1049.79,
    "volume" : 508822.00
  }, {
    "date" : "2025-09-25",
    "price" : 920.45,
    "dma50" : 972.12,
    "dma100" : 1048.60,
    "dma200" : 1048.50,
    "volume" : 297809.00
  }, {
    "date" : "2025-09-26",
    "price" : 905.10,
    "dma50" : 969.50,
    "dma100" : 1047.47,
    "dma200" : 1047.07,
    "volume" : 566994.00
  }, {
    "date" : "2025-09-29",
    "price" : 887.75,
    "dma50" : 966.29,
    "dma100" : 1046.32,
    "dma200" : 1045.49,
    "volume" : 591750.00
  }, {
    "date" : "2025-09-30",
    "price" : 896.05,
    "dma50" : 963.54,
    "dma100" : 1045.11,
    "dma200" : 1044.00,
    "volume" : 666248.00
  }, {
    "date" : "2025-10-01",
    "price" : 895.40,
    "dma50" : 960.86,
    "dma100" : 1043.68,
    "dma200" : 1042.52,
    "volume" : 257368.00
  }, {
    "date" : "2025-10-03",
    "price" : 896.75,
    "dma50" : 958.35,
    "dma100" : 1041.84,
    "dma200" : 1041.07,
    "volume" : 316802.00
  }, {
    "date" : "2025-10-06",
    "price" : 893.85,
    "dma50" : 955.82,
    "dma100" : 1039.86,
    "dma200" : 1039.61,
    "volume" : 557269.00
  }, {
    "date" : "2025-10-07",
    "price" : 926.45,
    "dma50" : 954.67,
    "dma100" : 1038.47,
    "dma200" : 1038.48,
    "volume" : 1190775.00
  }, {
    "date" : "2025-10-08",
    "price" : 912.20,
    "dma50" : 953.00,
    "dma100" : 1036.51,
    "dma200" : 1037.22,
    "volume" : 454789.00
  }, {
    "date" : "2025-10-09",
    "price" : 919.10,
    "dma50" : 951.67,
    "dma100" : 1034.55,
    "dma200" : 1036.05,
    "volume" : 212024.00
  }, {
    "date" : "2025-10-10",
    "price" : 942.65,
    "dma50" : 951.32,
    "dma100" : 1032.87,
    "dma200" : 1035.12,
    "volume" : 568131.00
  }, {
    "date" : "2025-10-13",
    "price" : 930.45,
    "dma50" : 950.50,
    "dma100" : 1031.07,
    "dma200" : 1034.08,
    "volume" : 135106.00
  }, {
    "date" : "2025-10-14",
    "price" : 914.95,
    "dma50" : 949.11,
    "dma100" : 1029.21,
    "dma200" : 1032.89,
    "volume" : 229531.00
  }, {
    "date" : "2025-10-15",
    "price" : 956.80,
    "dma50" : 949.41,
    "dma100" : 1027.88,
    "dma200" : 1032.14,
    "volume" : 780376.00
  }, {
    "date" : "2025-10-16",
    "price" : 967.75,
    "dma50" : 950.13,
    "dma100" : 1026.73,
    "dma200" : 1031.49,
    "volume" : 449426.00
  }, {
    "date" : "2025-10-17",
    "price" : 980.85,
    "dma50" : 951.33,
    "dma100" : 1025.76,
    "dma200" : 1030.99,
    "volume" : 524301.00
  }, {
    "date" : "2025-10-20",
    "price" : 979.10,
    "dma50" : 952.42,
    "dma100" : 1024.69,
    "dma200" : 1030.47,
    "volume" : 206513.00
  }, {
    "date" : "2025-10-21",
    "price" : 980.85,
    "dma50" : 953.54,
    "dma100" : 1023.41,
    "dma200" : 1029.98,
    "volume" : 29023.00
  }, {
    "date" : "2025-10-23",
    "price" : 997.80,
    "dma50" : 955.27,
    "dma100" : 1022.44,
    "dma200" : 1029.66,
    "volume" : 842662.00
  }, {
    "date" : "2025-10-24",
    "price" : 1000.40,
    "dma50" : 957.04,
    "dma100" : 1020.68,
    "dma200" : 1029.37,
    "volume" : 481791.00
  }, {
    "date" : "2025-10-27",
    "price" : 1035.85,
    "dma50" : 960.13,
    "dma100" : 1018.72,
    "dma200" : 1029.43,
    "volume" : 587299.00
  }, {
    "date" : "2025-10-28",
    "price" : 1011.05,
    "dma50" : 962.13,
    "dma100" : 1016.70,
    "dma200" : 1029.25,
    "volume" : 423384.00
  }, {
    "date" : "2025-10-29",
    "price" : 1034.50,
    "dma50" : 964.97,
    "dma100" : 1014.44,
    "dma200" : 1029.30,
    "volume" : 188861.00
  }, {
    "date" : "2025-10-30",
    "price" : 1038.90,
    "dma50" : 967.87,
    "dma100" : 1012.05,
    "dma200" : 1029.40,
    "volume" : 355377.00
  }, {
    "date" : "2025-10-31",
    "price" : 1037.70,
    "dma50" : 970.61,
    "dma100" : 1009.90,
    "dma200" : 1029.48,
    "volume" : 644668.00
  }, {
    "date" : "2025-11-03",
    "price" : 1041.40,
    "dma50" : 973.38,
    "dma100" : 1008.00,
    "dma200" : 1029.60,
    "volume" : 411147.00
  }, {
    "date" : "2025-11-04",
    "price" : 1018.00,
    "dma50" : 975.13,
    "dma100" : 1005.83,
    "dma200" : 1029.48,
    "volume" : 297185.00
  }, {
    "date" : "2025-11-06",
    "price" : 993.00,
    "dma50" : 975.83,
    "dma100" : 1003.66,
    "dma200" : 1029.12,
    "volume" : 277932.00
  }, {
    "date" : "2025-11-07",
    "price" : 980.00,
    "dma50" : 976.00,
    "dma100" : 1001.61,
    "dma200" : 1028.63,
    "volume" : 287865.00
  }, {
    "date" : "2025-11-10",
    "price" : 978.40,
    "dma50" : 976.09,
    "dma100" : 999.43,
    "dma200" : 1028.13,
    "volume" : 280090.00
  }, {
    "date" : "2025-11-11",
    "price" : 968.40,
    "dma50" : 975.79,
    "dma100" : 997.34,
    "dma200" : 1027.54,
    "volume" : 177839.00
  }, {
    "date" : "2025-11-12",
    "price" : 958.90,
    "dma50" : 975.13,
    "dma100" : 995.25,
    "dma200" : 1026.86,
    "volume" : 341014.00
  }, {
    "date" : "2025-11-13",
    "price" : 950.70,
    "dma50" : 974.17,
    "dma100" : 993.40,
    "dma200" : 1026.10,
    "volume" : 260379.00
  }, {
    "date" : "2025-11-14",
    "price" : 944.20,
    "dma50" : 972.99,
    "dma100" : 991.40,
    "dma200" : 1025.28,
    "volume" : 533474.00
  }, {
    "date" : "2025-11-17",
    "price" : 945.40,
    "dma50" : 971.91,
    "dma100" : 989.43,
    "dma200" : 1024.49,
    "volume" : 183601.00
  }, {
    "date" : "2025-11-18",
    "price" : 926.00,
    "dma50" : 970.11,
    "dma100" : 987.27,
    "dma200" : 1023.51,
    "volume" : 128073.00
  }, {
    "date" : "2025-11-19",
    "price" : 925.20,
    "dma50" : 968.35,
    "dma100" : 984.94,
    "dma200" : 1022.53,
    "volume" : 85452.00
  }, {
    "date" : "2025-11-20",
    "price" : 923.30,
    "dma50" : 966.58,
    "dma100" : 982.89,
    "dma200" : 1021.54,
    "volume" : 131644.00
  }, {
    "date" : "2025-11-21",
    "price" : 898.70,
    "dma50" : 963.92,
    "dma100" : 980.79,
    "dma200" : 1020.32,
    "volume" : 170791.00
  }, {
    "date" : "2025-11-24",
    "price" : 869.70,
    "dma50" : 960.23,
    "dma100" : 978.39,
    "dma200" : 1018.82,
    "volume" : 806310.00
  }, {
    "date" : "2025-11-25",
    "price" : 899.20,
    "dma50" : 957.83,
    "dma100" : 976.43,
    "dma200" : 1017.63,
    "volume" : 1111206.00
  }, {
    "date" : "2025-11-26",
    "price" : 911.60,
    "dma50" : 956.02,
    "dma100" : 974.95,
    "dma200" : 1016.58,
    "volume" : 178929.00
  }, {
    "date" : "2025-11-27",
    "price" : 898.50,
    "dma50" : 953.76,
    "dma100" : 973.42,
    "dma200" : 1015.40,
    "volume" : 336706.00
  }, {
    "date" : "2025-11-28",
    "price" : 895.10,
    "dma50" : 951.46,
    "dma100" : 971.64,
    "dma200" : 1014.20,
    "volume" : 123955.00
  }, {
    "date" : "2025-12-01",
    "price" : 898.80,
    "dma50" : 949.40,
    "dma100" : 969.71,
    "dma200" : 1013.06,
    "volume" : 300657.00
  }, {
    "date" : "2025-12-02",
    "price" : 889.85,
    "dma50" : 947.06,
    "dma100" : 967.40,
    "dma200" : 1011.83,
    "volume" : 125879.00
  }, {
    "date" : "2025-12-03",
    "price" : 885.60,
    "dma50" : 944.65,
    "dma100" : 965.49,
    "dma200" : 1010.57,
    "volume" : 89667.00
  }, {
    "date" : "2025-12-04",
    "price" : 891.55,
    "dma50" : 942.57,
    "dma100" : 963.60,
    "dma200" : 1009.39,
    "volume" : 111941.00
  }, {
    "date" : "2025-12-05",
    "price" : 883.15,
    "dma50" : 940.24,
    "dma100" : 961.80,
    "dma200" : 1008.13,
    "volume" : 919150.00
  }, {
    "date" : "2025-12-08",
    "price" : 860.65,
    "dma50" : 937.12,
    "dma100" : 959.56,
    "dma200" : 1006.67,
    "volume" : 661401.00
  }, {
    "date" : "2025-12-09",
    "price" : 855.95,
    "dma50" : 933.94,
    "dma100" : 957.21,
    "dma200" : 1005.17,
    "volume" : 1062721.00
  }, {
    "date" : "2025-12-10",
    "price" : 875.55,
    "dma50" : 931.65,
    "dma100" : 954.82,
    "dma200" : 1003.88,
    "volume" : 332964.00
  }, {
    "date" : "2025-12-11",
    "price" : 873.05,
    "dma50" : 929.35,
    "dma100" : 952.23,
    "dma200" : 1002.57,
    "volume" : 80566.00
  } ],
  "latestTechnicalAttributes" : {
    "date" : "2025-12-11",
    "price" : 873.05,
    "dma50" : 929.35,
    "dma100" : 952.23,
    "dma200" : 1002.57,
    "volume" : 80566.00
  },
  "quarterlyResults" : [ {
    "date" : "2007-12-31",
    "sales" : 118.86,
    "salesGrowthYoY" : null,
    "grossProfitMargin" : 97.49,
    "grossProfit" : 115.88,
    "operatingProfitMargin" : 37.32,
    "operatingProfit" : 44.36,
    "netProfitMargin" : 31.01,
    "netProfit" : 36.86
  }, {
    "date" : "2008-03-31",
    "sales" : 132.80,
    "salesGrowthYoY" : null,
    "grossProfitMargin" : 101.64,
    "grossProfit" : 134.98,
    "operatingProfitMargin" : 9.63,
    "operatingProfit" : 12.79,
    "netProfitMargin" : 16.17,
    "netProfit" : 21.47
  }, {
    "date" : "2008-06-30",
    "sales" : 124.72,
    "salesGrowthYoY" : null,
    "grossProfitMargin" : 97.18,
    "grossProfit" : 121.20,
    "operatingProfitMargin" : 25.26,
    "operatingProfit" : 31.50,
    "netProfitMargin" : 21.31,
    "netProfit" : 26.58
  }, {
    "date" : "2008-09-30",
    "sales" : 105.51,
    "salesGrowthYoY" : null,
    "grossProfitMargin" : 99.14,
    "grossProfit" : 104.60,
    "operatingProfitMargin" : 15.56,
    "operatingProfit" : 16.42,
    "netProfitMargin" : 18.93,
    "netProfit" : 19.97
  }, {
    "date" : "2008-12-31",
    "sales" : 104.75,
    "salesGrowthYoY" : -11.87,
    "grossProfitMargin" : 104.58,
    "grossProfit" : 109.55,
    "operatingProfitMargin" : 12.62,
    "operatingProfit" : 13.22,
    "netProfitMargin" : 2.11,
    "netProfit" : 2.21
  }, {
    "date" : "2009-03-31",
    "sales" : 43.44,
    "salesGrowthYoY" : -67.29,
    "grossProfitMargin" : 100.81,
    "grossProfit" : 43.79,
    "operatingProfitMargin" : -13.08,
    "operatingProfit" : -5.68,
    "netProfitMargin" : -31.38,
    "netProfit" : -13.63
  }, {
    "date" : "2009-06-30",
    "sales" : 65.70,
    "salesGrowthYoY" : -47.32,
    "grossProfitMargin" : 99.01,
    "grossProfit" : 65.05,
    "operatingProfitMargin" : 15.81,
    "operatingProfit" : 10.39,
    "netProfitMargin" : 5.34,
    "netProfit" : 3.51
  }, {
    "date" : "2009-09-30",
    "sales" : 84.01,
    "salesGrowthYoY" : -20.38,
    "grossProfitMargin" : 96.18,
    "grossProfit" : 80.80,
    "operatingProfitMargin" : 14.57,
    "operatingProfit" : 12.24,
    "netProfitMargin" : 6.18,
    "netProfit" : 5.19
  }, {
    "date" : "2009-12-31",
    "sales" : 65.31,
    "salesGrowthYoY" : -37.65,
    "grossProfitMargin" : 100.28,
    "grossProfit" : 65.49,
    "operatingProfitMargin" : 12.60,
    "operatingProfit" : 8.23,
    "netProfitMargin" : 9.16,
    "netProfit" : 5.98
  }, {
    "date" : "2010-03-31",
    "sales" : 138.22,
    "salesGrowthYoY" : 218.19,
    "grossProfitMargin" : 103.94,
    "grossProfit" : 143.67,
    "operatingProfitMargin" : 24.27,
    "operatingProfit" : 33.55,
    "netProfitMargin" : 22.59,
    "netProfit" : 31.22
  }, {
    "date" : "2010-06-30",
    "sales" : 92.49,
    "salesGrowthYoY" : 40.78,
    "grossProfitMargin" : 28.61,
    "grossProfit" : 26.46,
    "operatingProfitMargin" : 19.22,
    "operatingProfit" : 17.78,
    "netProfitMargin" : 13.73,
    "netProfit" : 12.70
  }, {
    "date" : "2010-09-30",
    "sales" : 122.62,
    "salesGrowthYoY" : 45.96,
    "grossProfitMargin" : 38.97,
    "grossProfit" : 47.79,
    "operatingProfitMargin" : 22.59,
    "operatingProfit" : 27.70,
    "netProfitMargin" : 14.71,
    "netProfit" : 18.04
  }, {
    "date" : "2010-12-31",
    "sales" : 144.24,
    "salesGrowthYoY" : 120.85,
    "grossProfitMargin" : 74.79,
    "grossProfit" : 107.88,
    "operatingProfitMargin" : 63.28,
    "operatingProfit" : 91.28,
    "netProfitMargin" : 40.26,
    "netProfit" : 58.07
  }, {
    "date" : "2011-03-31",
    "sales" : 102.54,
    "salesGrowthYoY" : -25.81,
    "grossProfitMargin" : 45.47,
    "grossProfit" : 46.62,
    "operatingProfitMargin" : 23.70,
    "operatingProfit" : 24.30,
    "netProfitMargin" : 8.79,
    "netProfit" : 9.01
  }, {
    "date" : "2011-06-30",
    "sales" : 170.50,
    "salesGrowthYoY" : 84.34,
    "grossProfitMargin" : 38.30,
    "grossProfit" : 65.30,
    "operatingProfitMargin" : 26.86,
    "operatingProfit" : 45.80,
    "netProfitMargin" : 15.57,
    "netProfit" : 26.55
  }, {
    "date" : "2011-09-30",
    "sales" : 175.80,
    "salesGrowthYoY" : 43.37,
    "grossProfitMargin" : 37.22,
    "grossProfit" : 65.43,
    "operatingProfitMargin" : 25.11,
    "operatingProfit" : 44.14,
    "netProfitMargin" : 7.35,
    "netProfit" : 12.92
  }, {
    "date" : "2011-12-31",
    "sales" : 124.15,
    "salesGrowthYoY" : -13.93,
    "grossProfitMargin" : 50.81,
    "grossProfit" : 63.08,
    "operatingProfitMargin" : 31.80,
    "operatingProfit" : 39.48,
    "netProfitMargin" : 8.40,
    "netProfit" : 10.43
  }, {
    "date" : "2012-03-31",
    "sales" : 132.02,
    "salesGrowthYoY" : 28.75,
    "grossProfitMargin" : 44.96,
    "grossProfit" : 59.36,
    "operatingProfitMargin" : 21.56,
    "operatingProfit" : 28.46,
    "netProfitMargin" : 6.08,
    "netProfit" : 8.03
  }, {
    "date" : "2012-06-30",
    "sales" : 138.59,
    "salesGrowthYoY" : -18.72,
    "grossProfitMargin" : 104.54,
    "grossProfit" : 144.88,
    "operatingProfitMargin" : 30.07,
    "operatingProfit" : 41.67,
    "netProfitMargin" : 10.38,
    "netProfit" : 14.39
  }, {
    "date" : "2012-09-30",
    "sales" : 184.58,
    "salesGrowthYoY" : 4.99,
    "grossProfitMargin" : 55.39,
    "grossProfit" : 102.24,
    "operatingProfitMargin" : 25.71,
    "operatingProfit" : 47.46,
    "netProfitMargin" : 8.04,
    "netProfit" : 14.84
  }, {
    "date" : "2012-12-31",
    "sales" : 156.93,
    "salesGrowthYoY" : 26.40,
    "grossProfitMargin" : 61.79,
    "grossProfit" : 96.97,
    "operatingProfitMargin" : 29.63,
    "operatingProfit" : 46.50,
    "netProfitMargin" : 4.22,
    "netProfit" : 6.62
  }, {
    "date" : "2013-03-31",
    "sales" : 298.61,
    "salesGrowthYoY" : 126.19,
    "grossProfitMargin" : 36.50,
    "grossProfit" : 108.99,
    "operatingProfitMargin" : 23.87,
    "operatingProfit" : 71.28,
    "netProfitMargin" : 9.51,
    "netProfit" : 28.40
  }, {
    "date" : "2013-06-30",
    "sales" : 155.20,
    "salesGrowthYoY" : 11.98,
    "grossProfitMargin" : 46.14,
    "grossProfit" : 71.61,
    "operatingProfitMargin" : 28.86,
    "operatingProfit" : 44.79,
    "netProfitMargin" : 4.30,
    "netProfit" : 6.67
  }, {
    "date" : "2013-09-30",
    "sales" : 172.10,
    "salesGrowthYoY" : -6.76,
    "grossProfitMargin" : 87.04,
    "grossProfit" : 149.80,
    "operatingProfitMargin" : 33.66,
    "operatingProfit" : 57.93,
    "netProfitMargin" : 9.42,
    "netProfit" : 16.21
  }, {
    "date" : "2013-12-31",
    "sales" : 182.11,
    "salesGrowthYoY" : 16.05,
    "grossProfitMargin" : 64.60,
    "grossProfit" : 117.64,
    "operatingProfitMargin" : 37.13,
    "operatingProfit" : 67.62,
    "netProfitMargin" : 8.15,
    "netProfit" : 14.84
  }, {
    "date" : "2014-03-31",
    "sales" : 388.91,
    "salesGrowthYoY" : 30.24,
    "grossProfitMargin" : 46.10,
    "grossProfit" : 179.29,
    "operatingProfitMargin" : 26.50,
    "operatingProfit" : 103.06,
    "netProfitMargin" : 12.66,
    "netProfit" : 49.24
  }, {
    "date" : "2014-06-30",
    "sales" : 163.08,
    "salesGrowthYoY" : 5.08,
    "grossProfitMargin" : 66.24,
    "grossProfit" : 108.02,
    "operatingProfitMargin" : 33.33,
    "operatingProfit" : 54.35,
    "netProfitMargin" : 4.54,
    "netProfit" : 7.40
  }, {
    "date" : "2014-09-30",
    "sales" : 325.37,
    "salesGrowthYoY" : 89.06,
    "grossProfitMargin" : 49.28,
    "grossProfit" : 160.34,
    "operatingProfitMargin" : 27.31,
    "operatingProfit" : 88.86,
    "netProfitMargin" : 6.61,
    "netProfit" : 21.51
  }, {
    "date" : "2014-12-31",
    "sales" : 197.74,
    "salesGrowthYoY" : 8.58,
    "grossProfitMargin" : 56.79,
    "grossProfit" : 112.30,
    "operatingProfitMargin" : 29.61,
    "operatingProfit" : 58.55,
    "netProfitMargin" : 5.74,
    "netProfit" : 11.35
  }, {
    "date" : "2015-03-31",
    "sales" : 301.86,
    "salesGrowthYoY" : -22.38,
    "grossProfitMargin" : 62.23,
    "grossProfit" : 187.85,
    "operatingProfitMargin" : 30.98,
    "operatingProfit" : 93.52,
    "netProfitMargin" : 9.85,
    "netProfit" : 29.73
  }, {
    "date" : "2015-06-30",
    "sales" : 372.82,
    "salesGrowthYoY" : 128.61,
    "grossProfitMargin" : 82.42,
    "grossProfit" : 307.28,
    "operatingProfitMargin" : 24.06,
    "operatingProfit" : 89.70,
    "netProfitMargin" : 7.48,
    "netProfit" : 27.89
  }, {
    "date" : "2015-09-30",
    "sales" : 404.13,
    "salesGrowthYoY" : 24.21,
    "grossProfitMargin" : 126.89,
    "grossProfit" : 512.80,
    "operatingProfitMargin" : 26.16,
    "operatingProfit" : 105.72,
    "netProfitMargin" : 12.16,
    "netProfit" : 49.14
  }, {
    "date" : "2015-12-31",
    "sales" : 476.31,
    "salesGrowthYoY" : 140.88,
    "grossProfitMargin" : 69.12,
    "grossProfit" : 329.23,
    "operatingProfitMargin" : 20.13,
    "operatingProfit" : 95.88,
    "netProfitMargin" : 10.27,
    "netProfit" : 48.92
  }, {
    "date" : "2016-03-31",
    "sales" : 325.01,
    "salesGrowthYoY" : 7.67,
    "grossProfitMargin" : 113.69,
    "grossProfit" : 369.50,
    "operatingProfitMargin" : 24.40,
    "operatingProfit" : 79.30,
    "netProfitMargin" : 6.58,
    "netProfit" : 21.39
  }, {
    "date" : "2016-06-30",
    "sales" : 386.40,
    "salesGrowthYoY" : 3.64,
    "grossProfitMargin" : 85.80,
    "grossProfit" : 331.53,
    "operatingProfitMargin" : 24.79,
    "operatingProfit" : 95.79,
    "netProfitMargin" : 6.82,
    "netProfit" : 26.35
  }, {
    "date" : "2016-09-30",
    "sales" : 355.68,
    "salesGrowthYoY" : -11.99,
    "grossProfitMargin" : 89.93,
    "grossProfit" : 319.86,
    "operatingProfitMargin" : 29.24,
    "operatingProfit" : 104.00,
    "netProfitMargin" : 8.99,
    "netProfit" : 31.98
  }, {
    "date" : "2016-12-31",
    "sales" : 447.20,
    "salesGrowthYoY" : -6.11,
    "grossProfitMargin" : 78.09,
    "grossProfit" : 349.22,
    "operatingProfitMargin" : 22.53,
    "operatingProfit" : 100.75,
    "netProfitMargin" : 7.67,
    "netProfit" : 34.30
  }, {
    "date" : "2017-03-31",
    "sales" : 423.58,
    "salesGrowthYoY" : 30.33,
    "grossProfitMargin" : 86.27,
    "grossProfit" : 365.42,
    "operatingProfitMargin" : 32.01,
    "operatingProfit" : 135.59,
    "netProfitMargin" : 16.77,
    "netProfit" : 71.03
  }, {
    "date" : "2017-06-30",
    "sales" : 366.88,
    "salesGrowthYoY" : -5.05,
    "grossProfitMargin" : 97.03,
    "grossProfit" : 355.98,
    "operatingProfitMargin" : 22.34,
    "operatingProfit" : 81.96,
    "netProfitMargin" : 9.67,
    "netProfit" : 35.48
  }, {
    "date" : "2017-09-30",
    "sales" : 314.73,
    "salesGrowthYoY" : -11.51,
    "grossProfitMargin" : 44.81,
    "grossProfit" : 141.03,
    "operatingProfitMargin" : 28.80,
    "operatingProfit" : 90.64,
    "netProfitMargin" : 13.37,
    "netProfit" : 42.08
  }, {
    "date" : "2017-12-31",
    "sales" : 289.85,
    "salesGrowthYoY" : -35.19,
    "grossProfitMargin" : 62.62,
    "grossProfit" : 181.50,
    "operatingProfitMargin" : 43.43,
    "operatingProfit" : 125.88,
    "netProfitMargin" : 20.59,
    "netProfit" : 59.68
  }, {
    "date" : "2018-03-31",
    "sales" : 293.66,
    "salesGrowthYoY" : -30.67,
    "grossProfitMargin" : 59.73,
    "grossProfit" : 175.40,
    "operatingProfitMargin" : 34.91,
    "operatingProfit" : 102.52,
    "netProfitMargin" : 14.74,
    "netProfit" : 43.29
  }, {
    "date" : "2018-06-30",
    "sales" : 525.83,
    "salesGrowthYoY" : 43.32,
    "grossProfitMargin" : 36.94,
    "grossProfit" : 194.24,
    "operatingProfitMargin" : 25.17,
    "operatingProfit" : 132.35,
    "netProfitMargin" : 12.73,
    "netProfit" : 66.94
  }, {
    "date" : "2018-09-30",
    "sales" : 376.39,
    "salesGrowthYoY" : 19.59,
    "grossProfitMargin" : 44.84,
    "grossProfit" : 168.77,
    "operatingProfitMargin" : 26.37,
    "operatingProfit" : 99.25,
    "netProfitMargin" : 14.42,
    "netProfit" : 54.28
  }, {
    "date" : "2018-12-31",
    "sales" : 439.12,
    "salesGrowthYoY" : 51.50,
    "grossProfitMargin" : 41.38,
    "grossProfit" : 181.71,
    "operatingProfitMargin" : 24.51,
    "operatingProfit" : 107.63,
    "netProfitMargin" : 10.87,
    "netProfit" : 47.73
  }, {
    "date" : "2019-03-31",
    "sales" : 464.57,
    "salesGrowthYoY" : 58.20,
    "grossProfitMargin" : 44.92,
    "grossProfit" : 208.68,
    "operatingProfitMargin" : 30.72,
    "operatingProfit" : 142.72,
    "netProfitMargin" : 14.05,
    "netProfit" : 65.27
  }, {
    "date" : "2019-06-30",
    "sales" : 507.27,
    "salesGrowthYoY" : -3.53,
    "grossProfitMargin" : 63.58,
    "grossProfit" : 322.52,
    "operatingProfitMargin" : 25.69,
    "operatingProfit" : 130.32,
    "netProfitMargin" : 12.61,
    "netProfit" : 63.97
  }, {
    "date" : "2019-09-30",
    "sales" : 549.77,
    "salesGrowthYoY" : 46.06,
    "grossProfitMargin" : 39.34,
    "grossProfit" : 216.28,
    "operatingProfitMargin" : 27.19,
    "operatingProfit" : 149.48,
    "netProfitMargin" : 13.72,
    "netProfit" : 75.43
  }, {
    "date" : "2019-12-31",
    "sales" : 351.76,
    "salesGrowthYoY" : -19.89,
    "grossProfitMargin" : 87.66,
    "grossProfit" : 308.35,
    "operatingProfitMargin" : 31.81,
    "operatingProfit" : 111.89,
    "netProfitMargin" : 22.97,
    "netProfit" : 80.80
  }, {
    "date" : "2020-03-31",
    "sales" : 440.53,
    "salesGrowthYoY" : -5.17,
    "grossProfitMargin" : 102.93,
    "grossProfit" : 453.44,
    "operatingProfitMargin" : 22.51,
    "operatingProfit" : 99.16,
    "netProfitMargin" : 11.52,
    "netProfit" : 50.75
  }, {
    "date" : "2020-06-30",
    "sales" : 152.31,
    "salesGrowthYoY" : -69.97,
    "grossProfitMargin" : 94.42,
    "grossProfit" : 143.81,
    "operatingProfitMargin" : 24.80,
    "operatingProfit" : 37.77,
    "netProfitMargin" : -2.07,
    "netProfit" : -3.15
  }, {
    "date" : "2020-09-30",
    "sales" : 233.36,
    "salesGrowthYoY" : -57.55,
    "grossProfitMargin" : 97.11,
    "grossProfit" : 226.62,
    "operatingProfitMargin" : 32.38,
    "operatingProfit" : 75.56,
    "netProfitMargin" : 9.60,
    "netProfit" : 22.40
  }, {
    "date" : "2020-12-31",
    "sales" : 524.85,
    "salesGrowthYoY" : 49.21,
    "grossProfitMargin" : 111.60,
    "grossProfit" : 585.73,
    "operatingProfitMargin" : 23.76,
    "operatingProfit" : 124.70,
    "netProfitMargin" : 10.48,
    "netProfit" : 55.00
  }, {
    "date" : "2021-03-31",
    "sales" : 613.46,
    "salesGrowthYoY" : 39.25,
    "grossProfitMargin" : 103.60,
    "grossProfit" : 635.54,
    "operatingProfitMargin" : 26.79,
    "operatingProfit" : 164.35,
    "netProfitMargin" : 17.68,
    "netProfit" : 108.46
  }, {
    "date" : "2021-06-30",
    "sales" : 239.64,
    "salesGrowthYoY" : 57.34,
    "grossProfitMargin" : 98.40,
    "grossProfit" : 235.81,
    "operatingProfitMargin" : 26.20,
    "operatingProfit" : 62.79,
    "netProfitMargin" : 9.49,
    "netProfit" : 22.74
  }, {
    "date" : "2021-09-30",
    "sales" : 564.86,
    "salesGrowthYoY" : 142.06,
    "grossProfitMargin" : 89.22,
    "grossProfit" : 503.97,
    "operatingProfitMargin" : 22.80,
    "operatingProfit" : 128.79,
    "netProfitMargin" : 14.53,
    "netProfit" : 82.07
  }, {
    "date" : "2021-12-31",
    "sales" : 679.80,
    "salesGrowthYoY" : 29.52,
    "grossProfitMargin" : 67.43,
    "grossProfit" : 458.39,
    "operatingProfitMargin" : 27.14,
    "operatingProfit" : 184.50,
    "netProfitMargin" : 17.67,
    "netProfit" : 120.12
  }, {
    "date" : "2022-03-31",
    "sales" : 676.46,
    "salesGrowthYoY" : 10.27,
    "grossProfitMargin" : 138.42,
    "grossProfit" : 936.36,
    "operatingProfitMargin" : 20.77,
    "operatingProfit" : 140.50,
    "netProfitMargin" : 12.41,
    "netProfit" : 83.95
  }, {
    "date" : "2022-06-30",
    "sales" : 624.33,
    "salesGrowthYoY" : 160.53,
    "grossProfitMargin" : 73.96,
    "grossProfit" : 461.75,
    "operatingProfitMargin" : 22.05,
    "operatingProfit" : 137.66,
    "netProfitMargin" : 14.76,
    "netProfit" : 92.15
  }, {
    "date" : "2022-09-30",
    "sales" : 585.23,
    "salesGrowthYoY" : 3.61,
    "grossProfitMargin" : 76.80,
    "grossProfit" : 449.46,
    "operatingProfitMargin" : 22.07,
    "operatingProfit" : 129.16,
    "netProfitMargin" : 15.60,
    "netProfit" : 91.30
  }, {
    "date" : "2022-12-31",
    "sales" : 513.87,
    "salesGrowthYoY" : -24.41,
    "grossProfitMargin" : 90.25,
    "grossProfit" : 463.77,
    "operatingProfitMargin" : 20.74,
    "operatingProfit" : 106.58,
    "netProfitMargin" : 13.62,
    "netProfit" : 69.99
  }, {
    "date" : "2023-03-31",
    "sales" : 485.31,
    "salesGrowthYoY" : -28.26,
    "grossProfitMargin" : 247.60,
    "grossProfit" : 1201.63,
    "operatingProfitMargin" : 18.69,
    "operatingProfit" : 90.70,
    "netProfitMargin" : 21.62,
    "netProfit" : 104.92
  }, {
    "date" : "2023-06-30",
    "sales" : 315.79,
    "salesGrowthYoY" : -49.42,
    "grossProfitMargin" : 123.38,
    "grossProfit" : 389.62,
    "operatingProfitMargin" : 18.70,
    "operatingProfit" : 59.05,
    "netProfitMargin" : 12.22,
    "netProfit" : 38.59
  }, {
    "date" : "2023-09-30",
    "sales" : 438.26,
    "salesGrowthYoY" : -25.11,
    "grossProfitMargin" : 143.79,
    "grossProfit" : 630.17,
    "operatingProfitMargin" : 20.54,
    "operatingProfit" : 90.02,
    "netProfitMargin" : 16.43,
    "netProfit" : 72.01
  }, {
    "date" : "2023-12-31",
    "sales" : 413.85,
    "salesGrowthYoY" : -19.46,
    "grossProfitMargin" : 354.55,
    "grossProfit" : 1467.31,
    "operatingProfitMargin" : 21.12,
    "operatingProfit" : 87.41,
    "netProfitMargin" : 11.40,
    "netProfit" : 47.18
  }, {
    "date" : "2024-03-31",
    "sales" : 856.94,
    "salesGrowthYoY" : 76.58,
    "grossProfitMargin" : 77.58,
    "grossProfit" : 664.81,
    "operatingProfitMargin" : 25.20,
    "operatingProfit" : 215.95,
    "netProfitMargin" : 18.72,
    "netProfit" : 160.42
  }, {
    "date" : "2024-06-30",
    "sales" : 533.98,
    "salesGrowthYoY" : 69.09,
    "grossProfitMargin" : 114.96,
    "grossProfit" : 613.86,
    "operatingProfitMargin" : 20.70,
    "operatingProfit" : 110.53,
    "netProfitMargin" : 12.29,
    "netProfit" : 65.63
  }, {
    "date" : "2024-09-30",
    "sales" : 421.50,
    "salesGrowthYoY" : -3.82,
    "grossProfitMargin" : 119.81,
    "grossProfit" : 505.00,
    "operatingProfitMargin" : 17.15,
    "operatingProfit" : 72.29,
    "netProfitMargin" : 21.48,
    "netProfit" : 90.54
  }, {
    "date" : "2024-12-31",
    "sales" : 542.67,
    "salesGrowthYoY" : 31.13,
    "grossProfitMargin" : 117.12,
    "grossProfit" : 635.58,
    "operatingProfitMargin" : 19.65,
    "operatingProfit" : 106.63,
    "netProfitMargin" : 16.79,
    "netProfit" : 91.11
  }, {
    "date" : "2025-03-31",
    "sales" : 618.78,
    "salesGrowthYoY" : -27.79,
    "grossProfitMargin" : 194.24,
    "grossProfit" : 1201.92,
    "operatingProfitMargin" : 23.47,
    "operatingProfit" : 145.23,
    "netProfitMargin" : 33.62,
    "netProfit" : 208.03
  }, {
    "date" : "2025-06-30",
    "sales" : 436.01,
    "salesGrowthYoY" : -18.35,
    "grossProfitMargin" : 256.27,
    "grossProfit" : 1117.36,
    "operatingProfitMargin" : 10.87,
    "operatingProfit" : 47.39,
    "netProfitMargin" : 12.61,
    "netProfit" : 54.98
  }, {
    "date" : "2025-09-30",
    "sales" : 660.71,
    "salesGrowthYoY" : 56.75,
    "grossProfitMargin" : 112.82,
    "grossProfit" : 745.41,
    "operatingProfitMargin" : 4.68,
    "operatingProfit" : 30.92,
    "netProfitMargin" : 7.60,
    "netProfit" : 50.21
  } ],
  "latestQuarterlyResult" : {
    "date" : "2025-09-30",
    "sales" : 660.71,
    "salesGrowthYoY" : 56.75,
    "grossProfitMargin" : 112.82,
    "grossProfit" : 745.41,
    "operatingProfitMargin" : 4.68,
    "operatingProfit" : 30.92,
    "netProfitMargin" : 7.60,
    "netProfit" : 50.21
  },
  "companyScore" : {
    "priceHigherThanDma50" : 0.00,
    "priceHigherThanDma100" : 0.00,
    "priceHigherThanDma200" : 0.00,
    "dma50HigherThanDma100" : 0.00,
    "dma50HigherThanDma200" : 0.00,
    "dma100HigherThanDma200" : 0.00,
    "pricePercentageAboveDma50" : 5.30,
    "pricePercentageAboveDma100" : 5.42,
    "pricePercentageAboveDma200" : 5.65,
    "weeklyVolumeHigherThanYearlyVolume" : 5.00,
    "salesGrowthPercentile" : 16.18,
    "operatingProfitMarginPercentile" : 4.65,
    "netProfitMarginPercentile" : 5.44,
    "totalTechnicalScore" : 21.36,
    "totalFundamentalScore" : 26.27,
    "totalScore" : 47.63
  }
}