{
  "metadata" : {
    "screenerCompanyId" : "52",
    "companyCode" : "CARYSIL",
    "companyName" : "Carysil",
    "screenerCompanyLink" : "https://www.screener.in/company/CARYSIL/consolidated/",
    "screenerTechnicalHistoryLink" : "https://www.screener.in/api/company/52/chart/?q=Price-DMA50-DMA200-Volume&days=365",
    "screenerQuarterlyResultsLink" : "https://www.screener.in/api/company/52/chart/?q=GPM-OPM-NPM-Quarter+Sales&days=10000",
    "attributes" : {
      "companyCode" : "CARYSIL",
      "companyName" : "Carysil",
      "marketCap" : 2650.00,
      "peRatio" : 29.30,
      "description" : "Carysil is engaged in manufacturing and trading of Quartz Kitchen Sinks, Stainless Steel Kitchen Sinks, Bath Products, Tiles, Kitchen Appliances and Accessories.(Source : 201903 Annual Report Page No: 112)"
    },
    "companyScore" : {
      "priceHigherThanDma50" : 5.00,
      "priceHigherThanDma100" : 5.00,
      "priceHigherThanDma200" : 5.00,
      "dma50HigherThanDma100" : 0.00,
      "dma50HigherThanDma200" : 5.00,
      "dma100HigherThanDma200" : 5.00,
      "pricePercentageAboveDma50" : 4.63,
      "pricePercentageAboveDma100" : 4.84,
      "pricePercentageAboveDma200" : 4.57,
      "weeklyVolumeHigherThanYearlyVolume" : 5.00,
      "salesGrowthPercentile" : 8.50,
      "operatingProfitMarginPercentile" : 16.43,
      "netProfitMarginPercentile" : 8.57,
      "totalTechnicalScore" : 44.04,
      "totalFundamentalScore" : 33.50,
      "totalScore" : 77.54
    }
  },
  "attributes" : {
    "companyCode" : "CARYSIL",
    "companyName" : "Carysil",
    "marketCap" : 2650.00,
    "peRatio" : 29.30,
    "description" : "Carysil is engaged in manufacturing and trading of Quartz Kitchen Sinks, Stainless Steel Kitchen Sinks, Bath Products, Tiles, Kitchen Appliances and Accessories.(Source : 201903 Annual Report Page No: 112)"
  },
  "technicalHistory" : [ {
    "date" : "2025-02-07",
    "price" : 696.10,
    "dma50" : 730.69,
    "dma100" : null,
    "dma200" : 785.90,
    "volume" : 38231.00
  }, {
    "date" : "2025-02-10",
    "price" : 707.45,
    "dma50" : 729.78,
    "dma100" : null,
    "dma200" : 785.12,
    "volume" : 65092.00
  }, {
    "date" : "2025-02-11",
    "price" : 673.70,
    "dma50" : 727.58,
    "dma100" : null,
    "dma200" : 784.01,
    "volume" : 85086.00
  }, {
    "date" : "2025-02-12",
    "price" : 609.60,
    "dma50" : 722.96,
    "dma100" : null,
    "dma200" : 782.27,
    "volume" : 266114.00
  }, {
    "date" : "2025-02-13",
    "price" : 608.50,
    "dma50" : 718.47,
    "dma100" : null,
    "dma200" : 780.54,
    "volume" : 135592.00
  }, {
    "date" : "2025-02-14",
    "price" : 583.35,
    "dma50" : 713.17,
    "dma100" : null,
    "dma200" : 778.58,
    "volume" : 99230.00
  }, {
    "date" : "2025-02-17",
    "price" : 520.25,
    "dma50" : 705.60,
    "dma100" : null,
    "dma200" : 776.01,
    "volume" : 511129.00
  }, {
    "date" : "2025-02-18",
    "price" : 495.85,
    "dma50" : 697.38,
    "dma100" : null,
    "dma200" : 773.22,
    "volume" : 132385.00
  }, {
    "date" : "2025-02-19",
    "price" : 527.45,
    "dma50" : 690.71,
    "dma100" : null,
    "dma200" : 770.78,
    "volume" : 115038.00
  }, {
    "date" : "2025-02-20",
    "price" : 555.30,
    "dma50" : 685.40,
    "dma100" : null,
    "dma200" : 768.63,
    "volume" : 69138.00
  }, {
    "date" : "2025-02-21",
    "price" : 544.90,
    "dma50" : 679.89,
    "dma100" : null,
    "dma200" : 766.41,
    "volume" : 49526.00
  }, {
    "date" : "2025-02-24",
    "price" : 554.10,
    "dma50" : 674.96,
    "dma100" : null,
    "dma200" : 764.30,
    "volume" : 58040.00
  }, {
    "date" : "2025-02-25",
    "price" : 528.05,
    "dma50" : 669.20,
    "dma100" : null,
    "dma200" : 761.94,
    "volume" : 45309.00
  }, {
    "date" : "2025-02-27",
    "price" : 508.75,
    "dma50" : 662.91,
    "dma100" : null,
    "dma200" : 759.43,
    "volume" : 83928.00
  }, {
    "date" : "2025-02-28",
    "price" : 515.20,
    "dma50" : 657.11,
    "dma100" : null,
    "dma200" : 757.00,
    "volume" : 129149.00
  }, {
    "date" : "2025-03-03",
    "price" : 505.45,
    "dma50" : 651.17,
    "dma100" : null,
    "dma200" : 754.49,
    "volume" : 126408.00
  }, {
    "date" : "2025-03-04",
    "price" : 493.50,
    "dma50" : 644.98,
    "dma100" : null,
    "dma200" : 751.90,
    "volume" : 86014.00
  }, {
    "date" : "2025-03-05",
    "price" : 521.95,
    "dma50" : 640.16,
    "dma100" : null,
    "dma200" : 749.61,
    "volume" : 135151.00
  }, {
    "date" : "2025-03-06",
    "price" : 527.05,
    "dma50" : 635.72,
    "dma100" : null,
    "dma200" : 747.39,
    "volume" : 146028.00
  }, {
    "date" : "2025-03-07",
    "price" : 536.80,
    "dma50" : 631.84,
    "dma100" : null,
    "dma200" : 745.30,
    "volume" : 88520.00
  }, {
    "date" : "2025-03-10",
    "price" : 512.80,
    "dma50" : 627.18,
    "dma100" : null,
    "dma200" : 742.98,
    "volume" : 111503.00
  }, {
    "date" : "2025-03-11",
    "price" : 504.95,
    "dma50" : 622.38,
    "dma100" : null,
    "dma200" : 740.62,
    "volume" : 83259.00
  }, {
    "date" : "2025-03-12",
    "price" : 604.10,
    "dma50" : 621.67,
    "dma100" : null,
    "dma200" : 739.26,
    "volume" : 1372434.00
  }, {
    "date" : "2025-03-13",
    "price" : 619.85,
    "dma50" : 621.59,
    "dma100" : null,
    "dma200" : 738.07,
    "volume" : 1918243.00
  }, {
    "date" : "2025-03-17",
    "price" : 591.35,
    "dma50" : 620.41,
    "dma100" : null,
    "dma200" : 736.61,
    "volume" : 195212.00
  }, {
    "date" : "2025-03-18",
    "price" : 664.45,
    "dma50" : 622.14,
    "dma100" : null,
    "dma200" : 735.89,
    "volume" : 993560.00
  }, {
    "date" : "2025-03-19",
    "price" : 656.90,
    "dma50" : 623.50,
    "dma100" : null,
    "dma200" : 735.11,
    "volume" : 266611.00
  }, {
    "date" : "2025-03-20",
    "price" : 641.95,
    "dma50" : 624.22,
    "dma100" : null,
    "dma200" : 734.18,
    "volume" : 137833.00
  }, {
    "date" : "2025-03-21",
    "price" : 673.40,
    "dma50" : 626.15,
    "dma100" : null,
    "dma200" : 733.57,
    "volume" : 643221.00
  }, {
    "date" : "2025-03-24",
    "price" : 674.25,
    "dma50" : 628.04,
    "dma100" : null,
    "dma200" : 732.98,
    "volume" : 177390.00
  }, {
    "date" : "2025-03-25",
    "price" : 640.65,
    "dma50" : 628.53,
    "dma100" : null,
    "dma200" : 732.06,
    "volume" : 195735.00
  }, {
    "date" : "2025-03-26",
    "price" : 635.40,
    "dma50" : 628.80,
    "dma100" : null,
    "dma200" : 731.10,
    "volume" : 238396.00
  }, {
    "date" : "2025-03-27",
    "price" : 659.50,
    "dma50" : 630.00,
    "dma100" : null,
    "dma200" : 730.39,
    "volume" : 410960.00
  }, {
    "date" : "2025-03-28",
    "price" : 623.75,
    "dma50" : 629.76,
    "dma100" : null,
    "dma200" : 729.33,
    "volume" : 186087.00
  }, {
    "date" : "2025-04-01",
    "price" : 640.65,
    "dma50" : 630.19,
    "dma100" : null,
    "dma200" : 728.45,
    "volume" : 90286.00
  }, {
    "date" : "2025-04-02",
    "price" : 636.60,
    "dma50" : 630.44,
    "dma100" : null,
    "dma200" : 727.53,
    "volume" : 137610.00
  }, {
    "date" : "2025-04-03",
    "price" : 608.80,
    "dma50" : 629.59,
    "dma100" : null,
    "dma200" : 726.35,
    "volume" : 173549.00
  }, {
    "date" : "2025-04-04",
    "price" : 594.00,
    "dma50" : 628.19,
    "dma100" : null,
    "dma200" : 725.03,
    "volume" : 223872.00
  }, {
    "date" : "2025-04-07",
    "price" : 566.55,
    "dma50" : 625.78,
    "dma100" : null,
    "dma200" : 723.46,
    "volume" : 186004.00
  }, {
    "date" : "2025-04-08",
    "price" : 605.55,
    "dma50" : 624.98,
    "dma100" : null,
    "dma200" : 722.28,
    "volume" : 167000.00
  }, {
    "date" : "2025-04-09",
    "price" : 585.00,
    "dma50" : 623.42,
    "dma100" : null,
    "dma200" : 720.92,
    "volume" : 58526.00
  }, {
    "date" : "2025-04-11",
    "price" : 597.70,
    "dma50" : 622.41,
    "dma100" : null,
    "dma200" : 719.69,
    "volume" : 110573.00
  }, {
    "date" : "2025-04-15",
    "price" : 637.20,
    "dma50" : 622.99,
    "dma100" : null,
    "dma200" : 718.87,
    "volume" : 139459.00
  }, {
    "date" : "2025-04-16",
    "price" : 622.00,
    "dma50" : 622.95,
    "dma100" : null,
    "dma200" : 717.91,
    "volume" : 87571.00
  }, {
    "date" : "2025-04-17",
    "price" : 614.65,
    "dma50" : 622.62,
    "dma100" : null,
    "dma200" : 716.88,
    "volume" : 86549.00
  }, {
    "date" : "2025-04-21",
    "price" : 615.60,
    "dma50" : 622.35,
    "dma100" : null,
    "dma200" : 715.87,
    "volume" : 92758.00
  }, {
    "date" : "2025-04-22",
    "price" : 680.10,
    "dma50" : 624.61,
    "dma100" : null,
    "dma200" : 715.52,
    "volume" : 777504.00
  }, {
    "date" : "2025-04-23",
    "price" : 662.05,
    "dma50" : 626.08,
    "dma100" : null,
    "dma200" : 714.98,
    "volume" : 163682.00
  }, {
    "date" : "2025-04-24",
    "price" : 656.70,
    "dma50" : 627.28,
    "dma100" : null,
    "dma200" : 714.40,
    "volume" : 128375.00
  }, {
    "date" : "2025-04-25",
    "price" : 632.30,
    "dma50" : 627.48,
    "dma100" : null,
    "dma200" : 713.59,
    "volume" : 111387.00
  }, {
    "date" : "2025-04-28",
    "price" : 631.85,
    "dma50" : 627.65,
    "dma100" : null,
    "dma200" : 712.77,
    "volume" : 143681.00
  }, {
    "date" : "2025-04-29",
    "price" : 618.80,
    "dma50" : 627.30,
    "dma100" : null,
    "dma200" : 711.84,
    "volume" : 130085.00
  }, {
    "date" : "2025-04-30",
    "price" : 606.65,
    "dma50" : 626.49,
    "dma100" : null,
    "dma200" : 710.79,
    "volume" : 62631.00
  }, {
    "date" : "2025-05-02",
    "price" : 599.10,
    "dma50" : 625.42,
    "dma100" : null,
    "dma200" : 709.68,
    "volume" : 56660.00
  }, {
    "date" : "2025-05-05",
    "price" : 608.15,
    "dma50" : 624.74,
    "dma100" : null,
    "dma200" : 708.67,
    "volume" : 64963.00
  }, {
    "date" : "2025-05-06",
    "price" : 602.95,
    "dma50" : 623.89,
    "dma100" : null,
    "dma200" : 707.62,
    "volume" : 127997.00
  }, {
    "date" : "2025-05-07",
    "price" : 610.50,
    "dma50" : 623.36,
    "dma100" : null,
    "dma200" : 706.65,
    "volume" : 77333.00
  }, {
    "date" : "2025-05-08",
    "price" : 613.85,
    "dma50" : 622.99,
    "dma100" : null,
    "dma200" : 705.73,
    "volume" : 55494.00
  }, {
    "date" : "2025-05-09",
    "price" : 612.10,
    "dma50" : 622.56,
    "dma100" : null,
    "dma200" : 704.80,
    "volume" : 56848.00
  }, {
    "date" : "2025-05-12",
    "price" : 634.05,
    "dma50" : 623.01,
    "dma100" : null,
    "dma200" : 704.09,
    "volume" : 89764.00
  }, {
    "date" : "2025-05-13",
    "price" : 645.70,
    "dma50" : 623.90,
    "dma100" : null,
    "dma200" : 703.51,
    "volume" : 43244.00
  }, {
    "date" : "2025-05-14",
    "price" : 651.60,
    "dma50" : 624.99,
    "dma100" : null,
    "dma200" : 703.00,
    "volume" : 67687.00
  }, {
    "date" : "2025-05-15",
    "price" : 649.15,
    "dma50" : 625.94,
    "dma100" : null,
    "dma200" : 702.46,
    "volume" : 44049.00
  }, {
    "date" : "2025-05-16",
    "price" : 650.05,
    "dma50" : 626.88,
    "dma100" : null,
    "dma200" : 701.94,
    "volume" : 126087.00
  }, {
    "date" : "2025-05-19",
    "price" : 664.35,
    "dma50" : 628.35,
    "dma100" : null,
    "dma200" : 701.56,
    "volume" : 105718.00
  }, {
    "date" : "2025-05-20",
    "price" : 647.35,
    "dma50" : 629.10,
    "dma100" : null,
    "dma200" : 701.03,
    "volume" : 162905.00
  }, {
    "date" : "2025-05-21",
    "price" : 681.45,
    "dma50" : 631.15,
    "dma100" : null,
    "dma200" : 700.83,
    "volume" : 397746.00
  }, {
    "date" : "2025-05-22",
    "price" : 780.50,
    "dma50" : 637.01,
    "dma100" : null,
    "dma200" : 701.62,
    "volume" : 2265505.00
  }, {
    "date" : "2025-05-23",
    "price" : 767.75,
    "dma50" : 642.13,
    "dma100" : null,
    "dma200" : 702.28,
    "volume" : 393029.00
  }, {
    "date" : "2025-05-26",
    "price" : 769.80,
    "dma50" : 647.14,
    "dma100" : null,
    "dma200" : 702.95,
    "volume" : 142872.00
  }, {
    "date" : "2025-05-27",
    "price" : 790.45,
    "dma50" : 652.76,
    "dma100" : null,
    "dma200" : 703.82,
    "volume" : 277733.00
  }, {
    "date" : "2025-05-28",
    "price" : 798.05,
    "dma50" : 658.46,
    "dma100" : null,
    "dma200" : 704.76,
    "volume" : 246667.00
  }, {
    "date" : "2025-05-29",
    "price" : 783.90,
    "dma50" : 663.38,
    "dma100" : null,
    "dma200" : 705.55,
    "volume" : 96565.00
  }, {
    "date" : "2025-05-30",
    "price" : 827.90,
    "dma50" : 669.83,
    "dma100" : null,
    "dma200" : 706.77,
    "volume" : 415594.00
  }, {
    "date" : "2025-06-02",
    "price" : 893.95,
    "dma50" : 678.62,
    "dma100" : null,
    "dma200" : 708.63,
    "volume" : 862881.00
  }, {
    "date" : "2025-06-03",
    "price" : 873.60,
    "dma50" : 686.26,
    "dma100" : null,
    "dma200" : 710.27,
    "volume" : 219154.00
  }, {
    "date" : "2025-06-04",
    "price" : 888.25,
    "dma50" : 694.18,
    "dma100" : null,
    "dma200" : 712.04,
    "volume" : 128316.00
  }, {
    "date" : "2025-06-05",
    "price" : 877.15,
    "dma50" : 701.36,
    "dma100" : null,
    "dma200" : 713.68,
    "volume" : 104996.00
  }, {
    "date" : "2025-06-06",
    "price" : 871.25,
    "dma50" : 708.02,
    "dma100" : null,
    "dma200" : 715.25,
    "volume" : 91345.00
  }, {
    "date" : "2025-06-09",
    "price" : 913.40,
    "dma50" : 716.08,
    "dma100" : null,
    "dma200" : 717.22,
    "volume" : 285264.00
  }, {
    "date" : "2025-06-10",
    "price" : 912.70,
    "dma50" : 723.79,
    "dma100" : null,
    "dma200" : 719.17,
    "volume" : 124276.00
  }, {
    "date" : "2025-06-11",
    "price" : 899.10,
    "dma50" : 730.66,
    "dma100" : null,
    "dma200" : 720.96,
    "volume" : 113250.00
  }, {
    "date" : "2025-06-12",
    "price" : 899.00,
    "dma50" : 737.26,
    "dma100" : null,
    "dma200" : 722.73,
    "volume" : 98412.00
  }, {
    "date" : "2025-06-13",
    "price" : 929.15,
    "dma50" : 744.79,
    "dma100" : null,
    "dma200" : 724.78,
    "volume" : 257723.00
  }, {
    "date" : "2025-06-16",
    "price" : 915.00,
    "dma50" : 751.46,
    "dma100" : null,
    "dma200" : 726.68,
    "volume" : 181812.00
  }, {
    "date" : "2025-06-17",
    "price" : 873.45,
    "dma50" : 756.25,
    "dma100" : null,
    "dma200" : 728.14,
    "volume" : 177169.00
  }, {
    "date" : "2025-06-18",
    "price" : 871.70,
    "dma50" : 760.77,
    "dma100" : null,
    "dma200" : 729.57,
    "volume" : 113240.00
  }, {
    "date" : "2025-06-19",
    "price" : 860.35,
    "dma50" : 764.68,
    "dma100" : null,
    "dma200" : 730.87,
    "volume" : 153971.00
  }, {
    "date" : "2025-06-20",
    "price" : 862.35,
    "dma50" : 768.51,
    "dma100" : null,
    "dma200" : 732.18,
    "volume" : 124137.00
  }, {
    "date" : "2025-06-23",
    "price" : 854.10,
    "dma50" : 771.87,
    "dma100" : null,
    "dma200" : 733.39,
    "volume" : 51543.00
  }, {
    "date" : "2025-06-24",
    "price" : 887.25,
    "dma50" : 776.39,
    "dma100" : null,
    "dma200" : 734.92,
    "volume" : 117874.00
  }, {
    "date" : "2025-06-25",
    "price" : 875.60,
    "dma50" : 780.28,
    "dma100" : null,
    "dma200" : 736.32,
    "volume" : 88542.00
  }, {
    "date" : "2025-06-26",
    "price" : 854.75,
    "dma50" : 783.20,
    "dma100" : null,
    "dma200" : 737.50,
    "volume" : 75472.00
  }, {
    "date" : "2025-06-27",
    "price" : 870.20,
    "dma50" : 786.61,
    "dma100" : null,
    "dma200" : 738.82,
    "volume" : 88853.00
  }, {
    "date" : "2025-06-30",
    "price" : 869.85,
    "dma50" : 789.88,
    "dma100" : null,
    "dma200" : 740.12,
    "volume" : 100792.00
  }, {
    "date" : "2025-07-01",
    "price" : 872.90,
    "dma50" : 793.13,
    "dma100" : null,
    "dma200" : 741.44,
    "volume" : 60980.00
  }, {
    "date" : "2025-07-02",
    "price" : 873.35,
    "dma50" : 796.28,
    "dma100" : null,
    "dma200" : 742.76,
    "volume" : 60921.00
  }, {
    "date" : "2025-07-03",
    "price" : 903.30,
    "dma50" : 800.48,
    "dma100" : null,
    "dma200" : 744.35,
    "volume" : 189997.00
  }, {
    "date" : "2025-07-04",
    "price" : 888.00,
    "dma50" : 803.91,
    "dma100" : null,
    "dma200" : 745.78,
    "volume" : 110112.00
  }, {
    "date" : "2025-07-07",
    "price" : 830.15,
    "dma50" : 804.94,
    "dma100" : null,
    "dma200" : 746.62,
    "volume" : 285622.00
  }, {
    "date" : "2025-07-08",
    "price" : 829.00,
    "dma50" : 805.88,
    "dma100" : 691.71,
    "dma200" : 747.44,
    "volume" : 139365.00
  }, {
    "date" : "2025-07-09",
    "price" : 849.35,
    "dma50" : 807.59,
    "dma100" : 693.13,
    "dma200" : 748.46,
    "volume" : 96752.00
  }, {
    "date" : "2025-07-10",
    "price" : 856.60,
    "dma50" : 809.51,
    "dma100" : 694.96,
    "dma200" : 749.53,
    "volume" : 54335.00
  }, {
    "date" : "2025-07-11",
    "price" : 850.10,
    "dma50" : 811.10,
    "dma100" : 697.36,
    "dma200" : 750.53,
    "volume" : 38806.00
  }, {
    "date" : "2025-07-14",
    "price" : 852.20,
    "dma50" : 812.71,
    "dma100" : 699.80,
    "dma200" : 751.54,
    "volume" : 48764.00
  }, {
    "date" : "2025-07-15",
    "price" : 869.65,
    "dma50" : 814.94,
    "dma100" : 702.66,
    "dma200" : 752.72,
    "volume" : 60329.00
  }, {
    "date" : "2025-07-16",
    "price" : 876.30,
    "dma50" : 817.35,
    "dma100" : 706.22,
    "dma200" : 753.95,
    "volume" : 43786.00
  }, {
    "date" : "2025-07-17",
    "price" : 897.70,
    "dma50" : 820.50,
    "dma100" : 710.24,
    "dma200" : 755.38,
    "volume" : 133663.00
  }, {
    "date" : "2025-07-18",
    "price" : 876.90,
    "dma50" : 822.71,
    "dma100" : 713.73,
    "dma200" : 756.59,
    "volume" : 49429.00
  }, {
    "date" : "2025-07-21",
    "price" : 880.15,
    "dma50" : 824.97,
    "dma100" : 716.98,
    "dma200" : 757.82,
    "volume" : 65328.00
  }, {
    "date" : "2025-07-22",
    "price" : 891.75,
    "dma50" : 827.58,
    "dma100" : 720.45,
    "dma200" : 759.15,
    "volume" : 88650.00
  }, {
    "date" : "2025-07-23",
    "price" : 922.35,
    "dma50" : 831.30,
    "dma100" : 724.13,
    "dma200" : 760.77,
    "volume" : 187677.00
  }, {
    "date" : "2025-07-24",
    "price" : 909.05,
    "dma50" : 834.35,
    "dma100" : 727.94,
    "dma200" : 762.25,
    "volume" : 171551.00
  }, {
    "date" : "2025-07-25",
    "price" : 878.80,
    "dma50" : 836.09,
    "dma100" : 731.64,
    "dma200" : 763.41,
    "volume" : 96802.00
  }, {
    "date" : "2025-07-28",
    "price" : 873.25,
    "dma50" : 837.55,
    "dma100" : 735.22,
    "dma200" : 764.50,
    "volume" : 79805.00
  }, {
    "date" : "2025-07-29",
    "price" : 896.05,
    "dma50" : 839.84,
    "dma100" : 739.13,
    "dma200" : 765.81,
    "volume" : 153897.00
  }, {
    "date" : "2025-07-30",
    "price" : 899.90,
    "dma50" : 842.20,
    "dma100" : 743.19,
    "dma200" : 767.15,
    "volume" : 132929.00
  }, {
    "date" : "2025-07-31",
    "price" : 886.65,
    "dma50" : 843.94,
    "dma100" : 746.84,
    "dma200" : 768.33,
    "volume" : 105859.00
  }, {
    "date" : "2025-08-01",
    "price" : 837.35,
    "dma50" : 843.68,
    "dma100" : 749.94,
    "dma200" : 769.02,
    "volume" : 115753.00
  }, {
    "date" : "2025-08-04",
    "price" : 838.60,
    "dma50" : 843.48,
    "dma100" : 752.96,
    "dma200" : 769.71,
    "volume" : 177086.00
  }, {
    "date" : "2025-08-05",
    "price" : 812.05,
    "dma50" : 842.25,
    "dma100" : 755.96,
    "dma200" : 770.13,
    "volume" : 101375.00
  }, {
    "date" : "2025-08-06",
    "price" : 799.80,
    "dma50" : 840.59,
    "dma100" : 758.90,
    "dma200" : 770.43,
    "volume" : 79870.00
  }, {
    "date" : "2025-08-07",
    "price" : 793.90,
    "dma50" : 838.76,
    "dma100" : 760.80,
    "dma200" : 770.66,
    "volume" : 100192.00
  }, {
    "date" : "2025-08-08",
    "price" : 784.20,
    "dma50" : 836.62,
    "dma100" : 762.45,
    "dma200" : 770.80,
    "volume" : 50403.00
  }, {
    "date" : "2025-08-11",
    "price" : 783.90,
    "dma50" : 834.55,
    "dma100" : 764.37,
    "dma200" : 770.93,
    "volume" : 106068.00
  }, {
    "date" : "2025-08-12",
    "price" : 798.15,
    "dma50" : 833.12,
    "dma100" : 765.71,
    "dma200" : 771.20,
    "volume" : 576707.00
  }, {
    "date" : "2025-08-13",
    "price" : 795.75,
    "dma50" : 831.66,
    "dma100" : 767.10,
    "dma200" : 771.44,
    "volume" : 563575.00
  }, {
    "date" : "2025-08-14",
    "price" : 826.90,
    "dma50" : 831.47,
    "dma100" : 768.95,
    "dma200" : 772.00,
    "volume" : 383605.00
  }, {
    "date" : "2025-08-18",
    "price" : 884.95,
    "dma50" : 833.57,
    "dma100" : 771.06,
    "dma200" : 773.12,
    "volume" : 310616.00
  }, {
    "date" : "2025-08-19",
    "price" : 906.30,
    "dma50" : 836.42,
    "dma100" : 773.38,
    "dma200" : 774.44,
    "volume" : 229074.00
  }, {
    "date" : "2025-08-20",
    "price" : 914.35,
    "dma50" : 839.48,
    "dma100" : 776.12,
    "dma200" : 775.84,
    "volume" : 118641.00
  }, {
    "date" : "2025-08-21",
    "price" : 898.00,
    "dma50" : 841.77,
    "dma100" : 778.74,
    "dma200" : 777.05,
    "volume" : 144038.00
  }, {
    "date" : "2025-08-22",
    "price" : 894.90,
    "dma50" : 843.85,
    "dma100" : 781.10,
    "dma200" : 778.22,
    "volume" : 82601.00
  }, {
    "date" : "2025-08-25",
    "price" : 860.40,
    "dma50" : 844.50,
    "dma100" : 783.47,
    "dma200" : 779.04,
    "volume" : 145097.00
  }, {
    "date" : "2025-08-26",
    "price" : 850.20,
    "dma50" : 844.73,
    "dma100" : 785.56,
    "dma200" : 779.75,
    "volume" : 76433.00
  }, {
    "date" : "2025-08-28",
    "price" : 839.80,
    "dma50" : 844.53,
    "dma100" : 787.59,
    "dma200" : 780.35,
    "volume" : 52652.00
  }, {
    "date" : "2025-08-29",
    "price" : 859.75,
    "dma50" : 845.13,
    "dma100" : 790.10,
    "dma200" : 781.14,
    "volume" : 95584.00
  }, {
    "date" : "2025-09-01",
    "price" : 862.60,
    "dma50" : 845.82,
    "dma100" : 792.79,
    "dma200" : 781.95,
    "volume" : 50942.00
  }, {
    "date" : "2025-09-02",
    "price" : 904.25,
    "dma50" : 848.11,
    "dma100" : 796.17,
    "dma200" : 783.17,
    "volume" : 215109.00
  }, {
    "date" : "2025-09-03",
    "price" : 897.95,
    "dma50" : 850.06,
    "dma100" : 799.09,
    "dma200" : 784.31,
    "volume" : 66017.00
  }, {
    "date" : "2025-09-04",
    "price" : 894.40,
    "dma50" : 851.80,
    "dma100" : 802.18,
    "dma200" : 785.40,
    "volume" : 204766.00
  }, {
    "date" : "2025-09-05",
    "price" : 959.40,
    "dma50" : 856.02,
    "dma100" : 805.80,
    "dma200" : 787.13,
    "volume" : 678935.00
  }, {
    "date" : "2025-09-08",
    "price" : 943.35,
    "dma50" : 859.44,
    "dma100" : 808.86,
    "dma200" : 788.69,
    "volume" : 331345.00
  }, {
    "date" : "2025-09-09",
    "price" : 935.25,
    "dma50" : 862.42,
    "dma100" : 811.99,
    "dma200" : 790.15,
    "volume" : 163712.00
  }, {
    "date" : "2025-09-10",
    "price" : 941.60,
    "dma50" : 865.52,
    "dma100" : 815.26,
    "dma200" : 791.65,
    "volume" : 341284.00
  }, {
    "date" : "2025-09-11",
    "price" : 956.90,
    "dma50" : 869.11,
    "dma100" : 818.68,
    "dma200" : 793.30,
    "volume" : 143462.00
  }, {
    "date" : "2025-09-12",
    "price" : 942.90,
    "dma50" : 872.00,
    "dma100" : 821.30,
    "dma200" : 794.79,
    "volume" : 360817.00
  }, {
    "date" : "2025-09-15",
    "price" : 934.75,
    "dma50" : 874.46,
    "dma100" : 824.03,
    "dma200" : 796.18,
    "volume" : 96908.00
  }, {
    "date" : "2025-09-16",
    "price" : 932.70,
    "dma50" : 876.74,
    "dma100" : 826.79,
    "dma200" : 797.54,
    "volume" : 88989.00
  }, {
    "date" : "2025-09-17",
    "price" : 904.30,
    "dma50" : 877.83,
    "dma100" : 829.51,
    "dma200" : 798.60,
    "volume" : 243900.00
  }, {
    "date" : "2025-09-18",
    "price" : 916.55,
    "dma50" : 879.34,
    "dma100" : 832.36,
    "dma200" : 799.77,
    "volume" : 135058.00
  }, {
    "date" : "2025-09-19",
    "price" : 917.55,
    "dma50" : 880.84,
    "dma100" : 835.35,
    "dma200" : 800.95,
    "volume" : 79232.00
  }, {
    "date" : "2025-09-22",
    "price" : 896.70,
    "dma50" : 881.46,
    "dma100" : 838.25,
    "dma200" : 801.90,
    "volume" : 133251.00
  }, {
    "date" : "2025-09-23",
    "price" : 885.35,
    "dma50" : 881.62,
    "dma100" : 841.11,
    "dma200" : 802.73,
    "volume" : 66142.00
  }, {
    "date" : "2025-09-24",
    "price" : 880.40,
    "dma50" : 881.57,
    "dma100" : 843.83,
    "dma200" : 803.50,
    "volume" : 154462.00
  }, {
    "date" : "2025-09-25",
    "price" : 850.15,
    "dma50" : 880.34,
    "dma100" : 846.30,
    "dma200" : 803.97,
    "volume" : 260903.00
  }, {
    "date" : "2025-09-26",
    "price" : 808.90,
    "dma50" : 877.53,
    "dma100" : 848.29,
    "dma200" : 804.02,
    "volume" : 801848.00
  }, {
    "date" : "2025-09-29",
    "price" : 830.85,
    "dma50" : 875.70,
    "dma100" : 850.46,
    "dma200" : 804.28,
    "volume" : 261700.00
  }, {
    "date" : "2025-09-30",
    "price" : 842.45,
    "dma50" : 874.40,
    "dma100" : 852.76,
    "dma200" : 804.66,
    "volume" : 129528.00
  }, {
    "date" : "2025-10-01",
    "price" : 856.35,
    "dma50" : 873.69,
    "dma100" : 854.98,
    "dma200" : 805.18,
    "volume" : 81111.00
  }, {
    "date" : "2025-10-03",
    "price" : 879.75,
    "dma50" : 873.93,
    "dma100" : 857.32,
    "dma200" : 805.92,
    "volume" : 158548.00
  }, {
    "date" : "2025-10-06",
    "price" : 870.40,
    "dma50" : 873.79,
    "dma100" : 859.51,
    "dma200" : 806.56,
    "volume" : 64186.00
  }, {
    "date" : "2025-10-07",
    "price" : 878.45,
    "dma50" : 873.97,
    "dma100" : 861.81,
    "dma200" : 807.28,
    "volume" : 151365.00
  }, {
    "date" : "2025-10-08",
    "price" : 885.55,
    "dma50" : 874.43,
    "dma100" : 864.16,
    "dma200" : 808.05,
    "volume" : 170948.00
  }, {
    "date" : "2025-10-09",
    "price" : 920.75,
    "dma50" : 876.24,
    "dma100" : 866.72,
    "dma200" : 809.18,
    "volume" : 243747.00
  }, {
    "date" : "2025-10-10",
    "price" : 930.45,
    "dma50" : 878.37,
    "dma100" : 869.56,
    "dma200" : 810.38,
    "volume" : 110255.00
  }, {
    "date" : "2025-10-13",
    "price" : 920.95,
    "dma50" : 880.04,
    "dma100" : 871.95,
    "dma200" : 811.48,
    "volume" : 104374.00
  }, {
    "date" : "2025-10-14",
    "price" : 892.40,
    "dma50" : 880.52,
    "dma100" : 873.07,
    "dma200" : 812.29,
    "volume" : 93983.00
  }, {
    "date" : "2025-10-15",
    "price" : 889.20,
    "dma50" : 880.87,
    "dma100" : 874.28,
    "dma200" : 813.05,
    "volume" : 48262.00
  }, {
    "date" : "2025-10-16",
    "price" : 903.45,
    "dma50" : 881.75,
    "dma100" : 875.62,
    "dma200" : 813.95,
    "volume" : 62879.00
  }, {
    "date" : "2025-10-17",
    "price" : 910.35,
    "dma50" : 882.87,
    "dma100" : 876.82,
    "dma200" : 814.91,
    "volume" : 82805.00
  }, {
    "date" : "2025-10-20",
    "price" : 913.30,
    "dma50" : 884.07,
    "dma100" : 877.97,
    "dma200" : 815.89,
    "volume" : 60076.00
  }, {
    "date" : "2025-10-21",
    "price" : 916.85,
    "dma50" : 885.35,
    "dma100" : 879.30,
    "dma200" : 816.90,
    "volume" : 22942.00
  }, {
    "date" : "2025-10-23",
    "price" : 908.30,
    "dma50" : 886.25,
    "dma100" : 880.11,
    "dma200" : 817.80,
    "volume" : 54793.00
  }, {
    "date" : "2025-10-24",
    "price" : 915.75,
    "dma50" : 887.41,
    "dma100" : 880.32,
    "dma200" : 818.78,
    "volume" : 143428.00
  }, {
    "date" : "2025-10-27",
    "price" : 908.20,
    "dma50" : 888.22,
    "dma100" : 880.67,
    "dma200" : 819.67,
    "volume" : 68979.00
  }, {
    "date" : "2025-10-28",
    "price" : 906.95,
    "dma50" : 888.96,
    "dma100" : 880.86,
    "dma200" : 820.54,
    "volume" : 64712.00
  }, {
    "date" : "2025-10-29",
    "price" : 911.15,
    "dma50" : 889.83,
    "dma100" : 881.20,
    "dma200" : 821.44,
    "volume" : 55407.00
  }, {
    "date" : "2025-10-30",
    "price" : 950.40,
    "dma50" : 892.20,
    "dma100" : 881.99,
    "dma200" : 822.72,
    "volume" : 251277.00
  }, {
    "date" : "2025-10-31",
    "price" : 935.45,
    "dma50" : 893.90,
    "dma100" : 882.21,
    "dma200" : 823.84,
    "volume" : 122818.00
  }, {
    "date" : "2025-11-03",
    "price" : 987.30,
    "dma50" : 897.56,
    "dma100" : 882.95,
    "dma200" : 825.47,
    "volume" : 409145.00
  }, {
    "date" : "2025-11-04",
    "price" : 981.60,
    "dma50" : 900.86,
    "dma100" : 883.78,
    "dma200" : 827.02,
    "volume" : 174407.00
  }, {
    "date" : "2025-11-06",
    "price" : 940.75,
    "dma50" : 902.42,
    "dma100" : 884.20,
    "dma200" : 828.16,
    "volume" : 222938.00
  }, {
    "date" : "2025-11-07",
    "price" : 947.30,
    "dma50" : 904.18,
    "dma100" : 884.38,
    "dma200" : 829.34,
    "volume" : 158046.00
  }, {
    "date" : "2025-11-10",
    "price" : 979.70,
    "dma50" : 907.14,
    "dma100" : 885.03,
    "dma200" : 830.84,
    "volume" : 901124.00
  }, {
    "date" : "2025-11-11",
    "price" : 980.30,
    "dma50" : 910.01,
    "dma100" : 886.09,
    "dma200" : 832.32,
    "volume" : 216909.00
  }, {
    "date" : "2025-11-12",
    "price" : 1029.15,
    "dma50" : 914.68,
    "dma100" : 887.67,
    "dma200" : 834.28,
    "volume" : 773690.00
  }, {
    "date" : "2025-11-13",
    "price" : 1033.70,
    "dma50" : 919.35,
    "dma100" : 889.40,
    "dma200" : 836.27,
    "volume" : 197734.00
  }, {
    "date" : "2025-11-14",
    "price" : 1036.05,
    "dma50" : 923.93,
    "dma100" : 891.14,
    "dma200" : 838.25,
    "volume" : 91871.00
  }, {
    "date" : "2025-11-17",
    "price" : 1034.80,
    "dma50" : 928.28,
    "dma100" : 892.95,
    "dma200" : 840.21,
    "volume" : 149875.00
  }, {
    "date" : "2025-11-18",
    "price" : 1037.95,
    "dma50" : 932.58,
    "dma100" : 894.45,
    "dma200" : 842.18,
    "volume" : 84131.00
  }, {
    "date" : "2025-11-19",
    "price" : 1022.20,
    "dma50" : 936.09,
    "dma100" : 895.92,
    "dma200" : 843.97,
    "volume" : 148808.00
  }, {
    "date" : "2025-11-20",
    "price" : 1011.65,
    "dma50" : 939.05,
    "dma100" : 897.49,
    "dma200" : 845.64,
    "volume" : 81958.00
  }, {
    "date" : "2025-11-21",
    "price" : 991.60,
    "dma50" : 941.12,
    "dma100" : 898.70,
    "dma200" : 847.09,
    "volume" : 118977.00
  }, {
    "date" : "2025-11-24",
    "price" : 958.00,
    "dma50" : 941.78,
    "dma100" : 899.58,
    "dma200" : 848.19,
    "volume" : 139472.00
  }, {
    "date" : "2025-11-25",
    "price" : 958.85,
    "dma50" : 942.45,
    "dma100" : 900.44,
    "dma200" : 849.29,
    "volume" : 104514.00
  }, {
    "date" : "2025-11-26",
    "price" : 1000.10,
    "dma50" : 944.71,
    "dma100" : 901.71,
    "dma200" : 850.80,
    "volume" : 153158.00
  }, {
    "date" : "2025-11-27",
    "price" : 1020.80,
    "dma50" : 947.69,
    "dma100" : 902.89,
    "dma200" : 852.49,
    "volume" : 233640.00
  }, {
    "date" : "2025-11-28",
    "price" : 1012.85,
    "dma50" : 950.25,
    "dma100" : 904.13,
    "dma200" : 854.08,
    "volume" : 56998.00
  }, {
    "date" : "2025-12-01",
    "price" : 1021.00,
    "dma50" : 953.02,
    "dma100" : 906.04,
    "dma200" : 855.74,
    "volume" : 199294.00
  }, {
    "date" : "2025-12-02",
    "price" : 996.20,
    "dma50" : 954.71,
    "dma100" : 907.71,
    "dma200" : 857.14,
    "volume" : 71363.00
  }, {
    "date" : "2025-12-03",
    "price" : 970.70,
    "dma50" : 955.34,
    "dma100" : 908.93,
    "dma200" : 858.27,
    "volume" : 76020.00
  }, {
    "date" : "2025-12-04",
    "price" : 964.80,
    "dma50" : 955.71,
    "dma100" : 910.01,
    "dma200" : 859.33,
    "volume" : 61470.00
  }, {
    "date" : "2025-12-05",
    "price" : 937.20,
    "dma50" : 954.99,
    "dma100" : 910.88,
    "dma200" : 860.11,
    "volume" : 64978.00
  }, {
    "date" : "2025-12-08",
    "price" : 913.70,
    "dma50" : 953.37,
    "dma100" : 911.50,
    "dma200" : 860.64,
    "volume" : 111227.00
  }, {
    "date" : "2025-12-09",
    "price" : 936.80,
    "dma50" : 952.72,
    "dma100" : 912.17,
    "dma200" : 861.40,
    "volume" : 85235.00
  }, {
    "date" : "2025-12-10",
    "price" : 935.50,
    "dma50" : 952.04,
    "dma100" : 912.76,
    "dma200" : 862.13,
    "volume" : 65471.00
  }, {
    "date" : "2025-12-11",
    "price" : 940.20,
    "dma50" : 951.58,
    "dma100" : 913.18,
    "dma200" : 862.91,
    "volume" : 43978.00
  }, {
    "date" : "2025-12-12",
    "price" : 927.70,
    "dma50" : 950.64,
    "dma100" : 913.69,
    "dma200" : 863.56,
    "volume" : 44580.00
  }, {
    "date" : "2025-12-15",
    "price" : 915.40,
    "dma50" : 949.26,
    "dma100" : 914.05,
    "dma200" : 864.07,
    "volume" : 59559.00
  }, {
    "date" : "2025-12-16",
    "price" : 907.00,
    "dma50" : 947.60,
    "dma100" : 914.20,
    "dma200" : 864.50,
    "volume" : 28047.00
  }, {
    "date" : "2025-12-17",
    "price" : 879.50,
    "dma50" : 944.93,
    "dma100" : 913.77,
    "dma200" : 864.65,
    "volume" : 46774.00
  }, {
    "date" : "2025-12-18",
    "price" : 865.70,
    "dma50" : 941.82,
    "dma100" : 913.34,
    "dma200" : 864.66,
    "volume" : 60529.00
  }, {
    "date" : "2025-12-19",
    "price" : 895.20,
    "dma50" : 940.00,
    "dma100" : 913.50,
    "dma200" : 864.96,
    "volume" : 82728.00
  }, {
    "date" : "2025-12-22",
    "price" : 908.50,
    "dma50" : 938.76,
    "dma100" : 913.85,
    "dma200" : 865.40,
    "volume" : 66099.00
  }, {
    "date" : "2025-12-23",
    "price" : 905.30,
    "dma50" : 937.45,
    "dma100" : 913.94,
    "dma200" : 865.79,
    "volume" : 49102.00
  }, {
    "date" : "2025-12-24",
    "price" : 901.40,
    "dma50" : 936.04,
    "dma100" : 913.96,
    "dma200" : 866.15,
    "volume" : 23927.00
  }, {
    "date" : "2025-12-26",
    "price" : 874.30,
    "dma50" : 933.61,
    "dma100" : 913.84,
    "dma200" : 866.23,
    "volume" : 58312.00
  }, {
    "date" : "2025-12-29",
    "price" : 863.80,
    "dma50" : 930.88,
    "dma100" : 914.10,
    "dma200" : 866.20,
    "volume" : 64198.00
  }, {
    "date" : "2025-12-30",
    "price" : 886.80,
    "dma50" : 929.15,
    "dma100" : 914.58,
    "dma200" : 866.41,
    "volume" : 43223.00
  }, {
    "date" : "2025-12-31",
    "price" : 898.70,
    "dma50" : 927.95,
    "dma100" : 915.45,
    "dma200" : 866.73,
    "volume" : 47716.00
  }, {
    "date" : "2026-01-01",
    "price" : 908.00,
    "dma50" : 927.17,
    "dma100" : 916.53,
    "dma200" : 867.14,
    "volume" : 30997.00
  }, {
    "date" : "2026-01-02",
    "price" : 918.00,
    "dma50" : 926.81,
    "dma100" : 917.77,
    "dma200" : 867.65,
    "volume" : 113345.00
  }, {
    "date" : "2026-01-05",
    "price" : 885.55,
    "dma50" : 925.19,
    "dma100" : 918.79,
    "dma200" : 867.82,
    "volume" : 118397.00
  }, {
    "date" : "2026-01-06",
    "price" : 883.90,
    "dma50" : 923.57,
    "dma100" : 919.79,
    "dma200" : 867.98,
    "volume" : 34604.00
  }, {
    "date" : "2026-01-07",
    "price" : 879.35,
    "dma50" : 921.84,
    "dma100" : 920.60,
    "dma200" : 868.10,
    "volume" : 31207.00
  }, {
    "date" : "2026-01-08",
    "price" : 838.60,
    "dma50" : 918.58,
    "dma100" : 921.03,
    "dma200" : 867.80,
    "volume" : 85361.00
  }, {
    "date" : "2026-01-09",
    "price" : 804.25,
    "dma50" : 914.09,
    "dma100" : 920.80,
    "dma200" : 867.17,
    "volume" : 166784.00
  }, {
    "date" : "2026-01-12",
    "price" : 802.50,
    "dma50" : 909.72,
    "dma100" : 919.98,
    "dma200" : 866.53,
    "volume" : 94293.00
  }, {
    "date" : "2026-01-13",
    "price" : 794.45,
    "dma50" : 905.20,
    "dma100" : 918.86,
    "dma200" : 865.81,
    "volume" : 39004.00
  }, {
    "date" : "2026-01-14",
    "price" : 771.85,
    "dma50" : 899.97,
    "dma100" : 917.43,
    "dma200" : 864.88,
    "volume" : 89809.00
  }, {
    "date" : "2026-01-16",
    "price" : 775.60,
    "dma50" : 895.09,
    "dma100" : 916.21,
    "dma200" : 863.99,
    "volume" : 53371.00
  }, {
    "date" : "2026-01-19",
    "price" : 769.05,
    "dma50" : 890.15,
    "dma100" : 914.95,
    "dma200" : 863.04,
    "volume" : 70013.00
  }, {
    "date" : "2026-01-20",
    "price" : 759.00,
    "dma50" : 885.00,
    "dma100" : 913.94,
    "dma200" : 862.01,
    "volume" : 74593.00
  }, {
    "date" : "2026-01-21",
    "price" : 737.05,
    "dma50" : 879.20,
    "dma100" : 912.80,
    "dma200" : 860.76,
    "volume" : 89829.00
  }, {
    "date" : "2026-01-22",
    "price" : 764.25,
    "dma50" : 874.69,
    "dma100" : 912.05,
    "dma200" : 859.80,
    "volume" : 83443.00
  }, {
    "date" : "2026-01-23",
    "price" : 753.45,
    "dma50" : 869.94,
    "dma100" : 910.99,
    "dma200" : 858.75,
    "volume" : 43179.00
  }, {
    "date" : "2026-01-27",
    "price" : 753.10,
    "dma50" : 865.36,
    "dma100" : 909.89,
    "dma200" : 857.70,
    "volume" : 52901.00
  }, {
    "date" : "2026-01-28",
    "price" : 761.70,
    "dma50" : 861.29,
    "dma100" : 908.46,
    "dma200" : 856.74,
    "volume" : 46760.00
  }, {
    "date" : "2026-01-29",
    "price" : 769.50,
    "dma50" : 857.69,
    "dma100" : 907.18,
    "dma200" : 855.87,
    "volume" : 48778.00
  }, {
    "date" : "2026-01-30",
    "price" : 794.35,
    "dma50" : 855.21,
    "dma100" : 906.18,
    "dma200" : 855.26,
    "volume" : 75261.00
  }, {
    "date" : "2026-02-01",
    "price" : 795.75,
    "dma50" : 852.88,
    "dma100" : 904.54,
    "dma200" : 854.67,
    "volume" : 47477.00
  }, {
    "date" : "2026-02-02",
    "price" : 810.65,
    "dma50" : 851.22,
    "dma100" : 903.22,
    "dma200" : 854.23,
    "volume" : 102847.00
  }, {
    "date" : "2026-02-03",
    "price" : 957.85,
    "dma50" : 855.40,
    "dma100" : 903.44,
    "dma200" : 855.26,
    "volume" : 588052.00
  }, {
    "date" : "2026-02-04",
    "price" : 1020.10,
    "dma50" : 861.86,
    "dma100" : 904.23,
    "dma200" : 856.90,
    "volume" : 1120198.00
  }, {
    "date" : "2026-02-05",
    "price" : 940.05,
    "dma50" : 864.93,
    "dma100" : 904.06,
    "dma200" : 857.73,
    "volume" : 284778.00
  }, {
    "date" : "2026-02-06",
    "price" : 932.40,
    "dma50" : 867.57,
    "dma100" : 903.95,
    "dma200" : 858.47,
    "volume" : 69239.00
  } ],
  "latestTechnicalAttributes" : {
    "date" : "2026-02-06",
    "price" : 932.40,
    "dma50" : 867.57,
    "dma100" : 903.95,
    "dma200" : 858.47,
    "volume" : 69239.00
  },
  "quarterlyResults" : [ {
    "date" : "2005-03-31",
    "sales" : 2.80,
    "salesGrowthYoY" : null,
    "grossProfitMargin" : 65.71,
    "grossProfit" : 1.84,
    "operatingProfitMargin" : 10.36,
    "operatingProfit" : 0.29,
    "netProfitMargin" : -1.79,
    "netProfit" : -0.05
  }, {
    "date" : "2005-06-30",
    "sales" : 3.38,
    "salesGrowthYoY" : null,
    "grossProfitMargin" : 62.43,
    "grossProfit" : 2.11,
    "operatingProfitMargin" : 17.46,
    "operatingProfit" : 0.59,
    "netProfitMargin" : 4.14,
    "netProfit" : 0.14
  }, {
    "date" : "2005-09-30",
    "sales" : 2.97,
    "salesGrowthYoY" : null,
    "grossProfitMargin" : 61.95,
    "grossProfit" : 1.84,
    "operatingProfitMargin" : 11.45,
    "operatingProfit" : 0.34,
    "netProfitMargin" : 0.67,
    "netProfit" : 0.02
  }, {
    "date" : "2005-12-31",
    "sales" : 3.69,
    "salesGrowthYoY" : null,
    "grossProfitMargin" : 64.23,
    "grossProfit" : 2.37,
    "operatingProfitMargin" : 17.34,
    "operatingProfit" : 0.64,
    "netProfitMargin" : 8.67,
    "netProfit" : 0.32
  }, {
    "date" : "2006-03-31",
    "sales" : 3.58,
    "salesGrowthYoY" : 27.86,
    "grossProfitMargin" : 70.11,
    "grossProfit" : 2.51,
    "operatingProfitMargin" : 18.72,
    "operatingProfit" : 0.67,
    "netProfitMargin" : 4.19,
    "netProfit" : 0.15
  }, {
    "date" : "2006-06-30",
    "sales" : 3.31,
    "salesGrowthYoY" : -2.07,
    "grossProfitMargin" : 65.26,
    "grossProfit" : 2.16,
    "operatingProfitMargin" : 12.69,
    "operatingProfit" : 0.42,
    "netProfitMargin" : 0.60,
    "netProfit" : 0.02
  }, {
    "date" : "2006-09-30",
    "sales" : 4.52,
    "salesGrowthYoY" : 52.19,
    "grossProfitMargin" : 58.19,
    "grossProfit" : 2.63,
    "operatingProfitMargin" : 11.28,
    "operatingProfit" : 0.51,
    "netProfitMargin" : 2.21,
    "netProfit" : 0.10
  }, {
    "date" : "2006-12-31",
    "sales" : 6.10,
    "salesGrowthYoY" : 65.31,
    "grossProfitMargin" : 60.00,
    "grossProfit" : 3.66,
    "operatingProfitMargin" : 15.90,
    "operatingProfit" : 0.97,
    "netProfitMargin" : 9.02,
    "netProfit" : 0.55
  }, {
    "date" : "2007-03-31",
    "sales" : 6.11,
    "salesGrowthYoY" : 70.67,
    "grossProfitMargin" : 64.32,
    "grossProfit" : 3.93,
    "operatingProfitMargin" : 20.62,
    "operatingProfit" : 1.26,
    "netProfitMargin" : 9.33,
    "netProfit" : 0.57
  }, {
    "date" : "2007-06-30",
    "sales" : 5.46,
    "salesGrowthYoY" : 64.95,
    "grossProfitMargin" : 59.16,
    "grossProfit" : 3.23,
    "operatingProfitMargin" : 14.10,
    "operatingProfit" : 0.77,
    "netProfitMargin" : 4.95,
    "netProfit" : 0.27
  }, {
    "date" : "2007-09-30",
    "sales" : 6.21,
    "salesGrowthYoY" : 37.39,
    "grossProfitMargin" : 62.00,
    "grossProfit" : 3.85,
    "operatingProfitMargin" : 16.75,
    "operatingProfit" : 1.04,
    "netProfitMargin" : 10.31,
    "netProfit" : 0.64
  }, {
    "date" : "2007-12-31",
    "sales" : 7.93,
    "salesGrowthYoY" : 30.00,
    "grossProfitMargin" : 68.60,
    "grossProfit" : 5.44,
    "operatingProfitMargin" : 22.82,
    "operatingProfit" : 1.81,
    "netProfitMargin" : 12.86,
    "netProfit" : 1.02
  }, {
    "date" : "2008-03-31",
    "sales" : 10.63,
    "salesGrowthYoY" : 73.98,
    "grossProfitMargin" : 63.78,
    "grossProfit" : 6.78,
    "operatingProfitMargin" : 26.62,
    "operatingProfit" : 2.83,
    "netProfitMargin" : 16.18,
    "netProfit" : 1.72
  }, {
    "date" : "2008-06-30",
    "sales" : 12.38,
    "salesGrowthYoY" : 126.74,
    "grossProfitMargin" : 65.02,
    "grossProfit" : 8.05,
    "operatingProfitMargin" : 26.25,
    "operatingProfit" : 3.25,
    "netProfitMargin" : 16.16,
    "netProfit" : 2.00
  }, {
    "date" : "2008-09-30",
    "sales" : 15.83,
    "salesGrowthYoY" : 154.91,
    "grossProfitMargin" : 61.72,
    "grossProfit" : 9.77,
    "operatingProfitMargin" : 27.16,
    "operatingProfit" : 4.30,
    "netProfitMargin" : 17.25,
    "netProfit" : 2.73
  }, {
    "date" : "2008-12-31",
    "sales" : 14.58,
    "salesGrowthYoY" : 83.86,
    "grossProfitMargin" : 59.47,
    "grossProfit" : 8.67,
    "operatingProfitMargin" : 26.27,
    "operatingProfit" : 3.83,
    "netProfitMargin" : 15.43,
    "netProfit" : 2.25
  }, {
    "date" : "2009-03-31",
    "sales" : 7.94,
    "salesGrowthYoY" : -25.31,
    "grossProfitMargin" : 61.46,
    "grossProfit" : 4.88,
    "operatingProfitMargin" : 21.28,
    "operatingProfit" : 1.69,
    "netProfitMargin" : 5.04,
    "netProfit" : 0.40
  }, {
    "date" : "2009-06-30",
    "sales" : 10.34,
    "salesGrowthYoY" : -16.48,
    "grossProfitMargin" : 62.09,
    "grossProfit" : 6.42,
    "operatingProfitMargin" : 23.50,
    "operatingProfit" : 2.43,
    "netProfitMargin" : 13.93,
    "netProfit" : 1.44
  }, {
    "date" : "2009-09-30",
    "sales" : 12.47,
    "salesGrowthYoY" : -21.23,
    "grossProfitMargin" : 63.91,
    "grossProfit" : 7.97,
    "operatingProfitMargin" : 23.34,
    "operatingProfit" : 2.91,
    "netProfitMargin" : 13.15,
    "netProfit" : 1.64
  }, {
    "date" : "2009-12-31",
    "sales" : 12.26,
    "salesGrowthYoY" : -15.91,
    "grossProfitMargin" : 65.99,
    "grossProfit" : 8.09,
    "operatingProfitMargin" : 25.12,
    "operatingProfit" : 3.08,
    "netProfitMargin" : 15.25,
    "netProfit" : 1.87
  }, {
    "date" : "2010-03-31",
    "sales" : 10.92,
    "salesGrowthYoY" : 37.53,
    "grossProfitMargin" : 67.86,
    "grossProfit" : 7.41,
    "operatingProfitMargin" : 23.17,
    "operatingProfit" : 2.53,
    "netProfitMargin" : 9.89,
    "netProfit" : 1.08
  }, {
    "date" : "2010-06-30",
    "sales" : 14.63,
    "salesGrowthYoY" : 41.49,
    "grossProfitMargin" : 62.88,
    "grossProfit" : 9.20,
    "operatingProfitMargin" : 21.39,
    "operatingProfit" : 3.13,
    "netProfitMargin" : 12.58,
    "netProfit" : 1.84
  }, {
    "date" : "2010-09-30",
    "sales" : 11.31,
    "salesGrowthYoY" : -9.30,
    "grossProfitMargin" : 68.35,
    "grossProfit" : 7.73,
    "operatingProfitMargin" : 24.40,
    "operatingProfit" : 2.76,
    "netProfitMargin" : 12.73,
    "netProfit" : 1.44
  }, {
    "date" : "2010-12-31",
    "sales" : 12.62,
    "salesGrowthYoY" : 2.94,
    "grossProfitMargin" : 65.85,
    "grossProfit" : 8.31,
    "operatingProfitMargin" : 15.69,
    "operatingProfit" : 1.98,
    "netProfitMargin" : 5.94,
    "netProfit" : 0.75
  }, {
    "date" : "2011-03-31",
    "sales" : 17.05,
    "salesGrowthYoY" : 56.14,
    "grossProfitMargin" : 67.80,
    "grossProfit" : 11.56,
    "operatingProfitMargin" : 21.00,
    "operatingProfit" : 3.58,
    "netProfitMargin" : 11.85,
    "netProfit" : 2.02
  }, {
    "date" : "2011-06-30",
    "sales" : 17.91,
    "salesGrowthYoY" : 22.42,
    "grossProfitMargin" : 65.44,
    "grossProfit" : 11.72,
    "operatingProfitMargin" : 18.70,
    "operatingProfit" : 3.35,
    "netProfitMargin" : 9.27,
    "netProfit" : 1.66
  }, {
    "date" : "2011-09-30",
    "sales" : 15.17,
    "salesGrowthYoY" : 34.13,
    "grossProfitMargin" : 62.62,
    "grossProfit" : 9.50,
    "operatingProfitMargin" : 14.17,
    "operatingProfit" : 2.15,
    "netProfitMargin" : 5.34,
    "netProfit" : 0.81
  }, {
    "date" : "2011-12-31",
    "sales" : 14.28,
    "salesGrowthYoY" : 13.15,
    "grossProfitMargin" : 58.68,
    "grossProfit" : 8.38,
    "operatingProfitMargin" : 14.78,
    "operatingProfit" : 2.11,
    "netProfitMargin" : 5.46,
    "netProfit" : 0.78
  }, {
    "date" : "2012-03-31",
    "sales" : 14.87,
    "salesGrowthYoY" : -12.79,
    "grossProfitMargin" : 59.65,
    "grossProfit" : 8.87,
    "operatingProfitMargin" : 15.00,
    "operatingProfit" : 2.23,
    "netProfitMargin" : 4.64,
    "netProfit" : 0.69
  }, {
    "date" : "2012-06-30",
    "sales" : 16.78,
    "salesGrowthYoY" : -6.31,
    "grossProfitMargin" : 60.37,
    "grossProfit" : 10.13,
    "operatingProfitMargin" : 14.24,
    "operatingProfit" : 2.39,
    "netProfitMargin" : 5.96,
    "netProfit" : 1.00
  }, {
    "date" : "2012-09-30",
    "sales" : 21.89,
    "salesGrowthYoY" : 44.30,
    "grossProfitMargin" : 62.54,
    "grossProfit" : 13.69,
    "operatingProfitMargin" : 17.50,
    "operatingProfit" : 3.83,
    "netProfitMargin" : 9.23,
    "netProfit" : 2.02
  }, {
    "date" : "2012-12-31",
    "sales" : 19.28,
    "salesGrowthYoY" : 35.01,
    "grossProfitMargin" : 63.95,
    "grossProfit" : 12.33,
    "operatingProfitMargin" : 16.91,
    "operatingProfit" : 3.26,
    "netProfitMargin" : 6.59,
    "netProfit" : 1.27
  }, {
    "date" : "2013-03-31",
    "sales" : 20.50,
    "salesGrowthYoY" : 37.86,
    "grossProfitMargin" : 54.68,
    "grossProfit" : 11.21,
    "operatingProfitMargin" : 16.20,
    "operatingProfit" : 3.32,
    "netProfitMargin" : 5.90,
    "netProfit" : 1.21
  }, {
    "date" : "2013-06-30",
    "sales" : 25.53,
    "salesGrowthYoY" : 52.15,
    "grossProfitMargin" : 60.05,
    "grossProfit" : 15.33,
    "operatingProfitMargin" : 18.33,
    "operatingProfit" : 4.68,
    "netProfitMargin" : 10.26,
    "netProfit" : 2.62
  }, {
    "date" : "2013-09-30",
    "sales" : 26.86,
    "salesGrowthYoY" : 22.70,
    "grossProfitMargin" : 58.04,
    "grossProfit" : 15.59,
    "operatingProfitMargin" : 17.94,
    "operatingProfit" : 4.82,
    "netProfitMargin" : 8.60,
    "netProfit" : 2.31
  }, {
    "date" : "2013-12-31",
    "sales" : 25.28,
    "salesGrowthYoY" : 31.12,
    "grossProfitMargin" : 54.51,
    "grossProfit" : 13.78,
    "operatingProfitMargin" : 15.94,
    "operatingProfit" : 4.03,
    "netProfitMargin" : 8.11,
    "netProfit" : 2.05
  }, {
    "date" : "2014-03-31",
    "sales" : 26.04,
    "salesGrowthYoY" : 27.02,
    "grossProfitMargin" : 59.49,
    "grossProfit" : 15.49,
    "operatingProfitMargin" : 14.78,
    "operatingProfit" : 3.85,
    "netProfitMargin" : 3.88,
    "netProfit" : 1.01
  }, {
    "date" : "2014-06-30",
    "sales" : 32.50,
    "salesGrowthYoY" : 27.30,
    "grossProfitMargin" : 52.68,
    "grossProfit" : 17.12,
    "operatingProfitMargin" : 17.75,
    "operatingProfit" : 5.77,
    "netProfitMargin" : 10.15,
    "netProfit" : 3.30
  }, {
    "date" : "2014-09-30",
    "sales" : 31.60,
    "salesGrowthYoY" : 17.65,
    "grossProfitMargin" : 56.61,
    "grossProfit" : 17.89,
    "operatingProfitMargin" : 18.01,
    "operatingProfit" : 5.69,
    "netProfitMargin" : 9.02,
    "netProfit" : 2.85
  }, {
    "date" : "2014-12-31",
    "sales" : 27.21,
    "salesGrowthYoY" : 7.63,
    "grossProfitMargin" : 61.23,
    "grossProfit" : 16.66,
    "operatingProfitMargin" : 17.35,
    "operatingProfit" : 4.72,
    "netProfitMargin" : 6.91,
    "netProfit" : 1.88
  }, {
    "date" : "2015-03-31",
    "sales" : 25.10,
    "salesGrowthYoY" : -3.61,
    "grossProfitMargin" : 61.51,
    "grossProfit" : 15.44,
    "operatingProfitMargin" : 17.05,
    "operatingProfit" : 4.28,
    "netProfitMargin" : 5.74,
    "netProfit" : 1.44
  }, {
    "date" : "2015-06-30",
    "sales" : 35.12,
    "salesGrowthYoY" : 8.06,
    "grossProfitMargin" : 55.35,
    "grossProfit" : 19.44,
    "operatingProfitMargin" : 17.00,
    "operatingProfit" : 5.97,
    "netProfitMargin" : 7.52,
    "netProfit" : 2.64
  }, {
    "date" : "2015-09-30",
    "sales" : 33.10,
    "salesGrowthYoY" : 4.75,
    "grossProfitMargin" : 57.46,
    "grossProfit" : 19.02,
    "operatingProfitMargin" : 14.92,
    "operatingProfit" : 4.94,
    "netProfitMargin" : 6.22,
    "netProfit" : 2.06
  }, {
    "date" : "2015-12-31",
    "sales" : 32.07,
    "salesGrowthYoY" : 17.86,
    "grossProfitMargin" : 62.99,
    "grossProfit" : 20.20,
    "operatingProfitMargin" : 9.82,
    "operatingProfit" : 3.15,
    "netProfitMargin" : 3.31,
    "netProfit" : 1.06
  }, {
    "date" : "2016-03-31",
    "sales" : 38.58,
    "salesGrowthYoY" : 53.71,
    "grossProfitMargin" : 64.15,
    "grossProfit" : 24.75,
    "operatingProfitMargin" : 10.89,
    "operatingProfit" : 4.20,
    "netProfitMargin" : 3.34,
    "netProfit" : 1.29
  }, {
    "date" : "2016-06-30",
    "sales" : 38.70,
    "salesGrowthYoY" : 10.19,
    "grossProfitMargin" : 62.09,
    "grossProfit" : 24.03,
    "operatingProfitMargin" : 16.59,
    "operatingProfit" : 6.42,
    "netProfitMargin" : 7.98,
    "netProfit" : 3.09
  }, {
    "date" : "2016-09-30",
    "sales" : 41.05,
    "salesGrowthYoY" : 24.02,
    "grossProfitMargin" : 62.63,
    "grossProfit" : 25.71,
    "operatingProfitMargin" : 17.17,
    "operatingProfit" : 7.05,
    "netProfitMargin" : 8.60,
    "netProfit" : 3.53
  }, {
    "date" : "2016-12-31",
    "sales" : 31.18,
    "salesGrowthYoY" : -2.78,
    "grossProfitMargin" : 63.41,
    "grossProfit" : 19.77,
    "operatingProfitMargin" : 9.91,
    "operatingProfit" : 3.09,
    "netProfitMargin" : 2.21,
    "netProfit" : 0.69
  }, {
    "date" : "2017-03-31",
    "sales" : 30.44,
    "salesGrowthYoY" : -21.10,
    "grossProfitMargin" : 74.31,
    "grossProfit" : 22.62,
    "operatingProfitMargin" : 0.82,
    "operatingProfit" : 0.25,
    "netProfitMargin" : -3.42,
    "netProfit" : -1.04
  }, {
    "date" : "2017-06-30",
    "sales" : 35.59,
    "salesGrowthYoY" : -8.04,
    "grossProfitMargin" : 61.39,
    "grossProfit" : 21.85,
    "operatingProfitMargin" : 12.59,
    "operatingProfit" : 4.48,
    "netProfitMargin" : 5.51,
    "netProfit" : 1.96
  }, {
    "date" : "2017-09-30",
    "sales" : 38.78,
    "salesGrowthYoY" : -5.53,
    "grossProfitMargin" : 59.36,
    "grossProfit" : 23.02,
    "operatingProfitMargin" : 12.22,
    "operatingProfit" : 4.74,
    "netProfitMargin" : 5.29,
    "netProfit" : 2.05
  }, {
    "date" : "2017-12-31",
    "sales" : 38.31,
    "salesGrowthYoY" : 22.87,
    "grossProfitMargin" : 59.02,
    "grossProfit" : 22.61,
    "operatingProfitMargin" : 10.23,
    "operatingProfit" : 3.92,
    "netProfitMargin" : 3.08,
    "netProfit" : 1.18
  }, {
    "date" : "2018-03-31",
    "sales" : 41.13,
    "salesGrowthYoY" : 35.12,
    "grossProfitMargin" : 65.16,
    "grossProfit" : 26.80,
    "operatingProfitMargin" : 10.67,
    "operatingProfit" : 4.39,
    "netProfitMargin" : 3.01,
    "netProfit" : 1.24
  }, {
    "date" : "2018-06-30",
    "sales" : 48.06,
    "salesGrowthYoY" : 35.04,
    "grossProfitMargin" : 60.01,
    "grossProfit" : 28.84,
    "operatingProfitMargin" : 16.58,
    "operatingProfit" : 7.97,
    "netProfitMargin" : 7.91,
    "netProfit" : 3.80
  }, {
    "date" : "2018-09-30",
    "sales" : 50.67,
    "salesGrowthYoY" : 30.66,
    "grossProfitMargin" : 57.49,
    "grossProfit" : 29.13,
    "operatingProfitMargin" : 14.09,
    "operatingProfit" : 7.14,
    "netProfitMargin" : 6.91,
    "netProfit" : 3.50
  }, {
    "date" : "2018-12-31",
    "sales" : 50.58,
    "salesGrowthYoY" : 32.03,
    "grossProfitMargin" : 59.39,
    "grossProfit" : 30.04,
    "operatingProfitMargin" : 16.90,
    "operatingProfit" : 8.55,
    "netProfitMargin" : 5.46,
    "netProfit" : 2.76
  }, {
    "date" : "2019-03-31",
    "sales" : 49.44,
    "salesGrowthYoY" : 20.20,
    "grossProfitMargin" : 52.41,
    "grossProfit" : 25.91,
    "operatingProfitMargin" : 11.21,
    "operatingProfit" : 5.54,
    "netProfitMargin" : 3.50,
    "netProfit" : 1.73
  }, {
    "date" : "2019-06-30",
    "sales" : 54.19,
    "salesGrowthYoY" : 12.75,
    "grossProfitMargin" : 50.01,
    "grossProfit" : 27.10,
    "operatingProfitMargin" : 16.09,
    "operatingProfit" : 8.72,
    "netProfitMargin" : 6.55,
    "netProfit" : 3.55
  }, {
    "date" : "2019-09-30",
    "sales" : 54.84,
    "salesGrowthYoY" : 8.23,
    "grossProfitMargin" : 51.71,
    "grossProfit" : 28.36,
    "operatingProfitMargin" : 15.03,
    "operatingProfit" : 8.24,
    "netProfitMargin" : 5.53,
    "netProfit" : 3.03
  }, {
    "date" : "2019-12-31",
    "sales" : 55.43,
    "salesGrowthYoY" : 9.59,
    "grossProfitMargin" : 52.35,
    "grossProfit" : 29.02,
    "operatingProfitMargin" : 15.79,
    "operatingProfit" : 8.75,
    "netProfitMargin" : 8.12,
    "netProfit" : 4.50
  }, {
    "date" : "2020-03-31",
    "sales" : 49.92,
    "salesGrowthYoY" : 0.97,
    "grossProfitMargin" : 52.44,
    "grossProfit" : 26.18,
    "operatingProfitMargin" : 12.44,
    "operatingProfit" : 6.21,
    "netProfitMargin" : 3.41,
    "netProfit" : 1.70
  }, {
    "date" : "2020-06-30",
    "sales" : 36.16,
    "salesGrowthYoY" : -33.27,
    "grossProfitMargin" : 57.94,
    "grossProfit" : 20.95,
    "operatingProfitMargin" : 23.53,
    "operatingProfit" : 8.51,
    "netProfitMargin" : 11.09,
    "netProfit" : 4.01
  }, {
    "date" : "2020-09-30",
    "sales" : 61.22,
    "salesGrowthYoY" : 11.63,
    "grossProfitMargin" : 52.56,
    "grossProfit" : 32.18,
    "operatingProfitMargin" : 18.62,
    "operatingProfit" : 11.40,
    "netProfitMargin" : 10.63,
    "netProfit" : 6.51
  }, {
    "date" : "2020-12-31",
    "sales" : 70.43,
    "salesGrowthYoY" : 27.06,
    "grossProfitMargin" : 56.74,
    "grossProfit" : 39.96,
    "operatingProfitMargin" : 21.72,
    "operatingProfit" : 15.30,
    "netProfitMargin" : 11.97,
    "netProfit" : 8.43
  }, {
    "date" : "2021-03-31",
    "sales" : 80.53,
    "salesGrowthYoY" : 61.32,
    "grossProfitMargin" : 55.93,
    "grossProfit" : 45.04,
    "operatingProfitMargin" : 17.67,
    "operatingProfit" : 14.23,
    "netProfitMargin" : 9.52,
    "netProfit" : 7.67
  }, {
    "date" : "2021-06-30",
    "sales" : 78.68,
    "salesGrowthYoY" : 117.59,
    "grossProfitMargin" : 55.85,
    "grossProfit" : 43.94,
    "operatingProfitMargin" : 20.84,
    "operatingProfit" : 16.40,
    "netProfitMargin" : 18.11,
    "netProfit" : 14.25
  }, {
    "date" : "2021-09-30",
    "sales" : 94.44,
    "salesGrowthYoY" : 54.26,
    "grossProfitMargin" : 56.41,
    "grossProfit" : 53.27,
    "operatingProfitMargin" : 20.72,
    "operatingProfit" : 19.57,
    "netProfitMargin" : 13.45,
    "netProfit" : 12.70
  }, {
    "date" : "2021-12-31",
    "sales" : 103.97,
    "salesGrowthYoY" : 47.62,
    "grossProfitMargin" : 57.21,
    "grossProfit" : 59.48,
    "operatingProfitMargin" : 19.65,
    "operatingProfit" : 20.43,
    "netProfitMargin" : 11.59,
    "netProfit" : 12.05
  }, {
    "date" : "2022-03-31",
    "sales" : 110.94,
    "salesGrowthYoY" : 37.76,
    "grossProfitMargin" : 61.11,
    "grossProfit" : 67.80,
    "operatingProfitMargin" : 20.21,
    "operatingProfit" : 22.42,
    "netProfitMargin" : 11.29,
    "netProfit" : 12.53
  }, {
    "date" : "2022-06-30",
    "sales" : 108.44,
    "salesGrowthYoY" : 37.82,
    "grossProfitMargin" : 57.30,
    "grossProfit" : 62.14,
    "operatingProfitMargin" : 21.86,
    "operatingProfit" : 23.70,
    "netProfitMargin" : 11.36,
    "netProfit" : 12.32
  }, {
    "date" : "2022-09-30",
    "sales" : 82.38,
    "salesGrowthYoY" : -12.77,
    "grossProfitMargin" : 57.31,
    "grossProfit" : 47.21,
    "operatingProfitMargin" : 17.31,
    "operatingProfit" : 14.26,
    "netProfitMargin" : 5.78,
    "netProfit" : 4.76
  }, {
    "date" : "2022-12-31",
    "sales" : 69.73,
    "salesGrowthYoY" : -32.93,
    "grossProfitMargin" : 55.06,
    "grossProfit" : 38.39,
    "operatingProfitMargin" : 18.11,
    "operatingProfit" : 12.63,
    "netProfitMargin" : 5.56,
    "netProfit" : 3.88
  }, {
    "date" : "2023-03-31",
    "sales" : 75.16,
    "salesGrowthYoY" : -32.25,
    "grossProfitMargin" : 56.60,
    "grossProfit" : 42.54,
    "operatingProfitMargin" : 19.27,
    "operatingProfit" : 14.48,
    "netProfitMargin" : 6.15,
    "netProfit" : 4.62
  }, {
    "date" : "2023-06-30",
    "sales" : 69.37,
    "salesGrowthYoY" : -36.03,
    "grossProfitMargin" : 57.91,
    "grossProfit" : 40.17,
    "operatingProfitMargin" : 18.77,
    "operatingProfit" : 13.02,
    "netProfitMargin" : 5.69,
    "netProfit" : 3.95
  }, {
    "date" : "2023-09-30",
    "sales" : 94.81,
    "salesGrowthYoY" : 15.09,
    "grossProfitMargin" : 61.36,
    "grossProfit" : 58.18,
    "operatingProfitMargin" : 22.66,
    "operatingProfit" : 21.48,
    "netProfitMargin" : 10.39,
    "netProfit" : 9.85
  }, {
    "date" : "2023-12-31",
    "sales" : 102.56,
    "salesGrowthYoY" : 47.08,
    "grossProfitMargin" : 55.57,
    "grossProfit" : 56.99,
    "operatingProfitMargin" : 22.25,
    "operatingProfit" : 22.82,
    "netProfitMargin" : 10.62,
    "netProfit" : 10.89
  }, {
    "date" : "2024-03-31",
    "sales" : 104.52,
    "salesGrowthYoY" : 39.06,
    "grossProfitMargin" : 61.81,
    "grossProfit" : 64.60,
    "operatingProfitMargin" : 21.48,
    "operatingProfit" : 22.45,
    "netProfitMargin" : 11.07,
    "netProfit" : 11.57
  }, {
    "date" : "2024-06-30",
    "sales" : 100.48,
    "salesGrowthYoY" : 44.85,
    "grossProfitMargin" : 58.46,
    "grossProfit" : 58.74,
    "operatingProfitMargin" : 19.66,
    "operatingProfit" : 19.75,
    "netProfitMargin" : 9.22,
    "netProfit" : 9.26
  }, {
    "date" : "2024-09-30",
    "sales" : 105.42,
    "salesGrowthYoY" : 11.19,
    "grossProfitMargin" : 57.96,
    "grossProfit" : 61.10,
    "operatingProfitMargin" : 16.52,
    "operatingProfit" : 17.42,
    "netProfitMargin" : 7.42,
    "netProfit" : 7.82
  }, {
    "date" : "2024-12-31",
    "sales" : 105.70,
    "salesGrowthYoY" : 3.06,
    "grossProfitMargin" : 57.55,
    "grossProfit" : 60.83,
    "operatingProfitMargin" : 14.82,
    "operatingProfit" : 15.66,
    "netProfitMargin" : 8.18,
    "netProfit" : 8.65
  }, {
    "date" : "2025-03-31",
    "sales" : 108.71,
    "salesGrowthYoY" : 4.01,
    "grossProfitMargin" : 59.87,
    "grossProfit" : 65.08,
    "operatingProfitMargin" : 19.66,
    "operatingProfit" : 21.37,
    "netProfitMargin" : 10.28,
    "netProfit" : 11.18
  }, {
    "date" : "2025-06-30",
    "sales" : 124.90,
    "salesGrowthYoY" : 24.30,
    "grossProfitMargin" : 55.47,
    "grossProfit" : 69.28,
    "operatingProfitMargin" : 22.39,
    "operatingProfit" : 27.97,
    "netProfitMargin" : 12.27,
    "netProfit" : 15.33
  }, {
    "date" : "2025-09-30",
    "sales" : 131.10,
    "salesGrowthYoY" : 24.36,
    "grossProfitMargin" : 54.55,
    "grossProfit" : 71.52,
    "operatingProfitMargin" : 20.81,
    "operatingProfit" : 27.28,
    "netProfitMargin" : 13.27,
    "netProfit" : 17.40
  }, {
    "date" : "2025-12-31",
    "sales" : 122.84,
    "salesGrowthYoY" : 16.22,
    "grossProfitMargin" : 58.27,
    "grossProfit" : 71.58,
    "operatingProfitMargin" : 21.79,
    "operatingProfit" : 26.77,
    "netProfitMargin" : 12.66,
    "netProfit" : 15.55
  } ],
  "latestQuarterlyResult" : {
    "date" : "2025-12-31",
    "sales" : 122.84,
    "salesGrowthYoY" : 16.22,
    "grossProfitMargin" : 58.27,
    "grossProfit" : 71.58,
    "operatingProfitMargin" : 21.79,
    "operatingProfit" : 26.77,
    "netProfitMargin" : 12.66,
    "netProfit" : 15.55
  },
  "companyScore" : {
    "priceHigherThanDma50" : 5.00,
    "priceHigherThanDma100" : 5.00,
    "priceHigherThanDma200" : 5.00,
    "dma50HigherThanDma100" : 0.00,
    "dma50HigherThanDma200" : 5.00,
    "dma100HigherThanDma200" : 5.00,
    "pricePercentageAboveDma50" : 4.63,
    "pricePercentageAboveDma100" : 4.84,
    "pricePercentageAboveDma200" : 4.57,
    "weeklyVolumeHigherThanYearlyVolume" : 5.00,
    "salesGrowthPercentile" : 8.50,
    "operatingProfitMarginPercentile" : 16.43,
    "netProfitMarginPercentile" : 8.57,
    "totalTechnicalScore" : 44.04,
    "totalFundamentalScore" : 33.50,
    "totalScore" : 77.54
  }
}