{
  "metadata" : {
    "screenerCompanyId" : "593",
    "companyCode" : "CCL",
    "companyName" : "CCL Products",
    "screenerCompanyLink" : "https://www.screener.in/company/CCL/consolidated/",
    "screenerTechnicalHistoryLink" : "https://www.screener.in/api/company/593/chart/?q=Price-DMA50-DMA200-Volume&days=365",
    "screenerQuarterlyResultsLink" : "https://www.screener.in/api/company/593/chart/?q=GPM-OPM-NPM-Quarter+Sales&days=10000",
    "attributes" : {
      "companyCode" : "CCL",
      "companyName" : "CCL Products",
      "marketCap" : 12343.00,
      "peRatio" : 36.50,
      "description" : "CCL Products (India) is engaged in the production, trading and distribution of Coffee. The Company has business operations mainly in India, Vietnam and Switzerland countries.(Source : 202003 Annual Report Page No:119)"
    },
    "companyScore" : {
      "priceHigherThanDma50" : 0.00,
      "priceHigherThanDma100" : 5.00,
      "priceHigherThanDma200" : 5.00,
      "dma50HigherThanDma100" : 5.00,
      "dma50HigherThanDma200" : 5.00,
      "dma100HigherThanDma200" : 5.00,
      "pricePercentageAboveDma50" : 5.15,
      "pricePercentageAboveDma100" : 5.00,
      "pricePercentageAboveDma200" : 4.65,
      "weeklyVolumeHigherThanYearlyVolume" : 0.00,
      "salesGrowthPercentile" : 14.94,
      "operatingProfitMarginPercentile" : 5.06,
      "netProfitMarginPercentile" : 8.43,
      "totalTechnicalScore" : 39.79,
      "totalFundamentalScore" : 28.43,
      "totalScore" : 68.22
    }
  },
  "attributes" : {
    "companyCode" : "CCL",
    "companyName" : "CCL Products",
    "marketCap" : 12343.00,
    "peRatio" : 36.50,
    "description" : "CCL Products (India) is engaged in the production, trading and distribution of Coffee. The Company has business operations mainly in India, Vietnam and Switzerland countries.(Source : 202003 Annual Report Page No:119)"
  },
  "technicalHistory" : [ {
    "date" : "2025-01-07",
    "price" : 706.15,
    "dma50" : 733.26,
    "dma100" : null,
    "dma200" : 680.56,
    "volume" : 97734.00
  }, {
    "date" : "2025-01-08",
    "price" : 686.75,
    "dma50" : 731.43,
    "dma100" : null,
    "dma200" : 680.62,
    "volume" : 152467.00
  }, {
    "date" : "2025-01-09",
    "price" : 674.05,
    "dma50" : 729.18,
    "dma100" : null,
    "dma200" : 680.56,
    "volume" : 104037.00
  }, {
    "date" : "2025-01-10",
    "price" : 658.15,
    "dma50" : 726.40,
    "dma100" : null,
    "dma200" : 680.33,
    "volume" : 260634.00
  }, {
    "date" : "2025-01-13",
    "price" : 652.50,
    "dma50" : 723.50,
    "dma100" : null,
    "dma200" : 680.06,
    "volume" : 294734.00
  }, {
    "date" : "2025-01-14",
    "price" : 640.10,
    "dma50" : 720.23,
    "dma100" : null,
    "dma200" : 679.66,
    "volume" : 239140.00
  }, {
    "date" : "2025-01-15",
    "price" : 634.40,
    "dma50" : 716.86,
    "dma100" : null,
    "dma200" : 679.21,
    "volume" : 99371.00
  }, {
    "date" : "2025-01-16",
    "price" : 639.50,
    "dma50" : 713.83,
    "dma100" : null,
    "dma200" : 678.81,
    "volume" : 105289.00
  }, {
    "date" : "2025-01-17",
    "price" : 636.55,
    "dma50" : 710.80,
    "dma100" : null,
    "dma200" : 678.39,
    "volume" : 197101.00
  }, {
    "date" : "2025-01-20",
    "price" : 633.30,
    "dma50" : 707.76,
    "dma100" : null,
    "dma200" : 677.94,
    "volume" : 84455.00
  }, {
    "date" : "2025-01-21",
    "price" : 639.50,
    "dma50" : 705.08,
    "dma100" : null,
    "dma200" : 677.56,
    "volume" : 225857.00
  }, {
    "date" : "2025-01-22",
    "price" : 639.10,
    "dma50" : 702.49,
    "dma100" : null,
    "dma200" : 677.18,
    "volume" : 309427.00
  }, {
    "date" : "2025-01-23",
    "price" : 633.55,
    "dma50" : 699.79,
    "dma100" : null,
    "dma200" : 676.75,
    "volume" : 68456.00
  }, {
    "date" : "2025-01-24",
    "price" : 611.00,
    "dma50" : 696.31,
    "dma100" : null,
    "dma200" : 676.09,
    "volume" : 139996.00
  }, {
    "date" : "2025-01-27",
    "price" : 601.50,
    "dma50" : 692.59,
    "dma100" : null,
    "dma200" : 675.35,
    "volume" : 153760.00
  }, {
    "date" : "2025-01-28",
    "price" : 599.45,
    "dma50" : 688.94,
    "dma100" : null,
    "dma200" : 674.59,
    "volume" : 100644.00
  }, {
    "date" : "2025-01-29",
    "price" : 624.35,
    "dma50" : 686.41,
    "dma100" : null,
    "dma200" : 674.09,
    "volume" : 121090.00
  }, {
    "date" : "2025-01-30",
    "price" : 609.95,
    "dma50" : 683.41,
    "dma100" : null,
    "dma200" : 673.46,
    "volume" : 155760.00
  }, {
    "date" : "2025-01-31",
    "price" : 621.70,
    "dma50" : 680.99,
    "dma100" : null,
    "dma200" : 672.94,
    "volume" : 66939.00
  }, {
    "date" : "2025-02-01",
    "price" : 647.20,
    "dma50" : 679.66,
    "dma100" : null,
    "dma200" : 672.68,
    "volume" : 261837.00
  }, {
    "date" : "2025-02-03",
    "price" : 658.55,
    "dma50" : 678.83,
    "dma100" : null,
    "dma200" : 672.54,
    "volume" : 82510.00
  }, {
    "date" : "2025-02-04",
    "price" : 678.15,
    "dma50" : 678.81,
    "dma100" : null,
    "dma200" : 672.60,
    "volume" : 601894.00
  }, {
    "date" : "2025-02-05",
    "price" : 680.60,
    "dma50" : 678.88,
    "dma100" : null,
    "dma200" : 672.68,
    "volume" : 269362.00
  }, {
    "date" : "2025-02-06",
    "price" : 649.40,
    "dma50" : 677.72,
    "dma100" : null,
    "dma200" : 672.45,
    "volume" : 527651.00
  }, {
    "date" : "2025-02-07",
    "price" : 654.35,
    "dma50" : 676.81,
    "dma100" : null,
    "dma200" : 672.27,
    "volume" : 262832.00
  }, {
    "date" : "2025-02-10",
    "price" : 639.25,
    "dma50" : 675.33,
    "dma100" : null,
    "dma200" : 671.94,
    "volume" : 217201.00
  }, {
    "date" : "2025-02-11",
    "price" : 608.65,
    "dma50" : 672.72,
    "dma100" : null,
    "dma200" : 671.31,
    "volume" : 577798.00
  }, {
    "date" : "2025-02-12",
    "price" : 607.55,
    "dma50" : 670.16,
    "dma100" : null,
    "dma200" : 670.67,
    "volume" : 160719.00
  }, {
    "date" : "2025-02-13",
    "price" : 596.00,
    "dma50" : 667.25,
    "dma100" : null,
    "dma200" : 669.93,
    "volume" : 68314.00
  }, {
    "date" : "2025-02-14",
    "price" : 598.40,
    "dma50" : 664.55,
    "dma100" : null,
    "dma200" : 669.22,
    "volume" : 105165.00
  }, {
    "date" : "2025-02-17",
    "price" : 594.40,
    "dma50" : 661.80,
    "dma100" : null,
    "dma200" : 668.48,
    "volume" : 85223.00
  }, {
    "date" : "2025-02-18",
    "price" : 594.50,
    "dma50" : 659.16,
    "dma100" : null,
    "dma200" : 667.74,
    "volume" : 66839.00
  }, {
    "date" : "2025-02-19",
    "price" : 600.90,
    "dma50" : 656.88,
    "dma100" : null,
    "dma200" : 667.07,
    "volume" : 97748.00
  }, {
    "date" : "2025-02-20",
    "price" : 600.80,
    "dma50" : 654.68,
    "dma100" : null,
    "dma200" : 666.41,
    "volume" : 78114.00
  }, {
    "date" : "2025-02-21",
    "price" : 599.65,
    "dma50" : 652.52,
    "dma100" : null,
    "dma200" : 665.75,
    "volume" : 227915.00
  }, {
    "date" : "2025-02-24",
    "price" : 589.10,
    "dma50" : 650.03,
    "dma100" : null,
    "dma200" : 664.99,
    "volume" : 70492.00
  }, {
    "date" : "2025-02-25",
    "price" : 590.40,
    "dma50" : 647.70,
    "dma100" : null,
    "dma200" : 664.25,
    "volume" : 320875.00
  }, {
    "date" : "2025-02-27",
    "price" : 580.15,
    "dma50" : 645.05,
    "dma100" : null,
    "dma200" : 663.41,
    "volume" : 67184.00
  }, {
    "date" : "2025-02-28",
    "price" : 580.20,
    "dma50" : 642.50,
    "dma100" : null,
    "dma200" : 662.58,
    "volume" : 262802.00
  }, {
    "date" : "2025-03-03",
    "price" : 578.20,
    "dma50" : 639.98,
    "dma100" : null,
    "dma200" : 661.74,
    "volume" : 119725.00
  }, {
    "date" : "2025-03-04",
    "price" : 585.00,
    "dma50" : 637.83,
    "dma100" : null,
    "dma200" : 660.98,
    "volume" : 151846.00
  }, {
    "date" : "2025-03-05",
    "price" : 583.35,
    "dma50" : 635.69,
    "dma100" : null,
    "dma200" : 660.21,
    "volume" : 147362.00
  }, {
    "date" : "2025-03-06",
    "price" : 582.75,
    "dma50" : 633.61,
    "dma100" : null,
    "dma200" : 659.43,
    "volume" : 155348.00
  }, {
    "date" : "2025-03-07",
    "price" : 598.75,
    "dma50" : 632.25,
    "dma100" : null,
    "dma200" : 658.83,
    "volume" : 298105.00
  }, {
    "date" : "2025-03-10",
    "price" : 587.90,
    "dma50" : 630.51,
    "dma100" : null,
    "dma200" : 658.13,
    "volume" : 234448.00
  }, {
    "date" : "2025-03-11",
    "price" : 572.90,
    "dma50" : 628.25,
    "dma100" : null,
    "dma200" : 657.28,
    "volume" : 539785.00
  }, {
    "date" : "2025-03-12",
    "price" : 566.20,
    "dma50" : 625.81,
    "dma100" : null,
    "dma200" : 656.37,
    "volume" : 91572.00
  }, {
    "date" : "2025-03-13",
    "price" : 570.40,
    "dma50" : 623.64,
    "dma100" : null,
    "dma200" : 655.52,
    "volume" : 133569.00
  }, {
    "date" : "2025-03-17",
    "price" : 554.80,
    "dma50" : 620.94,
    "dma100" : null,
    "dma200" : 654.51,
    "volume" : 286762.00
  }, {
    "date" : "2025-03-18",
    "price" : 556.50,
    "dma50" : 618.41,
    "dma100" : null,
    "dma200" : 653.54,
    "volume" : 128702.00
  }, {
    "date" : "2025-03-19",
    "price" : 553.95,
    "dma50" : 615.89,
    "dma100" : null,
    "dma200" : 652.55,
    "volume" : 159234.00
  }, {
    "date" : "2025-03-20",
    "price" : 566.60,
    "dma50" : 613.95,
    "dma100" : null,
    "dma200" : 651.69,
    "volume" : 272789.00
  }, {
    "date" : "2025-03-21",
    "price" : 593.30,
    "dma50" : 613.14,
    "dma100" : null,
    "dma200" : 651.11,
    "volume" : 403470.00
  }, {
    "date" : "2025-03-24",
    "price" : 582.15,
    "dma50" : 611.93,
    "dma100" : null,
    "dma200" : 650.42,
    "volume" : 147990.00
  }, {
    "date" : "2025-03-25",
    "price" : 575.25,
    "dma50" : 610.49,
    "dma100" : null,
    "dma200" : 649.68,
    "volume" : 133238.00
  }, {
    "date" : "2025-03-26",
    "price" : 553.25,
    "dma50" : 608.25,
    "dma100" : null,
    "dma200" : 648.72,
    "volume" : 179541.00
  }, {
    "date" : "2025-03-27",
    "price" : 560.55,
    "dma50" : 606.38,
    "dma100" : null,
    "dma200" : 647.84,
    "volume" : 150613.00
  }, {
    "date" : "2025-03-28",
    "price" : 555.00,
    "dma50" : 604.36,
    "dma100" : null,
    "dma200" : 646.92,
    "volume" : 112675.00
  }, {
    "date" : "2025-04-01",
    "price" : 562.45,
    "dma50" : 602.72,
    "dma100" : null,
    "dma200" : 646.08,
    "volume" : 71608.00
  }, {
    "date" : "2025-04-02",
    "price" : 571.00,
    "dma50" : 601.47,
    "dma100" : null,
    "dma200" : 645.33,
    "volume" : 138223.00
  }, {
    "date" : "2025-04-03",
    "price" : 569.05,
    "dma50" : 600.20,
    "dma100" : null,
    "dma200" : 644.57,
    "volume" : 76185.00
  }, {
    "date" : "2025-04-04",
    "price" : 550.80,
    "dma50" : 598.26,
    "dma100" : null,
    "dma200" : 643.64,
    "volume" : 314222.00
  }, {
    "date" : "2025-04-07",
    "price" : 556.55,
    "dma50" : 596.63,
    "dma100" : null,
    "dma200" : 642.77,
    "volume" : 587073.00
  }, {
    "date" : "2025-04-08",
    "price" : 566.60,
    "dma50" : 595.45,
    "dma100" : null,
    "dma200" : 642.01,
    "volume" : 160807.00
  }, {
    "date" : "2025-04-09",
    "price" : 573.80,
    "dma50" : 594.60,
    "dma100" : null,
    "dma200" : 641.33,
    "volume" : 123154.00
  }, {
    "date" : "2025-04-11",
    "price" : 599.10,
    "dma50" : 594.78,
    "dma100" : null,
    "dma200" : 640.91,
    "volume" : 1029754.00
  }, {
    "date" : "2025-04-15",
    "price" : 614.25,
    "dma50" : 595.54,
    "dma100" : null,
    "dma200" : 640.65,
    "volume" : 132046.00
  }, {
    "date" : "2025-04-16",
    "price" : 624.45,
    "dma50" : 596.68,
    "dma100" : null,
    "dma200" : 640.49,
    "volume" : 113228.00
  }, {
    "date" : "2025-04-17",
    "price" : 613.55,
    "dma50" : 597.34,
    "dma100" : null,
    "dma200" : 640.22,
    "volume" : 82825.00
  }, {
    "date" : "2025-04-21",
    "price" : 619.35,
    "dma50" : 598.20,
    "dma100" : null,
    "dma200" : 640.01,
    "volume" : 101375.00
  }, {
    "date" : "2025-04-22",
    "price" : 638.95,
    "dma50" : 599.80,
    "dma100" : null,
    "dma200" : 640.00,
    "volume" : 177303.00
  }, {
    "date" : "2025-04-23",
    "price" : 637.85,
    "dma50" : 601.29,
    "dma100" : null,
    "dma200" : 639.98,
    "volume" : 93383.00
  }, {
    "date" : "2025-04-24",
    "price" : 634.85,
    "dma50" : 602.61,
    "dma100" : null,
    "dma200" : 639.93,
    "volume" : 42103.00
  }, {
    "date" : "2025-04-25",
    "price" : 613.90,
    "dma50" : 603.05,
    "dma100" : null,
    "dma200" : 639.67,
    "volume" : 68161.00
  }, {
    "date" : "2025-04-28",
    "price" : 615.40,
    "dma50" : 603.53,
    "dma100" : null,
    "dma200" : 639.43,
    "volume" : 52973.00
  }, {
    "date" : "2025-04-29",
    "price" : 613.85,
    "dma50" : 603.94,
    "dma100" : null,
    "dma200" : 639.17,
    "volume" : 76464.00
  }, {
    "date" : "2025-04-30",
    "price" : 591.50,
    "dma50" : 603.45,
    "dma100" : null,
    "dma200" : 638.70,
    "volume" : 182774.00
  }, {
    "date" : "2025-05-02",
    "price" : 600.10,
    "dma50" : 603.32,
    "dma100" : null,
    "dma200" : 638.31,
    "volume" : 100410.00
  }, {
    "date" : "2025-05-05",
    "price" : 592.70,
    "dma50" : 602.90,
    "dma100" : null,
    "dma200" : 637.86,
    "volume" : 105821.00
  }, {
    "date" : "2025-05-06",
    "price" : 694.45,
    "dma50" : 606.49,
    "dma100" : null,
    "dma200" : 638.42,
    "volume" : 19907544.00
  }, {
    "date" : "2025-05-07",
    "price" : 772.60,
    "dma50" : 613.01,
    "dma100" : null,
    "dma200" : 639.76,
    "volume" : 13500142.00
  }, {
    "date" : "2025-05-08",
    "price" : 727.80,
    "dma50" : 617.51,
    "dma100" : null,
    "dma200" : 640.64,
    "volume" : 7639763.00
  }, {
    "date" : "2025-05-09",
    "price" : 723.35,
    "dma50" : 621.66,
    "dma100" : null,
    "dma200" : 641.46,
    "volume" : 1441533.00
  }, {
    "date" : "2025-05-12",
    "price" : 728.00,
    "dma50" : 625.83,
    "dma100" : null,
    "dma200" : 642.32,
    "volume" : 475700.00
  }, {
    "date" : "2025-05-13",
    "price" : 719.85,
    "dma50" : 629.52,
    "dma100" : null,
    "dma200" : 643.09,
    "volume" : 410333.00
  }, {
    "date" : "2025-05-14",
    "price" : 728.95,
    "dma50" : 633.42,
    "dma100" : null,
    "dma200" : 643.94,
    "volume" : 475794.00
  }, {
    "date" : "2025-05-15",
    "price" : 725.10,
    "dma50" : 637.01,
    "dma100" : null,
    "dma200" : 644.75,
    "volume" : 290612.00
  }, {
    "date" : "2025-05-16",
    "price" : 761.20,
    "dma50" : 641.88,
    "dma100" : null,
    "dma200" : 645.91,
    "volume" : 2691161.00
  }, {
    "date" : "2025-05-19",
    "price" : 758.15,
    "dma50" : 646.44,
    "dma100" : null,
    "dma200" : 647.03,
    "volume" : 432064.00
  }, {
    "date" : "2025-05-20",
    "price" : 830.70,
    "dma50" : 653.67,
    "dma100" : null,
    "dma200" : 648.86,
    "volume" : 6416860.00
  }, {
    "date" : "2025-05-21",
    "price" : 805.40,
    "dma50" : 659.62,
    "dma100" : null,
    "dma200" : 650.41,
    "volume" : 1579922.00
  }, {
    "date" : "2025-05-22",
    "price" : 810.90,
    "dma50" : 665.55,
    "dma100" : null,
    "dma200" : 652.01,
    "volume" : 525356.00
  }, {
    "date" : "2025-05-23",
    "price" : 802.05,
    "dma50" : 670.90,
    "dma100" : null,
    "dma200" : 653.50,
    "volume" : 578575.00
  }, {
    "date" : "2025-05-26",
    "price" : 804.90,
    "dma50" : 676.16,
    "dma100" : null,
    "dma200" : 655.01,
    "volume" : 302509.00
  }, {
    "date" : "2025-05-27",
    "price" : 841.75,
    "dma50" : 682.65,
    "dma100" : null,
    "dma200" : 656.87,
    "volume" : 6461929.00
  }, {
    "date" : "2025-05-28",
    "price" : 816.50,
    "dma50" : 687.90,
    "dma100" : null,
    "dma200" : 658.46,
    "volume" : 566263.00
  }, {
    "date" : "2025-05-29",
    "price" : 814.75,
    "dma50" : 692.87,
    "dma100" : null,
    "dma200" : 660.01,
    "volume" : 377611.00
  }, {
    "date" : "2025-05-30",
    "price" : 884.15,
    "dma50" : 700.38,
    "dma100" : null,
    "dma200" : 662.24,
    "volume" : 3509370.00
  }, {
    "date" : "2025-06-02",
    "price" : 889.85,
    "dma50" : 707.81,
    "dma100" : null,
    "dma200" : 664.51,
    "volume" : 1515701.00
  }, {
    "date" : "2025-06-03",
    "price" : 891.00,
    "dma50" : 714.99,
    "dma100" : null,
    "dma200" : 666.76,
    "volume" : 583984.00
  }, {
    "date" : "2025-06-04",
    "price" : 889.60,
    "dma50" : 721.84,
    "dma100" : 646.41,
    "dma200" : 668.98,
    "volume" : 789455.00
  }, {
    "date" : "2025-06-05",
    "price" : 897.60,
    "dma50" : 728.73,
    "dma100" : 648.52,
    "dma200" : 671.25,
    "volume" : 395532.00
  }, {
    "date" : "2025-06-06",
    "price" : 875.55,
    "dma50" : 734.49,
    "dma100" : 650.54,
    "dma200" : 673.28,
    "volume" : 398939.00
  }, {
    "date" : "2025-06-09",
    "price" : 872.75,
    "dma50" : 739.91,
    "dma100" : 652.68,
    "dma200" : 675.27,
    "volume" : 241057.00
  }, {
    "date" : "2025-06-10",
    "price" : 853.55,
    "dma50" : 744.37,
    "dma100" : 654.69,
    "dma200" : 677.04,
    "volume" : 325570.00
  }, {
    "date" : "2025-06-11",
    "price" : 852.00,
    "dma50" : 748.59,
    "dma100" : 656.81,
    "dma200" : 678.78,
    "volume" : 211653.00
  }, {
    "date" : "2025-06-12",
    "price" : 830.60,
    "dma50" : 751.80,
    "dma100" : 658.78,
    "dma200" : 680.29,
    "volume" : 323042.00
  }, {
    "date" : "2025-06-13",
    "price" : 833.70,
    "dma50" : 755.02,
    "dma100" : 660.72,
    "dma200" : 681.82,
    "volume" : 208873.00
  }, {
    "date" : "2025-06-16",
    "price" : 810.10,
    "dma50" : 757.18,
    "dma100" : 662.45,
    "dma200" : 683.10,
    "volume" : 311609.00
  }, {
    "date" : "2025-06-17",
    "price" : 806.90,
    "dma50" : 759.13,
    "dma100" : 664.19,
    "dma200" : 684.33,
    "volume" : 139602.00
  }, {
    "date" : "2025-06-18",
    "price" : 797.75,
    "dma50" : 760.64,
    "dma100" : 665.77,
    "dma200" : 685.46,
    "volume" : 217814.00
  }, {
    "date" : "2025-06-19",
    "price" : 796.05,
    "dma50" : 762.03,
    "dma100" : 667.34,
    "dma200" : 686.56,
    "volume" : 203955.00
  }, {
    "date" : "2025-06-20",
    "price" : 786.25,
    "dma50" : 762.98,
    "dma100" : 668.87,
    "dma200" : 687.55,
    "volume" : 241313.00
  }, {
    "date" : "2025-06-23",
    "price" : 820.20,
    "dma50" : 765.22,
    "dma100" : 670.96,
    "dma200" : 688.87,
    "volume" : 907005.00
  }, {
    "date" : "2025-06-24",
    "price" : 850.35,
    "dma50" : 768.56,
    "dma100" : 673.45,
    "dma200" : 690.48,
    "volume" : 689130.00
  }, {
    "date" : "2025-06-25",
    "price" : 846.75,
    "dma50" : 771.63,
    "dma100" : 675.92,
    "dma200" : 692.03,
    "volume" : 222414.00
  }, {
    "date" : "2025-06-26",
    "price" : 837.60,
    "dma50" : 774.21,
    "dma100" : 678.05,
    "dma200" : 693.48,
    "volume" : 167830.00
  }, {
    "date" : "2025-06-27",
    "price" : 849.70,
    "dma50" : 777.17,
    "dma100" : 680.45,
    "dma200" : 695.03,
    "volume" : 348602.00
  }, {
    "date" : "2025-06-30",
    "price" : 849.55,
    "dma50" : 780.01,
    "dma100" : 682.73,
    "dma200" : 696.57,
    "volume" : 387861.00
  }, {
    "date" : "2025-07-01",
    "price" : 838.05,
    "dma50" : 782.29,
    "dma100" : 684.64,
    "dma200" : 697.98,
    "volume" : 273210.00
  }, {
    "date" : "2025-07-02",
    "price" : 855.65,
    "dma50" : 785.17,
    "dma100" : 686.61,
    "dma200" : 699.55,
    "volume" : 395479.00
  }, {
    "date" : "2025-07-03",
    "price" : 884.95,
    "dma50" : 789.08,
    "dma100" : 688.68,
    "dma200" : 701.39,
    "volume" : 770665.00
  }, {
    "date" : "2025-07-04",
    "price" : 884.40,
    "dma50" : 792.82,
    "dma100" : 690.72,
    "dma200" : 703.21,
    "volume" : 289944.00
  }, {
    "date" : "2025-07-07",
    "price" : 891.60,
    "dma50" : 796.69,
    "dma100" : 693.14,
    "dma200" : 705.09,
    "volume" : 144649.00
  }, {
    "date" : "2025-07-08",
    "price" : 893.40,
    "dma50" : 800.48,
    "dma100" : 695.53,
    "dma200" : 706.96,
    "volume" : 187415.00
  }, {
    "date" : "2025-07-09",
    "price" : 890.15,
    "dma50" : 804.00,
    "dma100" : 698.04,
    "dma200" : 708.79,
    "volume" : 95495.00
  }, {
    "date" : "2025-07-10",
    "price" : 881.20,
    "dma50" : 807.03,
    "dma100" : 700.76,
    "dma200" : 710.50,
    "volume" : 229361.00
  }, {
    "date" : "2025-07-11",
    "price" : 888.05,
    "dma50" : 810.20,
    "dma100" : 703.57,
    "dma200" : 712.27,
    "volume" : 359323.00
  }, {
    "date" : "2025-07-14",
    "price" : 876.85,
    "dma50" : 812.82,
    "dma100" : 706.38,
    "dma200" : 713.91,
    "volume" : 218696.00
  }, {
    "date" : "2025-07-15",
    "price" : 888.30,
    "dma50" : 815.78,
    "dma100" : 709.27,
    "dma200" : 715.64,
    "volume" : 125202.00
  }, {
    "date" : "2025-07-16",
    "price" : 881.35,
    "dma50" : 818.35,
    "dma100" : 712.14,
    "dma200" : 717.29,
    "volume" : 192552.00
  }, {
    "date" : "2025-07-17",
    "price" : 888.60,
    "dma50" : 821.10,
    "dma100" : 715.09,
    "dma200" : 718.99,
    "volume" : 53194.00
  }, {
    "date" : "2025-07-18",
    "price" : 871.60,
    "dma50" : 823.08,
    "dma100" : 717.79,
    "dma200" : 720.51,
    "volume" : 95534.00
  }, {
    "date" : "2025-07-21",
    "price" : 867.85,
    "dma50" : 824.84,
    "dma100" : 720.46,
    "dma200" : 721.98,
    "volume" : 58065.00
  }, {
    "date" : "2025-07-22",
    "price" : 859.35,
    "dma50" : 826.19,
    "dma100" : 723.06,
    "dma200" : 723.35,
    "volume" : 638873.00
  }, {
    "date" : "2025-07-23",
    "price" : 856.90,
    "dma50" : 827.40,
    "dma100" : 725.74,
    "dma200" : 724.67,
    "volume" : 96666.00
  }, {
    "date" : "2025-07-24",
    "price" : 844.25,
    "dma50" : 828.06,
    "dma100" : 728.28,
    "dma200" : 725.86,
    "volume" : 242503.00
  }, {
    "date" : "2025-07-25",
    "price" : 841.00,
    "dma50" : 828.57,
    "dma100" : 730.89,
    "dma200" : 727.01,
    "volume" : 114889.00
  }, {
    "date" : "2025-07-28",
    "price" : 842.70,
    "dma50" : 829.12,
    "dma100" : 733.51,
    "dma200" : 728.16,
    "volume" : 90262.00
  }, {
    "date" : "2025-07-29",
    "price" : 857.35,
    "dma50" : 830.23,
    "dma100" : 736.30,
    "dma200" : 729.45,
    "volume" : 85978.00
  }, {
    "date" : "2025-07-30",
    "price" : 845.75,
    "dma50" : 830.84,
    "dma100" : 738.91,
    "dma200" : 730.60,
    "volume" : 194983.00
  }, {
    "date" : "2025-07-31",
    "price" : 852.85,
    "dma50" : 831.70,
    "dma100" : 741.60,
    "dma200" : 731.82,
    "volume" : 286308.00
  }, {
    "date" : "2025-08-01",
    "price" : 894.10,
    "dma50" : 834.15,
    "dma100" : 744.72,
    "dma200" : 733.43,
    "volume" : 897190.00
  }, {
    "date" : "2025-08-04",
    "price" : 927.60,
    "dma50" : 837.81,
    "dma100" : 748.01,
    "dma200" : 735.37,
    "volume" : 1407092.00
  }, {
    "date" : "2025-08-05",
    "price" : 912.20,
    "dma50" : 840.73,
    "dma100" : 751.25,
    "dma200" : 737.13,
    "volume" : 282247.00
  }, {
    "date" : "2025-08-06",
    "price" : 862.50,
    "dma50" : 841.58,
    "dma100" : 754.15,
    "dma200" : 738.37,
    "volume" : 966450.00
  }, {
    "date" : "2025-08-07",
    "price" : 862.65,
    "dma50" : 842.41,
    "dma100" : 757.11,
    "dma200" : 739.61,
    "volume" : 140643.00
  }, {
    "date" : "2025-08-08",
    "price" : 864.35,
    "dma50" : 843.27,
    "dma100" : 760.05,
    "dma200" : 740.85,
    "volume" : 149778.00
  }, {
    "date" : "2025-08-11",
    "price" : 866.65,
    "dma50" : 844.19,
    "dma100" : 763.17,
    "dma200" : 742.10,
    "volume" : 252396.00
  }, {
    "date" : "2025-08-12",
    "price" : 863.40,
    "dma50" : 844.94,
    "dma100" : 766.24,
    "dma200" : 743.31,
    "volume" : 77274.00
  }, {
    "date" : "2025-08-13",
    "price" : 857.85,
    "dma50" : 845.45,
    "dma100" : 769.28,
    "dma200" : 744.45,
    "volume" : 141465.00
  }, {
    "date" : "2025-08-14",
    "price" : 859.05,
    "dma50" : 845.98,
    "dma100" : 772.20,
    "dma200" : 745.59,
    "volume" : 66505.00
  }, {
    "date" : "2025-08-18",
    "price" : 902.70,
    "dma50" : 848.20,
    "dma100" : 775.29,
    "dma200" : 747.15,
    "volume" : 247648.00
  }, {
    "date" : "2025-08-19",
    "price" : 920.50,
    "dma50" : 851.04,
    "dma100" : 778.68,
    "dma200" : 748.88,
    "volume" : 879794.00
  }, {
    "date" : "2025-08-20",
    "price" : 901.20,
    "dma50" : 853.01,
    "dma100" : 781.94,
    "dma200" : 750.39,
    "volume" : 152576.00
  }, {
    "date" : "2025-08-21",
    "price" : 903.30,
    "dma50" : 854.98,
    "dma100" : 785.44,
    "dma200" : 751.92,
    "volume" : 139727.00
  }, {
    "date" : "2025-08-22",
    "price" : 882.55,
    "dma50" : 856.06,
    "dma100" : 788.66,
    "dma200" : 753.22,
    "volume" : 201508.00
  }, {
    "date" : "2025-08-25",
    "price" : 878.20,
    "dma50" : 856.93,
    "dma100" : 791.89,
    "dma200" : 754.46,
    "volume" : 102761.00
  }, {
    "date" : "2025-08-26",
    "price" : 868.15,
    "dma50" : 857.37,
    "dma100" : 794.95,
    "dma200" : 755.59,
    "volume" : 164749.00
  }, {
    "date" : "2025-08-28",
    "price" : 853.80,
    "dma50" : 857.23,
    "dma100" : 797.77,
    "dma200" : 756.57,
    "volume" : 62732.00
  }, {
    "date" : "2025-08-29",
    "price" : 871.50,
    "dma50" : 857.79,
    "dma100" : 800.80,
    "dma200" : 757.71,
    "volume" : 133372.00
  }, {
    "date" : "2025-09-01",
    "price" : 904.95,
    "dma50" : 859.64,
    "dma100" : 804.34,
    "dma200" : 759.18,
    "volume" : 201946.00
  }, {
    "date" : "2025-09-02",
    "price" : 923.60,
    "dma50" : 862.15,
    "dma100" : 808.01,
    "dma200" : 760.81,
    "volume" : 212106.00
  }, {
    "date" : "2025-09-03",
    "price" : 933.20,
    "dma50" : 864.93,
    "dma100" : 811.68,
    "dma200" : 762.53,
    "volume" : 276750.00
  }, {
    "date" : "2025-09-04",
    "price" : 924.60,
    "dma50" : 867.27,
    "dma100" : 815.19,
    "dma200" : 764.14,
    "volume" : 101769.00
  }, {
    "date" : "2025-09-05",
    "price" : 918.00,
    "dma50" : 869.26,
    "dma100" : 818.37,
    "dma200" : 765.67,
    "volume" : 78133.00
  }, {
    "date" : "2025-09-08",
    "price" : 902.25,
    "dma50" : 870.55,
    "dma100" : 821.25,
    "dma200" : 767.03,
    "volume" : 70831.00
  }, {
    "date" : "2025-09-09",
    "price" : 895.25,
    "dma50" : 871.52,
    "dma100" : 823.96,
    "dma200" : 768.31,
    "volume" : 70756.00
  }, {
    "date" : "2025-09-10",
    "price" : 917.50,
    "dma50" : 873.33,
    "dma100" : 827.00,
    "dma200" : 769.79,
    "volume" : 219876.00
  }, {
    "date" : "2025-09-11",
    "price" : 902.55,
    "dma50" : 874.47,
    "dma100" : 829.83,
    "dma200" : 771.11,
    "volume" : 84178.00
  }, {
    "date" : "2025-09-12",
    "price" : 887.60,
    "dma50" : 874.99,
    "dma100" : 832.32,
    "dma200" : 772.27,
    "volume" : 162130.00
  }, {
    "date" : "2025-09-15",
    "price" : 903.85,
    "dma50" : 876.12,
    "dma100" : 834.98,
    "dma200" : 773.58,
    "volume" : 66979.00
  }, {
    "date" : "2025-09-16",
    "price" : 917.00,
    "dma50" : 877.72,
    "dma100" : 837.80,
    "dma200" : 775.01,
    "volume" : 212454.00
  }, {
    "date" : "2025-09-17",
    "price" : 905.85,
    "dma50" : 878.83,
    "dma100" : 840.72,
    "dma200" : 776.31,
    "volume" : 76780.00
  }, {
    "date" : "2025-09-18",
    "price" : 879.45,
    "dma50" : 878.85,
    "dma100" : 843.36,
    "dma200" : 777.34,
    "volume" : 482010.00
  }, {
    "date" : "2025-09-19",
    "price" : 886.05,
    "dma50" : 879.13,
    "dma100" : 846.08,
    "dma200" : 778.42,
    "volume" : 169250.00
  }, {
    "date" : "2025-09-22",
    "price" : 899.30,
    "dma50" : 879.92,
    "dma100" : 849.16,
    "dma200" : 779.62,
    "volume" : 168527.00
  }, {
    "date" : "2025-09-23",
    "price" : 899.85,
    "dma50" : 880.70,
    "dma100" : 852.16,
    "dma200" : 780.82,
    "volume" : 96173.00
  }, {
    "date" : "2025-09-24",
    "price" : 919.30,
    "dma50" : 882.22,
    "dma100" : 855.43,
    "dma200" : 782.19,
    "volume" : 232590.00
  }, {
    "date" : "2025-09-25",
    "price" : 898.20,
    "dma50" : 882.84,
    "dma100" : 857.46,
    "dma200" : 783.35,
    "volume" : 93760.00
  }, {
    "date" : "2025-09-26",
    "price" : 889.15,
    "dma50" : 883.09,
    "dma100" : 858.63,
    "dma200" : 784.40,
    "volume" : 100558.00
  }, {
    "date" : "2025-09-29",
    "price" : 857.05,
    "dma50" : 882.07,
    "dma100" : 859.92,
    "dma200" : 785.12,
    "volume" : 316584.00
  }, {
    "date" : "2025-09-30",
    "price" : 845.25,
    "dma50" : 880.63,
    "dma100" : 861.14,
    "dma200" : 785.72,
    "volume" : 217031.00
  }, {
    "date" : "2025-10-01",
    "price" : 853.65,
    "dma50" : 879.57,
    "dma100" : 862.40,
    "dma200" : 786.40,
    "volume" : 80363.00
  }, {
    "date" : "2025-10-03",
    "price" : 857.85,
    "dma50" : 878.72,
    "dma100" : 863.78,
    "dma200" : 787.11,
    "volume" : 82393.00
  }, {
    "date" : "2025-10-06",
    "price" : 845.50,
    "dma50" : 877.41,
    "dma100" : 864.94,
    "dma200" : 787.69,
    "volume" : 184089.00
  }, {
    "date" : "2025-10-07",
    "price" : 852.25,
    "dma50" : 876.43,
    "dma100" : 866.21,
    "dma200" : 788.33,
    "volume" : 65558.00
  }, {
    "date" : "2025-10-08",
    "price" : 836.50,
    "dma50" : 874.86,
    "dma100" : 866.97,
    "dma200" : 788.81,
    "volume" : 93134.00
  }, {
    "date" : "2025-10-09",
    "price" : 830.85,
    "dma50" : 873.14,
    "dma100" : 867.69,
    "dma200" : 789.23,
    "volume" : 209958.00
  }, {
    "date" : "2025-10-10",
    "price" : 829.65,
    "dma50" : 871.43,
    "dma100" : 867.68,
    "dma200" : 789.63,
    "volume" : 61684.00
  }, {
    "date" : "2025-10-13",
    "price" : 829.25,
    "dma50" : 869.78,
    "dma100" : 867.92,
    "dma200" : 790.03,
    "volume" : 116556.00
  }, {
    "date" : "2025-10-14",
    "price" : 832.95,
    "dma50" : 868.33,
    "dma100" : 868.14,
    "dma200" : 790.45,
    "volume" : 162243.00
  }, {
    "date" : "2025-10-15",
    "price" : 834.00,
    "dma50" : 866.99,
    "dma100" : 868.46,
    "dma200" : 790.89,
    "volume" : 64207.00
  }, {
    "date" : "2025-10-16",
    "price" : 843.50,
    "dma50" : 866.06,
    "dma100" : 868.85,
    "dma200" : 791.41,
    "volume" : 128218.00
  }, {
    "date" : "2025-10-17",
    "price" : 835.25,
    "dma50" : 864.86,
    "dma100" : 868.78,
    "dma200" : 791.85,
    "volume" : 62938.00
  }, {
    "date" : "2025-10-20",
    "price" : 843.85,
    "dma50" : 864.03,
    "dma100" : 869.06,
    "dma200" : 792.36,
    "volume" : 87826.00
  }, {
    "date" : "2025-10-21",
    "price" : 848.65,
    "dma50" : 863.43,
    "dma100" : 869.39,
    "dma200" : 792.92,
    "volume" : 16699.00
  }, {
    "date" : "2025-10-23",
    "price" : 844.75,
    "dma50" : 862.70,
    "dma100" : 869.00,
    "dma200" : 793.44,
    "volume" : 86263.00
  }, {
    "date" : "2025-10-24",
    "price" : 836.50,
    "dma50" : 861.67,
    "dma100" : 868.47,
    "dma200" : 793.87,
    "volume" : 67079.00
  }, {
    "date" : "2025-10-27",
    "price" : 850.70,
    "dma50" : 861.24,
    "dma100" : 868.06,
    "dma200" : 794.43,
    "volume" : 52754.00
  }, {
    "date" : "2025-10-28",
    "price" : 850.65,
    "dma50" : 860.82,
    "dma100" : 867.67,
    "dma200" : 794.99,
    "volume" : 50590.00
  }, {
    "date" : "2025-10-29",
    "price" : 864.35,
    "dma50" : 860.96,
    "dma100" : 867.34,
    "dma200" : 795.68,
    "volume" : 71101.00
  }, {
    "date" : "2025-10-30",
    "price" : 855.15,
    "dma50" : 860.73,
    "dma100" : 867.14,
    "dma200" : 796.27,
    "volume" : 41395.00
  }, {
    "date" : "2025-10-31",
    "price" : 859.75,
    "dma50" : 860.70,
    "dma100" : 867.01,
    "dma200" : 796.91,
    "volume" : 63482.00
  }, {
    "date" : "2025-11-03",
    "price" : 877.15,
    "dma50" : 861.34,
    "dma100" : 867.24,
    "dma200" : 797.70,
    "volume" : 171922.00
  }, {
    "date" : "2025-11-04",
    "price" : 888.65,
    "dma50" : 862.41,
    "dma100" : 867.61,
    "dma200" : 798.61,
    "volume" : 107024.00
  }, {
    "date" : "2025-11-06",
    "price" : 973.10,
    "dma50" : 866.75,
    "dma100" : 869.04,
    "dma200" : 800.35,
    "volume" : 10239958.00
  }, {
    "date" : "2025-11-07",
    "price" : 1025.15,
    "dma50" : 872.96,
    "dma100" : 870.95,
    "dma200" : 802.58,
    "volume" : 5528968.00
  }, {
    "date" : "2025-11-10",
    "price" : 1068.45,
    "dma50" : 880.63,
    "dma100" : 873.53,
    "dma200" : 805.23,
    "volume" : 2368810.00
  }, {
    "date" : "2025-11-11",
    "price" : 1035.20,
    "dma50" : 886.69,
    "dma100" : 875.82,
    "dma200" : 807.52,
    "volume" : 1041369.00
  }, {
    "date" : "2025-11-12",
    "price" : 1061.25,
    "dma50" : 893.54,
    "dma100" : 878.45,
    "dma200" : 810.04,
    "volume" : 852427.00
  }, {
    "date" : "2025-11-13",
    "price" : 1044.60,
    "dma50" : 899.46,
    "dma100" : 880.94,
    "dma200" : 812.38,
    "volume" : 272923.00
  }, {
    "date" : "2025-11-14",
    "price" : 1053.10,
    "dma50" : 905.49,
    "dma100" : 883.61,
    "dma200" : 814.77,
    "volume" : 1013798.00
  }, {
    "date" : "2025-11-17",
    "price" : 1051.25,
    "dma50" : 911.20,
    "dma100" : 885.92,
    "dma200" : 817.12,
    "volume" : 332863.00
  }, {
    "date" : "2025-11-18",
    "price" : 1018.35,
    "dma50" : 915.40,
    "dma100" : 887.60,
    "dma200" : 819.13,
    "volume" : 317817.00
  }, {
    "date" : "2025-11-19",
    "price" : 1032.70,
    "dma50" : 920.00,
    "dma100" : 889.46,
    "dma200" : 821.25,
    "volume" : 307744.00
  }, {
    "date" : "2025-11-20",
    "price" : 1014.85,
    "dma50" : 923.72,
    "dma100" : 891.23,
    "dma200" : 823.18,
    "volume" : 178585.00
  }, {
    "date" : "2025-11-21",
    "price" : 998.40,
    "dma50" : 926.65,
    "dma100" : 892.72,
    "dma200" : 824.92,
    "volume" : 178215.00
  }, {
    "date" : "2025-11-24",
    "price" : 985.95,
    "dma50" : 928.98,
    "dma100" : 894.08,
    "dma200" : 826.52,
    "volume" : 213797.00
  }, {
    "date" : "2025-11-25",
    "price" : 983.30,
    "dma50" : 931.11,
    "dma100" : 895.53,
    "dma200" : 828.08,
    "volume" : 117104.00
  }, {
    "date" : "2025-11-26",
    "price" : 1022.75,
    "dma50" : 934.70,
    "dma100" : 897.20,
    "dma200" : 830.02,
    "volume" : 534628.00
  }, {
    "date" : "2025-11-27",
    "price" : 1000.15,
    "dma50" : 937.27,
    "dma100" : 898.35,
    "dma200" : 831.71,
    "volume" : 269545.00
  }, {
    "date" : "2025-11-28",
    "price" : 1008.60,
    "dma50" : 940.07,
    "dma100" : 899.60,
    "dma200" : 833.47,
    "volume" : 126619.00
  }, {
    "date" : "2025-12-01",
    "price" : 984.20,
    "dma50" : 941.80,
    "dma100" : 900.52,
    "dma200" : 834.97,
    "volume" : 206540.00
  }, {
    "date" : "2025-12-02",
    "price" : 989.30,
    "dma50" : 943.66,
    "dma100" : 901.48,
    "dma200" : 836.51,
    "volume" : 281953.00
  }, {
    "date" : "2025-12-03",
    "price" : 999.60,
    "dma50" : 945.85,
    "dma100" : 902.58,
    "dma200" : 838.13,
    "volume" : 203277.00
  }, {
    "date" : "2025-12-04",
    "price" : 976.80,
    "dma50" : 947.07,
    "dma100" : 903.53,
    "dma200" : 839.51,
    "volume" : 150793.00
  }, {
    "date" : "2025-12-05",
    "price" : 949.80,
    "dma50" : 947.17,
    "dma100" : 904.15,
    "dma200" : 840.61,
    "volume" : 298398.00
  }, {
    "date" : "2025-12-08",
    "price" : 941.60,
    "dma50" : 946.96,
    "dma100" : 904.80,
    "dma200" : 841.61,
    "volume" : 291965.00
  }, {
    "date" : "2025-12-09",
    "price" : 975.30,
    "dma50" : 948.07,
    "dma100" : 905.67,
    "dma200" : 842.94,
    "volume" : 315282.00
  }, {
    "date" : "2025-12-10",
    "price" : 970.20,
    "dma50" : 948.93,
    "dma100" : 906.56,
    "dma200" : 844.21,
    "volume" : 150547.00
  }, {
    "date" : "2025-12-11",
    "price" : 967.50,
    "dma50" : 949.66,
    "dma100" : 907.34,
    "dma200" : 845.44,
    "volume" : 104634.00
  }, {
    "date" : "2025-12-12",
    "price" : 1025.30,
    "dma50" : 952.63,
    "dma100" : 908.88,
    "dma200" : 847.23,
    "volume" : 502713.00
  }, {
    "date" : "2025-12-15",
    "price" : 989.10,
    "dma50" : 954.06,
    "dma100" : 910.09,
    "dma200" : 848.64,
    "volume" : 488210.00
  }, {
    "date" : "2025-12-16",
    "price" : 981.80,
    "dma50" : 955.15,
    "dma100" : 911.32,
    "dma200" : 849.96,
    "volume" : 138863.00
  }, {
    "date" : "2025-12-17",
    "price" : 994.50,
    "dma50" : 956.69,
    "dma100" : 912.69,
    "dma200" : 851.40,
    "volume" : 246418.00
  }, {
    "date" : "2025-12-18",
    "price" : 990.30,
    "dma50" : 958.01,
    "dma100" : 914.16,
    "dma200" : 852.78,
    "volume" : 126649.00
  }, {
    "date" : "2025-12-19",
    "price" : 969.90,
    "dma50" : 958.47,
    "dma100" : 915.44,
    "dma200" : 853.95,
    "volume" : 143552.00
  }, {
    "date" : "2025-12-22",
    "price" : 980.90,
    "dma50" : 959.35,
    "dma100" : 916.83,
    "dma200" : 855.21,
    "volume" : 105714.00
  }, {
    "date" : "2025-12-23",
    "price" : 966.00,
    "dma50" : 959.61,
    "dma100" : 917.91,
    "dma200" : 856.31,
    "volume" : 374713.00
  }, {
    "date" : "2025-12-24",
    "price" : 954.80,
    "dma50" : 959.43,
    "dma100" : 919.00,
    "dma200" : 857.29,
    "volume" : 129094.00
  }, {
    "date" : "2025-12-26",
    "price" : 943.20,
    "dma50" : 958.79,
    "dma100" : 919.91,
    "dma200" : 858.15,
    "volume" : 178841.00
  }, {
    "date" : "2025-12-29",
    "price" : 959.20,
    "dma50" : 958.81,
    "dma100" : 920.56,
    "dma200" : 859.15,
    "volume" : 232234.00
  }, {
    "date" : "2025-12-30",
    "price" : 947.80,
    "dma50" : 958.37,
    "dma100" : 920.76,
    "dma200" : 860.04,
    "volume" : 217783.00
  }, {
    "date" : "2025-12-31",
    "price" : 944.20,
    "dma50" : 957.82,
    "dma100" : 921.08,
    "dma200" : 860.87,
    "volume" : 92313.00
  }, {
    "date" : "2026-01-01",
    "price" : 910.35,
    "dma50" : 955.96,
    "dma100" : 921.56,
    "dma200" : 861.37,
    "volume" : 324228.00
  }, {
    "date" : "2026-01-02",
    "price" : 915.70,
    "dma50" : 954.38,
    "dma100" : 922.09,
    "dma200" : 861.91,
    "volume" : 109914.00
  }, {
    "date" : "2026-01-05",
    "price" : 933.65,
    "dma50" : 953.57,
    "dma100" : 922.78,
    "dma200" : 862.62,
    "volume" : 240489.00
  }, {
    "date" : "2026-01-06",
    "price" : 924.05,
    "dma50" : 952.41,
    "dma100" : 923.36,
    "dma200" : 863.23,
    "volume" : 165872.00
  } ],
  "latestTechnicalAttributes" : {
    "date" : "2026-01-06",
    "price" : 924.05,
    "dma50" : 952.41,
    "dma100" : 923.36,
    "dma200" : 863.23,
    "volume" : 165872.00
  },
  "quarterlyResults" : [ {
    "date" : "2005-03-31",
    "sales" : 35.99,
    "salesGrowthYoY" : null,
    "grossProfitMargin" : 55.27,
    "grossProfit" : 19.89,
    "operatingProfitMargin" : 29.45,
    "operatingProfit" : 10.60,
    "netProfitMargin" : 33.15,
    "netProfit" : 11.93
  }, {
    "date" : "2005-06-30",
    "sales" : 27.46,
    "salesGrowthYoY" : null,
    "grossProfitMargin" : 59.18,
    "grossProfit" : 16.25,
    "operatingProfitMargin" : 27.28,
    "operatingProfit" : 7.49,
    "netProfitMargin" : 25.53,
    "netProfit" : 7.01
  }, {
    "date" : "2005-09-30",
    "sales" : 30.88,
    "salesGrowthYoY" : null,
    "grossProfitMargin" : 57.22,
    "grossProfit" : 17.67,
    "operatingProfitMargin" : 29.73,
    "operatingProfit" : 9.18,
    "netProfitMargin" : 26.33,
    "netProfit" : 8.13
  }, {
    "date" : "2005-12-31",
    "sales" : 39.27,
    "salesGrowthYoY" : null,
    "grossProfitMargin" : 58.85,
    "grossProfit" : 23.11,
    "operatingProfitMargin" : 31.25,
    "operatingProfit" : 12.27,
    "netProfitMargin" : 26.84,
    "netProfit" : 10.54
  }, {
    "date" : "2006-03-31",
    "sales" : 52.59,
    "salesGrowthYoY" : 46.12,
    "grossProfitMargin" : 52.08,
    "grossProfit" : 27.39,
    "operatingProfitMargin" : 28.86,
    "operatingProfit" : 15.18,
    "netProfitMargin" : 25.31,
    "netProfit" : 13.31
  }, {
    "date" : "2006-06-30",
    "sales" : 30.94,
    "salesGrowthYoY" : 12.67,
    "grossProfitMargin" : 62.22,
    "grossProfit" : 19.25,
    "operatingProfitMargin" : 35.20,
    "operatingProfit" : 10.89,
    "netProfitMargin" : 29.38,
    "netProfit" : 9.09
  }, {
    "date" : "2006-09-30",
    "sales" : 49.84,
    "salesGrowthYoY" : 61.40,
    "grossProfitMargin" : 55.12,
    "grossProfit" : 27.47,
    "operatingProfitMargin" : 29.11,
    "operatingProfit" : 14.51,
    "netProfitMargin" : 24.12,
    "netProfit" : 12.02
  }, {
    "date" : "2006-12-31",
    "sales" : 66.37,
    "salesGrowthYoY" : 69.01,
    "grossProfitMargin" : 48.83,
    "grossProfit" : 32.41,
    "operatingProfitMargin" : 20.99,
    "operatingProfit" : 13.93,
    "netProfitMargin" : 16.71,
    "netProfit" : 11.09
  }, {
    "date" : "2007-03-31",
    "sales" : 70.50,
    "salesGrowthYoY" : 34.06,
    "grossProfitMargin" : 45.67,
    "grossProfit" : 32.20,
    "operatingProfitMargin" : 20.45,
    "operatingProfit" : 14.42,
    "netProfitMargin" : 14.96,
    "netProfit" : 10.55
  }, {
    "date" : "2007-06-30",
    "sales" : 38.20,
    "salesGrowthYoY" : 23.46,
    "grossProfitMargin" : 45.63,
    "grossProfit" : 17.43,
    "operatingProfitMargin" : 17.75,
    "operatingProfit" : 6.78,
    "netProfitMargin" : 11.36,
    "netProfit" : 4.34
  }, {
    "date" : "2007-09-30",
    "sales" : 51.96,
    "salesGrowthYoY" : 4.25,
    "grossProfitMargin" : 48.69,
    "grossProfit" : 25.30,
    "operatingProfitMargin" : 20.13,
    "operatingProfit" : 10.46,
    "netProfitMargin" : 5.97,
    "netProfit" : 3.10
  }, {
    "date" : "2007-12-31",
    "sales" : 78.30,
    "salesGrowthYoY" : 17.97,
    "grossProfitMargin" : 44.66,
    "grossProfit" : 34.97,
    "operatingProfitMargin" : 22.59,
    "operatingProfit" : 17.69,
    "netProfitMargin" : 12.86,
    "netProfit" : 10.07
  }, {
    "date" : "2008-03-31",
    "sales" : 77.09,
    "salesGrowthYoY" : 9.35,
    "grossProfitMargin" : 48.05,
    "grossProfit" : 37.04,
    "operatingProfitMargin" : 25.71,
    "operatingProfit" : 19.82,
    "netProfitMargin" : 25.49,
    "netProfit" : 19.65
  }, {
    "date" : "2008-06-30",
    "sales" : 48.62,
    "salesGrowthYoY" : 27.28,
    "grossProfitMargin" : 48.13,
    "grossProfit" : 23.40,
    "operatingProfitMargin" : 20.28,
    "operatingProfit" : 9.86,
    "netProfitMargin" : 5.80,
    "netProfit" : 2.82
  }, {
    "date" : "2008-09-30",
    "sales" : 92.00,
    "salesGrowthYoY" : 77.06,
    "grossProfitMargin" : 41.82,
    "grossProfit" : 38.47,
    "operatingProfitMargin" : 18.39,
    "operatingProfit" : 16.92,
    "netProfitMargin" : 10.60,
    "netProfit" : 9.75
  }, {
    "date" : "2008-12-31",
    "sales" : 72.00,
    "salesGrowthYoY" : -8.05,
    "grossProfitMargin" : 48.46,
    "grossProfit" : 34.89,
    "operatingProfitMargin" : 20.78,
    "operatingProfit" : 14.96,
    "netProfitMargin" : 9.26,
    "netProfit" : 6.67
  }, {
    "date" : "2009-03-31",
    "sales" : 62.77,
    "salesGrowthYoY" : -18.58,
    "grossProfitMargin" : 45.42,
    "grossProfit" : 28.51,
    "operatingProfitMargin" : 19.80,
    "operatingProfit" : 12.43,
    "netProfitMargin" : 1.82,
    "netProfit" : 1.14
  }, {
    "date" : "2009-06-30",
    "sales" : 42.08,
    "salesGrowthYoY" : -13.45,
    "grossProfitMargin" : 37.26,
    "grossProfit" : 15.68,
    "operatingProfitMargin" : 15.95,
    "operatingProfit" : 6.71,
    "netProfitMargin" : 1.52,
    "netProfit" : 0.64
  }, {
    "date" : "2009-09-30",
    "sales" : 67.44,
    "salesGrowthYoY" : -26.70,
    "grossProfitMargin" : 46.75,
    "grossProfit" : 31.53,
    "operatingProfitMargin" : 25.46,
    "operatingProfit" : 17.17,
    "netProfitMargin" : 12.16,
    "netProfit" : 8.20
  }, {
    "date" : "2009-12-31",
    "sales" : 88.90,
    "salesGrowthYoY" : 23.47,
    "grossProfitMargin" : 47.05,
    "grossProfit" : 41.83,
    "operatingProfitMargin" : 22.16,
    "operatingProfit" : 19.70,
    "netProfitMargin" : 11.26,
    "netProfit" : 10.01
  }, {
    "date" : "2010-03-31",
    "sales" : 88.29,
    "salesGrowthYoY" : 40.66,
    "grossProfitMargin" : 42.81,
    "grossProfit" : 37.80,
    "operatingProfitMargin" : 21.51,
    "operatingProfit" : 18.99,
    "netProfitMargin" : 3.99,
    "netProfit" : 3.52
  }, {
    "date" : "2010-06-30",
    "sales" : 57.99,
    "salesGrowthYoY" : 37.81,
    "grossProfitMargin" : 49.70,
    "grossProfit" : 28.82,
    "operatingProfitMargin" : 23.30,
    "operatingProfit" : 13.51,
    "netProfitMargin" : 8.67,
    "netProfit" : 5.03
  }, {
    "date" : "2010-09-30",
    "sales" : 93.26,
    "salesGrowthYoY" : 38.29,
    "grossProfitMargin" : 42.85,
    "grossProfit" : 39.96,
    "operatingProfitMargin" : 17.32,
    "operatingProfit" : 16.15,
    "netProfitMargin" : 7.52,
    "netProfit" : 7.01
  }, {
    "date" : "2010-12-31",
    "sales" : 108.84,
    "salesGrowthYoY" : 22.43,
    "grossProfitMargin" : 40.03,
    "grossProfit" : 43.57,
    "operatingProfitMargin" : 16.53,
    "operatingProfit" : 17.99,
    "netProfitMargin" : 11.03,
    "netProfit" : 12.01
  }, {
    "date" : "2011-03-31",
    "sales" : 96.42,
    "salesGrowthYoY" : 9.21,
    "grossProfitMargin" : 43.35,
    "grossProfit" : 41.80,
    "operatingProfitMargin" : 17.67,
    "operatingProfit" : 17.04,
    "netProfitMargin" : 3.60,
    "netProfit" : 3.47
  }, {
    "date" : "2011-06-30",
    "sales" : 89.91,
    "salesGrowthYoY" : 55.04,
    "grossProfitMargin" : 35.16,
    "grossProfit" : 31.61,
    "operatingProfitMargin" : 16.34,
    "operatingProfit" : 14.69,
    "netProfitMargin" : 5.35,
    "netProfit" : 4.81
  }, {
    "date" : "2011-09-30",
    "sales" : 121.93,
    "salesGrowthYoY" : 30.74,
    "grossProfitMargin" : 40.09,
    "grossProfit" : 48.88,
    "operatingProfitMargin" : 14.76,
    "operatingProfit" : 18.00,
    "netProfitMargin" : 5.98,
    "netProfit" : 7.29
  }, {
    "date" : "2011-12-31",
    "sales" : 132.32,
    "salesGrowthYoY" : 21.57,
    "grossProfitMargin" : 39.36,
    "grossProfit" : 52.08,
    "operatingProfitMargin" : 15.01,
    "operatingProfit" : 19.86,
    "netProfitMargin" : 6.93,
    "netProfit" : 9.17
  }, {
    "date" : "2012-03-31",
    "sales" : 142.92,
    "salesGrowthYoY" : 48.23,
    "grossProfitMargin" : 31.67,
    "grossProfit" : 45.26,
    "operatingProfitMargin" : 21.88,
    "operatingProfit" : 31.27,
    "netProfitMargin" : 11.71,
    "netProfit" : 16.74
  }, {
    "date" : "2012-06-30",
    "sales" : 137.70,
    "salesGrowthYoY" : 53.15,
    "grossProfitMargin" : 31.95,
    "grossProfit" : 44.00,
    "operatingProfitMargin" : 14.24,
    "operatingProfit" : 19.61,
    "netProfitMargin" : 7.06,
    "netProfit" : 9.72
  }, {
    "date" : "2012-09-30",
    "sales" : 126.32,
    "salesGrowthYoY" : 3.60,
    "grossProfitMargin" : 33.48,
    "grossProfit" : 42.29,
    "operatingProfitMargin" : 21.37,
    "operatingProfit" : 26.99,
    "netProfitMargin" : 10.90,
    "netProfit" : 13.77
  }, {
    "date" : "2012-12-31",
    "sales" : 164.03,
    "salesGrowthYoY" : 23.96,
    "grossProfitMargin" : 35.73,
    "grossProfit" : 58.61,
    "operatingProfitMargin" : 20.83,
    "operatingProfit" : 34.17,
    "netProfitMargin" : 10.42,
    "netProfit" : 17.09
  }, {
    "date" : "2013-03-31",
    "sales" : 157.12,
    "salesGrowthYoY" : 9.94,
    "grossProfitMargin" : 30.21,
    "grossProfit" : 47.47,
    "operatingProfitMargin" : 17.09,
    "operatingProfit" : 26.85,
    "netProfitMargin" : 8.91,
    "netProfit" : 14.00
  }, {
    "date" : "2013-06-30",
    "sales" : 127.22,
    "salesGrowthYoY" : -7.61,
    "grossProfitMargin" : 41.88,
    "grossProfit" : 53.28,
    "operatingProfitMargin" : 21.77,
    "operatingProfit" : 27.70,
    "netProfitMargin" : 12.03,
    "netProfit" : 15.30
  }, {
    "date" : "2013-09-30",
    "sales" : 154.64,
    "salesGrowthYoY" : 22.42,
    "grossProfitMargin" : 36.12,
    "grossProfit" : 55.86,
    "operatingProfitMargin" : 21.67,
    "operatingProfit" : 33.51,
    "netProfitMargin" : 13.78,
    "netProfit" : 21.31
  }, {
    "date" : "2013-12-31",
    "sales" : 164.76,
    "salesGrowthYoY" : 0.45,
    "grossProfitMargin" : 32.64,
    "grossProfit" : 53.78,
    "operatingProfitMargin" : 20.67,
    "operatingProfit" : 34.06,
    "netProfitMargin" : 11.35,
    "netProfit" : 18.70
  }, {
    "date" : "2014-03-31",
    "sales" : 164.48,
    "salesGrowthYoY" : 4.68,
    "grossProfitMargin" : 33.01,
    "grossProfit" : 54.29,
    "operatingProfitMargin" : 19.63,
    "operatingProfit" : 32.29,
    "netProfitMargin" : 10.91,
    "netProfit" : 17.94
  }, {
    "date" : "2014-06-30",
    "sales" : 132.60,
    "salesGrowthYoY" : 4.23,
    "grossProfitMargin" : 32.69,
    "grossProfit" : 43.35,
    "operatingProfitMargin" : 19.04,
    "operatingProfit" : 25.25,
    "netProfitMargin" : 11.84,
    "netProfit" : 15.70
  }, {
    "date" : "2014-09-30",
    "sales" : 195.35,
    "salesGrowthYoY" : 26.33,
    "grossProfitMargin" : 31.32,
    "grossProfit" : 61.18,
    "operatingProfitMargin" : 19.15,
    "operatingProfit" : 37.41,
    "netProfitMargin" : 10.98,
    "netProfit" : 21.45
  }, {
    "date" : "2014-12-31",
    "sales" : 171.23,
    "salesGrowthYoY" : 3.93,
    "grossProfitMargin" : 34.72,
    "grossProfit" : 59.45,
    "operatingProfitMargin" : 19.13,
    "operatingProfit" : 32.76,
    "netProfitMargin" : 11.38,
    "netProfit" : 19.49
  }, {
    "date" : "2015-03-31",
    "sales" : 172.80,
    "salesGrowthYoY" : 5.06,
    "grossProfitMargin" : 34.59,
    "grossProfit" : 59.77,
    "operatingProfitMargin" : 18.84,
    "operatingProfit" : 32.56,
    "netProfitMargin" : 10.43,
    "netProfit" : 18.02
  }, {
    "date" : "2015-06-30",
    "sales" : 157.83,
    "salesGrowthYoY" : 19.03,
    "grossProfitMargin" : 34.08,
    "grossProfit" : 53.79,
    "operatingProfitMargin" : 20.86,
    "operatingProfit" : 32.92,
    "netProfitMargin" : 12.80,
    "netProfit" : 20.20
  }, {
    "date" : "2015-09-30",
    "sales" : 178.09,
    "salesGrowthYoY" : -8.84,
    "grossProfitMargin" : 35.12,
    "grossProfit" : 62.55,
    "operatingProfitMargin" : 19.81,
    "operatingProfit" : 35.28,
    "netProfitMargin" : 11.89,
    "netProfit" : 21.17
  }, {
    "date" : "2015-12-31",
    "sales" : 160.88,
    "salesGrowthYoY" : -6.04,
    "grossProfitMargin" : 36.24,
    "grossProfit" : 58.30,
    "operatingProfitMargin" : 20.39,
    "operatingProfit" : 32.80,
    "netProfitMargin" : 11.79,
    "netProfit" : 18.97
  }, {
    "date" : "2016-03-31",
    "sales" : 180.38,
    "salesGrowthYoY" : 4.39,
    "grossProfitMargin" : 42.27,
    "grossProfit" : 76.25,
    "operatingProfitMargin" : 21.34,
    "operatingProfit" : 38.49,
    "netProfitMargin" : 11.96,
    "netProfit" : 21.57
  }, {
    "date" : "2016-06-30",
    "sales" : 173.26,
    "salesGrowthYoY" : 9.78,
    "grossProfitMargin" : 44.01,
    "grossProfit" : 76.25,
    "operatingProfitMargin" : 22.87,
    "operatingProfit" : 39.62,
    "netProfitMargin" : 14.27,
    "netProfit" : 24.72
  }, {
    "date" : "2016-09-30",
    "sales" : 101.66,
    "salesGrowthYoY" : -42.92,
    "grossProfitMargin" : 44.13,
    "grossProfit" : 44.86,
    "operatingProfitMargin" : 17.75,
    "operatingProfit" : 18.04,
    "netProfitMargin" : 9.05,
    "netProfit" : 9.20
  }, {
    "date" : "2016-12-31",
    "sales" : 228.29,
    "salesGrowthYoY" : 41.90,
    "grossProfitMargin" : 50.58,
    "grossProfit" : 115.47,
    "operatingProfitMargin" : 27.05,
    "operatingProfit" : 61.75,
    "netProfitMargin" : 16.52,
    "netProfit" : 37.71
  }, {
    "date" : "2017-03-31",
    "sales" : 210.18,
    "salesGrowthYoY" : 16.52,
    "grossProfitMargin" : 45.83,
    "grossProfit" : 96.33,
    "operatingProfitMargin" : 23.79,
    "operatingProfit" : 50.00,
    "netProfitMargin" : 13.01,
    "netProfit" : 27.34
  }, {
    "date" : "2017-06-30",
    "sales" : 179.55,
    "salesGrowthYoY" : 3.63,
    "grossProfitMargin" : 40.29,
    "grossProfit" : 72.34,
    "operatingProfitMargin" : 18.47,
    "operatingProfit" : 33.16,
    "netProfitMargin" : 11.49,
    "netProfit" : 20.63
  }, {
    "date" : "2017-09-30",
    "sales" : 216.69,
    "salesGrowthYoY" : 113.15,
    "grossProfitMargin" : 39.65,
    "grossProfit" : 85.92,
    "operatingProfitMargin" : 20.12,
    "operatingProfit" : 43.60,
    "netProfitMargin" : 11.85,
    "netProfit" : 25.68
  }, {
    "date" : "2017-12-31",
    "sales" : 203.62,
    "salesGrowthYoY" : -10.81,
    "grossProfitMargin" : 42.51,
    "grossProfit" : 86.56,
    "operatingProfitMargin" : 22.69,
    "operatingProfit" : 46.20,
    "netProfitMargin" : 13.78,
    "netProfit" : 28.06
  }, {
    "date" : "2018-03-31",
    "sales" : 224.80,
    "salesGrowthYoY" : 6.96,
    "grossProfitMargin" : 36.74,
    "grossProfit" : 82.59,
    "operatingProfitMargin" : 18.55,
    "operatingProfit" : 41.70,
    "netProfitMargin" : 10.42,
    "netProfit" : 23.42
  }, {
    "date" : "2018-06-30",
    "sales" : 218.44,
    "salesGrowthYoY" : 21.66,
    "grossProfitMargin" : 38.61,
    "grossProfit" : 84.34,
    "operatingProfitMargin" : 19.20,
    "operatingProfit" : 41.94,
    "netProfitMargin" : 11.05,
    "netProfit" : 24.14
  }, {
    "date" : "2018-09-30",
    "sales" : 213.95,
    "salesGrowthYoY" : -1.26,
    "grossProfitMargin" : 45.45,
    "grossProfit" : 97.24,
    "operatingProfitMargin" : 24.56,
    "operatingProfit" : 52.55,
    "netProfitMargin" : 13.16,
    "netProfit" : 28.16
  }, {
    "date" : "2018-12-31",
    "sales" : 180.96,
    "salesGrowthYoY" : -11.13,
    "grossProfitMargin" : 45.63,
    "grossProfit" : 82.57,
    "operatingProfitMargin" : 22.37,
    "operatingProfit" : 40.48,
    "netProfitMargin" : 13.17,
    "netProfit" : 23.83
  }, {
    "date" : "2019-03-31",
    "sales" : 195.78,
    "salesGrowthYoY" : -12.91,
    "grossProfitMargin" : 43.66,
    "grossProfit" : 85.48,
    "operatingProfitMargin" : 18.69,
    "operatingProfit" : 36.59,
    "netProfitMargin" : 25.19,
    "netProfit" : 49.32
  }, {
    "date" : "2019-06-30",
    "sales" : 206.08,
    "salesGrowthYoY" : -5.66,
    "grossProfitMargin" : 47.89,
    "grossProfit" : 98.69,
    "operatingProfitMargin" : 25.91,
    "operatingProfit" : 53.40,
    "netProfitMargin" : 39.91,
    "netProfit" : 82.25
  }, {
    "date" : "2019-09-30",
    "sales" : 222.31,
    "salesGrowthYoY" : 3.91,
    "grossProfitMargin" : 45.27,
    "grossProfit" : 100.64,
    "operatingProfitMargin" : 17.13,
    "operatingProfit" : 38.08,
    "netProfitMargin" : 10.87,
    "netProfit" : 24.17
  }, {
    "date" : "2019-12-31",
    "sales" : 224.02,
    "salesGrowthYoY" : 23.80,
    "grossProfitMargin" : 54.15,
    "grossProfit" : 121.31,
    "operatingProfitMargin" : 30.42,
    "operatingProfit" : 68.15,
    "netProfitMargin" : 16.11,
    "netProfit" : 36.09
  }, {
    "date" : "2020-03-31",
    "sales" : 170.24,
    "salesGrowthYoY" : -13.05,
    "grossProfitMargin" : 66.48,
    "grossProfit" : 113.18,
    "operatingProfitMargin" : 27.67,
    "operatingProfit" : 47.11,
    "netProfitMargin" : 56.66,
    "netProfit" : 96.46
  }, {
    "date" : "2020-06-30",
    "sales" : 175.88,
    "salesGrowthYoY" : -14.65,
    "grossProfitMargin" : 46.90,
    "grossProfit" : 82.49,
    "operatingProfitMargin" : 19.91,
    "operatingProfit" : 35.02,
    "netProfitMargin" : 9.57,
    "netProfit" : 16.83
  }, {
    "date" : "2020-09-30",
    "sales" : 204.88,
    "salesGrowthYoY" : -7.84,
    "grossProfitMargin" : 49.76,
    "grossProfit" : 101.95,
    "operatingProfitMargin" : 21.09,
    "operatingProfit" : 43.21,
    "netProfitMargin" : 9.60,
    "netProfit" : 19.67
  }, {
    "date" : "2020-12-31",
    "sales" : 188.58,
    "salesGrowthYoY" : -15.82,
    "grossProfitMargin" : 57.14,
    "grossProfit" : 107.75,
    "operatingProfitMargin" : 21.35,
    "operatingProfit" : 40.26,
    "netProfitMargin" : 11.55,
    "netProfit" : 21.78
  }, {
    "date" : "2021-03-31",
    "sales" : 225.73,
    "salesGrowthYoY" : 32.60,
    "grossProfitMargin" : 64.46,
    "grossProfit" : 145.51,
    "operatingProfitMargin" : 30.21,
    "operatingProfit" : 68.19,
    "netProfitMargin" : 44.49,
    "netProfit" : 100.43
  }, {
    "date" : "2021-06-30",
    "sales" : 222.02,
    "salesGrowthYoY" : 26.23,
    "grossProfitMargin" : 51.95,
    "grossProfit" : 115.34,
    "operatingProfitMargin" : 20.81,
    "operatingProfit" : 46.20,
    "netProfitMargin" : 11.01,
    "netProfit" : 24.44
  }, {
    "date" : "2021-09-30",
    "sales" : 217.82,
    "salesGrowthYoY" : 6.32,
    "grossProfitMargin" : 52.04,
    "grossProfit" : 113.35,
    "operatingProfitMargin" : 21.59,
    "operatingProfit" : 47.03,
    "netProfitMargin" : 9.55,
    "netProfit" : 20.80
  }, {
    "date" : "2021-12-31",
    "sales" : 260.67,
    "salesGrowthYoY" : 38.23,
    "grossProfitMargin" : 45.82,
    "grossProfit" : 119.44,
    "operatingProfitMargin" : 16.24,
    "operatingProfit" : 42.33,
    "netProfitMargin" : 6.26,
    "netProfit" : 16.32
  }, {
    "date" : "2022-03-31",
    "sales" : 222.43,
    "salesGrowthYoY" : -1.46,
    "grossProfitMargin" : 59.69,
    "grossProfit" : 132.77,
    "operatingProfitMargin" : 27.61,
    "operatingProfit" : 61.41,
    "netProfitMargin" : 29.51,
    "netProfit" : 65.64
  }, {
    "date" : "2022-06-30",
    "sales" : 333.86,
    "salesGrowthYoY" : 50.37,
    "grossProfitMargin" : 42.70,
    "grossProfit" : 142.56,
    "operatingProfitMargin" : 16.88,
    "operatingProfit" : 56.36,
    "netProfitMargin" : 9.22,
    "netProfit" : 30.78
  }, {
    "date" : "2022-09-30",
    "sales" : 334.51,
    "salesGrowthYoY" : 53.57,
    "grossProfitMargin" : 44.96,
    "grossProfit" : 150.40,
    "operatingProfitMargin" : 16.66,
    "operatingProfit" : 55.73,
    "netProfitMargin" : 8.04,
    "netProfit" : 26.89
  }, {
    "date" : "2022-12-31",
    "sales" : 358.07,
    "salesGrowthYoY" : 37.37,
    "grossProfitMargin" : 44.44,
    "grossProfit" : 159.13,
    "operatingProfitMargin" : 13.32,
    "operatingProfit" : 47.69,
    "netProfitMargin" : 19.00,
    "netProfit" : 68.03
  }, {
    "date" : "2023-03-31",
    "sales" : 329.70,
    "salesGrowthYoY" : 48.23,
    "grossProfitMargin" : 51.96,
    "grossProfit" : 171.31,
    "operatingProfitMargin" : 17.86,
    "operatingProfit" : 58.88,
    "netProfitMargin" : 15.26,
    "netProfit" : 50.31
  }, {
    "date" : "2023-06-30",
    "sales" : 372.02,
    "salesGrowthYoY" : 11.43,
    "grossProfitMargin" : 46.90,
    "grossProfit" : 174.48,
    "operatingProfitMargin" : 15.31,
    "operatingProfit" : 56.96,
    "netProfitMargin" : 7.51,
    "netProfit" : 27.94
  }, {
    "date" : "2023-09-30",
    "sales" : 351.95,
    "salesGrowthYoY" : 5.21,
    "grossProfitMargin" : 47.23,
    "grossProfit" : 166.23,
    "operatingProfitMargin" : 17.06,
    "operatingProfit" : 60.04,
    "netProfitMargin" : 8.85,
    "netProfit" : 31.15
  }, {
    "date" : "2023-12-31",
    "sales" : 326.94,
    "salesGrowthYoY" : -8.69,
    "grossProfitMargin" : 50.82,
    "grossProfit" : 166.15,
    "operatingProfitMargin" : 12.71,
    "operatingProfit" : 41.55,
    "netProfitMargin" : 4.93,
    "netProfit" : 16.12
  }, {
    "date" : "2024-03-31",
    "sales" : 405.25,
    "salesGrowthYoY" : 22.91,
    "grossProfitMargin" : 48.69,
    "grossProfit" : 197.32,
    "operatingProfitMargin" : 13.09,
    "operatingProfit" : 53.05,
    "netProfitMargin" : 4.95,
    "netProfit" : 20.06
  }, {
    "date" : "2024-06-30",
    "sales" : 431.60,
    "salesGrowthYoY" : 16.02,
    "grossProfitMargin" : 43.20,
    "grossProfit" : 186.45,
    "operatingProfitMargin" : 15.15,
    "operatingProfit" : 65.39,
    "netProfitMargin" : 5.82,
    "netProfit" : 25.12
  }, {
    "date" : "2024-09-30",
    "sales" : 436.90,
    "salesGrowthYoY" : 24.14,
    "grossProfitMargin" : 42.71,
    "grossProfit" : 186.60,
    "operatingProfitMargin" : 15.81,
    "operatingProfit" : 69.07,
    "netProfitMargin" : 6.32,
    "netProfit" : 27.61
  }, {
    "date" : "2024-12-31",
    "sales" : 401.60,
    "salesGrowthYoY" : 22.84,
    "grossProfitMargin" : 41.21,
    "grossProfit" : 165.50,
    "operatingProfitMargin" : 11.78,
    "operatingProfit" : 47.31,
    "netProfitMargin" : 2.34,
    "netProfit" : 9.40
  }, {
    "date" : "2025-03-31",
    "sales" : 447.90,
    "salesGrowthYoY" : 10.52,
    "grossProfitMargin" : 46.16,
    "grossProfit" : 206.75,
    "operatingProfitMargin" : 11.68,
    "operatingProfit" : 52.31,
    "netProfitMargin" : 6.73,
    "netProfit" : 30.14
  }, {
    "date" : "2025-06-30",
    "sales" : 534.81,
    "salesGrowthYoY" : 23.91,
    "grossProfitMargin" : 40.00,
    "grossProfit" : 213.92,
    "operatingProfitMargin" : 14.99,
    "operatingProfit" : 80.17,
    "netProfitMargin" : 5.86,
    "netProfit" : 31.34
  }, {
    "date" : "2025-09-30",
    "sales" : 559.18,
    "salesGrowthYoY" : 27.99,
    "grossProfitMargin" : 40.72,
    "grossProfit" : 227.70,
    "operatingProfitMargin" : 17.09,
    "operatingProfit" : 95.56,
    "netProfitMargin" : 20.08,
    "netProfit" : 112.28
  } ],
  "latestQuarterlyResult" : {
    "date" : "2025-09-30",
    "sales" : 559.18,
    "salesGrowthYoY" : 27.99,
    "grossProfitMargin" : 40.72,
    "grossProfit" : 227.70,
    "operatingProfitMargin" : 17.09,
    "operatingProfit" : 95.56,
    "netProfitMargin" : 20.08,
    "netProfit" : 112.28
  },
  "companyScore" : {
    "priceHigherThanDma50" : 0.00,
    "priceHigherThanDma100" : 5.00,
    "priceHigherThanDma200" : 5.00,
    "dma50HigherThanDma100" : 5.00,
    "dma50HigherThanDma200" : 5.00,
    "dma100HigherThanDma200" : 5.00,
    "pricePercentageAboveDma50" : 5.15,
    "pricePercentageAboveDma100" : 5.00,
    "pricePercentageAboveDma200" : 4.65,
    "weeklyVolumeHigherThanYearlyVolume" : 0.00,
    "salesGrowthPercentile" : 14.94,
    "operatingProfitMarginPercentile" : 5.06,
    "netProfitMarginPercentile" : 8.43,
    "totalTechnicalScore" : 39.79,
    "totalFundamentalScore" : 28.43,
    "totalScore" : 68.22
  }
}