{
  "metadata" : {
    "screenerCompanyId" : "596",
    "companyCode" : "CEATLTD",
    "companyName" : "CEAT",
    "screenerCompanyLink" : "https://www.screener.in/company/CEATLTD/consolidated/",
    "screenerTechnicalHistoryLink" : "https://www.screener.in/api/company/596/chart/?q=Price-DMA50-DMA200-Volume&days=365",
    "screenerQuarterlyResultsLink" : "https://www.screener.in/api/company/596/chart/?q=GPM-OPM-NPM-Quarter+Sales&days=10000",
    "attributes" : {
      "companyCode" : "CEATLTD",
      "companyName" : "CEAT",
      "marketCap" : 15795.00,
      "peRatio" : 25.40,
      "description" : "CEAT, established in 1958, is one of the largest tyre manufacturers and one of the fastest-growing tyre companies in India. CEAT became a part of the RPG Group in 1982. It is amongst the Top 25 best workplaces in Manufacturing by GPTW for 2022.[1]"
    },
    "companyScore" : {
      "priceHigherThanDma50" : 5.00,
      "priceHigherThanDma100" : 5.00,
      "priceHigherThanDma200" : 5.00,
      "dma50HigherThanDma100" : 5.00,
      "dma50HigherThanDma200" : 5.00,
      "dma100HigherThanDma200" : 5.00,
      "pricePercentageAboveDma50" : 4.84,
      "pricePercentageAboveDma100" : 4.82,
      "pricePercentageAboveDma200" : 4.54,
      "weeklyVolumeHigherThanYearlyVolume" : 0.00,
      "salesGrowthPercentile" : 15.75,
      "operatingProfitMarginPercentile" : 18.10,
      "netProfitMarginPercentile" : 7.74,
      "totalTechnicalScore" : 44.20,
      "totalFundamentalScore" : 41.58,
      "totalScore" : 85.79
    }
  },
  "attributes" : {
    "companyCode" : "CEATLTD",
    "companyName" : "CEAT",
    "marketCap" : 15795.00,
    "peRatio" : 25.40,
    "description" : "CEAT, established in 1958, is one of the largest tyre manufacturers and one of the fastest-growing tyre companies in India. CEAT became a part of the RPG Group in 1982. It is amongst the Top 25 best workplaces in Manufacturing by GPTW for 2022.[1]"
  },
  "technicalHistory" : [ {
    "date" : "2025-02-05",
    "price" : 2971.50,
    "dma50" : 3006.12,
    "dma100" : null,
    "dma200" : 2834.33,
    "volume" : 76812.00
  }, {
    "date" : "2025-02-06",
    "price" : 2930.30,
    "dma50" : 3003.15,
    "dma100" : null,
    "dma200" : 2835.28,
    "volume" : 74216.00
  }, {
    "date" : "2025-02-07",
    "price" : 2872.15,
    "dma50" : 2998.01,
    "dma100" : null,
    "dma200" : 2835.65,
    "volume" : 70226.00
  }, {
    "date" : "2025-02-10",
    "price" : 2860.20,
    "dma50" : 2992.61,
    "dma100" : null,
    "dma200" : 2835.89,
    "volume" : 124379.00
  }, {
    "date" : "2025-02-11",
    "price" : 2730.80,
    "dma50" : 2982.34,
    "dma100" : null,
    "dma200" : 2834.85,
    "volume" : 58393.00
  }, {
    "date" : "2025-02-12",
    "price" : 2649.50,
    "dma50" : 2969.29,
    "dma100" : null,
    "dma200" : 2833.00,
    "volume" : 103610.00
  }, {
    "date" : "2025-02-13",
    "price" : 2636.85,
    "dma50" : 2956.25,
    "dma100" : null,
    "dma200" : 2831.05,
    "volume" : 93291.00
  }, {
    "date" : "2025-02-14",
    "price" : 2599.10,
    "dma50" : 2942.25,
    "dma100" : null,
    "dma200" : 2828.74,
    "volume" : 69276.00
  }, {
    "date" : "2025-02-17",
    "price" : 2664.25,
    "dma50" : 2931.34,
    "dma100" : null,
    "dma200" : 2827.10,
    "volume" : 85425.00
  }, {
    "date" : "2025-02-18",
    "price" : 2702.45,
    "dma50" : 2922.37,
    "dma100" : null,
    "dma200" : 2825.86,
    "volume" : 91376.00
  }, {
    "date" : "2025-02-19",
    "price" : 2707.05,
    "dma50" : 2913.92,
    "dma100" : null,
    "dma200" : 2824.68,
    "volume" : 35720.00
  }, {
    "date" : "2025-02-20",
    "price" : 2735.15,
    "dma50" : 2906.91,
    "dma100" : null,
    "dma200" : 2823.79,
    "volume" : 57262.00
  }, {
    "date" : "2025-02-21",
    "price" : 2733.90,
    "dma50" : 2900.13,
    "dma100" : null,
    "dma200" : 2822.90,
    "volume" : 91621.00
  }, {
    "date" : "2025-02-24",
    "price" : 2644.85,
    "dma50" : 2890.12,
    "dma100" : null,
    "dma200" : 2821.13,
    "volume" : 47336.00
  }, {
    "date" : "2025-02-25",
    "price" : 2702.45,
    "dma50" : 2882.76,
    "dma100" : null,
    "dma200" : 2819.94,
    "volume" : 68508.00
  }, {
    "date" : "2025-02-27",
    "price" : 2579.40,
    "dma50" : 2870.86,
    "dma100" : null,
    "dma200" : 2817.55,
    "volume" : 61471.00
  }, {
    "date" : "2025-02-28",
    "price" : 2532.50,
    "dma50" : 2857.59,
    "dma100" : null,
    "dma200" : 2814.71,
    "volume" : 86495.00
  }, {
    "date" : "2025-03-03",
    "price" : 2382.00,
    "dma50" : 2838.94,
    "dma100" : null,
    "dma200" : 2810.41,
    "volume" : 144430.00
  }, {
    "date" : "2025-03-04",
    "price" : 2399.10,
    "dma50" : 2821.69,
    "dma100" : null,
    "dma200" : 2806.32,
    "volume" : 97332.00
  }, {
    "date" : "2025-03-05",
    "price" : 2583.00,
    "dma50" : 2812.33,
    "dma100" : null,
    "dma200" : 2804.09,
    "volume" : 443652.00
  }, {
    "date" : "2025-03-06",
    "price" : 2575.25,
    "dma50" : 2803.04,
    "dma100" : null,
    "dma200" : 2801.82,
    "volume" : 128936.00
  }, {
    "date" : "2025-03-07",
    "price" : 2597.60,
    "dma50" : 2794.98,
    "dma100" : null,
    "dma200" : 2799.79,
    "volume" : 83828.00
  }, {
    "date" : "2025-03-10",
    "price" : 2578.55,
    "dma50" : 2786.49,
    "dma100" : null,
    "dma200" : 2797.58,
    "volume" : 114187.00
  }, {
    "date" : "2025-03-11",
    "price" : 2539.85,
    "dma50" : 2776.82,
    "dma100" : null,
    "dma200" : 2795.02,
    "volume" : 54379.00
  }, {
    "date" : "2025-03-12",
    "price" : 2603.50,
    "dma50" : 2770.02,
    "dma100" : null,
    "dma200" : 2793.11,
    "volume" : 165822.00
  }, {
    "date" : "2025-03-13",
    "price" : 2640.70,
    "dma50" : 2764.95,
    "dma100" : null,
    "dma200" : 2791.60,
    "volume" : 58781.00
  }, {
    "date" : "2025-03-17",
    "price" : 2638.55,
    "dma50" : 2759.99,
    "dma100" : null,
    "dma200" : 2790.07,
    "volume" : 36877.00
  }, {
    "date" : "2025-03-18",
    "price" : 2736.25,
    "dma50" : 2759.06,
    "dma100" : null,
    "dma200" : 2789.54,
    "volume" : 68719.00
  }, {
    "date" : "2025-03-19",
    "price" : 2731.50,
    "dma50" : 2757.98,
    "dma100" : null,
    "dma200" : 2788.96,
    "volume" : 118108.00
  }, {
    "date" : "2025-03-20",
    "price" : 2767.20,
    "dma50" : 2758.34,
    "dma100" : null,
    "dma200" : 2788.74,
    "volume" : 275607.00
  }, {
    "date" : "2025-03-21",
    "price" : 2840.20,
    "dma50" : 2761.55,
    "dma100" : null,
    "dma200" : 2789.26,
    "volume" : 86045.00
  }, {
    "date" : "2025-03-24",
    "price" : 2857.20,
    "dma50" : 2765.30,
    "dma100" : null,
    "dma200" : 2789.93,
    "volume" : 50972.00
  }, {
    "date" : "2025-03-25",
    "price" : 2911.40,
    "dma50" : 2771.03,
    "dma100" : null,
    "dma200" : 2791.14,
    "volume" : 141904.00
  }, {
    "date" : "2025-03-26",
    "price" : 2882.70,
    "dma50" : 2775.41,
    "dma100" : null,
    "dma200" : 2792.05,
    "volume" : 75262.00
  }, {
    "date" : "2025-03-27",
    "price" : 2839.50,
    "dma50" : 2777.93,
    "dma100" : null,
    "dma200" : 2792.52,
    "volume" : 128939.00
  }, {
    "date" : "2025-03-28",
    "price" : 2879.50,
    "dma50" : 2781.91,
    "dma100" : null,
    "dma200" : 2793.39,
    "volume" : 95801.00
  }, {
    "date" : "2025-04-01",
    "price" : 2876.30,
    "dma50" : 2785.61,
    "dma100" : null,
    "dma200" : 2794.21,
    "volume" : 34914.00
  }, {
    "date" : "2025-04-02",
    "price" : 2899.95,
    "dma50" : 2790.09,
    "dma100" : null,
    "dma200" : 2795.27,
    "volume" : 39084.00
  }, {
    "date" : "2025-04-03",
    "price" : 2877.35,
    "dma50" : 2793.52,
    "dma100" : null,
    "dma200" : 2796.08,
    "volume" : 30836.00
  }, {
    "date" : "2025-04-04",
    "price" : 2867.35,
    "dma50" : 2796.41,
    "dma100" : null,
    "dma200" : 2796.79,
    "volume" : 105246.00
  }, {
    "date" : "2025-04-07",
    "price" : 2662.00,
    "dma50" : 2791.14,
    "dma100" : null,
    "dma200" : 2795.45,
    "volume" : 191171.00
  }, {
    "date" : "2025-04-08",
    "price" : 2692.45,
    "dma50" : 2787.27,
    "dma100" : null,
    "dma200" : 2794.43,
    "volume" : 56350.00
  }, {
    "date" : "2025-04-09",
    "price" : 2677.20,
    "dma50" : 2782.95,
    "dma100" : null,
    "dma200" : 2793.26,
    "volume" : 169747.00
  }, {
    "date" : "2025-04-11",
    "price" : 2832.50,
    "dma50" : 2784.90,
    "dma100" : null,
    "dma200" : 2793.65,
    "volume" : 230749.00
  }, {
    "date" : "2025-04-15",
    "price" : 2903.10,
    "dma50" : 2789.53,
    "dma100" : null,
    "dma200" : 2794.74,
    "volume" : 76387.00
  }, {
    "date" : "2025-04-16",
    "price" : 3023.80,
    "dma50" : 2798.72,
    "dma100" : null,
    "dma200" : 2797.02,
    "volume" : 211382.00
  }, {
    "date" : "2025-04-17",
    "price" : 3020.00,
    "dma50" : 2807.40,
    "dma100" : null,
    "dma200" : 2799.24,
    "volume" : 115202.00
  }, {
    "date" : "2025-04-21",
    "price" : 3026.10,
    "dma50" : 2815.97,
    "dma100" : null,
    "dma200" : 2801.50,
    "volume" : 125811.00
  }, {
    "date" : "2025-04-22",
    "price" : 2998.60,
    "dma50" : 2823.14,
    "dma100" : null,
    "dma200" : 2803.46,
    "volume" : 45756.00
  }, {
    "date" : "2025-04-23",
    "price" : 3019.80,
    "dma50" : 2830.85,
    "dma100" : null,
    "dma200" : 2805.61,
    "volume" : 55925.00
  }, {
    "date" : "2025-04-24",
    "price" : 3093.50,
    "dma50" : 2841.15,
    "dma100" : null,
    "dma200" : 2808.47,
    "volume" : 103904.00
  }, {
    "date" : "2025-04-25",
    "price" : 3034.50,
    "dma50" : 2848.73,
    "dma100" : null,
    "dma200" : 2810.72,
    "volume" : 117508.00
  }, {
    "date" : "2025-04-28",
    "price" : 3044.20,
    "dma50" : 2856.40,
    "dma100" : null,
    "dma200" : 2813.05,
    "volume" : 70445.00
  }, {
    "date" : "2025-04-29",
    "price" : 3060.40,
    "dma50" : 2864.40,
    "dma100" : null,
    "dma200" : 2815.51,
    "volume" : 64044.00
  }, {
    "date" : "2025-04-30",
    "price" : 3332.00,
    "dma50" : 2882.73,
    "dma100" : null,
    "dma200" : 2820.65,
    "volume" : 2467223.00
  }, {
    "date" : "2025-05-02",
    "price" : 3376.30,
    "dma50" : 2902.09,
    "dma100" : null,
    "dma200" : 2826.18,
    "volume" : 742491.00
  }, {
    "date" : "2025-05-05",
    "price" : 3430.90,
    "dma50" : 2922.83,
    "dma100" : null,
    "dma200" : 2832.19,
    "volume" : 644505.00
  }, {
    "date" : "2025-05-06",
    "price" : 3575.90,
    "dma50" : 2948.44,
    "dma100" : null,
    "dma200" : 2839.59,
    "volume" : 1181703.00
  }, {
    "date" : "2025-05-07",
    "price" : 3631.00,
    "dma50" : 2975.20,
    "dma100" : null,
    "dma200" : 2847.47,
    "volume" : 404305.00
  }, {
    "date" : "2025-05-08",
    "price" : 3674.00,
    "dma50" : 3002.61,
    "dma100" : null,
    "dma200" : 2855.69,
    "volume" : 743283.00
  }, {
    "date" : "2025-05-09",
    "price" : 3765.90,
    "dma50" : 3032.54,
    "dma100" : null,
    "dma200" : 2864.75,
    "volume" : 291510.00
  }, {
    "date" : "2025-05-12",
    "price" : 3750.00,
    "dma50" : 3060.68,
    "dma100" : null,
    "dma200" : 2873.56,
    "volume" : 303896.00
  }, {
    "date" : "2025-05-13",
    "price" : 3770.20,
    "dma50" : 3088.50,
    "dma100" : null,
    "dma200" : 2882.48,
    "volume" : 180333.00
  }, {
    "date" : "2025-05-14",
    "price" : 3895.80,
    "dma50" : 3120.16,
    "dma100" : null,
    "dma200" : 2892.56,
    "volume" : 488072.00
  }, {
    "date" : "2025-05-15",
    "price" : 3916.90,
    "dma50" : 3151.40,
    "dma100" : null,
    "dma200" : 2902.75,
    "volume" : 179973.00
  }, {
    "date" : "2025-05-16",
    "price" : 3831.50,
    "dma50" : 3178.08,
    "dma100" : null,
    "dma200" : 2911.99,
    "volume" : 181681.00
  }, {
    "date" : "2025-05-19",
    "price" : 3860.20,
    "dma50" : 3204.83,
    "dma100" : null,
    "dma200" : 2921.43,
    "volume" : 131946.00
  }, {
    "date" : "2025-05-20",
    "price" : 3838.00,
    "dma50" : 3229.66,
    "dma100" : null,
    "dma200" : 2930.55,
    "volume" : 85425.00
  }, {
    "date" : "2025-05-21",
    "price" : 3830.80,
    "dma50" : 3253.23,
    "dma100" : null,
    "dma200" : 2939.51,
    "volume" : 384984.00
  }, {
    "date" : "2025-05-22",
    "price" : 3832.20,
    "dma50" : 3275.93,
    "dma100" : null,
    "dma200" : 2948.39,
    "volume" : 94936.00
  }, {
    "date" : "2025-05-23",
    "price" : 3787.20,
    "dma50" : 3295.98,
    "dma100" : null,
    "dma200" : 2956.74,
    "volume" : 82764.00
  }, {
    "date" : "2025-05-26",
    "price" : 3736.10,
    "dma50" : 3313.24,
    "dma100" : null,
    "dma200" : 2964.49,
    "volume" : 101473.00
  }, {
    "date" : "2025-05-27",
    "price" : 3736.80,
    "dma50" : 3329.85,
    "dma100" : null,
    "dma200" : 2972.18,
    "volume" : 76346.00
  }, {
    "date" : "2025-05-28",
    "price" : 3738.90,
    "dma50" : 3345.89,
    "dma100" : null,
    "dma200" : 2979.81,
    "volume" : 126978.00
  }, {
    "date" : "2025-05-29",
    "price" : 3728.10,
    "dma50" : 3360.88,
    "dma100" : null,
    "dma200" : 2987.25,
    "volume" : 56949.00
  }, {
    "date" : "2025-05-30",
    "price" : 3778.70,
    "dma50" : 3377.27,
    "dma100" : null,
    "dma200" : 2995.13,
    "volume" : 146276.00
  }, {
    "date" : "2025-06-02",
    "price" : 3740.60,
    "dma50" : 3391.52,
    "dma100" : null,
    "dma200" : 3002.54,
    "volume" : 64121.00
  }, {
    "date" : "2025-06-03",
    "price" : 3653.40,
    "dma50" : 3401.79,
    "dma100" : null,
    "dma200" : 3009.02,
    "volume" : 240097.00
  }, {
    "date" : "2025-06-04",
    "price" : 3620.80,
    "dma50" : 3410.38,
    "dma100" : null,
    "dma200" : 3015.11,
    "volume" : 120642.00
  }, {
    "date" : "2025-06-05",
    "price" : 3708.30,
    "dma50" : 3422.06,
    "dma100" : null,
    "dma200" : 3022.00,
    "volume" : 155081.00
  }, {
    "date" : "2025-06-06",
    "price" : 3798.90,
    "dma50" : 3436.84,
    "dma100" : null,
    "dma200" : 3029.73,
    "volume" : 154775.00
  }, {
    "date" : "2025-06-09",
    "price" : 3797.80,
    "dma50" : 3450.99,
    "dma100" : null,
    "dma200" : 3037.38,
    "volume" : 117006.00
  }, {
    "date" : "2025-06-10",
    "price" : 3851.90,
    "dma50" : 3466.71,
    "dma100" : null,
    "dma200" : 3045.48,
    "volume" : 203330.00
  }, {
    "date" : "2025-06-11",
    "price" : 3849.40,
    "dma50" : 3481.72,
    "dma100" : null,
    "dma200" : 3053.48,
    "volume" : 70027.00
  }, {
    "date" : "2025-06-12",
    "price" : 3755.30,
    "dma50" : 3492.45,
    "dma100" : null,
    "dma200" : 3060.46,
    "volume" : 81140.00
  }, {
    "date" : "2025-06-13",
    "price" : 3708.80,
    "dma50" : 3500.93,
    "dma100" : null,
    "dma200" : 3066.92,
    "volume" : 141062.00
  }, {
    "date" : "2025-06-16",
    "price" : 3638.80,
    "dma50" : 3506.34,
    "dma100" : null,
    "dma200" : 3072.61,
    "volume" : 72865.00
  }, {
    "date" : "2025-06-17",
    "price" : 3594.00,
    "dma50" : 3509.78,
    "dma100" : null,
    "dma200" : 3077.79,
    "volume" : 67132.00
  }, {
    "date" : "2025-06-18",
    "price" : 3607.20,
    "dma50" : 3513.60,
    "dma100" : null,
    "dma200" : 3083.06,
    "volume" : 72052.00
  }, {
    "date" : "2025-06-19",
    "price" : 3554.60,
    "dma50" : 3515.21,
    "dma100" : null,
    "dma200" : 3087.75,
    "volume" : 55947.00
  }, {
    "date" : "2025-06-20",
    "price" : 3529.70,
    "dma50" : 3515.78,
    "dma100" : null,
    "dma200" : 3092.15,
    "volume" : 54558.00
  }, {
    "date" : "2025-06-23",
    "price" : 3501.40,
    "dma50" : 3515.21,
    "dma100" : null,
    "dma200" : 3096.22,
    "volume" : 99970.00
  }, {
    "date" : "2025-06-24",
    "price" : 3558.70,
    "dma50" : 3516.92,
    "dma100" : null,
    "dma200" : 3100.82,
    "volume" : 76709.00
  }, {
    "date" : "2025-06-25",
    "price" : 3646.80,
    "dma50" : 3522.01,
    "dma100" : null,
    "dma200" : 3106.26,
    "volume" : 205803.00
  }, {
    "date" : "2025-06-26",
    "price" : 3570.90,
    "dma50" : 3523.93,
    "dma100" : null,
    "dma200" : 3110.88,
    "volume" : 112226.00
  }, {
    "date" : "2025-06-27",
    "price" : 3645.30,
    "dma50" : 3528.69,
    "dma100" : null,
    "dma200" : 3116.20,
    "volume" : 268512.00
  }, {
    "date" : "2025-06-30",
    "price" : 3684.00,
    "dma50" : 3534.78,
    "dma100" : null,
    "dma200" : 3121.85,
    "volume" : 83858.00
  }, {
    "date" : "2025-07-01",
    "price" : 3655.50,
    "dma50" : 3539.51,
    "dma100" : null,
    "dma200" : 3127.16,
    "volume" : 136450.00
  }, {
    "date" : "2025-07-02",
    "price" : 3685.00,
    "dma50" : 3545.22,
    "dma100" : null,
    "dma200" : 3132.71,
    "volume" : 210359.00
  }, {
    "date" : "2025-07-03",
    "price" : 3682.60,
    "dma50" : 3550.61,
    "dma100" : null,
    "dma200" : 3138.18,
    "volume" : 89828.00
  }, {
    "date" : "2025-07-04",
    "price" : 3609.80,
    "dma50" : 3552.93,
    "dma100" : 3203.40,
    "dma200" : 3142.87,
    "volume" : 76135.00
  }, {
    "date" : "2025-07-07",
    "price" : 3655.50,
    "dma50" : 3556.95,
    "dma100" : 3210.66,
    "dma200" : 3147.97,
    "volume" : 97308.00
  }, {
    "date" : "2025-07-08",
    "price" : 3818.10,
    "dma50" : 3567.19,
    "dma100" : 3220.12,
    "dma200" : 3154.64,
    "volume" : 673522.00
  }, {
    "date" : "2025-07-09",
    "price" : 3863.40,
    "dma50" : 3578.81,
    "dma100" : 3230.15,
    "dma200" : 3161.69,
    "volume" : 197783.00
  }, {
    "date" : "2025-07-10",
    "price" : 3795.00,
    "dma50" : 3587.28,
    "dma100" : 3240.79,
    "dma200" : 3168.00,
    "volume" : 115591.00
  }, {
    "date" : "2025-07-11",
    "price" : 3723.50,
    "dma50" : 3592.63,
    "dma100" : 3251.53,
    "dma200" : 3173.52,
    "volume" : 79120.00
  }, {
    "date" : "2025-07-14",
    "price" : 3908.50,
    "dma50" : 3605.01,
    "dma100" : 3264.25,
    "dma200" : 3180.84,
    "volume" : 375761.00
  }, {
    "date" : "2025-07-15",
    "price" : 3888.50,
    "dma50" : 3616.13,
    "dma100" : 3277.14,
    "dma200" : 3187.88,
    "volume" : 324109.00
  }, {
    "date" : "2025-07-16",
    "price" : 3876.10,
    "dma50" : 3626.33,
    "dma100" : 3289.26,
    "dma200" : 3194.73,
    "volume" : 239592.00
  }, {
    "date" : "2025-07-17",
    "price" : 3855.00,
    "dma50" : 3635.29,
    "dma100" : 3300.78,
    "dma200" : 3201.30,
    "volume" : 161068.00
  }, {
    "date" : "2025-07-18",
    "price" : 3827.30,
    "dma50" : 3642.82,
    "dma100" : 3311.99,
    "dma200" : 3207.52,
    "volume" : 165036.00
  }, {
    "date" : "2025-07-21",
    "price" : 3600.90,
    "dma50" : 3641.18,
    "dma100" : 3320.64,
    "dma200" : 3211.44,
    "volume" : 652112.00
  }, {
    "date" : "2025-07-22",
    "price" : 3493.40,
    "dma50" : 3635.38,
    "dma100" : 3328.24,
    "dma200" : 3214.24,
    "volume" : 281738.00
  }, {
    "date" : "2025-07-23",
    "price" : 3487.20,
    "dma50" : 3629.57,
    "dma100" : 3336.66,
    "dma200" : 3216.96,
    "volume" : 125455.00
  }, {
    "date" : "2025-07-24",
    "price" : 3346.50,
    "dma50" : 3618.47,
    "dma100" : 3343.10,
    "dma200" : 3218.25,
    "volume" : 451371.00
  }, {
    "date" : "2025-07-25",
    "price" : 3377.70,
    "dma50" : 3609.03,
    "dma100" : 3351.09,
    "dma200" : 3219.84,
    "volume" : 332138.00
  }, {
    "date" : "2025-07-28",
    "price" : 3323.30,
    "dma50" : 3597.82,
    "dma100" : 3358.99,
    "dma200" : 3220.87,
    "volume" : 161450.00
  }, {
    "date" : "2025-07-29",
    "price" : 3352.80,
    "dma50" : 3588.22,
    "dma100" : 3368.70,
    "dma200" : 3222.18,
    "volume" : 82942.00
  }, {
    "date" : "2025-07-30",
    "price" : 3398.40,
    "dma50" : 3580.77,
    "dma100" : 3378.70,
    "dma200" : 3223.93,
    "volume" : 275337.00
  }, {
    "date" : "2025-07-31",
    "price" : 3313.30,
    "dma50" : 3570.28,
    "dma100" : 3386.00,
    "dma200" : 3224.82,
    "volume" : 116271.00
  }, {
    "date" : "2025-08-01",
    "price" : 3229.70,
    "dma50" : 3556.93,
    "dma100" : 3392.54,
    "dma200" : 3224.87,
    "volume" : 59045.00
  }, {
    "date" : "2025-08-04",
    "price" : 3245.80,
    "dma50" : 3544.73,
    "dma100" : 3399.02,
    "dma200" : 3225.08,
    "volume" : 143160.00
  }, {
    "date" : "2025-08-05",
    "price" : 3182.80,
    "dma50" : 3530.53,
    "dma100" : 3405.07,
    "dma200" : 3224.66,
    "volume" : 226644.00
  }, {
    "date" : "2025-08-06",
    "price" : 3224.10,
    "dma50" : 3518.52,
    "dma100" : 3411.91,
    "dma200" : 3224.65,
    "volume" : 90737.00
  }, {
    "date" : "2025-08-07",
    "price" : 3209.90,
    "dma50" : 3506.41,
    "dma100" : 3417.97,
    "dma200" : 3224.50,
    "volume" : 73780.00
  }, {
    "date" : "2025-08-08",
    "price" : 3161.20,
    "dma50" : 3492.88,
    "dma100" : 3423.18,
    "dma200" : 3223.87,
    "volume" : 52700.00
  }, {
    "date" : "2025-08-11",
    "price" : 3119.80,
    "dma50" : 3478.24,
    "dma100" : 3427.99,
    "dma200" : 3222.84,
    "volume" : 56497.00
  }, {
    "date" : "2025-08-12",
    "price" : 3117.30,
    "dma50" : 3464.09,
    "dma100" : 3431.80,
    "dma200" : 3221.79,
    "volume" : 79807.00
  }, {
    "date" : "2025-08-13",
    "price" : 3158.50,
    "dma50" : 3452.11,
    "dma100" : 3436.07,
    "dma200" : 3221.16,
    "volume" : 44708.00
  }, {
    "date" : "2025-08-14",
    "price" : 3091.50,
    "dma50" : 3437.96,
    "dma100" : 3439.31,
    "dma200" : 3219.87,
    "volume" : 50279.00
  }, {
    "date" : "2025-08-18",
    "price" : 3232.40,
    "dma50" : 3429.90,
    "dma100" : 3443.24,
    "dma200" : 3219.99,
    "volume" : 311057.00
  }, {
    "date" : "2025-08-19",
    "price" : 3211.70,
    "dma50" : 3421.35,
    "dma100" : 3446.78,
    "dma200" : 3219.91,
    "volume" : 84275.00
  }, {
    "date" : "2025-08-20",
    "price" : 3197.10,
    "dma50" : 3412.55,
    "dma100" : 3449.64,
    "dma200" : 3219.68,
    "volume" : 51115.00
  }, {
    "date" : "2025-08-21",
    "price" : 3182.40,
    "dma50" : 3403.53,
    "dma100" : 3452.64,
    "dma200" : 3219.31,
    "volume" : 102384.00
  }, {
    "date" : "2025-08-22",
    "price" : 3184.50,
    "dma50" : 3394.94,
    "dma100" : 3456.09,
    "dma200" : 3218.97,
    "volume" : 51262.00
  }, {
    "date" : "2025-08-25",
    "price" : 3214.60,
    "dma50" : 3387.87,
    "dma100" : 3459.44,
    "dma200" : 3218.92,
    "volume" : 144666.00
  }, {
    "date" : "2025-08-26",
    "price" : 3039.30,
    "dma50" : 3374.20,
    "dma100" : 3461.07,
    "dma200" : 3217.14,
    "volume" : 231529.00
  }, {
    "date" : "2025-08-28",
    "price" : 3112.20,
    "dma50" : 3363.92,
    "dma100" : 3463.19,
    "dma200" : 3216.09,
    "volume" : 165560.00
  }, {
    "date" : "2025-08-29",
    "price" : 3132.20,
    "dma50" : 3354.83,
    "dma100" : 3465.74,
    "dma200" : 3215.26,
    "volume" : 83170.00
  }, {
    "date" : "2025-09-01",
    "price" : 3203.30,
    "dma50" : 3348.89,
    "dma100" : 3469.10,
    "dma200" : 3215.14,
    "volume" : 59136.00
  }, {
    "date" : "2025-09-02",
    "price" : 3376.00,
    "dma50" : 3349.96,
    "dma100" : 3476.24,
    "dma200" : 3216.74,
    "volume" : 448854.00
  }, {
    "date" : "2025-09-03",
    "price" : 3319.00,
    "dma50" : 3348.74,
    "dma100" : 3482.50,
    "dma200" : 3217.76,
    "volume" : 176191.00
  }, {
    "date" : "2025-09-04",
    "price" : 3344.30,
    "dma50" : 3348.57,
    "dma100" : 3489.17,
    "dma200" : 3219.02,
    "volume" : 302267.00
  }, {
    "date" : "2025-09-05",
    "price" : 3350.70,
    "dma50" : 3348.65,
    "dma100" : 3494.36,
    "dma200" : 3220.33,
    "volume" : 57261.00
  }, {
    "date" : "2025-09-08",
    "price" : 3384.50,
    "dma50" : 3350.06,
    "dma100" : 3499.17,
    "dma200" : 3221.96,
    "volume" : 94571.00
  }, {
    "date" : "2025-09-09",
    "price" : 3376.70,
    "dma50" : 3351.10,
    "dma100" : 3502.70,
    "dma200" : 3223.50,
    "volume" : 47000.00
  }, {
    "date" : "2025-09-10",
    "price" : 3378.40,
    "dma50" : 3352.17,
    "dma100" : 3506.28,
    "dma200" : 3225.04,
    "volume" : 45696.00
  }, {
    "date" : "2025-09-11",
    "price" : 3305.40,
    "dma50" : 3350.34,
    "dma100" : 3509.08,
    "dma200" : 3225.84,
    "volume" : 70450.00
  }, {
    "date" : "2025-09-12",
    "price" : 3280.40,
    "dma50" : 3347.60,
    "dma100" : 3511.89,
    "dma200" : 3226.38,
    "volume" : 63697.00
  }, {
    "date" : "2025-09-15",
    "price" : 3345.00,
    "dma50" : 3347.49,
    "dma100" : 3515.15,
    "dma200" : 3227.56,
    "volume" : 71246.00
  }, {
    "date" : "2025-09-16",
    "price" : 3445.90,
    "dma50" : 3351.35,
    "dma100" : 3518.67,
    "dma200" : 3229.74,
    "volume" : 187622.00
  }, {
    "date" : "2025-09-17",
    "price" : 3430.10,
    "dma50" : 3354.44,
    "dma100" : 3522.63,
    "dma200" : 3231.73,
    "volume" : 137005.00
  }, {
    "date" : "2025-09-18",
    "price" : 3440.60,
    "dma50" : 3357.82,
    "dma100" : 3526.59,
    "dma200" : 3233.81,
    "volume" : 49833.00
  }, {
    "date" : "2025-09-19",
    "price" : 3396.20,
    "dma50" : 3359.32,
    "dma100" : 3529.95,
    "dma200" : 3235.42,
    "volume" : 125235.00
  }, {
    "date" : "2025-09-22",
    "price" : 3470.60,
    "dma50" : 3363.69,
    "dma100" : 3531.33,
    "dma200" : 3237.76,
    "volume" : 156723.00
  }, {
    "date" : "2025-09-23",
    "price" : 3474.60,
    "dma50" : 3368.04,
    "dma100" : 3532.32,
    "dma200" : 3240.12,
    "volume" : 261868.00
  }, {
    "date" : "2025-09-24",
    "price" : 3454.90,
    "dma50" : 3371.44,
    "dma100" : 3532.56,
    "dma200" : 3242.26,
    "volume" : 74858.00
  }, {
    "date" : "2025-09-25",
    "price" : 3453.00,
    "dma50" : 3374.64,
    "dma100" : 3531.33,
    "dma200" : 3244.35,
    "volume" : 89518.00
  }, {
    "date" : "2025-09-26",
    "price" : 3399.50,
    "dma50" : 3375.62,
    "dma100" : 3529.01,
    "dma200" : 3245.90,
    "volume" : 63162.00
  }, {
    "date" : "2025-09-29",
    "price" : 3354.00,
    "dma50" : 3374.77,
    "dma100" : 3525.81,
    "dma200" : 3246.97,
    "volume" : 64216.00
  }, {
    "date" : "2025-09-30",
    "price" : 3383.40,
    "dma50" : 3375.11,
    "dma100" : 3521.99,
    "dma200" : 3248.33,
    "volume" : 99073.00
  }, {
    "date" : "2025-10-01",
    "price" : 3488.40,
    "dma50" : 3379.55,
    "dma100" : 3519.37,
    "dma200" : 3250.72,
    "volume" : 127123.00
  }, {
    "date" : "2025-10-03",
    "price" : 3511.10,
    "dma50" : 3384.71,
    "dma100" : 3516.78,
    "dma200" : 3253.31,
    "volume" : 61187.00
  }, {
    "date" : "2025-10-06",
    "price" : 3470.20,
    "dma50" : 3388.06,
    "dma100" : 3512.53,
    "dma200" : 3255.47,
    "volume" : 70148.00
  }, {
    "date" : "2025-10-07",
    "price" : 3470.80,
    "dma50" : 3391.31,
    "dma100" : 3508.06,
    "dma200" : 3257.61,
    "volume" : 53543.00
  }, {
    "date" : "2025-10-08",
    "price" : 3506.60,
    "dma50" : 3395.83,
    "dma100" : 3504.81,
    "dma200" : 3260.09,
    "volume" : 121302.00
  }, {
    "date" : "2025-10-09",
    "price" : 3503.60,
    "dma50" : 3400.05,
    "dma100" : 3501.25,
    "dma200" : 3262.51,
    "volume" : 36100.00
  }, {
    "date" : "2025-10-10",
    "price" : 3539.90,
    "dma50" : 3405.54,
    "dma100" : 3498.27,
    "dma200" : 3265.27,
    "volume" : 90188.00
  }, {
    "date" : "2025-10-13",
    "price" : 3578.60,
    "dma50" : 3412.33,
    "dma100" : 3495.75,
    "dma200" : 3268.39,
    "volume" : 158414.00
  }, {
    "date" : "2025-10-14",
    "price" : 3473.10,
    "dma50" : 3414.71,
    "dma100" : 3492.15,
    "dma200" : 3270.43,
    "volume" : 106425.00
  }, {
    "date" : "2025-10-15",
    "price" : 3555.30,
    "dma50" : 3420.22,
    "dma100" : 3489.84,
    "dma200" : 3273.26,
    "volume" : 92523.00
  }, {
    "date" : "2025-10-16",
    "price" : 3699.00,
    "dma50" : 3431.15,
    "dma100" : 3489.46,
    "dma200" : 3277.50,
    "volume" : 268563.00
  }, {
    "date" : "2025-10-17",
    "price" : 3732.40,
    "dma50" : 3442.97,
    "dma100" : 3489.42,
    "dma200" : 3282.02,
    "volume" : 527029.00
  }, {
    "date" : "2025-10-20",
    "price" : 4203.90,
    "dma50" : 3472.81,
    "dma100" : 3494.07,
    "dma200" : 3291.20,
    "volume" : 4703551.00
  }, {
    "date" : "2025-10-21",
    "price" : 4289.70,
    "dma50" : 3504.84,
    "dma100" : 3499.69,
    "dma200" : 3301.13,
    "volume" : 1128798.00
  }, {
    "date" : "2025-10-23",
    "price" : 4302.70,
    "dma50" : 3536.13,
    "dma100" : 3504.93,
    "dma200" : 3311.10,
    "volume" : 1631108.00
  }, {
    "date" : "2025-10-24",
    "price" : 4140.90,
    "dma50" : 3559.85,
    "dma100" : 3508.93,
    "dma200" : 3319.35,
    "volume" : 537933.00
  }, {
    "date" : "2025-10-27",
    "price" : 4052.60,
    "dma50" : 3579.17,
    "dma100" : 3512.92,
    "dma200" : 3326.65,
    "volume" : 394075.00
  }, {
    "date" : "2025-10-28",
    "price" : 4079.20,
    "dma50" : 3598.78,
    "dma100" : 3517.51,
    "dma200" : 3334.14,
    "volume" : 354304.00
  }, {
    "date" : "2025-10-29",
    "price" : 4014.80,
    "dma50" : 3615.10,
    "dma100" : 3520.57,
    "dma200" : 3340.91,
    "volume" : 197733.00
  }, {
    "date" : "2025-10-30",
    "price" : 4104.10,
    "dma50" : 3634.27,
    "dma100" : 3523.62,
    "dma200" : 3348.51,
    "volume" : 359602.00
  }, {
    "date" : "2025-10-31",
    "price" : 4032.70,
    "dma50" : 3649.90,
    "dma100" : 3525.97,
    "dma200" : 3355.31,
    "volume" : 288157.00
  }, {
    "date" : "2025-11-03",
    "price" : 4028.70,
    "dma50" : 3664.75,
    "dma100" : 3527.74,
    "dma200" : 3362.01,
    "volume" : 135734.00
  }, {
    "date" : "2025-11-04",
    "price" : 4003.40,
    "dma50" : 3678.03,
    "dma100" : 3529.28,
    "dma200" : 3368.40,
    "volume" : 414282.00
  }, {
    "date" : "2025-11-06",
    "price" : 3970.60,
    "dma50" : 3689.51,
    "dma100" : 3531.43,
    "dma200" : 3374.39,
    "volume" : 156680.00
  }, {
    "date" : "2025-11-07",
    "price" : 4026.00,
    "dma50" : 3702.70,
    "dma100" : 3534.60,
    "dma200" : 3380.87,
    "volume" : 157047.00
  }, {
    "date" : "2025-11-10",
    "price" : 4114.80,
    "dma50" : 3718.86,
    "dma100" : 3539.36,
    "dma200" : 3388.17,
    "volume" : 204821.00
  }, {
    "date" : "2025-11-11",
    "price" : 4087.30,
    "dma50" : 3733.31,
    "dma100" : 3544.30,
    "dma200" : 3395.13,
    "volume" : 88931.00
  }, {
    "date" : "2025-11-12",
    "price" : 4071.00,
    "dma50" : 3746.55,
    "dma100" : 3548.94,
    "dma200" : 3401.86,
    "volume" : 120007.00
  }, {
    "date" : "2025-11-13",
    "price" : 4005.10,
    "dma50" : 3756.69,
    "dma100" : 3553.44,
    "dma200" : 3407.86,
    "volume" : 179078.00
  }, {
    "date" : "2025-11-14",
    "price" : 3986.40,
    "dma50" : 3765.70,
    "dma100" : 3558.01,
    "dma200" : 3413.61,
    "volume" : 140016.00
  }, {
    "date" : "2025-11-17",
    "price" : 4019.90,
    "dma50" : 3775.67,
    "dma100" : 3563.19,
    "dma200" : 3419.65,
    "volume" : 111343.00
  }, {
    "date" : "2025-11-18",
    "price" : 3885.60,
    "dma50" : 3779.98,
    "dma100" : 3566.46,
    "dma200" : 3424.28,
    "volume" : 148979.00
  }, {
    "date" : "2025-11-19",
    "price" : 3894.60,
    "dma50" : 3784.47,
    "dma100" : 3568.94,
    "dma200" : 3428.96,
    "volume" : 98603.00
  }, {
    "date" : "2025-11-20",
    "price" : 3877.50,
    "dma50" : 3788.12,
    "dma100" : 3572.01,
    "dma200" : 3433.43,
    "volume" : 70775.00
  }, {
    "date" : "2025-11-21",
    "price" : 3877.80,
    "dma50" : 3791.64,
    "dma100" : 3574.33,
    "dma200" : 3437.85,
    "volume" : 85551.00
  }, {
    "date" : "2025-11-24",
    "price" : 3813.00,
    "dma50" : 3792.48,
    "dma100" : 3575.62,
    "dma200" : 3441.58,
    "volume" : 127663.00
  }, {
    "date" : "2025-11-25",
    "price" : 3872.90,
    "dma50" : 3795.63,
    "dma100" : 3577.79,
    "dma200" : 3445.87,
    "volume" : 86383.00
  }, {
    "date" : "2025-11-26",
    "price" : 3888.20,
    "dma50" : 3799.26,
    "dma100" : 3579.83,
    "dma200" : 3450.27,
    "volume" : 58364.00
  }, {
    "date" : "2025-11-27",
    "price" : 3869.60,
    "dma50" : 3802.02,
    "dma100" : 3581.70,
    "dma200" : 3454.45,
    "volume" : 57011.00
  }, {
    "date" : "2025-11-28",
    "price" : 3847.00,
    "dma50" : 3803.78,
    "dma100" : 3584.07,
    "dma200" : 3458.35,
    "volume" : 45583.00
  }, {
    "date" : "2025-12-01",
    "price" : 3840.60,
    "dma50" : 3805.23,
    "dma100" : 3585.92,
    "dma200" : 3462.16,
    "volume" : 91714.00
  }, {
    "date" : "2025-12-02",
    "price" : 3909.00,
    "dma50" : 3809.30,
    "dma100" : 3586.83,
    "dma200" : 3466.60,
    "volume" : 104254.00
  }, {
    "date" : "2025-12-03",
    "price" : 3982.70,
    "dma50" : 3816.10,
    "dma100" : 3588.02,
    "dma200" : 3471.74,
    "volume" : 312870.00
  }, {
    "date" : "2025-12-04",
    "price" : 3888.70,
    "dma50" : 3818.94,
    "dma100" : 3588.96,
    "dma200" : 3475.89,
    "volume" : 116809.00
  }, {
    "date" : "2025-12-05",
    "price" : 3906.90,
    "dma50" : 3822.39,
    "dma100" : 3590.79,
    "dma200" : 3480.17,
    "volume" : 67079.00
  }, {
    "date" : "2025-12-08",
    "price" : 3833.00,
    "dma50" : 3822.81,
    "dma100" : 3590.04,
    "dma200" : 3483.69,
    "volume" : 66712.00
  }, {
    "date" : "2025-12-09",
    "price" : 3849.40,
    "dma50" : 3823.85,
    "dma100" : 3589.65,
    "dma200" : 3487.32,
    "volume" : 101048.00
  }, {
    "date" : "2025-12-10",
    "price" : 3799.70,
    "dma50" : 3822.91,
    "dma100" : 3588.88,
    "dma200" : 3490.43,
    "volume" : 54019.00
  }, {
    "date" : "2025-12-11",
    "price" : 3771.20,
    "dma50" : 3820.88,
    "dma100" : 3588.05,
    "dma200" : 3493.23,
    "volume" : 49946.00
  }, {
    "date" : "2025-12-12",
    "price" : 3730.50,
    "dma50" : 3817.33,
    "dma100" : 3587.08,
    "dma200" : 3495.59,
    "volume" : 63926.00
  }, {
    "date" : "2025-12-15",
    "price" : 3823.50,
    "dma50" : 3817.58,
    "dma100" : 3589.30,
    "dma200" : 3498.85,
    "volume" : 109069.00
  }, {
    "date" : "2025-12-16",
    "price" : 3776.40,
    "dma50" : 3815.96,
    "dma100" : 3592.13,
    "dma200" : 3501.61,
    "volume" : 63155.00
  }, {
    "date" : "2025-12-17",
    "price" : 3720.10,
    "dma50" : 3812.20,
    "dma100" : 3594.46,
    "dma200" : 3503.79,
    "volume" : 41749.00
  }, {
    "date" : "2025-12-18",
    "price" : 3743.30,
    "dma50" : 3809.50,
    "dma100" : 3598.43,
    "dma200" : 3506.17,
    "volume" : 62887.00
  }, {
    "date" : "2025-12-19",
    "price" : 3931.70,
    "dma50" : 3814.29,
    "dma100" : 3603.97,
    "dma200" : 3510.40,
    "volume" : 435168.00
  }, {
    "date" : "2025-12-22",
    "price" : 3932.80,
    "dma50" : 3818.94,
    "dma100" : 3610.06,
    "dma200" : 3514.61,
    "volume" : 128983.00
  }, {
    "date" : "2025-12-23",
    "price" : 3903.20,
    "dma50" : 3822.24,
    "dma100" : 3615.57,
    "dma200" : 3518.47,
    "volume" : 141644.00
  }, {
    "date" : "2025-12-24",
    "price" : 3878.00,
    "dma50" : 3824.43,
    "dma100" : 3620.36,
    "dma200" : 3522.05,
    "volume" : 50885.00
  }, {
    "date" : "2025-12-26",
    "price" : 3857.80,
    "dma50" : 3825.74,
    "dma100" : 3625.81,
    "dma200" : 3525.39,
    "volume" : 62170.00
  }, {
    "date" : "2025-12-29",
    "price" : 3824.20,
    "dma50" : 3825.68,
    "dma100" : 3631.75,
    "dma200" : 3528.36,
    "volume" : 48978.00
  }, {
    "date" : "2025-12-30",
    "price" : 3703.50,
    "dma50" : 3820.89,
    "dma100" : 3636.33,
    "dma200" : 3530.11,
    "volume" : 308499.00
  }, {
    "date" : "2025-12-31",
    "price" : 3812.60,
    "dma50" : 3820.56,
    "dma100" : 3642.63,
    "dma200" : 3532.92,
    "volume" : 81479.00
  }, {
    "date" : "2026-01-01",
    "price" : 3774.70,
    "dma50" : 3818.76,
    "dma100" : 3648.14,
    "dma200" : 3535.32,
    "volume" : 65170.00
  }, {
    "date" : "2026-01-02",
    "price" : 3887.20,
    "dma50" : 3821.45,
    "dma100" : 3654.91,
    "dma200" : 3538.82,
    "volume" : 102593.00
  }, {
    "date" : "2026-01-05",
    "price" : 3806.30,
    "dma50" : 3820.85,
    "dma100" : 3661.36,
    "dma200" : 3541.49,
    "volume" : 66911.00
  }, {
    "date" : "2026-01-06",
    "price" : 3766.10,
    "dma50" : 3818.71,
    "dma100" : 3667.82,
    "dma200" : 3543.72,
    "volume" : 118156.00
  }, {
    "date" : "2026-01-07",
    "price" : 3783.60,
    "dma50" : 3817.33,
    "dma100" : 3674.49,
    "dma200" : 3546.11,
    "volume" : 125292.00
  }, {
    "date" : "2026-01-08",
    "price" : 3850.60,
    "dma50" : 3818.63,
    "dma100" : 3681.41,
    "dma200" : 3549.14,
    "volume" : 434084.00
  }, {
    "date" : "2026-01-09",
    "price" : 3728.60,
    "dma50" : 3815.10,
    "dma100" : 3687.78,
    "dma200" : 3550.92,
    "volume" : 115310.00
  }, {
    "date" : "2026-01-12",
    "price" : 3767.00,
    "dma50" : 3813.22,
    "dma100" : 3693.12,
    "dma200" : 3553.07,
    "volume" : 110032.00
  }, {
    "date" : "2026-01-13",
    "price" : 3852.10,
    "dma50" : 3814.74,
    "dma100" : 3699.53,
    "dma200" : 3556.05,
    "volume" : 130457.00
  }, {
    "date" : "2026-01-14",
    "price" : 3829.20,
    "dma50" : 3815.31,
    "dma100" : 3705.85,
    "dma200" : 3558.77,
    "volume" : 88208.00
  }, {
    "date" : "2026-01-16",
    "price" : 3793.40,
    "dma50" : 3814.45,
    "dma100" : 3711.96,
    "dma200" : 3561.10,
    "volume" : 85481.00
  }, {
    "date" : "2026-01-19",
    "price" : 3883.10,
    "dma50" : 3817.14,
    "dma100" : 3718.94,
    "dma200" : 3564.31,
    "volume" : 197911.00
  }, {
    "date" : "2026-01-20",
    "price" : 3711.60,
    "dma50" : 3813.00,
    "dma100" : 3723.91,
    "dma200" : 3565.77,
    "volume" : 686102.00
  }, {
    "date" : "2026-01-21",
    "price" : 3545.10,
    "dma50" : 3802.50,
    "dma100" : 3728.97,
    "dma200" : 3565.57,
    "volume" : 423641.00
  }, {
    "date" : "2026-01-22",
    "price" : 3738.80,
    "dma50" : 3800.00,
    "dma100" : 3735.24,
    "dma200" : 3567.29,
    "volume" : 327330.00
  }, {
    "date" : "2026-01-23",
    "price" : 3718.20,
    "dma50" : 3796.79,
    "dma100" : 3741.10,
    "dma200" : 3568.79,
    "volume" : 141560.00
  }, {
    "date" : "2026-01-27",
    "price" : 3699.60,
    "dma50" : 3792.98,
    "dma100" : 3746.06,
    "dma200" : 3570.09,
    "volume" : 82685.00
  }, {
    "date" : "2026-01-28",
    "price" : 3696.90,
    "dma50" : 3789.21,
    "dma100" : 3749.27,
    "dma200" : 3571.35,
    "volume" : 70836.00
  }, {
    "date" : "2026-01-29",
    "price" : 3639.60,
    "dma50" : 3783.34,
    "dma100" : 3752.48,
    "dma200" : 3572.03,
    "volume" : 74620.00
  }, {
    "date" : "2026-01-30",
    "price" : 3761.80,
    "dma50" : 3782.50,
    "dma100" : 3756.65,
    "dma200" : 3573.92,
    "volume" : 121811.00
  }, {
    "date" : "2026-02-01",
    "price" : 3726.50,
    "dma50" : 3780.30,
    "dma100" : 3760.41,
    "dma200" : 3575.44,
    "volume" : 54298.00
  }, {
    "date" : "2026-02-02",
    "price" : 3742.00,
    "dma50" : 3778.80,
    "dma100" : 3763.98,
    "dma200" : 3577.10,
    "volume" : 65194.00
  }, {
    "date" : "2026-02-03",
    "price" : 3880.70,
    "dma50" : 3782.80,
    "dma100" : 3769.02,
    "dma200" : 3580.12,
    "volume" : 158166.00
  }, {
    "date" : "2026-02-04",
    "price" : 3909.70,
    "dma50" : 3787.77,
    "dma100" : 3774.34,
    "dma200" : 3583.40,
    "volume" : 115597.00
  } ],
  "latestTechnicalAttributes" : {
    "date" : "2026-02-04",
    "price" : 3909.70,
    "dma50" : 3787.77,
    "dma100" : 3774.34,
    "dma200" : 3583.40,
    "volume" : 115597.00
  },
  "quarterlyResults" : [ {
    "date" : "2005-03-31",
    "sales" : 418.88,
    "salesGrowthYoY" : null,
    "grossProfitMargin" : 30.25,
    "grossProfit" : 126.71,
    "operatingProfitMargin" : 2.15,
    "operatingProfit" : 9.01,
    "netProfitMargin" : 0.42,
    "netProfit" : 1.76
  }, {
    "date" : "2005-06-30",
    "sales" : 402.77,
    "salesGrowthYoY" : null,
    "grossProfitMargin" : 30.51,
    "grossProfit" : 122.89,
    "operatingProfitMargin" : 3.07,
    "operatingProfit" : 12.37,
    "netProfitMargin" : -0.49,
    "netProfit" : -1.97
  }, {
    "date" : "2005-09-30",
    "sales" : 449.60,
    "salesGrowthYoY" : null,
    "grossProfitMargin" : 28.68,
    "grossProfit" : 128.95,
    "operatingProfitMargin" : 2.40,
    "operatingProfit" : 10.79,
    "netProfitMargin" : -0.88,
    "netProfit" : -3.96
  }, {
    "date" : "2005-12-31",
    "sales" : 410.69,
    "salesGrowthYoY" : null,
    "grossProfitMargin" : 32.93,
    "grossProfit" : 135.24,
    "operatingProfitMargin" : 5.00,
    "operatingProfit" : 20.53,
    "netProfitMargin" : 0.37,
    "netProfit" : 1.52
  }, {
    "date" : "2006-03-31",
    "sales" : 484.36,
    "salesGrowthYoY" : 15.63,
    "grossProfitMargin" : 30.08,
    "grossProfit" : 145.70,
    "operatingProfitMargin" : 5.15,
    "operatingProfit" : 24.94,
    "netProfitMargin" : 1.02,
    "netProfit" : 4.94
  }, {
    "date" : "2006-06-30",
    "sales" : 497.66,
    "salesGrowthYoY" : 23.56,
    "grossProfitMargin" : 28.16,
    "grossProfit" : 140.14,
    "operatingProfitMargin" : 3.73,
    "operatingProfit" : 18.56,
    "netProfitMargin" : 0.05,
    "netProfit" : 0.25
  }, {
    "date" : "2006-09-30",
    "sales" : 537.57,
    "salesGrowthYoY" : 19.57,
    "grossProfitMargin" : 29.63,
    "grossProfit" : 159.28,
    "operatingProfitMargin" : 4.93,
    "operatingProfit" : 26.50,
    "netProfitMargin" : 0.71,
    "netProfit" : 3.82
  }, {
    "date" : "2006-12-31",
    "sales" : 536.66,
    "salesGrowthYoY" : 30.67,
    "grossProfitMargin" : 31.23,
    "grossProfit" : 167.60,
    "operatingProfitMargin" : 7.27,
    "operatingProfit" : 39.02,
    "netProfitMargin" : 2.20,
    "netProfit" : 11.81
  }, {
    "date" : "2007-03-31",
    "sales" : 562.89,
    "salesGrowthYoY" : 16.21,
    "grossProfitMargin" : 32.56,
    "grossProfit" : 183.28,
    "operatingProfitMargin" : 7.80,
    "operatingProfit" : 43.91,
    "netProfitMargin" : 4.16,
    "netProfit" : 23.42
  }, {
    "date" : "2007-06-30",
    "sales" : 536.44,
    "salesGrowthYoY" : 7.79,
    "grossProfitMargin" : 36.00,
    "grossProfit" : 193.12,
    "operatingProfitMargin" : 9.20,
    "operatingProfit" : 49.35,
    "netProfitMargin" : 3.88,
    "netProfit" : 20.81
  }, {
    "date" : "2007-09-30",
    "sales" : 583.06,
    "salesGrowthYoY" : 8.46,
    "grossProfitMargin" : 35.84,
    "grossProfit" : 208.97,
    "operatingProfitMargin" : 9.36,
    "operatingProfit" : 54.57,
    "netProfitMargin" : 4.38,
    "netProfit" : 25.54
  }, {
    "date" : "2007-12-31",
    "sales" : 561.77,
    "salesGrowthYoY" : 4.68,
    "grossProfitMargin" : 33.35,
    "grossProfit" : 187.35,
    "operatingProfitMargin" : 6.83,
    "operatingProfit" : 38.37,
    "netProfitMargin" : 3.42,
    "netProfit" : 19.21
  }, {
    "date" : "2008-03-31",
    "sales" : 652.37,
    "salesGrowthYoY" : 15.90,
    "grossProfitMargin" : 32.21,
    "grossProfit" : 210.13,
    "operatingProfitMargin" : 6.93,
    "operatingProfit" : 45.21,
    "netProfitMargin" : 3.01,
    "netProfit" : 19.64
  }, {
    "date" : "2008-06-30",
    "sales" : 663.95,
    "salesGrowthYoY" : 23.77,
    "grossProfitMargin" : 27.82,
    "grossProfit" : 184.71,
    "operatingProfitMargin" : 1.59,
    "operatingProfit" : 10.56,
    "netProfitMargin" : -1.61,
    "netProfit" : -10.69
  }, {
    "date" : "2008-09-30",
    "sales" : 660.30,
    "salesGrowthYoY" : 13.25,
    "grossProfitMargin" : 23.14,
    "grossProfit" : 152.79,
    "operatingProfitMargin" : -3.57,
    "operatingProfit" : -23.57,
    "netProfitMargin" : -4.36,
    "netProfit" : -28.79
  }, {
    "date" : "2008-12-31",
    "sales" : 578.50,
    "salesGrowthYoY" : 2.98,
    "grossProfitMargin" : 27.07,
    "grossProfit" : 156.60,
    "operatingProfitMargin" : 0.09,
    "operatingProfit" : 0.52,
    "netProfitMargin" : -3.74,
    "netProfit" : -21.64
  }, {
    "date" : "2009-03-31",
    "sales" : 588.79,
    "salesGrowthYoY" : -9.75,
    "grossProfitMargin" : 33.67,
    "grossProfit" : 198.25,
    "operatingProfitMargin" : 9.62,
    "operatingProfit" : 56.64,
    "netProfitMargin" : 7.65,
    "netProfit" : 45.04
  }, {
    "date" : "2009-06-30",
    "sales" : 644.72,
    "salesGrowthYoY" : -2.90,
    "grossProfitMargin" : 39.31,
    "grossProfit" : 253.44,
    "operatingProfitMargin" : 16.98,
    "operatingProfit" : 109.47,
    "netProfitMargin" : 9.34,
    "netProfit" : 60.22
  }, {
    "date" : "2009-09-30",
    "sales" : 690.08,
    "salesGrowthYoY" : 4.51,
    "grossProfitMargin" : 39.11,
    "grossProfit" : 269.89,
    "operatingProfitMargin" : 15.45,
    "operatingProfit" : 106.62,
    "netProfitMargin" : 8.91,
    "netProfit" : 61.49
  }, {
    "date" : "2009-12-31",
    "sales" : 715.07,
    "salesGrowthYoY" : 23.61,
    "grossProfitMargin" : 30.14,
    "grossProfit" : 215.52,
    "operatingProfitMargin" : 6.78,
    "operatingProfit" : 48.48,
    "netProfitMargin" : 3.36,
    "netProfit" : 24.03
  }, {
    "date" : "2010-03-31",
    "sales" : 781.50,
    "salesGrowthYoY" : 32.73,
    "grossProfitMargin" : 28.61,
    "grossProfit" : 223.59,
    "operatingProfitMargin" : 5.11,
    "operatingProfit" : 39.93,
    "netProfitMargin" : 1.96,
    "netProfit" : 15.32
  }, {
    "date" : "2010-06-30",
    "sales" : 777.45,
    "salesGrowthYoY" : 20.59,
    "grossProfitMargin" : 27.76,
    "grossProfit" : 215.82,
    "operatingProfitMargin" : 5.27,
    "operatingProfit" : 40.97,
    "netProfitMargin" : 1.78,
    "netProfit" : 13.84
  }, {
    "date" : "2010-09-30",
    "sales" : 842.51,
    "salesGrowthYoY" : 22.09,
    "grossProfitMargin" : 28.23,
    "grossProfit" : 237.84,
    "operatingProfitMargin" : 5.21,
    "operatingProfit" : 43.89,
    "netProfitMargin" : 1.81,
    "netProfit" : 15.25
  }, {
    "date" : "2010-12-31",
    "sales" : 895.01,
    "salesGrowthYoY" : 25.16,
    "grossProfitMargin" : 26.66,
    "grossProfit" : 238.61,
    "operatingProfitMargin" : 4.63,
    "operatingProfit" : 41.44,
    "netProfitMargin" : 1.16,
    "netProfit" : 10.38
  }, {
    "date" : "2011-03-31",
    "sales" : 997.65,
    "salesGrowthYoY" : 27.66,
    "grossProfitMargin" : 22.61,
    "grossProfit" : 225.57,
    "operatingProfitMargin" : 1.86,
    "operatingProfit" : 18.56,
    "netProfitMargin" : -1.19,
    "netProfit" : -11.87
  }, {
    "date" : "2011-06-30",
    "sales" : 1076.61,
    "salesGrowthYoY" : 38.48,
    "grossProfitMargin" : 19.70,
    "grossProfit" : 212.09,
    "operatingProfitMargin" : -0.44,
    "operatingProfit" : -4.74,
    "netProfitMargin" : -3.60,
    "netProfit" : -38.76
  }, {
    "date" : "2011-09-30",
    "sales" : 1107.01,
    "salesGrowthYoY" : 31.39,
    "grossProfitMargin" : 25.32,
    "grossProfit" : 280.29,
    "operatingProfitMargin" : 5.60,
    "operatingProfit" : 61.99,
    "netProfitMargin" : 0.51,
    "netProfit" : 5.65
  }, {
    "date" : "2011-12-31",
    "sales" : 1063.25,
    "salesGrowthYoY" : 18.80,
    "grossProfitMargin" : 26.58,
    "grossProfit" : 282.61,
    "operatingProfitMargin" : 6.20,
    "operatingProfit" : 65.92,
    "netProfitMargin" : 0.22,
    "netProfit" : 2.34
  }, {
    "date" : "2012-03-31",
    "sales" : 1224.20,
    "salesGrowthYoY" : 22.71,
    "grossProfitMargin" : 29.00,
    "grossProfit" : 355.02,
    "operatingProfitMargin" : 10.35,
    "operatingProfit" : 126.70,
    "netProfitMargin" : 3.38,
    "netProfit" : 41.38
  }, {
    "date" : "2012-06-30",
    "sales" : 1189.74,
    "salesGrowthYoY" : 10.51,
    "grossProfitMargin" : 29.38,
    "grossProfit" : 349.55,
    "operatingProfitMargin" : 8.83,
    "operatingProfit" : 105.05,
    "netProfitMargin" : 2.16,
    "netProfit" : 25.70
  }, {
    "date" : "2012-09-30",
    "sales" : 1176.00,
    "salesGrowthYoY" : 6.23,
    "grossProfitMargin" : 29.07,
    "grossProfit" : 341.86,
    "operatingProfitMargin" : 6.65,
    "operatingProfit" : 78.20,
    "netProfitMargin" : 1.04,
    "netProfit" : 12.23
  }, {
    "date" : "2012-12-31",
    "sales" : 1204.06,
    "salesGrowthYoY" : 13.24,
    "grossProfitMargin" : 31.21,
    "grossProfit" : 375.79,
    "operatingProfitMargin" : 8.45,
    "operatingProfit" : 101.74,
    "netProfitMargin" : 2.17,
    "netProfit" : 26.13
  }, {
    "date" : "2013-03-31",
    "sales" : 1311.27,
    "salesGrowthYoY" : 7.11,
    "grossProfitMargin" : 33.31,
    "grossProfit" : 436.78,
    "operatingProfitMargin" : 10.29,
    "operatingProfit" : 134.93,
    "netProfitMargin" : 4.64,
    "netProfit" : 60.84
  }, {
    "date" : "2013-06-30",
    "sales" : 1280.02,
    "salesGrowthYoY" : 7.59,
    "grossProfitMargin" : 35.15,
    "grossProfit" : 449.93,
    "operatingProfitMargin" : 11.46,
    "operatingProfit" : 146.69,
    "netProfitMargin" : 4.56,
    "netProfit" : 58.37
  }, {
    "date" : "2013-09-30",
    "sales" : 1281.02,
    "salesGrowthYoY" : 8.93,
    "grossProfitMargin" : 36.89,
    "grossProfit" : 472.57,
    "operatingProfitMargin" : 12.62,
    "operatingProfit" : 161.66,
    "netProfitMargin" : 5.93,
    "netProfit" : 75.96
  }, {
    "date" : "2013-12-31",
    "sales" : 1385.83,
    "salesGrowthYoY" : 15.10,
    "grossProfitMargin" : 34.69,
    "grossProfit" : 480.74,
    "operatingProfitMargin" : 10.70,
    "operatingProfit" : 148.28,
    "netProfitMargin" : 4.39,
    "netProfit" : 60.84
  }, {
    "date" : "2014-03-31",
    "sales" : 1407.96,
    "salesGrowthYoY" : 7.37,
    "grossProfitMargin" : 34.40,
    "grossProfit" : 484.34,
    "operatingProfitMargin" : 11.06,
    "operatingProfit" : 155.72,
    "netProfitMargin" : 4.63,
    "netProfit" : 65.19
  }, {
    "date" : "2014-06-30",
    "sales" : 1410.70,
    "salesGrowthYoY" : 10.21,
    "grossProfitMargin" : 34.40,
    "grossProfit" : 485.28,
    "operatingProfitMargin" : 8.94,
    "operatingProfit" : 126.12,
    "netProfitMargin" : 3.32,
    "netProfit" : 46.84
  }, {
    "date" : "2014-09-30",
    "sales" : 1381.64,
    "salesGrowthYoY" : 7.85,
    "grossProfitMargin" : 38.30,
    "grossProfit" : 529.17,
    "operatingProfitMargin" : 11.80,
    "operatingProfit" : 163.03,
    "netProfitMargin" : 5.94,
    "netProfit" : 82.07
  }, {
    "date" : "2014-12-31",
    "sales" : 1354.91,
    "salesGrowthYoY" : -2.23,
    "grossProfitMargin" : 39.83,
    "grossProfit" : 539.66,
    "operatingProfitMargin" : 12.59,
    "operatingProfit" : 170.58,
    "netProfitMargin" : 5.95,
    "netProfit" : 80.62
  }, {
    "date" : "2015-03-31",
    "sales" : 1425.33,
    "salesGrowthYoY" : 1.23,
    "grossProfitMargin" : 40.93,
    "grossProfit" : 583.39,
    "operatingProfitMargin" : 12.50,
    "operatingProfit" : 178.17,
    "netProfitMargin" : 6.57,
    "netProfit" : 93.64
  }, {
    "date" : "2015-06-30",
    "sales" : 1408.64,
    "salesGrowthYoY" : -0.15,
    "grossProfitMargin" : 42.39,
    "grossProfit" : 597.12,
    "operatingProfitMargin" : 15.63,
    "operatingProfit" : 220.17,
    "netProfitMargin" : 8.47,
    "netProfit" : 119.31
  }, {
    "date" : "2015-09-30",
    "sales" : 1347.42,
    "salesGrowthYoY" : -2.48,
    "grossProfitMargin" : 43.66,
    "grossProfit" : 588.28,
    "operatingProfitMargin" : 13.78,
    "operatingProfit" : 185.67,
    "netProfitMargin" : 8.38,
    "netProfit" : 112.91
  }, {
    "date" : "2015-12-31",
    "sales" : 1317.52,
    "salesGrowthYoY" : -2.76,
    "grossProfitMargin" : 44.28,
    "grossProfit" : 583.40,
    "operatingProfitMargin" : 14.91,
    "operatingProfit" : 196.44,
    "netProfitMargin" : 8.88,
    "netProfit" : 117.00
  }, {
    "date" : "2016-03-31",
    "sales" : 1381.53,
    "salesGrowthYoY" : -3.07,
    "grossProfitMargin" : 43.19,
    "grossProfit" : 596.68,
    "operatingProfitMargin" : 13.81,
    "operatingProfit" : 190.79,
    "netProfitMargin" : 7.57,
    "netProfit" : 104.58
  }, {
    "date" : "2016-06-30",
    "sales" : 1455.79,
    "salesGrowthYoY" : 3.35,
    "grossProfitMargin" : 42.74,
    "grossProfit" : 622.20,
    "operatingProfitMargin" : 12.74,
    "operatingProfit" : 185.47,
    "netProfitMargin" : 6.67,
    "netProfit" : 97.10
  }, {
    "date" : "2016-09-30",
    "sales" : 1412.89,
    "salesGrowthYoY" : 4.86,
    "grossProfitMargin" : 42.23,
    "grossProfit" : 596.66,
    "operatingProfitMargin" : 13.12,
    "operatingProfit" : 185.37,
    "netProfitMargin" : 7.21,
    "netProfit" : 101.87
  }, {
    "date" : "2016-12-31",
    "sales" : 1382.34,
    "salesGrowthYoY" : 4.92,
    "grossProfitMargin" : 41.15,
    "grossProfit" : 568.83,
    "operatingProfitMargin" : 10.89,
    "operatingProfit" : 150.54,
    "netProfitMargin" : 6.81,
    "netProfit" : 94.14
  }, {
    "date" : "2017-03-31",
    "sales" : 1450.69,
    "salesGrowthYoY" : 5.01,
    "grossProfitMargin" : 37.14,
    "grossProfit" : 538.79,
    "operatingProfitMargin" : 9.56,
    "operatingProfit" : 138.69,
    "netProfitMargin" : 5.47,
    "netProfit" : 79.35
  }, {
    "date" : "2017-06-30",
    "sales" : 1451.06,
    "salesGrowthYoY" : -0.32,
    "grossProfitMargin" : 33.49,
    "grossProfit" : 485.96,
    "operatingProfitMargin" : 3.72,
    "operatingProfit" : 53.98,
    "netProfitMargin" : 1.34,
    "netProfit" : 19.44
  }, {
    "date" : "2017-09-30",
    "sales" : 1511.82,
    "salesGrowthYoY" : 7.00,
    "grossProfitMargin" : 39.16,
    "grossProfit" : 592.03,
    "operatingProfitMargin" : 11.99,
    "operatingProfit" : 181.27,
    "netProfitMargin" : 5.55,
    "netProfit" : 83.91
  }, {
    "date" : "2017-12-31",
    "sales" : 1549.93,
    "salesGrowthYoY" : 12.12,
    "grossProfitMargin" : 41.26,
    "grossProfit" : 639.50,
    "operatingProfitMargin" : 12.37,
    "operatingProfit" : 191.73,
    "netProfitMargin" : 5.91,
    "netProfit" : 91.60
  }, {
    "date" : "2018-03-31",
    "sales" : 1660.82,
    "salesGrowthYoY" : 14.48,
    "grossProfitMargin" : 39.30,
    "grossProfit" : 652.70,
    "operatingProfitMargin" : 12.01,
    "operatingProfit" : 199.46,
    "netProfitMargin" : 6.15,
    "netProfit" : 102.14
  }, {
    "date" : "2018-06-30",
    "sales" : 1689.21,
    "salesGrowthYoY" : 16.41,
    "grossProfitMargin" : 39.14,
    "grossProfit" : 661.16,
    "operatingProfitMargin" : 10.30,
    "operatingProfit" : 173.99,
    "netProfitMargin" : 4.70,
    "netProfit" : 79.39
  }, {
    "date" : "2018-09-30",
    "sales" : 1735.72,
    "salesGrowthYoY" : 14.81,
    "grossProfitMargin" : 39.06,
    "grossProfit" : 677.97,
    "operatingProfitMargin" : 9.03,
    "operatingProfit" : 156.74,
    "netProfitMargin" : 4.42,
    "netProfit" : 76.72
  }, {
    "date" : "2018-12-31",
    "sales" : 1688.92,
    "salesGrowthYoY" : 8.97,
    "grossProfitMargin" : 40.69,
    "grossProfit" : 687.22,
    "operatingProfitMargin" : 8.25,
    "operatingProfit" : 139.34,
    "netProfitMargin" : 3.44,
    "netProfit" : 58.10
  }, {
    "date" : "2019-03-31",
    "sales" : 1717.45,
    "salesGrowthYoY" : 3.41,
    "grossProfitMargin" : 38.70,
    "grossProfit" : 664.65,
    "operatingProfitMargin" : 9.67,
    "operatingProfit" : 166.08,
    "netProfitMargin" : 6.49,
    "netProfit" : 111.46
  }, {
    "date" : "2019-06-30",
    "sales" : 1703.60,
    "salesGrowthYoY" : 0.85,
    "grossProfitMargin" : 38.51,
    "grossProfit" : 656.06,
    "operatingProfitMargin" : 9.43,
    "operatingProfit" : 160.65,
    "netProfitMargin" : 5.13,
    "netProfit" : 87.39
  }, {
    "date" : "2019-09-30",
    "sales" : 1687.26,
    "salesGrowthYoY" : -2.79,
    "grossProfitMargin" : 40.97,
    "grossProfit" : 691.27,
    "operatingProfitMargin" : 10.05,
    "operatingProfit" : 169.57,
    "netProfitMargin" : 2.96,
    "netProfit" : 49.94
  }, {
    "date" : "2019-12-31",
    "sales" : 1750.39,
    "salesGrowthYoY" : 3.64,
    "grossProfitMargin" : 43.08,
    "grossProfit" : 754.07,
    "operatingProfitMargin" : 10.43,
    "operatingProfit" : 182.57,
    "netProfitMargin" : 2.74,
    "netProfit" : 47.96
  }, {
    "date" : "2020-03-31",
    "sales" : 1564.53,
    "salesGrowthYoY" : -8.90,
    "grossProfitMargin" : 45.57,
    "grossProfit" : 712.96,
    "operatingProfitMargin" : 12.72,
    "operatingProfit" : 199.01,
    "netProfitMargin" : 4.28,
    "netProfit" : 66.96
  }, {
    "date" : "2020-06-30",
    "sales" : 1116.15,
    "salesGrowthYoY" : -34.48,
    "grossProfitMargin" : 40.01,
    "grossProfit" : 446.57,
    "operatingProfitMargin" : 9.11,
    "operatingProfit" : 101.68,
    "netProfitMargin" : -0.37,
    "netProfit" : -4.13
  }, {
    "date" : "2020-09-30",
    "sales" : 1965.13,
    "salesGrowthYoY" : 16.47,
    "grossProfitMargin" : 46.61,
    "grossProfit" : 915.95,
    "operatingProfitMargin" : 14.78,
    "operatingProfit" : 290.45,
    "netProfitMargin" : 8.66,
    "netProfit" : 170.18
  }, {
    "date" : "2020-12-31",
    "sales" : 2212.48,
    "salesGrowthYoY" : 26.40,
    "grossProfitMargin" : 45.47,
    "grossProfit" : 1006.01,
    "operatingProfitMargin" : 14.73,
    "operatingProfit" : 325.90,
    "netProfitMargin" : 6.13,
    "netProfit" : 135.63
  }, {
    "date" : "2021-03-31",
    "sales" : 2279.03,
    "salesGrowthYoY" : 45.67,
    "grossProfitMargin" : 41.82,
    "grossProfit" : 953.09,
    "operatingProfitMargin" : 11.20,
    "operatingProfit" : 255.25,
    "netProfitMargin" : 6.22,
    "netProfit" : 141.76
  }, {
    "date" : "2021-06-30",
    "sales" : 1897.76,
    "salesGrowthYoY" : 70.03,
    "grossProfitMargin" : 38.67,
    "grossProfit" : 733.86,
    "operatingProfitMargin" : 8.72,
    "operatingProfit" : 165.48,
    "netProfitMargin" : 1.05,
    "netProfit" : 19.93
  }, {
    "date" : "2021-09-30",
    "sales" : 2432.32,
    "salesGrowthYoY" : 23.77,
    "grossProfitMargin" : 36.86,
    "grossProfit" : 896.55,
    "operatingProfitMargin" : 8.89,
    "operatingProfit" : 216.23,
    "netProfitMargin" : 1.49,
    "netProfit" : 36.24
  }, {
    "date" : "2021-12-31",
    "sales" : 2406.12,
    "salesGrowthYoY" : 8.75,
    "grossProfitMargin" : 33.84,
    "grossProfit" : 814.23,
    "operatingProfitMargin" : 5.50,
    "operatingProfit" : 132.34,
    "netProfitMargin" : -0.38,
    "netProfit" : -9.14
  }, {
    "date" : "2022-03-31",
    "sales" : 2576.43,
    "salesGrowthYoY" : 13.05,
    "grossProfitMargin" : 33.22,
    "grossProfit" : 855.89,
    "operatingProfitMargin" : 7.19,
    "operatingProfit" : 185.25,
    "netProfitMargin" : 0.46,
    "netProfit" : 11.85
  }, {
    "date" : "2022-06-30",
    "sales" : 2803.08,
    "salesGrowthYoY" : 47.70,
    "grossProfitMargin" : 31.63,
    "grossProfit" : 886.61,
    "operatingProfitMargin" : 5.86,
    "operatingProfit" : 164.26,
    "netProfitMargin" : 0.11,
    "netProfit" : 3.08
  }, {
    "date" : "2022-09-30",
    "sales" : 2886.37,
    "salesGrowthYoY" : 18.67,
    "grossProfitMargin" : 32.40,
    "grossProfit" : 935.18,
    "operatingProfitMargin" : 7.13,
    "operatingProfit" : 205.80,
    "netProfitMargin" : 1.64,
    "netProfit" : 47.34
  }, {
    "date" : "2022-12-31",
    "sales" : 2711.07,
    "salesGrowthYoY" : 12.67,
    "grossProfitMargin" : 34.59,
    "grossProfit" : 937.76,
    "operatingProfitMargin" : 8.73,
    "operatingProfit" : 236.68,
    "netProfitMargin" : 1.55,
    "netProfit" : 42.02
  }, {
    "date" : "2023-03-31",
    "sales" : 2862.74,
    "salesGrowthYoY" : 11.11,
    "grossProfitMargin" : 40.10,
    "grossProfit" : 1147.96,
    "operatingProfitMargin" : 12.94,
    "operatingProfit" : 370.44,
    "netProfitMargin" : 4.83,
    "netProfit" : 138.27
  }, {
    "date" : "2023-06-30",
    "sales" : 2921.18,
    "salesGrowthYoY" : 4.21,
    "grossProfitMargin" : 41.06,
    "grossProfit" : 1199.44,
    "operatingProfitMargin" : 13.23,
    "operatingProfit" : 386.47,
    "netProfitMargin" : 5.46,
    "netProfit" : 159.50
  }, {
    "date" : "2023-09-30",
    "sales" : 3043.23,
    "salesGrowthYoY" : 5.43,
    "grossProfitMargin" : 43.32,
    "grossProfit" : 1318.33,
    "operatingProfitMargin" : 15.03,
    "operatingProfit" : 457.40,
    "netProfitMargin" : 6.54,
    "netProfit" : 199.03
  }, {
    "date" : "2023-12-31",
    "sales" : 2948.97,
    "salesGrowthYoY" : 8.78,
    "grossProfitMargin" : 41.32,
    "grossProfit" : 1218.51,
    "operatingProfitMargin" : 14.14,
    "operatingProfit" : 416.98,
    "netProfitMargin" : 5.99,
    "netProfit" : 176.64
  }, {
    "date" : "2024-03-31",
    "sales" : 2979.22,
    "salesGrowthYoY" : 4.07,
    "grossProfitMargin" : 42.30,
    "grossProfit" : 1260.21,
    "operatingProfitMargin" : 13.25,
    "operatingProfit" : 394.75,
    "netProfitMargin" : 5.07,
    "netProfit" : 151.05
  }, {
    "date" : "2024-06-30",
    "sales" : 3168.20,
    "salesGrowthYoY" : 8.46,
    "grossProfitMargin" : 39.39,
    "grossProfit" : 1247.95,
    "operatingProfitMargin" : 12.04,
    "operatingProfit" : 381.45,
    "netProfitMargin" : 4.54,
    "netProfit" : 143.84
  }, {
    "date" : "2024-09-30",
    "sales" : 3298.13,
    "salesGrowthYoY" : 8.38,
    "grossProfitMargin" : 37.46,
    "grossProfit" : 1235.48,
    "operatingProfitMargin" : 11.11,
    "operatingProfit" : 366.42,
    "netProfitMargin" : 4.14,
    "netProfit" : 136.54
  }, {
    "date" : "2024-12-31",
    "sales" : 3291.75,
    "salesGrowthYoY" : 11.62,
    "grossProfitMargin" : 36.86,
    "grossProfit" : 1213.34,
    "operatingProfitMargin" : 10.44,
    "operatingProfit" : 343.66,
    "netProfitMargin" : 2.92,
    "netProfit" : 96.12
  }, {
    "date" : "2025-03-31",
    "sales" : 3413.57,
    "salesGrowthYoY" : 14.58,
    "grossProfitMargin" : 37.52,
    "grossProfit" : 1280.77,
    "operatingProfitMargin" : 11.56,
    "operatingProfit" : 394.61,
    "netProfitMargin" : 3.75,
    "netProfit" : 128.01
  }, {
    "date" : "2025-06-30",
    "sales" : 3520.70,
    "salesGrowthYoY" : 11.13,
    "grossProfitMargin" : 36.84,
    "grossProfit" : 1297.03,
    "operatingProfitMargin" : 11.11,
    "operatingProfit" : 391.15,
    "netProfitMargin" : 3.91,
    "netProfit" : 137.66
  }, {
    "date" : "2025-09-30",
    "sales" : 3701.11,
    "salesGrowthYoY" : 12.22,
    "grossProfitMargin" : 40.98,
    "grossProfit" : 1516.71,
    "operatingProfitMargin" : 13.69,
    "operatingProfit" : 506.68,
    "netProfitMargin" : 5.46,
    "netProfit" : 202.08
  }, {
    "date" : "2025-12-31",
    "sales" : 3957.20,
    "salesGrowthYoY" : 20.22,
    "grossProfitMargin" : 39.90,
    "grossProfit" : 1578.92,
    "operatingProfitMargin" : 14.08,
    "operatingProfit" : 557.17,
    "netProfitMargin" : 5.94,
    "netProfit" : 235.06
  } ],
  "latestQuarterlyResult" : {
    "date" : "2025-12-31",
    "sales" : 3957.20,
    "salesGrowthYoY" : 20.22,
    "grossProfitMargin" : 39.90,
    "grossProfit" : 1578.92,
    "operatingProfitMargin" : 14.08,
    "operatingProfit" : 557.17,
    "netProfitMargin" : 5.94,
    "netProfit" : 235.06
  },
  "companyScore" : {
    "priceHigherThanDma50" : 5.00,
    "priceHigherThanDma100" : 5.00,
    "priceHigherThanDma200" : 5.00,
    "dma50HigherThanDma100" : 5.00,
    "dma50HigherThanDma200" : 5.00,
    "dma100HigherThanDma200" : 5.00,
    "pricePercentageAboveDma50" : 4.84,
    "pricePercentageAboveDma100" : 4.82,
    "pricePercentageAboveDma200" : 4.54,
    "weeklyVolumeHigherThanYearlyVolume" : 0.00,
    "salesGrowthPercentile" : 15.75,
    "operatingProfitMarginPercentile" : 18.10,
    "netProfitMarginPercentile" : 7.74,
    "totalTechnicalScore" : 44.20,
    "totalFundamentalScore" : 41.58,
    "totalScore" : 85.79
  }
}