{
  "metadata" : {
    "screenerCompanyId" : "610",
    "companyCode" : "CENTENKA",
    "companyName" : "Century Enka",
    "screenerCompanyLink" : "https://www.screener.in/company/CENTENKA/",
    "screenerTechnicalHistoryLink" : "https://www.screener.in/api/company/610/chart/?q=Price-DMA50-DMA200-Volume&days=365",
    "screenerQuarterlyResultsLink" : "https://www.screener.in/api/company/610/chart/?q=GPM-OPM-NPM-Quarter+Sales&days=10000",
    "attributes" : {
      "companyCode" : "CENTENKA",
      "companyName" : "Century Enka",
      "marketCap" : 1032.00,
      "peRatio" : 14.40,
      "description" : "Incorporated in 1965, CenturyEnka Ltd manufactures and sells Synthetic Yarn and related products[1]"
    },
    "companyScore" : {
      "priceHigherThanDma50" : 5.00,
      "priceHigherThanDma100" : 5.00,
      "priceHigherThanDma200" : 0.00,
      "dma50HigherThanDma100" : 0.00,
      "dma50HigherThanDma200" : 0.00,
      "dma100HigherThanDma200" : 0.00,
      "pricePercentageAboveDma50" : 4.72,
      "pricePercentageAboveDma100" : 4.82,
      "pricePercentageAboveDma200" : 5.06,
      "weeklyVolumeHigherThanYearlyVolume" : 5.00,
      "salesGrowthPercentile" : 3.75,
      "operatingProfitMarginPercentile" : 15.44,
      "netProfitMarginPercentile" : 8.09,
      "totalTechnicalScore" : 29.60,
      "totalFundamentalScore" : 27.28,
      "totalScore" : 56.88
    }
  },
  "attributes" : {
    "companyCode" : "CENTENKA",
    "companyName" : "Century Enka",
    "marketCap" : 1032.00,
    "peRatio" : 14.40,
    "description" : "Incorporated in 1965, CenturyEnka Ltd manufactures and sells Synthetic Yarn and related products[1]"
  },
  "technicalHistory" : [ {
    "date" : "2025-02-11",
    "price" : 490.95,
    "dma50" : 576.40,
    "dma100" : null,
    "dma200" : 593.57,
    "volume" : 58551.00
  }, {
    "date" : "2025-02-12",
    "price" : 460.60,
    "dma50" : 571.86,
    "dma100" : null,
    "dma200" : 592.24,
    "volume" : 94951.00
  }, {
    "date" : "2025-02-13",
    "price" : 469.80,
    "dma50" : 567.86,
    "dma100" : null,
    "dma200" : 591.03,
    "volume" : 24987.00
  }, {
    "date" : "2025-02-14",
    "price" : 462.20,
    "dma50" : 563.71,
    "dma100" : null,
    "dma200" : 589.74,
    "volume" : 41663.00
  }, {
    "date" : "2025-02-17",
    "price" : 465.10,
    "dma50" : 559.85,
    "dma100" : null,
    "dma200" : 588.50,
    "volume" : 56360.00
  }, {
    "date" : "2025-02-18",
    "price" : 454.05,
    "dma50" : 555.70,
    "dma100" : null,
    "dma200" : 587.17,
    "volume" : 51411.00
  }, {
    "date" : "2025-02-19",
    "price" : 486.15,
    "dma50" : 552.97,
    "dma100" : null,
    "dma200" : 586.16,
    "volume" : 62004.00
  }, {
    "date" : "2025-02-20",
    "price" : 488.55,
    "dma50" : 550.44,
    "dma100" : null,
    "dma200" : 585.19,
    "volume" : 33535.00
  }, {
    "date" : "2025-02-21",
    "price" : 539.05,
    "dma50" : 550.00,
    "dma100" : null,
    "dma200" : 584.73,
    "volume" : 100132.00
  }, {
    "date" : "2025-02-24",
    "price" : 572.70,
    "dma50" : 550.89,
    "dma100" : null,
    "dma200" : 584.61,
    "volume" : 162790.00
  }, {
    "date" : "2025-02-25",
    "price" : 597.10,
    "dma50" : 552.70,
    "dma100" : null,
    "dma200" : 584.74,
    "volume" : 300263.00
  }, {
    "date" : "2025-02-27",
    "price" : 533.10,
    "dma50" : 551.93,
    "dma100" : null,
    "dma200" : 584.22,
    "volume" : 106681.00
  }, {
    "date" : "2025-02-28",
    "price" : 513.35,
    "dma50" : 550.42,
    "dma100" : null,
    "dma200" : 583.52,
    "volume" : 49264.00
  }, {
    "date" : "2025-03-03",
    "price" : 488.35,
    "dma50" : 547.98,
    "dma100" : null,
    "dma200" : 582.57,
    "volume" : 46331.00
  }, {
    "date" : "2025-03-04",
    "price" : 509.30,
    "dma50" : 546.47,
    "dma100" : null,
    "dma200" : 581.84,
    "volume" : 42831.00
  }, {
    "date" : "2025-03-05",
    "price" : 516.85,
    "dma50" : 545.31,
    "dma100" : null,
    "dma200" : 581.19,
    "volume" : 15992.00
  }, {
    "date" : "2025-03-06",
    "price" : 528.15,
    "dma50" : 544.63,
    "dma100" : null,
    "dma200" : 580.67,
    "volume" : 21945.00
  }, {
    "date" : "2025-03-07",
    "price" : 531.20,
    "dma50" : 544.11,
    "dma100" : null,
    "dma200" : 580.17,
    "volume" : 30654.00
  }, {
    "date" : "2025-03-10",
    "price" : 520.70,
    "dma50" : 543.19,
    "dma100" : null,
    "dma200" : 579.58,
    "volume" : 17447.00
  }, {
    "date" : "2025-03-11",
    "price" : 499.90,
    "dma50" : 541.49,
    "dma100" : null,
    "dma200" : 578.79,
    "volume" : 28030.00
  }, {
    "date" : "2025-03-12",
    "price" : 502.30,
    "dma50" : 539.95,
    "dma100" : null,
    "dma200" : 578.03,
    "volume" : 41932.00
  }, {
    "date" : "2025-03-13",
    "price" : 491.60,
    "dma50" : 538.06,
    "dma100" : null,
    "dma200" : 577.17,
    "volume" : 83328.00
  }, {
    "date" : "2025-03-17",
    "price" : 497.50,
    "dma50" : 536.47,
    "dma100" : null,
    "dma200" : 576.38,
    "volume" : 84846.00
  }, {
    "date" : "2025-03-18",
    "price" : 541.90,
    "dma50" : 536.68,
    "dma100" : null,
    "dma200" : 576.03,
    "volume" : 94456.00
  }, {
    "date" : "2025-03-19",
    "price" : 537.45,
    "dma50" : 536.71,
    "dma100" : null,
    "dma200" : 575.65,
    "volume" : 54504.00
  }, {
    "date" : "2025-03-20",
    "price" : 533.40,
    "dma50" : 536.58,
    "dma100" : null,
    "dma200" : 575.23,
    "volume" : 40285.00
  }, {
    "date" : "2025-03-21",
    "price" : 539.40,
    "dma50" : 536.69,
    "dma100" : null,
    "dma200" : 574.87,
    "volume" : 34026.00
  }, {
    "date" : "2025-03-24",
    "price" : 532.10,
    "dma50" : 536.51,
    "dma100" : null,
    "dma200" : 574.45,
    "volume" : 47869.00
  }, {
    "date" : "2025-03-25",
    "price" : 542.80,
    "dma50" : 536.76,
    "dma100" : null,
    "dma200" : 574.13,
    "volume" : 42209.00
  }, {
    "date" : "2025-03-26",
    "price" : 535.60,
    "dma50" : 536.71,
    "dma100" : null,
    "dma200" : 573.75,
    "volume" : 65347.00
  }, {
    "date" : "2025-03-27",
    "price" : 554.30,
    "dma50" : 537.40,
    "dma100" : null,
    "dma200" : 573.55,
    "volume" : 93160.00
  }, {
    "date" : "2025-03-28",
    "price" : 541.90,
    "dma50" : 537.58,
    "dma100" : null,
    "dma200" : 573.24,
    "volume" : 24775.00
  }, {
    "date" : "2025-04-01",
    "price" : 544.95,
    "dma50" : 537.87,
    "dma100" : null,
    "dma200" : 572.96,
    "volume" : 12497.00
  }, {
    "date" : "2025-04-02",
    "price" : 537.35,
    "dma50" : 537.85,
    "dma100" : null,
    "dma200" : 572.60,
    "volume" : 17050.00
  }, {
    "date" : "2025-04-03",
    "price" : 549.70,
    "dma50" : 538.31,
    "dma100" : null,
    "dma200" : 572.38,
    "volume" : 31049.00
  }, {
    "date" : "2025-04-04",
    "price" : 505.85,
    "dma50" : 537.04,
    "dma100" : null,
    "dma200" : 571.71,
    "volume" : 50856.00
  }, {
    "date" : "2025-04-07",
    "price" : 499.15,
    "dma50" : 535.55,
    "dma100" : null,
    "dma200" : 570.99,
    "volume" : 47187.00
  }, {
    "date" : "2025-04-08",
    "price" : 498.85,
    "dma50" : 534.11,
    "dma100" : null,
    "dma200" : 570.27,
    "volume" : 29241.00
  }, {
    "date" : "2025-04-09",
    "price" : 491.80,
    "dma50" : 532.45,
    "dma100" : null,
    "dma200" : 569.49,
    "volume" : 12294.00
  }, {
    "date" : "2025-04-11",
    "price" : 499.50,
    "dma50" : 531.16,
    "dma100" : null,
    "dma200" : 568.80,
    "volume" : 19880.00
  }, {
    "date" : "2025-04-15",
    "price" : 514.60,
    "dma50" : 530.51,
    "dma100" : null,
    "dma200" : 568.26,
    "volume" : 32239.00
  }, {
    "date" : "2025-04-16",
    "price" : 520.65,
    "dma50" : 530.13,
    "dma100" : null,
    "dma200" : 567.78,
    "volume" : 19729.00
  }, {
    "date" : "2025-04-17",
    "price" : 525.50,
    "dma50" : 529.94,
    "dma100" : null,
    "dma200" : 567.36,
    "volume" : 24394.00
  }, {
    "date" : "2025-04-21",
    "price" : 539.85,
    "dma50" : 530.33,
    "dma100" : null,
    "dma200" : 567.09,
    "volume" : 29694.00
  }, {
    "date" : "2025-04-22",
    "price" : 543.45,
    "dma50" : 530.85,
    "dma100" : null,
    "dma200" : 566.85,
    "volume" : 34671.00
  }, {
    "date" : "2025-04-23",
    "price" : 548.20,
    "dma50" : 531.53,
    "dma100" : null,
    "dma200" : 566.67,
    "volume" : 33771.00
  }, {
    "date" : "2025-04-24",
    "price" : 539.30,
    "dma50" : 531.83,
    "dma100" : null,
    "dma200" : 566.40,
    "volume" : 17979.00
  }, {
    "date" : "2025-04-25",
    "price" : 516.10,
    "dma50" : 531.22,
    "dma100" : null,
    "dma200" : 565.90,
    "volume" : 41429.00
  }, {
    "date" : "2025-04-28",
    "price" : 524.55,
    "dma50" : 530.95,
    "dma100" : null,
    "dma200" : 565.48,
    "volume" : 20882.00
  }, {
    "date" : "2025-04-29",
    "price" : 525.85,
    "dma50" : 530.75,
    "dma100" : null,
    "dma200" : 565.09,
    "volume" : 20929.00
  }, {
    "date" : "2025-04-30",
    "price" : 513.75,
    "dma50" : 530.09,
    "dma100" : null,
    "dma200" : 564.58,
    "volume" : 20425.00
  }, {
    "date" : "2025-05-02",
    "price" : 519.90,
    "dma50" : 529.69,
    "dma100" : null,
    "dma200" : 564.13,
    "volume" : 15021.00
  }, {
    "date" : "2025-05-05",
    "price" : 525.80,
    "dma50" : 529.54,
    "dma100" : null,
    "dma200" : 563.75,
    "volume" : 21318.00
  }, {
    "date" : "2025-05-06",
    "price" : 452.90,
    "dma50" : 526.53,
    "dma100" : null,
    "dma200" : 562.65,
    "volume" : 372226.00
  }, {
    "date" : "2025-05-07",
    "price" : 440.35,
    "dma50" : 523.15,
    "dma100" : null,
    "dma200" : 561.43,
    "volume" : 228688.00
  }, {
    "date" : "2025-05-08",
    "price" : 432.70,
    "dma50" : 519.60,
    "dma100" : null,
    "dma200" : 560.15,
    "volume" : 80710.00
  }, {
    "date" : "2025-05-09",
    "price" : 431.55,
    "dma50" : 516.15,
    "dma100" : null,
    "dma200" : 558.87,
    "volume" : 31617.00
  }, {
    "date" : "2025-05-12",
    "price" : 422.85,
    "dma50" : 512.49,
    "dma100" : null,
    "dma200" : 557.52,
    "volume" : 177689.00
  }, {
    "date" : "2025-05-13",
    "price" : 421.35,
    "dma50" : 508.92,
    "dma100" : null,
    "dma200" : 556.16,
    "volume" : 174579.00
  }, {
    "date" : "2025-05-14",
    "price" : 430.45,
    "dma50" : 505.84,
    "dma100" : null,
    "dma200" : 554.91,
    "volume" : 112181.00
  }, {
    "date" : "2025-05-15",
    "price" : 434.45,
    "dma50" : 503.04,
    "dma100" : null,
    "dma200" : 553.71,
    "volume" : 70003.00
  }, {
    "date" : "2025-05-16",
    "price" : 447.55,
    "dma50" : 500.86,
    "dma100" : null,
    "dma200" : 552.66,
    "volume" : 83598.00
  }, {
    "date" : "2025-05-19",
    "price" : 453.80,
    "dma50" : 499.02,
    "dma100" : null,
    "dma200" : 551.67,
    "volume" : 70645.00
  }, {
    "date" : "2025-05-20",
    "price" : 454.90,
    "dma50" : 497.29,
    "dma100" : null,
    "dma200" : 550.71,
    "volume" : 65983.00
  }, {
    "date" : "2025-05-21",
    "price" : 459.65,
    "dma50" : 495.81,
    "dma100" : null,
    "dma200" : 549.81,
    "volume" : 60997.00
  }, {
    "date" : "2025-05-22",
    "price" : 464.45,
    "dma50" : 494.58,
    "dma100" : null,
    "dma200" : 548.96,
    "volume" : 43355.00
  }, {
    "date" : "2025-05-23",
    "price" : 467.50,
    "dma50" : 493.52,
    "dma100" : null,
    "dma200" : 548.15,
    "volume" : 44246.00
  }, {
    "date" : "2025-05-26",
    "price" : 469.15,
    "dma50" : 492.56,
    "dma100" : null,
    "dma200" : 547.36,
    "volume" : 33405.00
  }, {
    "date" : "2025-05-27",
    "price" : 472.50,
    "dma50" : 491.78,
    "dma100" : null,
    "dma200" : 546.61,
    "volume" : 43598.00
  }, {
    "date" : "2025-05-28",
    "price" : 467.05,
    "dma50" : 490.81,
    "dma100" : null,
    "dma200" : 545.82,
    "volume" : 28240.00
  }, {
    "date" : "2025-05-29",
    "price" : 468.65,
    "dma50" : 489.94,
    "dma100" : null,
    "dma200" : 545.05,
    "volume" : 35671.00
  }, {
    "date" : "2025-05-30",
    "price" : 465.95,
    "dma50" : 489.00,
    "dma100" : null,
    "dma200" : 544.27,
    "volume" : 24162.00
  }, {
    "date" : "2025-06-02",
    "price" : 462.15,
    "dma50" : 487.95,
    "dma100" : null,
    "dma200" : 543.45,
    "volume" : 38721.00
  }, {
    "date" : "2025-06-03",
    "price" : 463.25,
    "dma50" : 486.98,
    "dma100" : null,
    "dma200" : 542.65,
    "volume" : 31264.00
  }, {
    "date" : "2025-06-04",
    "price" : 464.85,
    "dma50" : 486.11,
    "dma100" : null,
    "dma200" : 541.88,
    "volume" : 24245.00
  }, {
    "date" : "2025-06-05",
    "price" : 471.25,
    "dma50" : 485.53,
    "dma100" : null,
    "dma200" : 541.18,
    "volume" : 49489.00
  }, {
    "date" : "2025-06-06",
    "price" : 465.95,
    "dma50" : 484.76,
    "dma100" : null,
    "dma200" : 540.43,
    "volume" : 32502.00
  }, {
    "date" : "2025-06-09",
    "price" : 477.55,
    "dma50" : 484.48,
    "dma100" : null,
    "dma200" : 539.80,
    "volume" : 45914.00
  }, {
    "date" : "2025-06-10",
    "price" : 480.25,
    "dma50" : 484.31,
    "dma100" : null,
    "dma200" : 539.21,
    "volume" : 31815.00
  }, {
    "date" : "2025-06-11",
    "price" : 484.00,
    "dma50" : 484.30,
    "dma100" : null,
    "dma200" : 538.66,
    "volume" : 58247.00
  }, {
    "date" : "2025-06-12",
    "price" : 482.75,
    "dma50" : 484.24,
    "dma100" : null,
    "dma200" : 538.10,
    "volume" : 29176.00
  }, {
    "date" : "2025-06-13",
    "price" : 483.05,
    "dma50" : 484.19,
    "dma100" : null,
    "dma200" : 537.56,
    "volume" : 29111.00
  }, {
    "date" : "2025-06-16",
    "price" : 490.20,
    "dma50" : 484.43,
    "dma100" : null,
    "dma200" : 537.08,
    "volume" : 32100.00
  }, {
    "date" : "2025-06-17",
    "price" : 499.70,
    "dma50" : 485.03,
    "dma100" : null,
    "dma200" : 536.71,
    "volume" : 81332.00
  }, {
    "date" : "2025-06-18",
    "price" : 499.95,
    "dma50" : 485.61,
    "dma100" : null,
    "dma200" : 536.35,
    "volume" : 47104.00
  }, {
    "date" : "2025-06-19",
    "price" : 496.65,
    "dma50" : 486.04,
    "dma100" : null,
    "dma200" : 535.95,
    "volume" : 47250.00
  }, {
    "date" : "2025-06-20",
    "price" : 496.15,
    "dma50" : 486.44,
    "dma100" : null,
    "dma200" : 535.56,
    "volume" : 16233.00
  }, {
    "date" : "2025-06-23",
    "price" : 499.60,
    "dma50" : 486.96,
    "dma100" : null,
    "dma200" : 535.20,
    "volume" : 26191.00
  }, {
    "date" : "2025-06-24",
    "price" : 505.05,
    "dma50" : 487.67,
    "dma100" : null,
    "dma200" : 534.90,
    "volume" : 36529.00
  }, {
    "date" : "2025-06-25",
    "price" : 510.30,
    "dma50" : 488.55,
    "dma100" : null,
    "dma200" : 534.65,
    "volume" : 33745.00
  }, {
    "date" : "2025-06-26",
    "price" : 506.70,
    "dma50" : 489.27,
    "dma100" : null,
    "dma200" : 534.38,
    "volume" : 16876.00
  }, {
    "date" : "2025-06-27",
    "price" : 499.30,
    "dma50" : 489.66,
    "dma100" : null,
    "dma200" : 534.03,
    "volume" : 29350.00
  }, {
    "date" : "2025-06-30",
    "price" : 504.90,
    "dma50" : 490.26,
    "dma100" : null,
    "dma200" : 533.74,
    "volume" : 20868.00
  }, {
    "date" : "2025-07-01",
    "price" : 508.60,
    "dma50" : 490.98,
    "dma100" : null,
    "dma200" : 533.49,
    "volume" : 20263.00
  }, {
    "date" : "2025-07-02",
    "price" : 509.20,
    "dma50" : 491.69,
    "dma100" : null,
    "dma200" : 533.24,
    "volume" : 14898.00
  }, {
    "date" : "2025-07-03",
    "price" : 516.40,
    "dma50" : 492.66,
    "dma100" : null,
    "dma200" : 533.08,
    "volume" : 29098.00
  }, {
    "date" : "2025-07-04",
    "price" : 517.55,
    "dma50" : 493.64,
    "dma100" : null,
    "dma200" : 532.92,
    "volume" : 17682.00
  }, {
    "date" : "2025-07-07",
    "price" : 511.45,
    "dma50" : 494.33,
    "dma100" : null,
    "dma200" : 532.71,
    "volume" : 23364.00
  }, {
    "date" : "2025-07-08",
    "price" : 518.20,
    "dma50" : 495.27,
    "dma100" : null,
    "dma200" : 532.56,
    "volume" : 27539.00
  }, {
    "date" : "2025-07-09",
    "price" : 516.55,
    "dma50" : 496.10,
    "dma100" : null,
    "dma200" : 532.40,
    "volume" : 13484.00
  }, {
    "date" : "2025-07-10",
    "price" : 512.50,
    "dma50" : 496.75,
    "dma100" : 498.83,
    "dma200" : 532.21,
    "volume" : 14163.00
  }, {
    "date" : "2025-07-11",
    "price" : 509.40,
    "dma50" : 497.24,
    "dma100" : 499.32,
    "dma200" : 531.98,
    "volume" : 8387.00
  }, {
    "date" : "2025-07-14",
    "price" : 509.35,
    "dma50" : 497.72,
    "dma100" : 499.71,
    "dma200" : 531.75,
    "volume" : 8359.00
  }, {
    "date" : "2025-07-15",
    "price" : 510.95,
    "dma50" : 498.24,
    "dma100" : 500.20,
    "dma200" : 531.55,
    "volume" : 13239.00
  }, {
    "date" : "2025-07-16",
    "price" : 518.05,
    "dma50" : 499.01,
    "dma100" : 500.73,
    "dma200" : 531.41,
    "volume" : 18880.00
  }, {
    "date" : "2025-07-17",
    "price" : 520.85,
    "dma50" : 499.87,
    "dma100" : 501.40,
    "dma200" : 531.31,
    "volume" : 12856.00
  }, {
    "date" : "2025-07-18",
    "price" : 515.35,
    "dma50" : 500.48,
    "dma100" : 501.69,
    "dma200" : 531.15,
    "volume" : 14317.00
  }, {
    "date" : "2025-07-21",
    "price" : 523.40,
    "dma50" : 501.38,
    "dma100" : 502.04,
    "dma200" : 531.07,
    "volume" : 43557.00
  }, {
    "date" : "2025-07-22",
    "price" : 529.60,
    "dma50" : 502.48,
    "dma100" : 501.94,
    "dma200" : 531.06,
    "volume" : 42979.00
  }, {
    "date" : "2025-07-23",
    "price" : 528.90,
    "dma50" : 503.52,
    "dma100" : 501.50,
    "dma200" : 531.04,
    "volume" : 10973.00
  }, {
    "date" : "2025-07-24",
    "price" : 527.55,
    "dma50" : 504.46,
    "dma100" : 500.81,
    "dma200" : 531.00,
    "volume" : 11886.00
  }, {
    "date" : "2025-07-25",
    "price" : 513.05,
    "dma50" : 504.80,
    "dma100" : 500.61,
    "dma200" : 530.82,
    "volume" : 19150.00
  }, {
    "date" : "2025-07-28",
    "price" : 507.25,
    "dma50" : 504.89,
    "dma100" : 500.55,
    "dma200" : 530.59,
    "volume" : 43899.00
  }, {
    "date" : "2025-07-29",
    "price" : 515.00,
    "dma50" : 505.29,
    "dma100" : 500.81,
    "dma200" : 530.43,
    "volume" : 17337.00
  }, {
    "date" : "2025-07-30",
    "price" : 521.00,
    "dma50" : 505.91,
    "dma100" : 500.93,
    "dma200" : 530.34,
    "volume" : 18108.00
  }, {
    "date" : "2025-07-31",
    "price" : 517.70,
    "dma50" : 506.37,
    "dma100" : 500.94,
    "dma200" : 530.21,
    "volume" : 16152.00
  }, {
    "date" : "2025-08-01",
    "price" : 490.90,
    "dma50" : 505.76,
    "dma100" : 500.57,
    "dma200" : 529.82,
    "volume" : 99204.00
  }, {
    "date" : "2025-08-04",
    "price" : 498.30,
    "dma50" : 505.47,
    "dma100" : 500.24,
    "dma200" : 529.51,
    "volume" : 27209.00
  }, {
    "date" : "2025-08-05",
    "price" : 499.50,
    "dma50" : 505.24,
    "dma100" : 500.03,
    "dma200" : 529.21,
    "volume" : 30561.00
  }, {
    "date" : "2025-08-06",
    "price" : 495.15,
    "dma50" : 504.84,
    "dma100" : 499.98,
    "dma200" : 528.87,
    "volume" : 21455.00
  }, {
    "date" : "2025-08-07",
    "price" : 492.85,
    "dma50" : 504.37,
    "dma100" : 499.88,
    "dma200" : 528.51,
    "volume" : 49034.00
  }, {
    "date" : "2025-08-08",
    "price" : 495.25,
    "dma50" : 504.01,
    "dma100" : 499.92,
    "dma200" : 528.18,
    "volume" : 14989.00
  }, {
    "date" : "2025-08-11",
    "price" : 495.00,
    "dma50" : 503.66,
    "dma100" : 499.90,
    "dma200" : 527.85,
    "volume" : 19643.00
  }, {
    "date" : "2025-08-12",
    "price" : 496.70,
    "dma50" : 503.39,
    "dma100" : 499.44,
    "dma200" : 527.54,
    "volume" : 17629.00
  }, {
    "date" : "2025-08-13",
    "price" : 499.10,
    "dma50" : 503.22,
    "dma100" : 499.06,
    "dma200" : 527.26,
    "volume" : 17082.00
  }, {
    "date" : "2025-08-14",
    "price" : 498.45,
    "dma50" : 503.03,
    "dma100" : 498.71,
    "dma200" : 526.97,
    "volume" : 17652.00
  }, {
    "date" : "2025-08-18",
    "price" : 501.55,
    "dma50" : 502.97,
    "dma100" : 498.33,
    "dma200" : 526.72,
    "volume" : 16088.00
  }, {
    "date" : "2025-08-19",
    "price" : 501.70,
    "dma50" : 502.92,
    "dma100" : 498.03,
    "dma200" : 526.47,
    "volume" : 8568.00
  }, {
    "date" : "2025-08-20",
    "price" : 504.65,
    "dma50" : 502.99,
    "dma100" : 497.65,
    "dma200" : 526.25,
    "volume" : 11896.00
  }, {
    "date" : "2025-08-21",
    "price" : 497.90,
    "dma50" : 502.79,
    "dma100" : 497.27,
    "dma200" : 525.97,
    "volume" : 3826.00
  }, {
    "date" : "2025-08-22",
    "price" : 499.95,
    "dma50" : 502.68,
    "dma100" : 496.73,
    "dma200" : 525.71,
    "volume" : 17524.00
  }, {
    "date" : "2025-08-25",
    "price" : 504.20,
    "dma50" : 502.74,
    "dma100" : 496.35,
    "dma200" : 525.50,
    "volume" : 15642.00
  }, {
    "date" : "2025-08-26",
    "price" : 501.65,
    "dma50" : 502.70,
    "dma100" : 495.92,
    "dma200" : 525.26,
    "volume" : 13174.00
  }, {
    "date" : "2025-08-28",
    "price" : 504.25,
    "dma50" : 502.76,
    "dma100" : 495.59,
    "dma200" : 525.05,
    "volume" : 11521.00
  }, {
    "date" : "2025-08-29",
    "price" : 501.05,
    "dma50" : 502.69,
    "dma100" : 495.10,
    "dma200" : 524.81,
    "volume" : 11515.00
  }, {
    "date" : "2025-09-01",
    "price" : 505.20,
    "dma50" : 502.79,
    "dma100" : 495.09,
    "dma200" : 524.62,
    "volume" : 22793.00
  }, {
    "date" : "2025-09-02",
    "price" : 508.10,
    "dma50" : 503.00,
    "dma100" : 495.18,
    "dma200" : 524.45,
    "volume" : 10486.00
  }, {
    "date" : "2025-09-03",
    "price" : 504.50,
    "dma50" : 503.06,
    "dma100" : 495.24,
    "dma200" : 524.25,
    "volume" : 5793.00
  }, {
    "date" : "2025-09-04",
    "price" : 498.75,
    "dma50" : 502.89,
    "dma100" : 495.31,
    "dma200" : 524.00,
    "volume" : 8724.00
  }, {
    "date" : "2025-09-05",
    "price" : 507.10,
    "dma50" : 503.05,
    "dma100" : 495.38,
    "dma200" : 523.83,
    "volume" : 9379.00
  }, {
    "date" : "2025-09-08",
    "price" : 505.05,
    "dma50" : 503.13,
    "dma100" : 495.29,
    "dma200" : 523.65,
    "volume" : 10037.00
  }, {
    "date" : "2025-09-09",
    "price" : 507.05,
    "dma50" : 503.28,
    "dma100" : 495.15,
    "dma200" : 523.48,
    "volume" : 17493.00
  }, {
    "date" : "2025-09-10",
    "price" : 506.75,
    "dma50" : 503.42,
    "dma100" : 494.96,
    "dma200" : 523.31,
    "volume" : 15824.00
  }, {
    "date" : "2025-09-11",
    "price" : 515.55,
    "dma50" : 503.90,
    "dma100" : 494.72,
    "dma200" : 523.24,
    "volume" : 17951.00
  }, {
    "date" : "2025-09-12",
    "price" : 508.80,
    "dma50" : 504.09,
    "dma100" : 494.38,
    "dma200" : 523.09,
    "volume" : 12927.00
  }, {
    "date" : "2025-09-15",
    "price" : 505.65,
    "dma50" : 504.15,
    "dma100" : 493.95,
    "dma200" : 522.92,
    "volume" : 16055.00
  }, {
    "date" : "2025-09-16",
    "price" : 501.45,
    "dma50" : 504.04,
    "dma100" : 493.57,
    "dma200" : 522.71,
    "volume" : 11162.00
  }, {
    "date" : "2025-09-17",
    "price" : 502.65,
    "dma50" : 503.99,
    "dma100" : 493.44,
    "dma200" : 522.51,
    "volume" : 7754.00
  }, {
    "date" : "2025-09-18",
    "price" : 501.80,
    "dma50" : 503.90,
    "dma100" : 493.21,
    "dma200" : 522.30,
    "volume" : 6220.00
  }, {
    "date" : "2025-09-19",
    "price" : 508.00,
    "dma50" : 504.06,
    "dma100" : 493.03,
    "dma200" : 522.16,
    "volume" : 29801.00
  }, {
    "date" : "2025-09-22",
    "price" : 505.70,
    "dma50" : 504.13,
    "dma100" : 492.95,
    "dma200" : 521.99,
    "volume" : 40584.00
  }, {
    "date" : "2025-09-23",
    "price" : 496.60,
    "dma50" : 503.83,
    "dma100" : 492.72,
    "dma200" : 521.74,
    "volume" : 38821.00
  }, {
    "date" : "2025-09-24",
    "price" : 486.45,
    "dma50" : 503.15,
    "dma100" : 492.32,
    "dma200" : 521.39,
    "volume" : 32913.00
  }, {
    "date" : "2025-09-25",
    "price" : 489.05,
    "dma50" : 502.60,
    "dma100" : 492.69,
    "dma200" : 521.07,
    "volume" : 10406.00
  }, {
    "date" : "2025-09-26",
    "price" : 477.15,
    "dma50" : 501.60,
    "dma100" : 493.05,
    "dma200" : 520.63,
    "volume" : 41828.00
  }, {
    "date" : "2025-09-29",
    "price" : 478.80,
    "dma50" : 500.71,
    "dma100" : 493.51,
    "dma200" : 520.22,
    "volume" : 11147.00
  }, {
    "date" : "2025-09-30",
    "price" : 480.30,
    "dma50" : 499.91,
    "dma100" : 494.00,
    "dma200" : 519.82,
    "volume" : 5966.00
  }, {
    "date" : "2025-10-01",
    "price" : 487.20,
    "dma50" : 499.41,
    "dma100" : 494.65,
    "dma200" : 519.49,
    "volume" : 5280.00
  }, {
    "date" : "2025-10-03",
    "price" : 483.80,
    "dma50" : 498.80,
    "dma100" : 495.27,
    "dma200" : 519.14,
    "volume" : 9203.00
  }, {
    "date" : "2025-10-06",
    "price" : 483.95,
    "dma50" : 498.21,
    "dma100" : 495.81,
    "dma200" : 518.79,
    "volume" : 34557.00
  }, {
    "date" : "2025-10-07",
    "price" : 482.75,
    "dma50" : 497.61,
    "dma100" : 496.29,
    "dma200" : 518.43,
    "volume" : 10493.00
  }, {
    "date" : "2025-10-08",
    "price" : 482.40,
    "dma50" : 497.01,
    "dma100" : 496.64,
    "dma200" : 518.07,
    "volume" : 4893.00
  }, {
    "date" : "2025-10-09",
    "price" : 481.05,
    "dma50" : 496.38,
    "dma100" : 496.91,
    "dma200" : 517.70,
    "volume" : 5372.00
  }, {
    "date" : "2025-10-10",
    "price" : 480.25,
    "dma50" : 495.75,
    "dma100" : 497.16,
    "dma200" : 517.33,
    "volume" : 10789.00
  }, {
    "date" : "2025-10-13",
    "price" : 472.95,
    "dma50" : 494.86,
    "dma100" : 497.30,
    "dma200" : 516.89,
    "volume" : 18301.00
  }, {
    "date" : "2025-10-14",
    "price" : 465.35,
    "dma50" : 493.70,
    "dma100" : 497.30,
    "dma200" : 516.38,
    "volume" : 12808.00
  }, {
    "date" : "2025-10-15",
    "price" : 471.95,
    "dma50" : 492.85,
    "dma100" : 497.35,
    "dma200" : 515.93,
    "volume" : 7044.00
  }, {
    "date" : "2025-10-16",
    "price" : 468.60,
    "dma50" : 491.90,
    "dma100" : 497.34,
    "dma200" : 515.46,
    "volume" : 6128.00
  }, {
    "date" : "2025-10-17",
    "price" : 464.60,
    "dma50" : 490.83,
    "dma100" : 497.26,
    "dma200" : 514.96,
    "volume" : 5655.00
  }, {
    "date" : "2025-10-20",
    "price" : 468.85,
    "dma50" : 489.96,
    "dma100" : 497.28,
    "dma200" : 514.50,
    "volume" : 13232.00
  }, {
    "date" : "2025-10-21",
    "price" : 467.20,
    "dma50" : 489.07,
    "dma100" : 497.27,
    "dma200" : 514.03,
    "volume" : 2681.00
  }, {
    "date" : "2025-10-23",
    "price" : 468.40,
    "dma50" : 488.26,
    "dma100" : 497.29,
    "dma200" : 513.57,
    "volume" : 13749.00
  }, {
    "date" : "2025-10-24",
    "price" : 459.15,
    "dma50" : 487.12,
    "dma100" : 497.26,
    "dma200" : 513.03,
    "volume" : 22952.00
  }, {
    "date" : "2025-10-27",
    "price" : 459.20,
    "dma50" : 486.02,
    "dma100" : 497.22,
    "dma200" : 512.50,
    "volume" : 15269.00
  }, {
    "date" : "2025-10-28",
    "price" : 459.50,
    "dma50" : 484.98,
    "dma100" : 497.17,
    "dma200" : 511.97,
    "volume" : 17008.00
  }, {
    "date" : "2025-10-29",
    "price" : 460.40,
    "dma50" : 484.02,
    "dma100" : 497.06,
    "dma200" : 511.46,
    "volume" : 14878.00
  }, {
    "date" : "2025-10-30",
    "price" : 468.25,
    "dma50" : 483.40,
    "dma100" : 497.08,
    "dma200" : 511.03,
    "volume" : 10271.00
  }, {
    "date" : "2025-10-31",
    "price" : 467.50,
    "dma50" : 482.78,
    "dma100" : 496.98,
    "dma200" : 510.59,
    "volume" : 6485.00
  }, {
    "date" : "2025-11-03",
    "price" : 466.40,
    "dma50" : 482.14,
    "dma100" : 496.84,
    "dma200" : 510.15,
    "volume" : 12717.00
  }, {
    "date" : "2025-11-04",
    "price" : 464.85,
    "dma50" : 481.46,
    "dma100" : 496.65,
    "dma200" : 509.70,
    "volume" : 8956.00
  }, {
    "date" : "2025-11-06",
    "price" : 455.05,
    "dma50" : 480.42,
    "dma100" : 496.38,
    "dma200" : 509.16,
    "volume" : 24026.00
  }, {
    "date" : "2025-11-07",
    "price" : 453.30,
    "dma50" : 479.36,
    "dma100" : 496.08,
    "dma200" : 508.60,
    "volume" : 10036.00
  }, {
    "date" : "2025-11-10",
    "price" : 452.50,
    "dma50" : 478.31,
    "dma100" : 495.70,
    "dma200" : 508.04,
    "volume" : 15949.00
  }, {
    "date" : "2025-11-11",
    "price" : 450.70,
    "dma50" : 477.22,
    "dma100" : 495.21,
    "dma200" : 507.47,
    "volume" : 11849.00
  }, {
    "date" : "2025-11-12",
    "price" : 453.05,
    "dma50" : 476.28,
    "dma100" : 494.74,
    "dma200" : 506.93,
    "volume" : 12857.00
  }, {
    "date" : "2025-11-13",
    "price" : 456.35,
    "dma50" : 475.49,
    "dma100" : 494.34,
    "dma200" : 506.43,
    "volume" : 6759.00
  }, {
    "date" : "2025-11-14",
    "price" : 458.80,
    "dma50" : 474.84,
    "dma100" : 493.97,
    "dma200" : 505.96,
    "volume" : 6205.00
  }, {
    "date" : "2025-11-17",
    "price" : 455.75,
    "dma50" : 474.09,
    "dma100" : 493.53,
    "dma200" : 505.46,
    "volume" : 7890.00
  }, {
    "date" : "2025-11-18",
    "price" : 458.65,
    "dma50" : 473.48,
    "dma100" : 493.06,
    "dma200" : 504.99,
    "volume" : 6139.00
  }, {
    "date" : "2025-11-19",
    "price" : 449.50,
    "dma50" : 472.54,
    "dma100" : 492.46,
    "dma200" : 504.44,
    "volume" : 13986.00
  }, {
    "date" : "2025-11-20",
    "price" : 445.85,
    "dma50" : 471.50,
    "dma100" : 491.85,
    "dma200" : 503.85,
    "volume" : 19354.00
  }, {
    "date" : "2025-11-21",
    "price" : 455.65,
    "dma50" : 470.88,
    "dma100" : 491.41,
    "dma200" : 503.38,
    "volume" : 13723.00
  }, {
    "date" : "2025-11-24",
    "price" : 461.40,
    "dma50" : 470.50,
    "dma100" : 490.98,
    "dma200" : 502.96,
    "volume" : 15586.00
  }, {
    "date" : "2025-11-25",
    "price" : 456.45,
    "dma50" : 469.95,
    "dma100" : 490.45,
    "dma200" : 502.49,
    "volume" : 11154.00
  }, {
    "date" : "2025-11-26",
    "price" : 459.85,
    "dma50" : 469.56,
    "dma100" : 489.96,
    "dma200" : 502.07,
    "volume" : 12702.00
  }, {
    "date" : "2025-11-27",
    "price" : 462.35,
    "dma50" : 469.27,
    "dma100" : 489.42,
    "dma200" : 501.68,
    "volume" : 7032.00
  }, {
    "date" : "2025-11-28",
    "price" : 470.15,
    "dma50" : 469.31,
    "dma100" : 488.95,
    "dma200" : 501.36,
    "volume" : 13160.00
  }, {
    "date" : "2025-12-01",
    "price" : 468.40,
    "dma50" : 469.27,
    "dma100" : 488.52,
    "dma200" : 501.03,
    "volume" : 6857.00
  }, {
    "date" : "2025-12-02",
    "price" : 457.50,
    "dma50" : 468.81,
    "dma100" : 487.91,
    "dma200" : 500.60,
    "volume" : 5176.00
  }, {
    "date" : "2025-12-03",
    "price" : 449.10,
    "dma50" : 468.04,
    "dma100" : 487.23,
    "dma200" : 500.09,
    "volume" : 6486.00
  }, {
    "date" : "2025-12-04",
    "price" : 443.55,
    "dma50" : 467.08,
    "dma100" : 486.54,
    "dma200" : 499.53,
    "volume" : 25589.00
  }, {
    "date" : "2025-12-05",
    "price" : 438.95,
    "dma50" : 465.98,
    "dma100" : 485.84,
    "dma200" : 498.92,
    "volume" : 8161.00
  }, {
    "date" : "2025-12-08",
    "price" : 416.55,
    "dma50" : 464.04,
    "dma100" : 484.91,
    "dma200" : 498.10,
    "volume" : 71829.00
  }, {
    "date" : "2025-12-09",
    "price" : 424.15,
    "dma50" : 462.47,
    "dma100" : 484.04,
    "dma200" : 497.37,
    "volume" : 17394.00
  }, {
    "date" : "2025-12-10",
    "price" : 422.50,
    "dma50" : 460.91,
    "dma100" : 483.09,
    "dma200" : 496.62,
    "volume" : 14423.00
  }, {
    "date" : "2025-12-11",
    "price" : 451.20,
    "dma50" : 460.52,
    "dma100" : 482.39,
    "dma200" : 496.17,
    "volume" : 75566.00
  }, {
    "date" : "2025-12-12",
    "price" : 449.55,
    "dma50" : 460.09,
    "dma100" : 481.73,
    "dma200" : 495.71,
    "volume" : 8192.00
  }, {
    "date" : "2025-12-15",
    "price" : 442.65,
    "dma50" : 459.41,
    "dma100" : 480.93,
    "dma200" : 495.18,
    "volume" : 9645.00
  }, {
    "date" : "2025-12-16",
    "price" : 436.25,
    "dma50" : 458.50,
    "dma100" : 479.99,
    "dma200" : 494.59,
    "volume" : 4910.00
  }, {
    "date" : "2025-12-17",
    "price" : 438.50,
    "dma50" : 457.72,
    "dma100" : 479.09,
    "dma200" : 494.03,
    "volume" : 8522.00
  }, {
    "date" : "2025-12-18",
    "price" : 446.15,
    "dma50" : 457.26,
    "dma100" : 478.27,
    "dma200" : 493.56,
    "volume" : 13243.00
  }, {
    "date" : "2025-12-19",
    "price" : 438.70,
    "dma50" : 456.54,
    "dma100" : 477.53,
    "dma200" : 493.01,
    "volume" : 8802.00
  }, {
    "date" : "2025-12-22",
    "price" : 437.65,
    "dma50" : 455.80,
    "dma100" : 476.84,
    "dma200" : 492.46,
    "volume" : 9489.00
  }, {
    "date" : "2025-12-23",
    "price" : 434.85,
    "dma50" : 454.97,
    "dma100" : 476.03,
    "dma200" : 491.89,
    "volume" : 13867.00
  }, {
    "date" : "2025-12-24",
    "price" : 439.90,
    "dma50" : 454.38,
    "dma100" : 475.22,
    "dma200" : 491.37,
    "volume" : 15797.00
  }, {
    "date" : "2025-12-26",
    "price" : 446.10,
    "dma50" : 454.06,
    "dma100" : 474.51,
    "dma200" : 490.92,
    "volume" : 6471.00
  }, {
    "date" : "2025-12-29",
    "price" : 439.00,
    "dma50" : 453.47,
    "dma100" : 473.99,
    "dma200" : 490.40,
    "volume" : 4133.00
  }, {
    "date" : "2025-12-30",
    "price" : 429.85,
    "dma50" : 452.54,
    "dma100" : 473.30,
    "dma200" : 489.80,
    "volume" : 25178.00
  }, {
    "date" : "2025-12-31",
    "price" : 441.05,
    "dma50" : 452.09,
    "dma100" : 472.72,
    "dma200" : 489.32,
    "volume" : 9340.00
  }, {
    "date" : "2026-01-01",
    "price" : 452.55,
    "dma50" : 452.11,
    "dma100" : 472.29,
    "dma200" : 488.95,
    "volume" : 42458.00
  }, {
    "date" : "2026-01-02",
    "price" : 457.45,
    "dma50" : 452.32,
    "dma100" : 471.94,
    "dma200" : 488.64,
    "volume" : 11819.00
  }, {
    "date" : "2026-01-05",
    "price" : 451.50,
    "dma50" : 452.29,
    "dma100" : 471.50,
    "dma200" : 488.27,
    "volume" : 20695.00
  }, {
    "date" : "2026-01-06",
    "price" : 444.80,
    "dma50" : 451.99,
    "dma100" : 471.00,
    "dma200" : 487.83,
    "volume" : 10793.00
  }, {
    "date" : "2026-01-07",
    "price" : 444.70,
    "dma50" : 451.71,
    "dma100" : 470.48,
    "dma200" : 487.41,
    "volume" : 4672.00
  }, {
    "date" : "2026-01-08",
    "price" : 437.90,
    "dma50" : 451.16,
    "dma100" : 469.87,
    "dma200" : 486.91,
    "volume" : 8009.00
  }, {
    "date" : "2026-01-09",
    "price" : 429.20,
    "dma50" : 450.30,
    "dma100" : 469.17,
    "dma200" : 486.34,
    "volume" : 7687.00
  }, {
    "date" : "2026-01-12",
    "price" : 426.20,
    "dma50" : 449.36,
    "dma100" : 468.42,
    "dma200" : 485.74,
    "volume" : 9585.00
  }, {
    "date" : "2026-01-13",
    "price" : 430.75,
    "dma50" : 448.63,
    "dma100" : 467.71,
    "dma200" : 485.19,
    "volume" : 8596.00
  }, {
    "date" : "2026-01-14",
    "price" : 435.80,
    "dma50" : 448.13,
    "dma100" : 467.02,
    "dma200" : 484.70,
    "volume" : 23754.00
  }, {
    "date" : "2026-01-16",
    "price" : 429.65,
    "dma50" : 447.40,
    "dma100" : 466.34,
    "dma200" : 484.15,
    "volume" : 12295.00
  }, {
    "date" : "2026-01-19",
    "price" : 428.70,
    "dma50" : 446.67,
    "dma100" : 465.63,
    "dma200" : 483.60,
    "volume" : 4676.00
  }, {
    "date" : "2026-01-20",
    "price" : 423.20,
    "dma50" : 445.75,
    "dma100" : 464.82,
    "dma200" : 483.00,
    "volume" : 13684.00
  }, {
    "date" : "2026-01-21",
    "price" : 435.90,
    "dma50" : 445.36,
    "dma100" : 464.16,
    "dma200" : 482.53,
    "volume" : 49478.00
  }, {
    "date" : "2026-01-22",
    "price" : 445.65,
    "dma50" : 445.37,
    "dma100" : 463.57,
    "dma200" : 482.17,
    "volume" : 17559.00
  }, {
    "date" : "2026-01-23",
    "price" : 446.70,
    "dma50" : 445.42,
    "dma100" : 463.03,
    "dma200" : 481.81,
    "volume" : 29565.00
  }, {
    "date" : "2026-01-27",
    "price" : 434.45,
    "dma50" : 444.99,
    "dma100" : 462.32,
    "dma200" : 481.34,
    "volume" : 42817.00
  }, {
    "date" : "2026-01-28",
    "price" : 435.70,
    "dma50" : 444.63,
    "dma100" : 461.60,
    "dma200" : 480.89,
    "volume" : 7306.00
  }, {
    "date" : "2026-01-29",
    "price" : 433.35,
    "dma50" : 444.19,
    "dma100" : 460.89,
    "dma200" : 480.41,
    "volume" : 12385.00
  }, {
    "date" : "2026-01-30",
    "price" : 432.65,
    "dma50" : 443.73,
    "dma100" : 460.23,
    "dma200" : 479.94,
    "volume" : 9029.00
  }, {
    "date" : "2026-02-01",
    "price" : 434.80,
    "dma50" : 443.38,
    "dma100" : 459.50,
    "dma200" : 479.49,
    "volume" : 6798.00
  }, {
    "date" : "2026-02-02",
    "price" : 431.85,
    "dma50" : 442.93,
    "dma100" : 458.77,
    "dma200" : 479.02,
    "volume" : 9854.00
  }, {
    "date" : "2026-02-03",
    "price" : 447.05,
    "dma50" : 443.09,
    "dma100" : 458.17,
    "dma200" : 478.70,
    "volume" : 31748.00
  }, {
    "date" : "2026-02-04",
    "price" : 453.95,
    "dma50" : 443.52,
    "dma100" : 457.64,
    "dma200" : 478.45,
    "volume" : 20409.00
  }, {
    "date" : "2026-02-05",
    "price" : 459.10,
    "dma50" : 444.13,
    "dma100" : 457.08,
    "dma200" : 478.26,
    "volume" : 10973.00
  }, {
    "date" : "2026-02-06",
    "price" : 474.15,
    "dma50" : 445.31,
    "dma100" : 456.73,
    "dma200" : 478.22,
    "volume" : 127073.00
  }, {
    "date" : "2026-02-09",
    "price" : 473.00,
    "dma50" : 446.39,
    "dma100" : 456.41,
    "dma200" : 478.17,
    "volume" : 28102.00
  }, {
    "date" : "2026-02-10",
    "price" : 472.40,
    "dma50" : 447.41,
    "dma100" : 456.12,
    "dma200" : 478.11,
    "volume" : 17844.00
  } ],
  "latestTechnicalAttributes" : {
    "date" : "2026-02-10",
    "price" : 472.40,
    "dma50" : 447.41,
    "dma100" : 456.12,
    "dma200" : 478.11,
    "volume" : 17844.00
  },
  "quarterlyResults" : [ {
    "date" : "2005-03-31",
    "sales" : 243.04,
    "salesGrowthYoY" : null,
    "grossProfitMargin" : 18.48,
    "grossProfit" : 44.91,
    "operatingProfitMargin" : 8.71,
    "operatingProfit" : 21.17,
    "netProfitMargin" : 8.48,
    "netProfit" : 20.61
  }, {
    "date" : "2005-06-30",
    "sales" : 241.51,
    "salesGrowthYoY" : null,
    "grossProfitMargin" : 22.09,
    "grossProfit" : 53.35,
    "operatingProfitMargin" : 10.55,
    "operatingProfit" : 25.48,
    "netProfitMargin" : 3.55,
    "netProfit" : 8.57
  }, {
    "date" : "2005-09-30",
    "sales" : 247.27,
    "salesGrowthYoY" : null,
    "grossProfitMargin" : 25.78,
    "grossProfit" : 63.75,
    "operatingProfitMargin" : 13.02,
    "operatingProfit" : 32.19,
    "netProfitMargin" : 5.29,
    "netProfit" : 13.08
  }, {
    "date" : "2005-12-31",
    "sales" : 247.89,
    "salesGrowthYoY" : null,
    "grossProfitMargin" : 13.30,
    "grossProfit" : 32.97,
    "operatingProfitMargin" : 0.75,
    "operatingProfit" : 1.86,
    "netProfitMargin" : -2.76,
    "netProfit" : -6.84
  }, {
    "date" : "2006-03-31",
    "sales" : 254.45,
    "salesGrowthYoY" : 4.69,
    "grossProfitMargin" : 16.38,
    "grossProfit" : 41.68,
    "operatingProfitMargin" : 4.27,
    "operatingProfit" : 10.87,
    "netProfitMargin" : 2.05,
    "netProfit" : 5.22
  }, {
    "date" : "2006-06-30",
    "sales" : 229.01,
    "salesGrowthYoY" : -5.18,
    "grossProfitMargin" : 22.14,
    "grossProfit" : 50.70,
    "operatingProfitMargin" : 9.08,
    "operatingProfit" : 20.79,
    "netProfitMargin" : 2.45,
    "netProfit" : 5.61
  }, {
    "date" : "2006-09-30",
    "sales" : 255.00,
    "salesGrowthYoY" : 3.13,
    "grossProfitMargin" : 23.04,
    "grossProfit" : 58.75,
    "operatingProfitMargin" : 11.11,
    "operatingProfit" : 28.33,
    "netProfitMargin" : 3.06,
    "netProfit" : 7.80
  }, {
    "date" : "2006-12-31",
    "sales" : 252.59,
    "salesGrowthYoY" : 1.90,
    "grossProfitMargin" : 16.73,
    "grossProfit" : 42.26,
    "operatingProfitMargin" : 4.64,
    "operatingProfit" : 11.72,
    "netProfitMargin" : -1.99,
    "netProfit" : -5.03
  }, {
    "date" : "2007-03-31",
    "sales" : 244.13,
    "salesGrowthYoY" : -4.06,
    "grossProfitMargin" : 20.31,
    "grossProfit" : 49.58,
    "operatingProfitMargin" : 7.64,
    "operatingProfit" : 18.65,
    "netProfitMargin" : 0.57,
    "netProfit" : 1.39
  }, {
    "date" : "2007-06-30",
    "sales" : 265.04,
    "salesGrowthYoY" : 15.73,
    "grossProfitMargin" : 19.39,
    "grossProfit" : 51.39,
    "operatingProfitMargin" : 8.94,
    "operatingProfit" : 23.69,
    "netProfitMargin" : 1.27,
    "netProfit" : 3.37
  }, {
    "date" : "2007-09-30",
    "sales" : 288.79,
    "salesGrowthYoY" : 13.25,
    "grossProfitMargin" : 22.46,
    "grossProfit" : 64.86,
    "operatingProfitMargin" : 12.80,
    "operatingProfit" : 36.97,
    "netProfitMargin" : 3.51,
    "netProfit" : 10.14
  }, {
    "date" : "2007-12-31",
    "sales" : 306.89,
    "salesGrowthYoY" : 21.50,
    "grossProfitMargin" : 16.91,
    "grossProfit" : 51.90,
    "operatingProfitMargin" : 7.18,
    "operatingProfit" : 22.03,
    "netProfitMargin" : 0.62,
    "netProfit" : 1.90
  }, {
    "date" : "2008-03-31",
    "sales" : 325.52,
    "salesGrowthYoY" : 33.34,
    "grossProfitMargin" : 18.07,
    "grossProfit" : 58.82,
    "operatingProfitMargin" : 8.41,
    "operatingProfit" : 27.38,
    "netProfitMargin" : -0.27,
    "netProfit" : -0.88
  }, {
    "date" : "2008-06-30",
    "sales" : 344.86,
    "salesGrowthYoY" : 30.12,
    "grossProfitMargin" : 19.60,
    "grossProfit" : 67.59,
    "operatingProfitMargin" : 10.44,
    "operatingProfit" : 36.00,
    "netProfitMargin" : 1.52,
    "netProfit" : 5.24
  }, {
    "date" : "2008-09-30",
    "sales" : 324.89,
    "salesGrowthYoY" : 12.50,
    "grossProfitMargin" : 22.56,
    "grossProfit" : 73.30,
    "operatingProfitMargin" : 12.55,
    "operatingProfit" : 40.77,
    "netProfitMargin" : 1.71,
    "netProfit" : 5.56
  }, {
    "date" : "2008-12-31",
    "sales" : 258.50,
    "salesGrowthYoY" : -15.77,
    "grossProfitMargin" : 19.83,
    "grossProfit" : 51.26,
    "operatingProfitMargin" : 4.38,
    "operatingProfit" : 11.32,
    "netProfitMargin" : -1.55,
    "netProfit" : -4.01
  }, {
    "date" : "2009-03-31",
    "sales" : 249.94,
    "salesGrowthYoY" : -23.22,
    "grossProfitMargin" : 27.94,
    "grossProfit" : 69.83,
    "operatingProfitMargin" : 12.98,
    "operatingProfit" : 32.44,
    "netProfitMargin" : 4.81,
    "netProfit" : 12.02
  }, {
    "date" : "2009-06-30",
    "sales" : 308.01,
    "salesGrowthYoY" : -10.69,
    "grossProfitMargin" : 30.92,
    "grossProfit" : 95.24,
    "operatingProfitMargin" : 20.12,
    "operatingProfit" : 61.97,
    "netProfitMargin" : 9.36,
    "netProfit" : 28.83
  }, {
    "date" : "2009-09-30",
    "sales" : 311.47,
    "salesGrowthYoY" : -4.13,
    "grossProfitMargin" : 33.63,
    "grossProfit" : 104.75,
    "operatingProfitMargin" : 21.77,
    "operatingProfit" : 67.81,
    "netProfitMargin" : 10.69,
    "netProfit" : 33.30
  }, {
    "date" : "2009-12-31",
    "sales" : 311.90,
    "salesGrowthYoY" : 20.66,
    "grossProfitMargin" : 27.38,
    "grossProfit" : 85.40,
    "operatingProfitMargin" : 16.50,
    "operatingProfit" : 51.46,
    "netProfitMargin" : 7.82,
    "netProfit" : 24.39
  }, {
    "date" : "2010-03-31",
    "sales" : 306.19,
    "salesGrowthYoY" : 22.51,
    "grossProfitMargin" : 28.21,
    "grossProfit" : 86.38,
    "operatingProfitMargin" : 14.82,
    "operatingProfit" : 45.38,
    "netProfitMargin" : 5.07,
    "netProfit" : 15.52
  }, {
    "date" : "2010-06-30",
    "sales" : 304.85,
    "salesGrowthYoY" : -1.03,
    "grossProfitMargin" : 23.36,
    "grossProfit" : 71.21,
    "operatingProfitMargin" : 12.21,
    "operatingProfit" : 37.22,
    "netProfitMargin" : 4.79,
    "netProfit" : 14.60
  }, {
    "date" : "2010-09-30",
    "sales" : 325.08,
    "salesGrowthYoY" : 4.37,
    "grossProfitMargin" : 22.75,
    "grossProfit" : 73.96,
    "operatingProfitMargin" : 11.56,
    "operatingProfit" : 37.58,
    "netProfitMargin" : 4.50,
    "netProfit" : 14.63
  }, {
    "date" : "2010-12-31",
    "sales" : 361.73,
    "salesGrowthYoY" : 15.98,
    "grossProfitMargin" : 25.77,
    "grossProfit" : 93.22,
    "operatingProfitMargin" : 15.28,
    "operatingProfit" : 55.27,
    "netProfitMargin" : 8.11,
    "netProfit" : 29.34
  }, {
    "date" : "2011-03-31",
    "sales" : 359.48,
    "salesGrowthYoY" : 17.40,
    "grossProfitMargin" : 24.90,
    "grossProfit" : 89.51,
    "operatingProfitMargin" : 12.41,
    "operatingProfit" : 44.61,
    "netProfitMargin" : 5.79,
    "netProfit" : 20.81
  }, {
    "date" : "2011-06-30",
    "sales" : 404.42,
    "salesGrowthYoY" : 32.66,
    "grossProfitMargin" : 17.57,
    "grossProfit" : 71.06,
    "operatingProfitMargin" : 6.62,
    "operatingProfit" : 26.77,
    "netProfitMargin" : 2.09,
    "netProfit" : 8.45
  }, {
    "date" : "2011-09-30",
    "sales" : 427.14,
    "salesGrowthYoY" : 31.40,
    "grossProfitMargin" : 16.96,
    "grossProfit" : 72.44,
    "operatingProfitMargin" : 5.95,
    "operatingProfit" : 25.41,
    "netProfitMargin" : 0.74,
    "netProfit" : 3.16
  }, {
    "date" : "2011-12-31",
    "sales" : 415.62,
    "salesGrowthYoY" : 14.90,
    "grossProfitMargin" : 12.29,
    "grossProfit" : 51.08,
    "operatingProfitMargin" : 2.10,
    "operatingProfit" : 8.73,
    "netProfitMargin" : -2.52,
    "netProfit" : -10.47
  }, {
    "date" : "2012-03-31",
    "sales" : 402.33,
    "salesGrowthYoY" : 11.92,
    "grossProfitMargin" : 14.99,
    "grossProfit" : 60.31,
    "operatingProfitMargin" : 5.06,
    "operatingProfit" : 20.36,
    "netProfitMargin" : 1.90,
    "netProfit" : 7.64
  }, {
    "date" : "2012-06-30",
    "sales" : 421.74,
    "salesGrowthYoY" : 4.28,
    "grossProfitMargin" : 15.53,
    "grossProfit" : 65.50,
    "operatingProfitMargin" : 6.59,
    "operatingProfit" : 27.79,
    "netProfitMargin" : 0.64,
    "netProfit" : 2.70
  }, {
    "date" : "2012-09-30",
    "sales" : 387.52,
    "salesGrowthYoY" : -9.28,
    "grossProfitMargin" : 19.19,
    "grossProfit" : 74.37,
    "operatingProfitMargin" : 8.99,
    "operatingProfit" : 34.84,
    "netProfitMargin" : 2.36,
    "netProfit" : 9.15
  }, {
    "date" : "2012-12-31",
    "sales" : 379.43,
    "salesGrowthYoY" : -8.71,
    "grossProfitMargin" : 19.07,
    "grossProfit" : 72.36,
    "operatingProfitMargin" : 9.77,
    "operatingProfit" : 37.07,
    "netProfitMargin" : 2.65,
    "netProfit" : 10.05
  }, {
    "date" : "2013-03-31",
    "sales" : 363.48,
    "salesGrowthYoY" : -9.66,
    "grossProfitMargin" : 19.73,
    "grossProfit" : 71.71,
    "operatingProfitMargin" : 9.91,
    "operatingProfit" : 36.02,
    "netProfitMargin" : 2.93,
    "netProfit" : 10.65
  }, {
    "date" : "2013-06-30",
    "sales" : 406.47,
    "salesGrowthYoY" : -3.62,
    "grossProfitMargin" : 20.28,
    "grossProfit" : 82.43,
    "operatingProfitMargin" : 10.81,
    "operatingProfit" : 43.94,
    "netProfitMargin" : 3.74,
    "netProfit" : 15.20
  }, {
    "date" : "2013-09-30",
    "sales" : 391.26,
    "salesGrowthYoY" : 0.97,
    "grossProfitMargin" : 23.33,
    "grossProfit" : 91.28,
    "operatingProfitMargin" : 14.20,
    "operatingProfit" : 55.56,
    "netProfitMargin" : 5.88,
    "netProfit" : 23.01
  }, {
    "date" : "2013-12-31",
    "sales" : 345.16,
    "salesGrowthYoY" : -9.03,
    "grossProfitMargin" : 23.79,
    "grossProfit" : 82.11,
    "operatingProfitMargin" : 12.37,
    "operatingProfit" : 42.70,
    "netProfitMargin" : 4.26,
    "netProfit" : 14.70
  }, {
    "date" : "2014-03-31",
    "sales" : 323.90,
    "salesGrowthYoY" : -10.89,
    "grossProfitMargin" : 25.87,
    "grossProfit" : 83.79,
    "operatingProfitMargin" : 11.66,
    "operatingProfit" : 37.77,
    "netProfitMargin" : 3.53,
    "netProfit" : 11.43
  }, {
    "date" : "2014-06-30",
    "sales" : 304.84,
    "salesGrowthYoY" : -25.00,
    "grossProfitMargin" : 24.38,
    "grossProfit" : 74.32,
    "operatingProfitMargin" : 10.47,
    "operatingProfit" : 31.92,
    "netProfitMargin" : 2.84,
    "netProfit" : 8.66
  }, {
    "date" : "2014-09-30",
    "sales" : 312.17,
    "salesGrowthYoY" : -20.21,
    "grossProfitMargin" : 24.58,
    "grossProfit" : 76.73,
    "operatingProfitMargin" : 11.15,
    "operatingProfit" : 34.81,
    "netProfitMargin" : 4.01,
    "netProfit" : 12.52
  }, {
    "date" : "2014-12-31",
    "sales" : 292.71,
    "salesGrowthYoY" : -15.20,
    "grossProfitMargin" : 25.17,
    "grossProfit" : 73.68,
    "operatingProfitMargin" : 10.80,
    "operatingProfit" : 31.61,
    "netProfitMargin" : 4.77,
    "netProfit" : 13.96
  }, {
    "date" : "2015-03-31",
    "sales" : 308.81,
    "salesGrowthYoY" : -4.66,
    "grossProfitMargin" : 21.22,
    "grossProfit" : 65.53,
    "operatingProfitMargin" : 5.61,
    "operatingProfit" : 17.32,
    "netProfitMargin" : 0.46,
    "netProfit" : 1.42
  }, {
    "date" : "2015-06-30",
    "sales" : 303.29,
    "salesGrowthYoY" : -0.51,
    "grossProfitMargin" : 27.87,
    "grossProfit" : 84.53,
    "operatingProfitMargin" : 12.88,
    "operatingProfit" : 39.06,
    "netProfitMargin" : 5.93,
    "netProfit" : 17.99
  }, {
    "date" : "2015-09-30",
    "sales" : 290.95,
    "salesGrowthYoY" : -6.80,
    "grossProfitMargin" : 22.54,
    "grossProfit" : 65.58,
    "operatingProfitMargin" : 9.48,
    "operatingProfit" : 27.58,
    "netProfitMargin" : 3.93,
    "netProfit" : 11.43
  }, {
    "date" : "2015-12-31",
    "sales" : 268.98,
    "salesGrowthYoY" : -8.11,
    "grossProfitMargin" : 27.07,
    "grossProfit" : 72.81,
    "operatingProfitMargin" : 12.38,
    "operatingProfit" : 33.30,
    "netProfitMargin" : 5.54,
    "netProfit" : 14.90
  }, {
    "date" : "2016-03-31",
    "sales" : 283.11,
    "salesGrowthYoY" : -8.32,
    "grossProfitMargin" : 29.79,
    "grossProfit" : 84.34,
    "operatingProfitMargin" : 14.89,
    "operatingProfit" : 42.16,
    "netProfitMargin" : 6.98,
    "netProfit" : 19.76
  }, {
    "date" : "2016-06-30",
    "sales" : 263.47,
    "salesGrowthYoY" : -13.13,
    "grossProfitMargin" : 32.19,
    "grossProfit" : 84.81,
    "operatingProfitMargin" : 16.75,
    "operatingProfit" : 44.13,
    "netProfitMargin" : 8.54,
    "netProfit" : 22.50
  }, {
    "date" : "2016-09-30",
    "sales" : 283.17,
    "salesGrowthYoY" : -2.67,
    "grossProfitMargin" : 28.59,
    "grossProfit" : 80.96,
    "operatingProfitMargin" : 13.61,
    "operatingProfit" : 38.54,
    "netProfitMargin" : 6.71,
    "netProfit" : 19.00
  }, {
    "date" : "2016-12-31",
    "sales" : 281.16,
    "salesGrowthYoY" : 4.53,
    "grossProfitMargin" : 29.82,
    "grossProfit" : 83.84,
    "operatingProfitMargin" : 15.85,
    "operatingProfit" : 44.56,
    "netProfitMargin" : 9.30,
    "netProfit" : 26.15
  }, {
    "date" : "2017-03-31",
    "sales" : 357.51,
    "salesGrowthYoY" : 26.28,
    "grossProfitMargin" : 29.70,
    "grossProfit" : 106.18,
    "operatingProfitMargin" : 15.26,
    "operatingProfit" : 54.56,
    "netProfitMargin" : 7.99,
    "netProfit" : 28.57
  }, {
    "date" : "2017-06-30",
    "sales" : 337.47,
    "salesGrowthYoY" : 28.09,
    "grossProfitMargin" : 17.13,
    "grossProfit" : 57.81,
    "operatingProfitMargin" : 4.11,
    "operatingProfit" : 13.87,
    "netProfitMargin" : 1.81,
    "netProfit" : 6.11
  }, {
    "date" : "2017-09-30",
    "sales" : 306.22,
    "salesGrowthYoY" : 8.14,
    "grossProfitMargin" : 18.24,
    "grossProfit" : 55.85,
    "operatingProfitMargin" : 3.25,
    "operatingProfit" : 9.95,
    "netProfitMargin" : 0.61,
    "netProfit" : 1.87
  }, {
    "date" : "2017-12-31",
    "sales" : 362.62,
    "salesGrowthYoY" : 28.97,
    "grossProfitMargin" : 27.90,
    "grossProfit" : 101.17,
    "operatingProfitMargin" : 14.62,
    "operatingProfit" : 53.02,
    "netProfitMargin" : 7.90,
    "netProfit" : 28.65
  }, {
    "date" : "2018-03-31",
    "sales" : 410.17,
    "salesGrowthYoY" : 14.73,
    "grossProfitMargin" : 24.05,
    "grossProfit" : 98.65,
    "operatingProfitMargin" : 8.50,
    "operatingProfit" : 34.86,
    "netProfitMargin" : 4.19,
    "netProfit" : 17.19
  }, {
    "date" : "2018-06-30",
    "sales" : 405.87,
    "salesGrowthYoY" : 20.27,
    "grossProfitMargin" : 25.75,
    "grossProfit" : 104.51,
    "operatingProfitMargin" : 11.09,
    "operatingProfit" : 45.01,
    "netProfitMargin" : 5.53,
    "netProfit" : 22.44
  }, {
    "date" : "2018-09-30",
    "sales" : 479.08,
    "salesGrowthYoY" : 56.45,
    "grossProfitMargin" : 22.12,
    "grossProfit" : 105.97,
    "operatingProfitMargin" : 9.15,
    "operatingProfit" : 43.84,
    "netProfitMargin" : 4.85,
    "netProfit" : 23.24
  }, {
    "date" : "2018-12-31",
    "sales" : 471.86,
    "salesGrowthYoY" : 30.13,
    "grossProfitMargin" : 21.00,
    "grossProfit" : 99.09,
    "operatingProfitMargin" : 7.91,
    "operatingProfit" : 37.32,
    "netProfitMargin" : 4.91,
    "netProfit" : 23.17
  }, {
    "date" : "2019-03-31",
    "sales" : 434.57,
    "salesGrowthYoY" : 5.95,
    "grossProfitMargin" : 21.52,
    "grossProfit" : 93.52,
    "operatingProfitMargin" : 5.60,
    "operatingProfit" : 24.34,
    "netProfitMargin" : 2.43,
    "netProfit" : 10.56
  }, {
    "date" : "2019-06-30",
    "sales" : 375.24,
    "salesGrowthYoY" : -7.55,
    "grossProfitMargin" : 25.46,
    "grossProfit" : 95.54,
    "operatingProfitMargin" : 9.68,
    "operatingProfit" : 36.32,
    "netProfitMargin" : 4.92,
    "netProfit" : 18.46
  }, {
    "date" : "2019-09-30",
    "sales" : 334.41,
    "salesGrowthYoY" : -30.20,
    "grossProfitMargin" : 24.07,
    "grossProfit" : 80.49,
    "operatingProfitMargin" : 3.79,
    "operatingProfit" : 12.67,
    "netProfitMargin" : 13.76,
    "netProfit" : 46.01
  }, {
    "date" : "2019-12-31",
    "sales" : 369.56,
    "salesGrowthYoY" : -21.68,
    "grossProfitMargin" : 21.82,
    "grossProfit" : 80.64,
    "operatingProfitMargin" : 5.17,
    "operatingProfit" : 19.11,
    "netProfitMargin" : 2.48,
    "netProfit" : 9.17
  }, {
    "date" : "2020-03-31",
    "sales" : 344.27,
    "salesGrowthYoY" : -20.78,
    "grossProfitMargin" : 27.50,
    "grossProfit" : 94.67,
    "operatingProfitMargin" : 7.29,
    "operatingProfit" : 25.10,
    "netProfitMargin" : 6.36,
    "netProfit" : 21.90
  }, {
    "date" : "2020-06-30",
    "sales" : 102.42,
    "salesGrowthYoY" : -72.71,
    "grossProfitMargin" : 7.32,
    "grossProfit" : 7.50,
    "operatingProfitMargin" : -30.23,
    "operatingProfit" : -30.96,
    "netProfitMargin" : -24.31,
    "netProfit" : -24.90
  }, {
    "date" : "2020-09-30",
    "sales" : 275.48,
    "salesGrowthYoY" : -17.62,
    "grossProfitMargin" : 27.23,
    "grossProfit" : 75.01,
    "operatingProfitMargin" : 7.80,
    "operatingProfit" : 21.49,
    "netProfitMargin" : 5.37,
    "netProfit" : 14.79
  }, {
    "date" : "2020-12-31",
    "sales" : 398.35,
    "salesGrowthYoY" : 7.79,
    "grossProfitMargin" : 33.13,
    "grossProfit" : 131.97,
    "operatingProfitMargin" : 14.54,
    "operatingProfit" : 57.92,
    "netProfitMargin" : 9.47,
    "netProfit" : 37.72
  }, {
    "date" : "2021-03-31",
    "sales" : 445.06,
    "salesGrowthYoY" : 29.28,
    "grossProfitMargin" : 32.52,
    "grossProfit" : 144.73,
    "operatingProfitMargin" : 15.82,
    "operatingProfit" : 70.41,
    "netProfitMargin" : 10.91,
    "netProfit" : 48.56
  }, {
    "date" : "2021-06-30",
    "sales" : 423.28,
    "salesGrowthYoY" : 313.28,
    "grossProfitMargin" : 29.82,
    "grossProfit" : 126.22,
    "operatingProfitMargin" : 14.50,
    "operatingProfit" : 61.38,
    "netProfitMargin" : 10.05,
    "netProfit" : 42.54
  }, {
    "date" : "2021-09-30",
    "sales" : 538.64,
    "salesGrowthYoY" : 95.53,
    "grossProfitMargin" : 24.70,
    "grossProfit" : 133.04,
    "operatingProfitMargin" : 10.96,
    "operatingProfit" : 59.03,
    "netProfitMargin" : 7.68,
    "netProfit" : 41.37
  }, {
    "date" : "2021-12-31",
    "sales" : 563.42,
    "salesGrowthYoY" : 41.44,
    "grossProfitMargin" : 27.37,
    "grossProfit" : 154.21,
    "operatingProfitMargin" : 13.43,
    "operatingProfit" : 75.67,
    "netProfitMargin" : 8.98,
    "netProfit" : 50.60
  }, {
    "date" : "2022-03-31",
    "sales" : 572.41,
    "salesGrowthYoY" : 28.61,
    "grossProfitMargin" : 26.10,
    "grossProfit" : 149.40,
    "operatingProfitMargin" : 11.89,
    "operatingProfit" : 68.06,
    "netProfitMargin" : 8.67,
    "netProfit" : 49.63
  }, {
    "date" : "2022-06-30",
    "sales" : 567.79,
    "salesGrowthYoY" : 34.14,
    "grossProfitMargin" : 23.85,
    "grossProfit" : 135.42,
    "operatingProfitMargin" : 10.78,
    "operatingProfit" : 61.21,
    "netProfitMargin" : 7.10,
    "netProfit" : 40.31
  }, {
    "date" : "2022-09-30",
    "sales" : 563.39,
    "salesGrowthYoY" : 4.59,
    "grossProfitMargin" : 19.78,
    "grossProfit" : 111.44,
    "operatingProfitMargin" : 6.71,
    "operatingProfit" : 37.80,
    "netProfitMargin" : 4.55,
    "netProfit" : 25.63
  }, {
    "date" : "2022-12-31",
    "sales" : 468.25,
    "salesGrowthYoY" : -16.89,
    "grossProfitMargin" : 19.36,
    "grossProfit" : 90.65,
    "operatingProfitMargin" : 4.41,
    "operatingProfit" : 20.65,
    "netProfitMargin" : 2.13,
    "netProfit" : 9.97
  }, {
    "date" : "2023-03-31",
    "sales" : 472.62,
    "salesGrowthYoY" : -17.43,
    "grossProfitMargin" : 21.65,
    "grossProfit" : 102.32,
    "operatingProfitMargin" : 4.79,
    "operatingProfit" : 22.64,
    "netProfitMargin" : 3.07,
    "netProfit" : 14.51
  }, {
    "date" : "2023-06-30",
    "sales" : 428.50,
    "salesGrowthYoY" : -24.53,
    "grossProfitMargin" : 21.96,
    "grossProfit" : 94.10,
    "operatingProfitMargin" : 4.99,
    "operatingProfit" : 21.38,
    "netProfitMargin" : 3.20,
    "netProfit" : 13.71
  }, {
    "date" : "2023-09-30",
    "sales" : 396.40,
    "salesGrowthYoY" : -29.64,
    "grossProfitMargin" : 20.18,
    "grossProfit" : 79.99,
    "operatingProfitMargin" : 2.36,
    "operatingProfit" : 9.36,
    "netProfitMargin" : 1.14,
    "netProfit" : 4.52
  }, {
    "date" : "2023-12-31",
    "sales" : 450.57,
    "salesGrowthYoY" : -3.78,
    "grossProfitMargin" : 19.76,
    "grossProfit" : 89.03,
    "operatingProfitMargin" : 4.06,
    "operatingProfit" : 18.29,
    "netProfitMargin" : 1.65,
    "netProfit" : 7.43
  }, {
    "date" : "2024-03-31",
    "sales" : 468.68,
    "salesGrowthYoY" : -0.83,
    "grossProfitMargin" : 25.56,
    "grossProfit" : 119.79,
    "operatingProfitMargin" : 7.21,
    "operatingProfit" : 33.79,
    "netProfitMargin" : 4.32,
    "netProfit" : 20.25
  }, {
    "date" : "2024-06-30",
    "sales" : 528.02,
    "salesGrowthYoY" : 23.23,
    "grossProfitMargin" : 22.87,
    "grossProfit" : 120.76,
    "operatingProfitMargin" : 7.76,
    "operatingProfit" : 40.97,
    "netProfitMargin" : 4.60,
    "netProfit" : 24.29
  }, {
    "date" : "2024-09-30",
    "sales" : 536.27,
    "salesGrowthYoY" : 35.29,
    "grossProfitMargin" : 22.72,
    "grossProfit" : 121.84,
    "operatingProfitMargin" : 7.07,
    "operatingProfit" : 37.91,
    "netProfitMargin" : 4.02,
    "netProfit" : 21.56
  }, {
    "date" : "2024-12-31",
    "sales" : 493.40,
    "salesGrowthYoY" : 9.51,
    "grossProfitMargin" : 21.51,
    "grossProfit" : 106.13,
    "operatingProfitMargin" : 5.49,
    "operatingProfit" : 27.09,
    "netProfitMargin" : 2.91,
    "netProfit" : 14.36
  }, {
    "date" : "2025-03-31",
    "sales" : 444.00,
    "salesGrowthYoY" : -5.27,
    "grossProfitMargin" : 24.06,
    "grossProfit" : 106.83,
    "operatingProfitMargin" : 1.98,
    "operatingProfit" : 8.79,
    "netProfitMargin" : 1.56,
    "netProfit" : 6.93
  }, {
    "date" : "2025-06-30",
    "sales" : 401.53,
    "salesGrowthYoY" : -23.96,
    "grossProfitMargin" : 23.42,
    "grossProfit" : 94.04,
    "operatingProfitMargin" : 4.95,
    "operatingProfit" : 19.88,
    "netProfitMargin" : 3.82,
    "netProfit" : 15.34
  }, {
    "date" : "2025-09-30",
    "sales" : 408.70,
    "salesGrowthYoY" : -23.79,
    "grossProfitMargin" : 27.85,
    "grossProfit" : 113.82,
    "operatingProfitMargin" : 7.74,
    "operatingProfit" : 31.63,
    "netProfitMargin" : 5.52,
    "netProfit" : 22.56
  }, {
    "date" : "2025-12-31",
    "sales" : 411.65,
    "salesGrowthYoY" : -16.57,
    "grossProfitMargin" : 30.03,
    "grossProfit" : 123.62,
    "operatingProfitMargin" : 9.92,
    "operatingProfit" : 40.84,
    "netProfitMargin" : 6.47,
    "netProfit" : 26.63
  } ],
  "latestQuarterlyResult" : {
    "date" : "2025-12-31",
    "sales" : 411.65,
    "salesGrowthYoY" : -16.57,
    "grossProfitMargin" : 30.03,
    "grossProfit" : 123.62,
    "operatingProfitMargin" : 9.92,
    "operatingProfit" : 40.84,
    "netProfitMargin" : 6.47,
    "netProfit" : 26.63
  },
  "companyScore" : {
    "priceHigherThanDma50" : 5.00,
    "priceHigherThanDma100" : 5.00,
    "priceHigherThanDma200" : 0.00,
    "dma50HigherThanDma100" : 0.00,
    "dma50HigherThanDma200" : 0.00,
    "dma100HigherThanDma200" : 0.00,
    "pricePercentageAboveDma50" : 4.72,
    "pricePercentageAboveDma100" : 4.82,
    "pricePercentageAboveDma200" : 5.06,
    "weeklyVolumeHigherThanYearlyVolume" : 5.00,
    "salesGrowthPercentile" : 3.75,
    "operatingProfitMarginPercentile" : 15.44,
    "netProfitMarginPercentile" : 8.09,
    "totalTechnicalScore" : 29.60,
    "totalFundamentalScore" : 27.28,
    "totalScore" : 56.88
  }
}