{
  "metadata" : {
    "screenerCompanyId" : "739",
    "companyCode" : "CGPOWER",
    "companyName" : "CG Power & Ind",
    "screenerCompanyLink" : "https://www.screener.in/company/CGPOWER/consolidated/",
    "screenerTechnicalHistoryLink" : "https://www.screener.in/api/company/739/chart/?q=Price-DMA50-DMA200-Volume&days=365",
    "screenerQuarterlyResultsLink" : "https://www.screener.in/api/company/739/chart/?q=GPM-OPM-NPM-Quarter+Sales&days=10000",
    "attributes" : {
      "companyCode" : "CGPOWER",
      "companyName" : "CG Power & Ind",
      "marketCap" : 105946.00,
      "peRatio" : 99.20,
      "description" : "CG Power & Industrial Solutions is a global enterprise providing end-to-end solutions to utilities, industries and consumers for the management and application of efficient and sustainable electrical energy. It offers products, services and solutions in two main business segments, viz. Power Systems and Industrial Systems."
    },
    "companyScore" : {
      "priceHigherThanDma50" : 0.00,
      "priceHigherThanDma100" : 0.00,
      "priceHigherThanDma200" : 0.00,
      "dma50HigherThanDma100" : 0.00,
      "dma50HigherThanDma200" : 5.00,
      "dma100HigherThanDma200" : 5.00,
      "pricePercentageAboveDma50" : 5.21,
      "pricePercentageAboveDma100" : 5.29,
      "pricePercentageAboveDma200" : 5.15,
      "weeklyVolumeHigherThanYearlyVolume" : 0.00,
      "salesGrowthPercentile" : 12.41,
      "operatingProfitMarginPercentile" : 18.71,
      "netProfitMarginPercentile" : 8.92,
      "totalTechnicalScore" : 25.64,
      "totalFundamentalScore" : 40.03,
      "totalScore" : 65.68
    }
  },
  "attributes" : {
    "companyCode" : "CGPOWER",
    "companyName" : "CG Power & Ind",
    "marketCap" : 105946.00,
    "peRatio" : 99.20,
    "description" : "CG Power & Industrial Solutions is a global enterprise providing end-to-end solutions to utilities, industries and consumers for the management and application of efficient and sustainable electrical energy. It offers products, services and solutions in two main business segments, viz. Power Systems and Industrial Systems."
  },
  "technicalHistory" : [ {
    "date" : "2024-12-17",
    "price" : 770.80,
    "dma50" : 750.15,
    "dma100" : null,
    "dma200" : 669.25,
    "volume" : 2214034.00
  }, {
    "date" : "2024-12-18",
    "price" : 766.80,
    "dma50" : 750.80,
    "dma100" : null,
    "dma200" : 670.22,
    "volume" : 2100349.00
  }, {
    "date" : "2024-12-19",
    "price" : 764.65,
    "dma50" : 751.34,
    "dma100" : null,
    "dma200" : 671.16,
    "volume" : 1546438.00
  }, {
    "date" : "2024-12-20",
    "price" : 730.05,
    "dma50" : 750.51,
    "dma100" : null,
    "dma200" : 671.75,
    "volume" : 2678886.00
  }, {
    "date" : "2024-12-23",
    "price" : 727.60,
    "dma50" : 749.61,
    "dma100" : null,
    "dma200" : 672.30,
    "volume" : 1545914.00
  }, {
    "date" : "2024-12-24",
    "price" : 713.70,
    "dma50" : 748.20,
    "dma100" : null,
    "dma200" : 672.72,
    "volume" : 1731520.00
  }, {
    "date" : "2024-12-26",
    "price" : 743.75,
    "dma50" : 748.03,
    "dma100" : null,
    "dma200" : 673.42,
    "volume" : 4939177.00
  }, {
    "date" : "2024-12-27",
    "price" : 748.25,
    "dma50" : 748.04,
    "dma100" : null,
    "dma200" : 674.17,
    "volume" : 1755789.00
  }, {
    "date" : "2024-12-30",
    "price" : 735.85,
    "dma50" : 747.56,
    "dma100" : null,
    "dma200" : 674.78,
    "volume" : 2065368.00
  }, {
    "date" : "2024-12-31",
    "price" : 728.00,
    "dma50" : 746.79,
    "dma100" : null,
    "dma200" : 675.31,
    "volume" : 2258043.00
  }, {
    "date" : "2025-01-01",
    "price" : 741.00,
    "dma50" : 746.57,
    "dma100" : null,
    "dma200" : 675.96,
    "volume" : 1184073.00
  }, {
    "date" : "2025-01-02",
    "price" : 748.00,
    "dma50" : 746.62,
    "dma100" : null,
    "dma200" : 676.68,
    "volume" : 1544753.00
  }, {
    "date" : "2025-01-03",
    "price" : 736.75,
    "dma50" : 746.23,
    "dma100" : null,
    "dma200" : 677.28,
    "volume" : 1174303.00
  }, {
    "date" : "2025-01-06",
    "price" : 714.30,
    "dma50" : 744.98,
    "dma100" : null,
    "dma200" : 677.65,
    "volume" : 1864532.00
  }, {
    "date" : "2025-01-07",
    "price" : 718.00,
    "dma50" : 743.92,
    "dma100" : null,
    "dma200" : 678.05,
    "volume" : 1359004.00
  }, {
    "date" : "2025-01-08",
    "price" : 694.60,
    "dma50" : 741.99,
    "dma100" : null,
    "dma200" : 678.21,
    "volume" : 3392106.00
  }, {
    "date" : "2025-01-09",
    "price" : 678.15,
    "dma50" : 739.49,
    "dma100" : null,
    "dma200" : 678.21,
    "volume" : 1442957.00
  }, {
    "date" : "2025-01-10",
    "price" : 650.20,
    "dma50" : 735.98,
    "dma100" : null,
    "dma200" : 677.93,
    "volume" : 2270771.00
  }, {
    "date" : "2025-01-13",
    "price" : 615.10,
    "dma50" : 731.24,
    "dma100" : null,
    "dma200" : 677.31,
    "volume" : 8021399.00
  }, {
    "date" : "2025-01-14",
    "price" : 640.15,
    "dma50" : 727.67,
    "dma100" : null,
    "dma200" : 676.94,
    "volume" : 7914882.00
  }, {
    "date" : "2025-01-15",
    "price" : 610.30,
    "dma50" : 723.07,
    "dma100" : null,
    "dma200" : 676.28,
    "volume" : 5368509.00
  }, {
    "date" : "2025-01-16",
    "price" : 627.00,
    "dma50" : 719.30,
    "dma100" : null,
    "dma200" : 675.79,
    "volume" : 4350082.00
  }, {
    "date" : "2025-01-17",
    "price" : 649.15,
    "dma50" : 716.55,
    "dma100" : null,
    "dma200" : 675.52,
    "volume" : 3858268.00
  }, {
    "date" : "2025-01-20",
    "price" : 684.00,
    "dma50" : 715.27,
    "dma100" : null,
    "dma200" : 675.61,
    "volume" : 4506028.00
  }, {
    "date" : "2025-01-21",
    "price" : 658.05,
    "dma50" : 713.03,
    "dma100" : null,
    "dma200" : 675.43,
    "volume" : 2978674.00
  }, {
    "date" : "2025-01-22",
    "price" : 637.25,
    "dma50" : 710.06,
    "dma100" : null,
    "dma200" : 675.05,
    "volume" : 9381491.00
  }, {
    "date" : "2025-01-23",
    "price" : 627.90,
    "dma50" : 706.84,
    "dma100" : null,
    "dma200" : 674.58,
    "volume" : 2857010.00
  }, {
    "date" : "2025-01-24",
    "price" : 620.55,
    "dma50" : 703.45,
    "dma100" : null,
    "dma200" : 674.04,
    "volume" : 3147665.00
  }, {
    "date" : "2025-01-27",
    "price" : 595.45,
    "dma50" : 699.22,
    "dma100" : null,
    "dma200" : 673.26,
    "volume" : 4776121.00
  }, {
    "date" : "2025-01-28",
    "price" : 574.95,
    "dma50" : 694.34,
    "dma100" : null,
    "dma200" : 672.28,
    "volume" : 23894209.00
  }, {
    "date" : "2025-01-29",
    "price" : 625.75,
    "dma50" : 691.65,
    "dma100" : null,
    "dma200" : 671.82,
    "volume" : 11734712.00
  }, {
    "date" : "2025-01-30",
    "price" : 620.60,
    "dma50" : 688.87,
    "dma100" : null,
    "dma200" : 671.31,
    "volume" : 3567932.00
  }, {
    "date" : "2025-01-31",
    "price" : 634.85,
    "dma50" : 686.75,
    "dma100" : null,
    "dma200" : 670.95,
    "volume" : 2615443.00
  }, {
    "date" : "2025-02-01",
    "price" : 612.00,
    "dma50" : 683.82,
    "dma100" : null,
    "dma200" : 670.36,
    "volume" : 2808301.00
  }, {
    "date" : "2025-02-03",
    "price" : 585.50,
    "dma50" : 679.96,
    "dma100" : null,
    "dma200" : 669.52,
    "volume" : 4788568.00
  }, {
    "date" : "2025-02-04",
    "price" : 603.85,
    "dma50" : 676.98,
    "dma100" : null,
    "dma200" : 668.86,
    "volume" : 3877971.00
  }, {
    "date" : "2025-02-05",
    "price" : 629.60,
    "dma50" : 675.12,
    "dma100" : null,
    "dma200" : 668.47,
    "volume" : 3368381.00
  }, {
    "date" : "2025-02-06",
    "price" : 614.65,
    "dma50" : 672.75,
    "dma100" : null,
    "dma200" : 667.94,
    "volume" : 1625596.00
  }, {
    "date" : "2025-02-07",
    "price" : 617.45,
    "dma50" : 670.58,
    "dma100" : null,
    "dma200" : 667.44,
    "volume" : 1468443.00
  }, {
    "date" : "2025-02-10",
    "price" : 592.00,
    "dma50" : 667.50,
    "dma100" : null,
    "dma200" : 666.68,
    "volume" : 4262909.00
  }, {
    "date" : "2025-02-11",
    "price" : 588.00,
    "dma50" : 664.38,
    "dma100" : null,
    "dma200" : 665.90,
    "volume" : 3290366.00
  }, {
    "date" : "2025-02-12",
    "price" : 576.75,
    "dma50" : 660.94,
    "dma100" : null,
    "dma200" : 665.01,
    "volume" : 3010024.00
  }, {
    "date" : "2025-02-13",
    "price" : 579.50,
    "dma50" : 657.75,
    "dma100" : null,
    "dma200" : 664.16,
    "volume" : 1767309.00
  }, {
    "date" : "2025-02-14",
    "price" : 552.35,
    "dma50" : 653.62,
    "dma100" : null,
    "dma200" : 663.05,
    "volume" : 3508584.00
  }, {
    "date" : "2025-02-17",
    "price" : 583.00,
    "dma50" : 650.85,
    "dma100" : null,
    "dma200" : 662.25,
    "volume" : 4973137.00
  }, {
    "date" : "2025-02-18",
    "price" : 578.75,
    "dma50" : 648.02,
    "dma100" : null,
    "dma200" : 661.42,
    "volume" : 2276828.00
  }, {
    "date" : "2025-02-19",
    "price" : 584.20,
    "dma50" : 645.52,
    "dma100" : null,
    "dma200" : 660.66,
    "volume" : 2013137.00
  }, {
    "date" : "2025-02-20",
    "price" : 595.80,
    "dma50" : 643.57,
    "dma100" : null,
    "dma200" : 660.01,
    "volume" : 2133187.00
  }, {
    "date" : "2025-02-21",
    "price" : 589.95,
    "dma50" : 641.47,
    "dma100" : null,
    "dma200" : 659.31,
    "volume" : 1768705.00
  }, {
    "date" : "2025-02-24",
    "price" : 602.50,
    "dma50" : 639.94,
    "dma100" : null,
    "dma200" : 658.75,
    "volume" : 3206048.00
  }, {
    "date" : "2025-02-25",
    "price" : 598.50,
    "dma50" : 638.31,
    "dma100" : null,
    "dma200" : 658.15,
    "volume" : 3718818.00
  }, {
    "date" : "2025-02-27",
    "price" : 580.35,
    "dma50" : 636.04,
    "dma100" : null,
    "dma200" : 657.37,
    "volume" : 10257433.00
  }, {
    "date" : "2025-02-28",
    "price" : 572.60,
    "dma50" : 633.55,
    "dma100" : null,
    "dma200" : 656.53,
    "volume" : 8925028.00
  }, {
    "date" : "2025-03-03",
    "price" : 586.70,
    "dma50" : 631.71,
    "dma100" : null,
    "dma200" : 655.84,
    "volume" : 8240199.00
  }, {
    "date" : "2025-03-04",
    "price" : 603.30,
    "dma50" : 630.60,
    "dma100" : null,
    "dma200" : 655.31,
    "volume" : 3282143.00
  }, {
    "date" : "2025-03-05",
    "price" : 612.90,
    "dma50" : 629.91,
    "dma100" : null,
    "dma200" : 654.89,
    "volume" : 2860183.00
  }, {
    "date" : "2025-03-06",
    "price" : 628.10,
    "dma50" : 629.83,
    "dma100" : null,
    "dma200" : 654.62,
    "volume" : 3461215.00
  }, {
    "date" : "2025-03-07",
    "price" : 630.05,
    "dma50" : 629.84,
    "dma100" : null,
    "dma200" : 654.38,
    "volume" : 2396036.00
  }, {
    "date" : "2025-03-10",
    "price" : 596.80,
    "dma50" : 628.55,
    "dma100" : null,
    "dma200" : 653.81,
    "volume" : 3998079.00
  }, {
    "date" : "2025-03-11",
    "price" : 608.15,
    "dma50" : 627.75,
    "dma100" : null,
    "dma200" : 653.35,
    "volume" : 2157036.00
  }, {
    "date" : "2025-03-12",
    "price" : 608.40,
    "dma50" : 626.99,
    "dma100" : null,
    "dma200" : 652.91,
    "volume" : 2451379.00
  }, {
    "date" : "2025-03-13",
    "price" : 599.10,
    "dma50" : 625.90,
    "dma100" : null,
    "dma200" : 652.37,
    "volume" : 1432804.00
  }, {
    "date" : "2025-03-17",
    "price" : 610.10,
    "dma50" : 625.28,
    "dma100" : null,
    "dma200" : 651.95,
    "volume" : 3741508.00
  }, {
    "date" : "2025-03-18",
    "price" : 635.15,
    "dma50" : 625.66,
    "dma100" : null,
    "dma200" : 651.78,
    "volume" : 2860644.00
  }, {
    "date" : "2025-03-19",
    "price" : 663.30,
    "dma50" : 627.14,
    "dma100" : null,
    "dma200" : 651.90,
    "volume" : 3459101.00
  }, {
    "date" : "2025-03-20",
    "price" : 654.60,
    "dma50" : 628.22,
    "dma100" : null,
    "dma200" : 651.92,
    "volume" : 2391050.00
  }, {
    "date" : "2025-03-21",
    "price" : 641.25,
    "dma50" : 628.73,
    "dma100" : null,
    "dma200" : 651.82,
    "volume" : 3962305.00
  }, {
    "date" : "2025-03-24",
    "price" : 632.90,
    "dma50" : 628.89,
    "dma100" : null,
    "dma200" : 651.63,
    "volume" : 4314172.00
  }, {
    "date" : "2025-03-25",
    "price" : 626.90,
    "dma50" : 628.81,
    "dma100" : null,
    "dma200" : 651.38,
    "volume" : 3739100.00
  }, {
    "date" : "2025-03-26",
    "price" : 635.80,
    "dma50" : 629.09,
    "dma100" : null,
    "dma200" : 651.23,
    "volume" : 4445778.00
  }, {
    "date" : "2025-03-27",
    "price" : 637.15,
    "dma50" : 629.40,
    "dma100" : null,
    "dma200" : 651.09,
    "volume" : 14258297.00
  }, {
    "date" : "2025-03-28",
    "price" : 638.50,
    "dma50" : 629.76,
    "dma100" : null,
    "dma200" : 650.96,
    "volume" : 2779130.00
  }, {
    "date" : "2025-04-01",
    "price" : 615.00,
    "dma50" : 629.18,
    "dma100" : null,
    "dma200" : 650.61,
    "volume" : 3222449.00
  }, {
    "date" : "2025-04-02",
    "price" : 623.60,
    "dma50" : 628.96,
    "dma100" : null,
    "dma200" : 650.34,
    "volume" : 2508186.00
  }, {
    "date" : "2025-04-03",
    "price" : 615.95,
    "dma50" : 628.45,
    "dma100" : null,
    "dma200" : 649.99,
    "volume" : 2383685.00
  }, {
    "date" : "2025-04-04",
    "price" : 575.20,
    "dma50" : 626.36,
    "dma100" : null,
    "dma200" : 649.25,
    "volume" : 4817915.00
  }, {
    "date" : "2025-04-07",
    "price" : 540.50,
    "dma50" : 623.00,
    "dma100" : null,
    "dma200" : 648.17,
    "volume" : 5047512.00
  }, {
    "date" : "2025-04-08",
    "price" : 549.40,
    "dma50" : 620.11,
    "dma100" : null,
    "dma200" : 647.19,
    "volume" : 2884735.00
  }, {
    "date" : "2025-04-09",
    "price" : 551.00,
    "dma50" : 617.40,
    "dma100" : null,
    "dma200" : 646.23,
    "volume" : 2223459.00
  }, {
    "date" : "2025-04-11",
    "price" : 572.40,
    "dma50" : 615.64,
    "dma100" : null,
    "dma200" : 645.49,
    "volume" : 3206385.00
  }, {
    "date" : "2025-04-15",
    "price" : 589.25,
    "dma50" : 614.60,
    "dma100" : null,
    "dma200" : 644.93,
    "volume" : 2281062.00
  }, {
    "date" : "2025-04-16",
    "price" : 598.75,
    "dma50" : 613.98,
    "dma100" : null,
    "dma200" : 644.47,
    "volume" : 1779098.00
  }, {
    "date" : "2025-04-17",
    "price" : 619.85,
    "dma50" : 614.21,
    "dma100" : null,
    "dma200" : 644.23,
    "volume" : 3535251.00
  }, {
    "date" : "2025-04-21",
    "price" : 650.60,
    "dma50" : 615.64,
    "dma100" : null,
    "dma200" : 644.29,
    "volume" : 3504621.00
  }, {
    "date" : "2025-04-22",
    "price" : 645.30,
    "dma50" : 616.80,
    "dma100" : null,
    "dma200" : 644.30,
    "volume" : 2187554.00
  }, {
    "date" : "2025-04-23",
    "price" : 660.15,
    "dma50" : 618.50,
    "dma100" : null,
    "dma200" : 644.46,
    "volume" : 2561183.00
  }, {
    "date" : "2025-04-24",
    "price" : 646.00,
    "dma50" : 619.58,
    "dma100" : null,
    "dma200" : 644.48,
    "volume" : 1888635.00
  }, {
    "date" : "2025-04-25",
    "price" : 633.10,
    "dma50" : 620.11,
    "dma100" : null,
    "dma200" : 644.36,
    "volume" : 3301686.00
  }, {
    "date" : "2025-04-28",
    "price" : 633.60,
    "dma50" : 620.64,
    "dma100" : null,
    "dma200" : 644.26,
    "volume" : 1896846.00
  }, {
    "date" : "2025-04-29",
    "price" : 638.45,
    "dma50" : 621.34,
    "dma100" : null,
    "dma200" : 644.20,
    "volume" : 1224417.00
  }, {
    "date" : "2025-04-30",
    "price" : 626.80,
    "dma50" : 621.55,
    "dma100" : null,
    "dma200" : 644.02,
    "volume" : 3491561.00
  }, {
    "date" : "2025-05-02",
    "price" : 622.15,
    "dma50" : 621.57,
    "dma100" : null,
    "dma200" : 643.81,
    "volume" : 1750752.00
  }, {
    "date" : "2025-05-05",
    "price" : 635.10,
    "dma50" : 622.10,
    "dma100" : null,
    "dma200" : 643.72,
    "volume" : 1622311.00
  }, {
    "date" : "2025-05-06",
    "price" : 598.45,
    "dma50" : 621.18,
    "dma100" : null,
    "dma200" : 643.27,
    "volume" : 6915793.00
  }, {
    "date" : "2025-05-07",
    "price" : 609.40,
    "dma50" : 620.71,
    "dma100" : null,
    "dma200" : 642.93,
    "volume" : 6130231.00
  }, {
    "date" : "2025-05-08",
    "price" : 610.25,
    "dma50" : 620.30,
    "dma100" : null,
    "dma200" : 642.61,
    "volume" : 6104478.00
  }, {
    "date" : "2025-05-09",
    "price" : 609.60,
    "dma50" : 619.88,
    "dma100" : null,
    "dma200" : 642.28,
    "volume" : 2675794.00
  }, {
    "date" : "2025-05-12",
    "price" : 645.80,
    "dma50" : 620.90,
    "dma100" : null,
    "dma200" : 642.31,
    "volume" : 3019174.00
  }, {
    "date" : "2025-05-13",
    "price" : 652.15,
    "dma50" : 622.13,
    "dma100" : null,
    "dma200" : 642.41,
    "volume" : 2025038.00
  }, {
    "date" : "2025-05-14",
    "price" : 673.00,
    "dma50" : 624.12,
    "dma100" : null,
    "dma200" : 642.72,
    "volume" : 3649433.00
  }, {
    "date" : "2025-05-15",
    "price" : 678.20,
    "dma50" : 626.24,
    "dma100" : 633.66,
    "dma200" : 643.07,
    "volume" : 3366651.00
  }, {
    "date" : "2025-05-16",
    "price" : 696.45,
    "dma50" : 629.00,
    "dma100" : 632.96,
    "dma200" : 643.60,
    "volume" : 3696191.00
  }, {
    "date" : "2025-05-19",
    "price" : 696.65,
    "dma50" : 631.65,
    "dma100" : 632.28,
    "dma200" : 644.13,
    "volume" : 2053099.00
  }, {
    "date" : "2025-05-20",
    "price" : 691.00,
    "dma50" : 633.98,
    "dma100" : 631.89,
    "dma200" : 644.59,
    "volume" : 3746815.00
  }, {
    "date" : "2025-05-21",
    "price" : 694.00,
    "dma50" : 636.33,
    "dma100" : 631.55,
    "dma200" : 645.09,
    "volume" : 2409793.00
  }, {
    "date" : "2025-05-22",
    "price" : 696.45,
    "dma50" : 638.69,
    "dma100" : 631.38,
    "dma200" : 645.60,
    "volume" : 2449184.00
  }, {
    "date" : "2025-05-23",
    "price" : 696.45,
    "dma50" : 640.95,
    "dma100" : 630.91,
    "dma200" : 646.10,
    "volume" : 974455.00
  }, {
    "date" : "2025-05-26",
    "price" : 697.75,
    "dma50" : 643.18,
    "dma100" : 630.40,
    "dma200" : 646.62,
    "volume" : 1515505.00
  }, {
    "date" : "2025-05-27",
    "price" : 694.70,
    "dma50" : 645.20,
    "dma100" : 629.99,
    "dma200" : 647.10,
    "volume" : 1303909.00
  }, {
    "date" : "2025-05-28",
    "price" : 687.75,
    "dma50" : 646.87,
    "dma100" : 629.59,
    "dma200" : 647.50,
    "volume" : 1639100.00
  }, {
    "date" : "2025-05-29",
    "price" : 697.05,
    "dma50" : 648.84,
    "dma100" : 629.15,
    "dma200" : 647.99,
    "volume" : 2483204.00
  }, {
    "date" : "2025-05-30",
    "price" : 686.70,
    "dma50" : 650.32,
    "dma100" : 628.53,
    "dma200" : 648.38,
    "volume" : 3604507.00
  }, {
    "date" : "2025-06-02",
    "price" : 679.10,
    "dma50" : 651.45,
    "dma100" : 627.96,
    "dma200" : 648.68,
    "volume" : 2391208.00
  }, {
    "date" : "2025-06-03",
    "price" : 678.35,
    "dma50" : 652.51,
    "dma100" : 627.60,
    "dma200" : 648.98,
    "volume" : 2009697.00
  }, {
    "date" : "2025-06-04",
    "price" : 689.95,
    "dma50" : 653.97,
    "dma100" : 627.32,
    "dma200" : 649.39,
    "volume" : 1381479.00
  }, {
    "date" : "2025-06-05",
    "price" : 696.50,
    "dma50" : 655.64,
    "dma100" : 627.34,
    "dma200" : 649.86,
    "volume" : 1775044.00
  }, {
    "date" : "2025-06-06",
    "price" : 681.60,
    "dma50" : 656.66,
    "dma100" : 627.37,
    "dma200" : 650.17,
    "volume" : 3602258.00
  }, {
    "date" : "2025-06-09",
    "price" : 694.65,
    "dma50" : 658.15,
    "dma100" : 627.82,
    "dma200" : 650.61,
    "volume" : 2769190.00
  }, {
    "date" : "2025-06-10",
    "price" : 690.55,
    "dma50" : 659.42,
    "dma100" : 628.57,
    "dma200" : 651.01,
    "volume" : 1380205.00
  }, {
    "date" : "2025-06-11",
    "price" : 695.75,
    "dma50" : 660.84,
    "dma100" : 629.13,
    "dma200" : 651.46,
    "volume" : 4190977.00
  }, {
    "date" : "2025-06-12",
    "price" : 675.90,
    "dma50" : 661.43,
    "dma100" : 629.78,
    "dma200" : 651.70,
    "volume" : 1849179.00
  }, {
    "date" : "2025-06-13",
    "price" : 672.20,
    "dma50" : 661.86,
    "dma100" : 630.23,
    "dma200" : 651.90,
    "volume" : 1796956.00
  }, {
    "date" : "2025-06-16",
    "price" : 682.20,
    "dma50" : 662.65,
    "dma100" : 630.56,
    "dma200" : 652.21,
    "volume" : 1654271.00
  }, {
    "date" : "2025-06-17",
    "price" : 694.10,
    "dma50" : 663.89,
    "dma100" : 630.67,
    "dma200" : 652.62,
    "volume" : 3210352.00
  }, {
    "date" : "2025-06-18",
    "price" : 683.95,
    "dma50" : 664.67,
    "dma100" : 630.92,
    "dma200" : 652.93,
    "volume" : 2009305.00
  }, {
    "date" : "2025-06-19",
    "price" : 666.70,
    "dma50" : 664.75,
    "dma100" : 631.22,
    "dma200" : 653.07,
    "volume" : 2070845.00
  }, {
    "date" : "2025-06-20",
    "price" : 688.25,
    "dma50" : 665.68,
    "dma100" : 631.82,
    "dma200" : 653.42,
    "volume" : 4402097.00
  }, {
    "date" : "2025-06-23",
    "price" : 683.30,
    "dma50" : 666.37,
    "dma100" : 632.45,
    "dma200" : 653.72,
    "volume" : 1470917.00
  }, {
    "date" : "2025-06-24",
    "price" : 682.45,
    "dma50" : 667.00,
    "dma100" : 633.32,
    "dma200" : 654.00,
    "volume" : 1109187.00
  }, {
    "date" : "2025-06-25",
    "price" : 676.60,
    "dma50" : 667.37,
    "dma100" : 634.34,
    "dma200" : 654.23,
    "volume" : 1628433.00
  }, {
    "date" : "2025-06-26",
    "price" : 674.75,
    "dma50" : 667.66,
    "dma100" : 634.83,
    "dma200" : 654.43,
    "volume" : 1570205.00
  }, {
    "date" : "2025-06-27",
    "price" : 672.20,
    "dma50" : 667.84,
    "dma100" : 635.34,
    "dma200" : 654.61,
    "volume" : 4560722.00
  }, {
    "date" : "2025-06-30",
    "price" : 682.15,
    "dma50" : 668.40,
    "dma100" : 635.82,
    "dma200" : 654.88,
    "volume" : 2033916.00
  }, {
    "date" : "2025-07-01",
    "price" : 683.05,
    "dma50" : 668.98,
    "dma100" : 636.53,
    "dma200" : 655.16,
    "volume" : 6118651.00
  }, {
    "date" : "2025-07-02",
    "price" : 666.10,
    "dma50" : 668.86,
    "dma100" : 637.33,
    "dma200" : 655.27,
    "volume" : 3941656.00
  }, {
    "date" : "2025-07-03",
    "price" : 667.45,
    "dma50" : 668.81,
    "dma100" : 637.97,
    "dma200" : 655.39,
    "volume" : 1800101.00
  }, {
    "date" : "2025-07-04",
    "price" : 676.60,
    "dma50" : 669.11,
    "dma100" : 638.44,
    "dma200" : 655.61,
    "volume" : 2094480.00
  }, {
    "date" : "2025-07-07",
    "price" : 680.45,
    "dma50" : 669.56,
    "dma100" : 639.10,
    "dma200" : 655.85,
    "volume" : 1838289.00
  }, {
    "date" : "2025-07-08",
    "price" : 675.80,
    "dma50" : 669.80,
    "dma100" : 639.68,
    "dma200" : 656.05,
    "volume" : 3638734.00
  }, {
    "date" : "2025-07-09",
    "price" : 672.05,
    "dma50" : 669.89,
    "dma100" : 640.48,
    "dma200" : 656.21,
    "volume" : 2246325.00
  }, {
    "date" : "2025-07-10",
    "price" : 677.30,
    "dma50" : 670.18,
    "dma100" : 641.37,
    "dma200" : 656.42,
    "volume" : 3305868.00
  }, {
    "date" : "2025-07-11",
    "price" : 667.75,
    "dma50" : 670.09,
    "dma100" : 642.28,
    "dma200" : 656.53,
    "volume" : 3106907.00
  }, {
    "date" : "2025-07-14",
    "price" : 674.80,
    "dma50" : 670.27,
    "dma100" : 643.24,
    "dma200" : 656.71,
    "volume" : 3225906.00
  }, {
    "date" : "2025-07-15",
    "price" : 677.45,
    "dma50" : 670.55,
    "dma100" : 644.49,
    "dma200" : 656.92,
    "volume" : 1594472.00
  }, {
    "date" : "2025-07-16",
    "price" : 675.35,
    "dma50" : 670.74,
    "dma100" : 645.41,
    "dma200" : 657.10,
    "volume" : 1559039.00
  }, {
    "date" : "2025-07-17",
    "price" : 689.35,
    "dma50" : 671.47,
    "dma100" : 646.52,
    "dma200" : 657.43,
    "volume" : 4833549.00
  }, {
    "date" : "2025-07-18",
    "price" : 667.60,
    "dma50" : 671.32,
    "dma100" : 647.35,
    "dma200" : 657.53,
    "volume" : 5420259.00
  }, {
    "date" : "2025-07-21",
    "price" : 680.65,
    "dma50" : 671.68,
    "dma100" : 648.20,
    "dma200" : 657.76,
    "volume" : 2713350.00
  }, {
    "date" : "2025-07-22",
    "price" : 683.80,
    "dma50" : 672.16,
    "dma100" : 649.14,
    "dma200" : 658.02,
    "volume" : 4365131.00
  }, {
    "date" : "2025-07-23",
    "price" : 682.95,
    "dma50" : 672.58,
    "dma100" : 649.94,
    "dma200" : 658.26,
    "volume" : 1843569.00
  }, {
    "date" : "2025-07-24",
    "price" : 680.35,
    "dma50" : 672.89,
    "dma100" : 650.76,
    "dma200" : 658.48,
    "volume" : 7697606.00
  }, {
    "date" : "2025-07-25",
    "price" : 662.55,
    "dma50" : 672.48,
    "dma100" : 651.58,
    "dma200" : 658.52,
    "volume" : 3974323.00
  }, {
    "date" : "2025-07-28",
    "price" : 658.95,
    "dma50" : 671.95,
    "dma100" : 652.45,
    "dma200" : 658.53,
    "volume" : 1998837.00
  }, {
    "date" : "2025-07-29",
    "price" : 659.05,
    "dma50" : 671.45,
    "dma100" : 653.17,
    "dma200" : 658.53,
    "volume" : 2536825.00
  }, {
    "date" : "2025-07-30",
    "price" : 660.35,
    "dma50" : 671.01,
    "dma100" : 653.74,
    "dma200" : 658.55,
    "volume" : 5528286.00
  }, {
    "date" : "2025-07-31",
    "price" : 661.70,
    "dma50" : 670.65,
    "dma100" : 654.23,
    "dma200" : 658.58,
    "volume" : 2071585.00
  }, {
    "date" : "2025-08-01",
    "price" : 651.30,
    "dma50" : 669.89,
    "dma100" : 654.46,
    "dma200" : 658.51,
    "volume" : 2661290.00
  }, {
    "date" : "2025-08-04",
    "price" : 662.25,
    "dma50" : 669.59,
    "dma100" : 654.78,
    "dma200" : 658.55,
    "volume" : 2210049.00
  }, {
    "date" : "2025-08-05",
    "price" : 680.25,
    "dma50" : 670.01,
    "dma100" : 655.62,
    "dma200" : 658.76,
    "volume" : 4463911.00
  }, {
    "date" : "2025-08-06",
    "price" : 680.55,
    "dma50" : 670.42,
    "dma100" : 656.34,
    "dma200" : 658.98,
    "volume" : 2503780.00
  }, {
    "date" : "2025-08-07",
    "price" : 681.55,
    "dma50" : 670.86,
    "dma100" : 657.07,
    "dma200" : 659.20,
    "volume" : 2445252.00
  }, {
    "date" : "2025-08-08",
    "price" : 666.40,
    "dma50" : 670.68,
    "dma100" : 657.75,
    "dma200" : 659.28,
    "volume" : 1771603.00
  }, {
    "date" : "2025-08-11",
    "price" : 664.90,
    "dma50" : 670.45,
    "dma100" : 658.29,
    "dma200" : 659.33,
    "volume" : 2240022.00
  }, {
    "date" : "2025-08-12",
    "price" : 658.55,
    "dma50" : 669.99,
    "dma100" : 658.53,
    "dma200" : 659.32,
    "volume" : 2560446.00
  }, {
    "date" : "2025-08-13",
    "price" : 670.45,
    "dma50" : 670.01,
    "dma100" : 658.60,
    "dma200" : 659.44,
    "volume" : 2187991.00
  }, {
    "date" : "2025-08-14",
    "price" : 665.95,
    "dma50" : 669.85,
    "dma100" : 658.71,
    "dma200" : 659.50,
    "volume" : 1564360.00
  }, {
    "date" : "2025-08-18",
    "price" : 669.15,
    "dma50" : 669.82,
    "dma100" : 658.99,
    "dma200" : 659.60,
    "volume" : 2248495.00
  }, {
    "date" : "2025-08-19",
    "price" : 676.80,
    "dma50" : 670.09,
    "dma100" : 659.43,
    "dma200" : 659.77,
    "volume" : 1457888.00
  }, {
    "date" : "2025-08-20",
    "price" : 674.25,
    "dma50" : 670.26,
    "dma100" : 659.90,
    "dma200" : 659.91,
    "volume" : 1434319.00
  }, {
    "date" : "2025-08-21",
    "price" : 677.55,
    "dma50" : 670.54,
    "dma100" : 660.32,
    "dma200" : 660.09,
    "volume" : 1022435.00
  }, {
    "date" : "2025-08-22",
    "price" : 679.85,
    "dma50" : 670.91,
    "dma100" : 660.75,
    "dma200" : 660.28,
    "volume" : 3852234.00
  }, {
    "date" : "2025-08-25",
    "price" : 677.20,
    "dma50" : 671.15,
    "dma100" : 661.14,
    "dma200" : 660.45,
    "volume" : 2127400.00
  }, {
    "date" : "2025-08-26",
    "price" : 671.30,
    "dma50" : 671.16,
    "dma100" : 661.70,
    "dma200" : 660.56,
    "volume" : 10638440.00
  }, {
    "date" : "2025-08-28",
    "price" : 664.00,
    "dma50" : 670.88,
    "dma100" : 662.10,
    "dma200" : 660.59,
    "volume" : 2177285.00
  }, {
    "date" : "2025-08-29",
    "price" : 694.30,
    "dma50" : 671.80,
    "dma100" : 662.89,
    "dma200" : 660.93,
    "volume" : 15495588.00
  }, {
    "date" : "2025-09-01",
    "price" : 717.20,
    "dma50" : 673.58,
    "dma100" : 664.31,
    "dma200" : 661.49,
    "volume" : 14229672.00
  }, {
    "date" : "2025-09-02",
    "price" : 739.65,
    "dma50" : 676.17,
    "dma100" : 666.30,
    "dma200" : 662.27,
    "volume" : 11036353.00
  }, {
    "date" : "2025-09-03",
    "price" : 733.30,
    "dma50" : 678.41,
    "dma100" : 668.14,
    "dma200" : 662.97,
    "volume" : 9458262.00
  }, {
    "date" : "2025-09-04",
    "price" : 740.20,
    "dma50" : 680.83,
    "dma100" : 670.03,
    "dma200" : 663.74,
    "volume" : 5855183.00
  }, {
    "date" : "2025-09-05",
    "price" : 736.30,
    "dma50" : 683.01,
    "dma100" : 671.67,
    "dma200" : 664.46,
    "volume" : 2700996.00
  }, {
    "date" : "2025-09-08",
    "price" : 746.35,
    "dma50" : 685.49,
    "dma100" : 673.24,
    "dma200" : 665.28,
    "volume" : 3086401.00
  }, {
    "date" : "2025-09-09",
    "price" : 740.10,
    "dma50" : 687.63,
    "dma100" : 674.65,
    "dma200" : 666.02,
    "volume" : 2540142.00
  }, {
    "date" : "2025-09-10",
    "price" : 768.95,
    "dma50" : 690.82,
    "dma100" : 676.14,
    "dma200" : 667.05,
    "volume" : 7793582.00
  }, {
    "date" : "2025-09-11",
    "price" : 785.20,
    "dma50" : 694.52,
    "dma100" : 677.49,
    "dma200" : 668.22,
    "volume" : 6508211.00
  }, {
    "date" : "2025-09-12",
    "price" : 785.40,
    "dma50" : 698.09,
    "dma100" : 678.89,
    "dma200" : 669.39,
    "volume" : 3231726.00
  }, {
    "date" : "2025-09-15",
    "price" : 791.35,
    "dma50" : 701.74,
    "dma100" : 680.20,
    "dma200" : 670.60,
    "volume" : 2847346.00
  }, {
    "date" : "2025-09-16",
    "price" : 792.20,
    "dma50" : 705.29,
    "dma100" : 681.66,
    "dma200" : 671.81,
    "volume" : 2049069.00
  }, {
    "date" : "2025-09-17",
    "price" : 791.95,
    "dma50" : 708.69,
    "dma100" : 683.25,
    "dma200" : 673.01,
    "volume" : 1786480.00
  }, {
    "date" : "2025-09-18",
    "price" : 784.55,
    "dma50" : 711.66,
    "dma100" : 684.76,
    "dma200" : 674.12,
    "volume" : 3942554.00
  }, {
    "date" : "2025-09-19",
    "price" : 779.40,
    "dma50" : 714.32,
    "dma100" : 686.17,
    "dma200" : 675.17,
    "volume" : 3369396.00
  }, {
    "date" : "2025-09-22",
    "price" : 770.20,
    "dma50" : 716.51,
    "dma100" : 687.61,
    "dma200" : 676.11,
    "volume" : 1684116.00
  }, {
    "date" : "2025-09-23",
    "price" : 773.45,
    "dma50" : 718.75,
    "dma100" : 689.12,
    "dma200" : 677.08,
    "volume" : 1840777.00
  }, {
    "date" : "2025-09-24",
    "price" : 770.10,
    "dma50" : 720.76,
    "dma100" : 690.47,
    "dma200" : 678.01,
    "volume" : 1324437.00
  }, {
    "date" : "2025-09-25",
    "price" : 759.10,
    "dma50" : 722.26,
    "dma100" : 692.07,
    "dma200" : 678.81,
    "volume" : 1114288.00
  }, {
    "date" : "2025-09-26",
    "price" : 739.40,
    "dma50" : 722.93,
    "dma100" : 693.37,
    "dma200" : 679.42,
    "volume" : 1985054.00
  }, {
    "date" : "2025-09-29",
    "price" : 747.30,
    "dma50" : 723.89,
    "dma100" : 694.75,
    "dma200" : 680.09,
    "volume" : 2979546.00
  }, {
    "date" : "2025-09-30",
    "price" : 740.95,
    "dma50" : 724.56,
    "dma100" : 696.06,
    "dma200" : 680.70,
    "volume" : 2574883.00
  }, {
    "date" : "2025-10-01",
    "price" : 739.80,
    "dma50" : 725.16,
    "dma100" : 697.00,
    "dma200" : 681.28,
    "volume" : 1413263.00
  }, {
    "date" : "2025-10-03",
    "price" : 747.50,
    "dma50" : 726.03,
    "dma100" : 697.95,
    "dma200" : 681.94,
    "volume" : 1446028.00
  }, {
    "date" : "2025-10-06",
    "price" : 745.40,
    "dma50" : 726.79,
    "dma100" : 698.68,
    "dma200" : 682.57,
    "volume" : 1249071.00
  }, {
    "date" : "2025-10-07",
    "price" : 748.00,
    "dma50" : 727.62,
    "dma100" : 699.37,
    "dma200" : 683.23,
    "volume" : 1320803.00
  }, {
    "date" : "2025-10-08",
    "price" : 743.95,
    "dma50" : 728.26,
    "dma100" : 699.85,
    "dma200" : 683.83,
    "volume" : 1640520.00
  }, {
    "date" : "2025-10-09",
    "price" : 761.15,
    "dma50" : 729.55,
    "dma100" : 700.49,
    "dma200" : 684.60,
    "volume" : 2437030.00
  }, {
    "date" : "2025-10-10",
    "price" : 753.40,
    "dma50" : 730.49,
    "dma100" : 701.12,
    "dma200" : 685.28,
    "volume" : 2749237.00
  }, {
    "date" : "2025-10-13",
    "price" : 747.05,
    "dma50" : 731.14,
    "dma100" : 701.65,
    "dma200" : 685.90,
    "volume" : 1809444.00
  }, {
    "date" : "2025-10-14",
    "price" : 745.95,
    "dma50" : 731.72,
    "dma100" : 702.14,
    "dma200" : 686.50,
    "volume" : 1545962.00
  }, {
    "date" : "2025-10-15",
    "price" : 757.30,
    "dma50" : 732.72,
    "dma100" : 702.75,
    "dma200" : 687.20,
    "volume" : 1703421.00
  }, {
    "date" : "2025-10-16",
    "price" : 760.60,
    "dma50" : 733.82,
    "dma100" : 703.38,
    "dma200" : 687.93,
    "volume" : 1468566.00
  }, {
    "date" : "2025-10-17",
    "price" : 757.70,
    "dma50" : 734.75,
    "dma100" : 704.01,
    "dma200" : 688.62,
    "volume" : 1971236.00
  }, {
    "date" : "2025-10-20",
    "price" : 740.15,
    "dma50" : 734.96,
    "dma100" : 704.53,
    "dma200" : 689.14,
    "volume" : 3019791.00
  }, {
    "date" : "2025-10-21",
    "price" : 739.00,
    "dma50" : 735.12,
    "dma100" : 704.95,
    "dma200" : 689.63,
    "volume" : 467575.00
  }, {
    "date" : "2025-10-23",
    "price" : 732.85,
    "dma50" : 735.03,
    "dma100" : 705.42,
    "dma200" : 690.06,
    "volume" : 2761252.00
  }, {
    "date" : "2025-10-24",
    "price" : 723.85,
    "dma50" : 734.59,
    "dma100" : 705.86,
    "dma200" : 690.40,
    "volume" : 3610754.00
  }, {
    "date" : "2025-10-27",
    "price" : 728.35,
    "dma50" : 734.35,
    "dma100" : 706.36,
    "dma200" : 690.78,
    "volume" : 1664655.00
  }, {
    "date" : "2025-10-28",
    "price" : 722.50,
    "dma50" : 733.89,
    "dma100" : 706.69,
    "dma200" : 691.09,
    "volume" : 2627580.00
  }, {
    "date" : "2025-10-29",
    "price" : 748.60,
    "dma50" : 734.46,
    "dma100" : 707.21,
    "dma200" : 691.67,
    "volume" : 6405547.00
  }, {
    "date" : "2025-10-30",
    "price" : 734.70,
    "dma50" : 734.47,
    "dma100" : 707.74,
    "dma200" : 692.09,
    "volume" : 5294165.00
  }, {
    "date" : "2025-10-31",
    "price" : 736.65,
    "dma50" : 734.56,
    "dma100" : 708.16,
    "dma200" : 692.54,
    "volume" : 2679645.00
  }, {
    "date" : "2025-11-03",
    "price" : 745.35,
    "dma50" : 734.98,
    "dma100" : 708.71,
    "dma200" : 693.06,
    "volume" : 4063574.00
  }, {
    "date" : "2025-11-04",
    "price" : 747.60,
    "dma50" : 735.48,
    "dma100" : 709.23,
    "dma200" : 693.61,
    "volume" : 2407784.00
  }, {
    "date" : "2025-11-06",
    "price" : 732.70,
    "dma50" : 735.37,
    "dma100" : 709.80,
    "dma200" : 693.99,
    "volume" : 2669581.00
  }, {
    "date" : "2025-11-07",
    "price" : 733.25,
    "dma50" : 735.28,
    "dma100" : 710.41,
    "dma200" : 694.38,
    "volume" : 1228014.00
  }, {
    "date" : "2025-11-10",
    "price" : 738.15,
    "dma50" : 735.40,
    "dma100" : 710.97,
    "dma200" : 694.82,
    "volume" : 1597464.00
  }, {
    "date" : "2025-11-11",
    "price" : 732.95,
    "dma50" : 735.30,
    "dma100" : 711.35,
    "dma200" : 695.20,
    "volume" : 1576662.00
  }, {
    "date" : "2025-11-12",
    "price" : 739.85,
    "dma50" : 735.48,
    "dma100" : 711.91,
    "dma200" : 695.64,
    "volume" : 2195827.00
  }, {
    "date" : "2025-11-13",
    "price" : 745.20,
    "dma50" : 735.86,
    "dma100" : 712.70,
    "dma200" : 696.14,
    "volume" : 2850645.00
  }, {
    "date" : "2025-11-14",
    "price" : 743.50,
    "dma50" : 736.16,
    "dma100" : 713.25,
    "dma200" : 696.61,
    "volume" : 1866649.00
  }, {
    "date" : "2025-11-17",
    "price" : 749.75,
    "dma50" : 736.69,
    "dma100" : 713.91,
    "dma200" : 697.14,
    "volume" : 3658027.00
  }, {
    "date" : "2025-11-18",
    "price" : 733.75,
    "dma50" : 736.58,
    "dma100" : 714.43,
    "dma200" : 697.50,
    "volume" : 1945055.00
  }, {
    "date" : "2025-11-19",
    "price" : 724.10,
    "dma50" : 736.09,
    "dma100" : 714.90,
    "dma200" : 697.77,
    "volume" : 2191339.00
  }, {
    "date" : "2025-11-20",
    "price" : 721.25,
    "dma50" : 735.51,
    "dma100" : 715.37,
    "dma200" : 698.00,
    "volume" : 2688644.00
  }, {
    "date" : "2025-11-21",
    "price" : 710.20,
    "dma50" : 734.51,
    "dma100" : 715.75,
    "dma200" : 698.12,
    "volume" : 1781316.00
  }, {
    "date" : "2025-11-24",
    "price" : 683.00,
    "dma50" : 732.49,
    "dma100" : 715.76,
    "dma200" : 697.97,
    "volume" : 5204735.00
  }, {
    "date" : "2025-11-25",
    "price" : 682.55,
    "dma50" : 730.53,
    "dma100" : 715.75,
    "dma200" : 697.82,
    "volume" : 6616273.00
  }, {
    "date" : "2025-11-26",
    "price" : 688.40,
    "dma50" : 728.88,
    "dma100" : 715.97,
    "dma200" : 697.72,
    "volume" : 3741178.00
  }, {
    "date" : "2025-11-27",
    "price" : 679.25,
    "dma50" : 726.94,
    "dma100" : 716.09,
    "dma200" : 697.54,
    "volume" : 2299510.00
  }, {
    "date" : "2025-11-28",
    "price" : 672.90,
    "dma50" : 724.82,
    "dma100" : 716.06,
    "dma200" : 697.29,
    "volume" : 2019280.00
  }, {
    "date" : "2025-12-01",
    "price" : 669.75,
    "dma50" : 722.66,
    "dma100" : 715.95,
    "dma200" : 697.02,
    "volume" : 1422717.00
  }, {
    "date" : "2025-12-02",
    "price" : 659.70,
    "dma50" : 720.19,
    "dma100" : 715.79,
    "dma200" : 696.65,
    "volume" : 2693450.00
  }, {
    "date" : "2025-12-03",
    "price" : 664.20,
    "dma50" : 717.99,
    "dma100" : 715.71,
    "dma200" : 696.33,
    "volume" : 4225529.00
  }, {
    "date" : "2025-12-04",
    "price" : 662.35,
    "dma50" : 715.81,
    "dma100" : 715.56,
    "dma200" : 695.99,
    "volume" : 1892568.00
  }, {
    "date" : "2025-12-05",
    "price" : 661.35,
    "dma50" : 713.67,
    "dma100" : 715.50,
    "dma200" : 695.64,
    "volume" : 2130419.00
  }, {
    "date" : "2025-12-08",
    "price" : 647.15,
    "dma50" : 711.07,
    "dma100" : 715.22,
    "dma200" : 695.16,
    "volume" : 2073665.00
  }, {
    "date" : "2025-12-09",
    "price" : 667.80,
    "dma50" : 709.37,
    "dma100" : 715.12,
    "dma200" : 694.89,
    "volume" : 3384979.00
  }, {
    "date" : "2025-12-10",
    "price" : 665.45,
    "dma50" : 707.65,
    "dma100" : 715.02,
    "dma200" : 694.60,
    "volume" : 2480433.00
  }, {
    "date" : "2025-12-11",
    "price" : 666.50,
    "dma50" : 706.03,
    "dma100" : 714.79,
    "dma200" : 694.32,
    "volume" : 1774536.00
  }, {
    "date" : "2025-12-12",
    "price" : 665.90,
    "dma50" : 704.46,
    "dma100" : 714.78,
    "dma200" : 694.03,
    "volume" : 1854747.00
  }, {
    "date" : "2025-12-15",
    "price" : 670.15,
    "dma50" : 703.11,
    "dma100" : 714.67,
    "dma200" : 693.80,
    "volume" : 1040805.00
  }, {
    "date" : "2025-12-16",
    "price" : 673.05,
    "dma50" : 701.94,
    "dma100" : 714.57,
    "dma200" : 693.59,
    "volume" : 1196153.00
  } ],
  "latestTechnicalAttributes" : {
    "date" : "2025-12-16",
    "price" : 673.05,
    "dma50" : 701.94,
    "dma100" : 714.57,
    "dma200" : 693.59,
    "volume" : 1196153.00
  },
  "quarterlyResults" : [ {
    "date" : "2005-03-31",
    "sales" : 624.45,
    "salesGrowthYoY" : null,
    "grossProfitMargin" : 28.73,
    "grossProfit" : 179.40,
    "operatingProfitMargin" : 7.78,
    "operatingProfit" : 48.58,
    "netProfitMargin" : 5.78,
    "netProfit" : 36.09
  }, {
    "date" : "2005-06-30",
    "sales" : 519.81,
    "salesGrowthYoY" : null,
    "grossProfitMargin" : 30.11,
    "grossProfit" : 156.51,
    "operatingProfitMargin" : 8.75,
    "operatingProfit" : 45.48,
    "netProfitMargin" : 6.01,
    "netProfit" : 31.24
  }, {
    "date" : "2005-09-30",
    "sales" : 554.60,
    "salesGrowthYoY" : null,
    "grossProfitMargin" : 30.49,
    "grossProfit" : 169.10,
    "operatingProfitMargin" : 9.53,
    "operatingProfit" : 52.85,
    "netProfitMargin" : 5.86,
    "netProfit" : 32.50
  }, {
    "date" : "2005-12-31",
    "sales" : 647.87,
    "salesGrowthYoY" : null,
    "grossProfitMargin" : 29.86,
    "grossProfit" : 193.45,
    "operatingProfitMargin" : 10.89,
    "operatingProfit" : 70.55,
    "netProfitMargin" : 8.31,
    "netProfit" : 53.84
  }, {
    "date" : "2006-03-31",
    "sales" : 798.31,
    "salesGrowthYoY" : 27.84,
    "grossProfitMargin" : 28.95,
    "grossProfit" : 231.11,
    "operatingProfitMargin" : 9.42,
    "operatingProfit" : 75.20,
    "netProfitMargin" : 7.03,
    "netProfit" : 56.12
  }, {
    "date" : "2006-06-30",
    "sales" : 740.62,
    "salesGrowthYoY" : 42.48,
    "grossProfitMargin" : 26.75,
    "grossProfit" : 198.12,
    "operatingProfitMargin" : 9.74,
    "operatingProfit" : 72.14,
    "netProfitMargin" : 4.91,
    "netProfit" : 36.36
  }, {
    "date" : "2006-09-30",
    "sales" : 823.96,
    "salesGrowthYoY" : 48.57,
    "grossProfitMargin" : 24.43,
    "grossProfit" : 201.29,
    "operatingProfitMargin" : 8.93,
    "operatingProfit" : 73.58,
    "netProfitMargin" : 4.93,
    "netProfit" : 40.62
  }, {
    "date" : "2006-12-31",
    "sales" : 813.04,
    "salesGrowthYoY" : 25.49,
    "grossProfitMargin" : 27.10,
    "grossProfit" : 220.33,
    "operatingProfitMargin" : 10.06,
    "operatingProfit" : 81.79,
    "netProfitMargin" : 5.59,
    "netProfit" : 45.45
  }, {
    "date" : "2007-03-31",
    "sales" : 989.99,
    "salesGrowthYoY" : 24.01,
    "grossProfitMargin" : 28.64,
    "grossProfit" : 283.53,
    "operatingProfitMargin" : 11.55,
    "operatingProfit" : 114.34,
    "netProfitMargin" : 7.06,
    "netProfit" : 69.89
  }, {
    "date" : "2007-06-30",
    "sales" : 896.07,
    "salesGrowthYoY" : 20.99,
    "grossProfitMargin" : 28.65,
    "grossProfit" : 256.72,
    "operatingProfitMargin" : 11.66,
    "operatingProfit" : 104.48,
    "netProfitMargin" : 7.67,
    "netProfit" : 68.73
  }, {
    "date" : "2007-09-30",
    "sales" : 904.99,
    "salesGrowthYoY" : 9.83,
    "grossProfitMargin" : 29.16,
    "grossProfit" : 263.90,
    "operatingProfitMargin" : 11.80,
    "operatingProfit" : 106.79,
    "netProfitMargin" : 8.20,
    "netProfit" : 74.21
  }, {
    "date" : "2007-12-31",
    "sales" : 915.17,
    "salesGrowthYoY" : 12.56,
    "grossProfitMargin" : 30.14,
    "grossProfit" : 275.83,
    "operatingProfitMargin" : 12.73,
    "operatingProfit" : 116.50,
    "netProfitMargin" : 7.42,
    "netProfit" : 67.91
  }, {
    "date" : "2008-03-31",
    "sales" : 1159.53,
    "salesGrowthYoY" : 17.13,
    "grossProfitMargin" : 30.91,
    "grossProfit" : 358.41,
    "operatingProfitMargin" : 13.54,
    "operatingProfit" : 157.00,
    "netProfitMargin" : 8.89,
    "netProfit" : 103.08
  }, {
    "date" : "2008-06-30",
    "sales" : 1082.86,
    "salesGrowthYoY" : 20.85,
    "grossProfitMargin" : 30.19,
    "grossProfit" : 326.92,
    "operatingProfitMargin" : 12.82,
    "operatingProfit" : 138.82,
    "netProfitMargin" : 8.21,
    "netProfit" : 88.90
  }, {
    "date" : "2008-09-30",
    "sales" : 1086.21,
    "salesGrowthYoY" : 20.02,
    "grossProfitMargin" : 31.83,
    "grossProfit" : 345.74,
    "operatingProfitMargin" : 13.14,
    "operatingProfit" : 142.73,
    "netProfitMargin" : 8.52,
    "netProfit" : 92.55
  }, {
    "date" : "2008-12-31",
    "sales" : 1079.76,
    "salesGrowthYoY" : 17.98,
    "grossProfitMargin" : 32.47,
    "grossProfit" : 350.60,
    "operatingProfitMargin" : 12.84,
    "operatingProfit" : 138.64,
    "netProfitMargin" : 7.85,
    "netProfit" : 84.76
  }, {
    "date" : "2009-03-31",
    "sales" : 1361.83,
    "salesGrowthYoY" : 17.45,
    "grossProfitMargin" : 34.97,
    "grossProfit" : 476.23,
    "operatingProfitMargin" : 15.91,
    "operatingProfit" : 216.67,
    "netProfitMargin" : 9.61,
    "netProfit" : 130.87
  }, {
    "date" : "2009-06-30",
    "sales" : 1173.46,
    "salesGrowthYoY" : 8.37,
    "grossProfitMargin" : 32.92,
    "grossProfit" : 386.30,
    "operatingProfitMargin" : 14.83,
    "operatingProfit" : 174.02,
    "netProfitMargin" : 9.78,
    "netProfit" : 114.76
  }, {
    "date" : "2009-09-30",
    "sales" : 1268.56,
    "salesGrowthYoY" : 16.79,
    "grossProfitMargin" : 32.96,
    "grossProfit" : 418.12,
    "operatingProfitMargin" : 16.51,
    "operatingProfit" : 209.44,
    "netProfitMargin" : 10.73,
    "netProfit" : 136.12
  }, {
    "date" : "2009-12-31",
    "sales" : 1223.76,
    "salesGrowthYoY" : 13.34,
    "grossProfitMargin" : 35.96,
    "grossProfit" : 440.06,
    "operatingProfitMargin" : 16.64,
    "operatingProfit" : 203.63,
    "netProfitMargin" : 11.07,
    "netProfit" : 135.47
  }, {
    "date" : "2010-03-31",
    "sales" : 1618.21,
    "salesGrowthYoY" : 18.83,
    "grossProfitMargin" : 31.81,
    "grossProfit" : 514.75,
    "operatingProfitMargin" : 16.73,
    "operatingProfit" : 270.73,
    "netProfitMargin" : 12.52,
    "netProfit" : 202.60
  }, {
    "date" : "2010-06-30",
    "sales" : 1342.91,
    "salesGrowthYoY" : 14.44,
    "grossProfitMargin" : 32.20,
    "grossProfit" : 432.42,
    "operatingProfitMargin" : 15.59,
    "operatingProfit" : 209.36,
    "netProfitMargin" : 10.59,
    "netProfit" : 142.21
  }, {
    "date" : "2010-09-30",
    "sales" : 1444.78,
    "salesGrowthYoY" : 13.89,
    "grossProfitMargin" : 31.77,
    "grossProfit" : 459.01,
    "operatingProfitMargin" : 15.98,
    "operatingProfit" : 230.88,
    "netProfitMargin" : 10.97,
    "netProfit" : 158.49
  }, {
    "date" : "2010-12-31",
    "sales" : 1398.59,
    "salesGrowthYoY" : 14.29,
    "grossProfitMargin" : 32.66,
    "grossProfit" : 456.78,
    "operatingProfitMargin" : 16.31,
    "operatingProfit" : 228.11,
    "netProfitMargin" : 12.59,
    "netProfit" : 176.08
  }, {
    "date" : "2011-03-31",
    "sales" : 1765.19,
    "salesGrowthYoY" : 9.08,
    "grossProfitMargin" : 30.46,
    "grossProfit" : 537.68,
    "operatingProfitMargin" : 14.96,
    "operatingProfit" : 264.07,
    "netProfitMargin" : 12.33,
    "netProfit" : 217.65
  }, {
    "date" : "2011-06-30",
    "sales" : 1468.83,
    "salesGrowthYoY" : 9.38,
    "grossProfitMargin" : 29.12,
    "grossProfit" : 427.72,
    "operatingProfitMargin" : 12.71,
    "operatingProfit" : 186.69,
    "netProfitMargin" : 8.78,
    "netProfit" : 128.96
  }, {
    "date" : "2011-09-30",
    "sales" : 1451.47,
    "salesGrowthYoY" : 0.46,
    "grossProfitMargin" : 27.71,
    "grossProfit" : 402.20,
    "operatingProfitMargin" : 11.12,
    "operatingProfit" : 161.40,
    "netProfitMargin" : 7.74,
    "netProfit" : 112.34
  }, {
    "date" : "2011-12-31",
    "sales" : 1624.46,
    "salesGrowthYoY" : 16.15,
    "grossProfitMargin" : 26.96,
    "grossProfit" : 437.95,
    "operatingProfitMargin" : 10.79,
    "operatingProfit" : 175.28,
    "netProfitMargin" : 7.80,
    "netProfit" : 126.71
  }, {
    "date" : "2012-03-31",
    "sales" : 1940.62,
    "salesGrowthYoY" : 9.94,
    "grossProfitMargin" : 25.35,
    "grossProfit" : 491.95,
    "operatingProfitMargin" : 10.17,
    "operatingProfit" : 197.36,
    "netProfitMargin" : 7.05,
    "netProfit" : 136.81
  }, {
    "date" : "2012-06-30",
    "sales" : 1659.17,
    "salesGrowthYoY" : 12.96,
    "grossProfitMargin" : 26.36,
    "grossProfit" : 437.36,
    "operatingProfitMargin" : 9.54,
    "operatingProfit" : 158.28,
    "netProfitMargin" : 7.25,
    "netProfit" : 120.29
  }, {
    "date" : "2012-09-30",
    "sales" : 1670.21,
    "salesGrowthYoY" : 15.07,
    "grossProfitMargin" : 26.81,
    "grossProfit" : 447.78,
    "operatingProfitMargin" : 8.80,
    "operatingProfit" : 146.98,
    "netProfitMargin" : 6.69,
    "netProfit" : 111.74
  }, {
    "date" : "2012-12-31",
    "sales" : 1746.05,
    "salesGrowthYoY" : 7.48,
    "grossProfitMargin" : 24.64,
    "grossProfit" : 430.23,
    "operatingProfitMargin" : 7.59,
    "operatingProfit" : 132.53,
    "netProfitMargin" : 6.08,
    "netProfit" : 106.16
  }, {
    "date" : "2013-03-31",
    "sales" : 2059.87,
    "salesGrowthYoY" : 6.14,
    "grossProfitMargin" : 23.59,
    "grossProfit" : 485.92,
    "operatingProfitMargin" : 6.89,
    "operatingProfit" : 141.93,
    "netProfitMargin" : 5.23,
    "netProfit" : 107.73
  }, {
    "date" : "2013-06-30",
    "sales" : 1840.69,
    "salesGrowthYoY" : 10.94,
    "grossProfitMargin" : 25.59,
    "grossProfit" : 471.03,
    "operatingProfitMargin" : 8.28,
    "operatingProfit" : 152.41,
    "netProfitMargin" : 6.77,
    "netProfit" : 124.61
  }, {
    "date" : "2013-09-30",
    "sales" : 1786.74,
    "salesGrowthYoY" : 6.98,
    "grossProfitMargin" : 26.27,
    "grossProfit" : 469.38,
    "operatingProfitMargin" : 8.90,
    "operatingProfit" : 159.02,
    "netProfitMargin" : 7.54,
    "netProfit" : 134.72
  }, {
    "date" : "2013-12-31",
    "sales" : 1886.72,
    "salesGrowthYoY" : 8.06,
    "grossProfitMargin" : 26.40,
    "grossProfit" : 498.09,
    "operatingProfitMargin" : 8.97,
    "operatingProfit" : 169.24,
    "netProfitMargin" : 7.18,
    "netProfit" : 135.47
  }, {
    "date" : "2014-03-31",
    "sales" : 2056.56,
    "salesGrowthYoY" : -0.16,
    "grossProfitMargin" : 25.98,
    "grossProfit" : 534.29,
    "operatingProfitMargin" : 9.00,
    "operatingProfit" : 185.09,
    "netProfitMargin" : 6.13,
    "netProfit" : 126.07
  }, {
    "date" : "2014-06-30",
    "sales" : 1905.09,
    "salesGrowthYoY" : 3.50,
    "grossProfitMargin" : 26.36,
    "grossProfit" : 502.18,
    "operatingProfitMargin" : 8.96,
    "operatingProfit" : 170.70,
    "netProfitMargin" : 6.61,
    "netProfit" : 125.93
  }, {
    "date" : "2014-09-30",
    "sales" : 1925.71,
    "salesGrowthYoY" : 7.78,
    "grossProfitMargin" : 26.76,
    "grossProfit" : 515.32,
    "operatingProfitMargin" : 8.14,
    "operatingProfit" : 156.75,
    "netProfitMargin" : 6.49,
    "netProfit" : 124.98
  }, {
    "date" : "2014-12-31",
    "sales" : 1038.09,
    "salesGrowthYoY" : -44.98,
    "grossProfitMargin" : 26.27,
    "grossProfit" : 272.71,
    "operatingProfitMargin" : 7.37,
    "operatingProfit" : 76.51,
    "netProfitMargin" : 14.80,
    "netProfit" : 153.64
  }, {
    "date" : "2015-03-31",
    "sales" : 1161.41,
    "salesGrowthYoY" : -43.53,
    "grossProfitMargin" : 23.84,
    "grossProfit" : 276.88,
    "operatingProfitMargin" : 1.34,
    "operatingProfit" : 15.56,
    "netProfitMargin" : 7.89,
    "netProfit" : 91.64
  }, {
    "date" : "2015-06-30",
    "sales" : 769.98,
    "salesGrowthYoY" : -59.58,
    "grossProfitMargin" : 26.07,
    "grossProfit" : 200.73,
    "operatingProfitMargin" : -1.59,
    "operatingProfit" : -12.24,
    "netProfitMargin" : 9.56,
    "netProfit" : 73.61
  }, {
    "date" : "2015-09-30",
    "sales" : 1150.33,
    "salesGrowthYoY" : -40.26,
    "grossProfitMargin" : 33.38,
    "grossProfit" : 383.98,
    "operatingProfitMargin" : 8.09,
    "operatingProfit" : 93.06,
    "netProfitMargin" : 8.80,
    "netProfit" : 101.23
  }, {
    "date" : "2015-12-31",
    "sales" : 1053.02,
    "salesGrowthYoY" : 1.44,
    "grossProfitMargin" : 32.73,
    "grossProfit" : 344.65,
    "operatingProfitMargin" : 4.82,
    "operatingProfit" : 50.76,
    "netProfitMargin" : 6.75,
    "netProfit" : 71.08
  }, {
    "date" : "2016-03-31",
    "sales" : 1205.29,
    "salesGrowthYoY" : 3.78,
    "grossProfitMargin" : 34.34,
    "grossProfit" : 413.90,
    "operatingProfitMargin" : 6.40,
    "operatingProfit" : 77.14,
    "netProfitMargin" : 7.97,
    "netProfit" : 96.06
  }, {
    "date" : "2016-06-30",
    "sales" : 1128.58,
    "salesGrowthYoY" : 46.57,
    "grossProfitMargin" : 33.33,
    "grossProfit" : 376.16,
    "operatingProfitMargin" : 5.41,
    "operatingProfit" : 61.06,
    "netProfitMargin" : 3.27,
    "netProfit" : 36.90
  }, {
    "date" : "2016-09-30",
    "sales" : 1084.76,
    "salesGrowthYoY" : -5.70,
    "grossProfitMargin" : 26.26,
    "grossProfit" : 284.86,
    "operatingProfitMargin" : 7.79,
    "operatingProfit" : 84.50,
    "netProfitMargin" : 8.18,
    "netProfit" : 88.73
  }, {
    "date" : "2016-12-31",
    "sales" : 1064.87,
    "salesGrowthYoY" : 1.13,
    "grossProfitMargin" : 27.29,
    "grossProfit" : 290.60,
    "operatingProfitMargin" : 5.06,
    "operatingProfit" : 53.88,
    "netProfitMargin" : 4.89,
    "netProfit" : 52.07
  }, {
    "date" : "2017-03-31",
    "sales" : 1176.72,
    "salesGrowthYoY" : -2.37,
    "grossProfitMargin" : 25.63,
    "grossProfit" : 301.59,
    "operatingProfitMargin" : 6.74,
    "operatingProfit" : 79.31,
    "netProfitMargin" : 3.88,
    "netProfit" : 45.66
  }, {
    "date" : "2017-06-30",
    "sales" : 1178.51,
    "salesGrowthYoY" : 4.42,
    "grossProfitMargin" : 30.34,
    "grossProfit" : 357.56,
    "operatingProfitMargin" : 5.54,
    "operatingProfit" : 65.29,
    "netProfitMargin" : 1.90,
    "netProfit" : 22.39
  }, {
    "date" : "2017-09-30",
    "sales" : 1228.85,
    "salesGrowthYoY" : 13.28,
    "grossProfitMargin" : 29.68,
    "grossProfit" : 364.72,
    "operatingProfitMargin" : 4.68,
    "operatingProfit" : 57.51,
    "netProfitMargin" : 0.84,
    "netProfit" : 10.32
  }, {
    "date" : "2017-12-31",
    "sales" : 1199.86,
    "salesGrowthYoY" : 12.68,
    "grossProfitMargin" : 30.95,
    "grossProfit" : 371.36,
    "operatingProfitMargin" : 7.26,
    "operatingProfit" : 87.11,
    "netProfitMargin" : 3.13,
    "netProfit" : 37.56
  }, {
    "date" : "2018-03-31",
    "sales" : 1452.66,
    "salesGrowthYoY" : 23.45,
    "grossProfitMargin" : 29.20,
    "grossProfit" : 424.18,
    "operatingProfitMargin" : 6.96,
    "operatingProfit" : 101.11,
    "netProfitMargin" : 0.47,
    "netProfit" : 6.83
  }, {
    "date" : "2018-06-30",
    "sales" : 1179.84,
    "salesGrowthYoY" : 0.11,
    "grossProfitMargin" : 32.12,
    "grossProfit" : 378.96,
    "operatingProfitMargin" : 6.63,
    "operatingProfit" : 78.22,
    "netProfitMargin" : 1.97,
    "netProfit" : 23.24
  }, {
    "date" : "2018-09-30",
    "sales" : 1388.12,
    "salesGrowthYoY" : 12.96,
    "grossProfitMargin" : 31.26,
    "grossProfit" : 433.93,
    "operatingProfitMargin" : 9.93,
    "operatingProfit" : 137.84,
    "netProfitMargin" : 2.87,
    "netProfit" : 39.84
  }, {
    "date" : "2018-12-31",
    "sales" : 1370.30,
    "salesGrowthYoY" : 14.20,
    "grossProfitMargin" : 29.23,
    "grossProfit" : 400.54,
    "operatingProfitMargin" : 3.80,
    "operatingProfit" : 52.07,
    "netProfitMargin" : 1.28,
    "netProfit" : 17.54
  }, {
    "date" : "2019-03-31",
    "sales" : 1417.34,
    "salesGrowthYoY" : -2.43,
    "grossProfitMargin" : 31.84,
    "grossProfit" : 451.28,
    "operatingProfitMargin" : 0.62,
    "operatingProfit" : 8.79,
    "netProfitMargin" : -1.03,
    "netProfit" : -14.60
  }, {
    "date" : "2019-06-30",
    "sales" : 1188.59,
    "salesGrowthYoY" : 0.74,
    "grossProfitMargin" : 31.66,
    "grossProfit" : 376.31,
    "operatingProfitMargin" : 7.76,
    "operatingProfit" : 92.23,
    "netProfitMargin" : 1.97,
    "netProfit" : 23.42
  }, {
    "date" : "2019-09-30",
    "sales" : 957.36,
    "salesGrowthYoY" : -31.03,
    "grossProfitMargin" : 30.49,
    "grossProfit" : 291.90,
    "operatingProfitMargin" : 7.82,
    "operatingProfit" : 74.87,
    "netProfitMargin" : 1.15,
    "netProfit" : 11.01
  }, {
    "date" : "2019-12-31",
    "sales" : 558.12,
    "salesGrowthYoY" : -59.27,
    "grossProfitMargin" : 30.04,
    "grossProfit" : 167.66,
    "operatingProfitMargin" : -0.89,
    "operatingProfit" : -4.97,
    "netProfitMargin" : -13.61,
    "netProfit" : -75.96
  }, {
    "date" : "2020-03-31",
    "sales" : 465.41,
    "salesGrowthYoY" : -67.16,
    "grossProfitMargin" : 33.11,
    "grossProfit" : 154.10,
    "operatingProfitMargin" : -12.61,
    "operatingProfit" : -58.69,
    "netProfitMargin" : -12.87,
    "netProfit" : -59.90
  }, {
    "date" : "2020-06-30",
    "sales" : 235.69,
    "salesGrowthYoY" : -80.17,
    "grossProfitMargin" : 27.39,
    "grossProfit" : 64.56,
    "operatingProfitMargin" : -25.94,
    "operatingProfit" : -61.14,
    "netProfitMargin" : -66.71,
    "netProfit" : -157.23
  }, {
    "date" : "2020-09-30",
    "sales" : 564.80,
    "salesGrowthYoY" : -41.00,
    "grossProfitMargin" : 34.27,
    "grossProfit" : 193.56,
    "operatingProfitMargin" : 7.30,
    "operatingProfit" : 41.23,
    "netProfitMargin" : -8.97,
    "netProfit" : -50.66
  }, {
    "date" : "2020-12-31",
    "sales" : 703.30,
    "salesGrowthYoY" : 26.01,
    "grossProfitMargin" : 33.35,
    "grossProfit" : 234.55,
    "operatingProfitMargin" : 11.00,
    "operatingProfit" : 77.36,
    "netProfitMargin" : 2.52,
    "netProfit" : 17.72
  }, {
    "date" : "2021-03-31",
    "sales" : 1022.10,
    "salesGrowthYoY" : 119.61,
    "grossProfitMargin" : 27.75,
    "grossProfit" : 283.63,
    "operatingProfitMargin" : 5.33,
    "operatingProfit" : 54.48,
    "netProfitMargin" : 74.83,
    "netProfit" : 764.84
  }, {
    "date" : "2021-06-30",
    "sales" : 953.82,
    "salesGrowthYoY" : 304.69,
    "grossProfitMargin" : 27.24,
    "grossProfit" : 259.82,
    "operatingProfitMargin" : 9.76,
    "operatingProfit" : 93.09,
    "netProfitMargin" : 5.00,
    "netProfit" : 47.69
  }, {
    "date" : "2021-09-30",
    "sales" : 1351.88,
    "salesGrowthYoY" : 139.36,
    "grossProfitMargin" : 27.26,
    "grossProfit" : 368.52,
    "operatingProfitMargin" : 11.65,
    "operatingProfit" : 157.49,
    "netProfitMargin" : 7.77,
    "netProfit" : 105.04
  }, {
    "date" : "2021-12-31",
    "sales" : 1446.23,
    "salesGrowthYoY" : 105.63,
    "grossProfitMargin" : 29.14,
    "grossProfit" : 421.43,
    "operatingProfitMargin" : 13.08,
    "operatingProfit" : 189.17,
    "netProfitMargin" : 9.93,
    "netProfit" : 143.61
  }, {
    "date" : "2022-03-31",
    "sales" : 1407.25,
    "salesGrowthYoY" : 37.68,
    "grossProfitMargin" : 26.77,
    "grossProfit" : 376.72,
    "operatingProfitMargin" : 11.13,
    "operatingProfit" : 156.63,
    "netProfitMargin" : 7.76,
    "netProfit" : 109.20
  }, {
    "date" : "2022-06-30",
    "sales" : 1558.59,
    "salesGrowthYoY" : 63.41,
    "grossProfitMargin" : 27.21,
    "grossProfit" : 424.09,
    "operatingProfitMargin" : 11.28,
    "operatingProfit" : 175.81,
    "netProfitMargin" : 7.92,
    "netProfit" : 123.44
  }, {
    "date" : "2022-09-30",
    "sales" : 1588.05,
    "salesGrowthYoY" : 17.47,
    "grossProfitMargin" : 30.61,
    "grossProfit" : 486.10,
    "operatingProfitMargin" : 15.26,
    "operatingProfit" : 242.34,
    "netProfitMargin" : 11.17,
    "netProfit" : 177.39
  }, {
    "date" : "2022-12-31",
    "sales" : 1645.27,
    "salesGrowthYoY" : 13.76,
    "grossProfitMargin" : 30.32,
    "grossProfit" : 498.85,
    "operatingProfitMargin" : 15.82,
    "operatingProfit" : 260.28,
    "netProfitMargin" : 12.44,
    "netProfit" : 204.67
  }, {
    "date" : "2023-03-31",
    "sales" : 1787.72,
    "salesGrowthYoY" : 27.04,
    "grossProfitMargin" : 28.98,
    "grossProfit" : 518.08,
    "operatingProfitMargin" : 14.44,
    "operatingProfit" : 258.15,
    "netProfitMargin" : 13.27,
    "netProfit" : 237.23
  }, {
    "date" : "2023-06-30",
    "sales" : 1766.01,
    "salesGrowthYoY" : 13.31,
    "grossProfitMargin" : 29.04,
    "grossProfit" : 512.85,
    "operatingProfitMargin" : 14.19,
    "operatingProfit" : 250.60,
    "netProfitMargin" : 10.88,
    "netProfit" : 192.14
  }, {
    "date" : "2023-09-30",
    "sales" : 1900.14,
    "salesGrowthYoY" : 19.65,
    "grossProfitMargin" : 30.40,
    "grossProfit" : 577.64,
    "operatingProfitMargin" : 15.52,
    "operatingProfit" : 294.90,
    "netProfitMargin" : 12.58,
    "netProfit" : 239.04
  }, {
    "date" : "2023-12-31",
    "sales" : 1860.22,
    "salesGrowthYoY" : 13.06,
    "grossProfitMargin" : 29.75,
    "grossProfit" : 553.42,
    "operatingProfitMargin" : 13.27,
    "operatingProfit" : 246.85,
    "netProfitMargin" : 11.64,
    "netProfit" : 216.53
  }, {
    "date" : "2024-03-31",
    "sales" : 2083.54,
    "salesGrowthYoY" : 16.55,
    "grossProfitMargin" : 30.56,
    "grossProfit" : 636.73,
    "operatingProfitMargin" : 13.47,
    "operatingProfit" : 280.65,
    "netProfitMargin" : 11.55,
    "netProfit" : 240.65
  }, {
    "date" : "2024-06-30",
    "sales" : 2106.41,
    "salesGrowthYoY" : 19.28,
    "grossProfitMargin" : 30.37,
    "grossProfit" : 639.72,
    "operatingProfitMargin" : 14.87,
    "operatingProfit" : 313.22,
    "netProfitMargin" : 11.02,
    "netProfit" : 232.13
  }, {
    "date" : "2024-09-30",
    "sales" : 2270.19,
    "salesGrowthYoY" : 19.47,
    "grossProfitMargin" : 28.48,
    "grossProfit" : 646.55,
    "operatingProfitMargin" : 12.59,
    "operatingProfit" : 285.82,
    "netProfitMargin" : 9.80,
    "netProfit" : 222.48
  }, {
    "date" : "2024-12-31",
    "sales" : 2388.97,
    "salesGrowthYoY" : 28.42,
    "grossProfitMargin" : 29.14,
    "grossProfit" : 696.15,
    "operatingProfitMargin" : 13.78,
    "operatingProfit" : 329.20,
    "netProfitMargin" : 10.22,
    "netProfit" : 244.15
  }, {
    "date" : "2025-03-31",
    "sales" : 2563.40,
    "salesGrowthYoY" : 23.03,
    "grossProfitMargin" : 28.76,
    "grossProfit" : 737.23,
    "operatingProfitMargin" : 13.18,
    "operatingProfit" : 337.86,
    "netProfitMargin" : 10.75,
    "netProfit" : 275.57
  }, {
    "date" : "2025-06-30",
    "sales" : 2643.49,
    "salesGrowthYoY" : 25.50,
    "grossProfitMargin" : 28.02,
    "grossProfit" : 740.71,
    "operatingProfitMargin" : 14.15,
    "operatingProfit" : 374.05,
    "netProfitMargin" : 10.83,
    "netProfit" : 286.29
  }, {
    "date" : "2025-09-30",
    "sales" : 2649.19,
    "salesGrowthYoY" : 16.69,
    "grossProfitMargin" : 28.38,
    "grossProfit" : 751.84,
    "operatingProfitMargin" : 13.98,
    "operatingProfit" : 370.36,
    "netProfitMargin" : 11.60,
    "netProfit" : 307.31
  } ],
  "latestQuarterlyResult" : {
    "date" : "2025-09-30",
    "sales" : 2649.19,
    "salesGrowthYoY" : 16.69,
    "grossProfitMargin" : 28.38,
    "grossProfit" : 751.84,
    "operatingProfitMargin" : 13.98,
    "operatingProfit" : 370.36,
    "netProfitMargin" : 11.60,
    "netProfit" : 307.31
  },
  "companyScore" : {
    "priceHigherThanDma50" : 0.00,
    "priceHigherThanDma100" : 0.00,
    "priceHigherThanDma200" : 0.00,
    "dma50HigherThanDma100" : 0.00,
    "dma50HigherThanDma200" : 5.00,
    "dma100HigherThanDma200" : 5.00,
    "pricePercentageAboveDma50" : 5.21,
    "pricePercentageAboveDma100" : 5.29,
    "pricePercentageAboveDma200" : 5.15,
    "weeklyVolumeHigherThanYearlyVolume" : 0.00,
    "salesGrowthPercentile" : 12.41,
    "operatingProfitMarginPercentile" : 18.71,
    "netProfitMarginPercentile" : 8.92,
    "totalTechnicalScore" : 25.64,
    "totalFundamentalScore" : 40.03,
    "totalScore" : 65.68
  }
}