{
  "metadata" : {
    "screenerCompanyId" : "2262",
    "companyCode" : "COFORGE",
    "companyName" : "Coforge",
    "screenerCompanyLink" : "https://www.screener.in/company/COFORGE",
    "screenerTechnicalHistoryLink" : "https://www.screener.in/api/company/2262/chart/?q=Price-DMA50-DMA200-Volume&days=365",
    "screenerQuarterlyResultsLink" : "https://www.screener.in/api/company/2262/chart/?q=GPM-OPM-NPM-Quarter+Sales&days=10000",
    "attributes" : {
      "companyCode" : "COFORGE",
      "companyName" : "Coforge",
      "marketCap" : 63922.00,
      "peRatio" : 91.30,
      "description" : "Coforge is an IT services company providing end-to-end software solutions and services. . It is among the top-20 Indian software exporters. Prominent global customers include British Airways, the ING group, SEI Investments, Sabre, and SITA. Over the years, Coforge has set up subsidiaries in the US, Singapore, Australia, UK, Germany and Thailand, mainly to market and mobilise projects for the software division. The company has business partnerships with large IT companies across the world."
    },
    "companyScore" : {
      "priceHigherThanDma50" : 5.00,
      "priceHigherThanDma100" : 5.00,
      "priceHigherThanDma200" : 5.00,
      "dma50HigherThanDma100" : 5.00,
      "dma50HigherThanDma200" : 5.00,
      "dma100HigherThanDma200" : 5.00,
      "pricePercentageAboveDma50" : 4.64,
      "pricePercentageAboveDma100" : 4.56,
      "pricePercentageAboveDma200" : 4.36,
      "weeklyVolumeHigherThanYearlyVolume" : 0.00,
      "salesGrowthPercentile" : 18.99,
      "operatingProfitMarginPercentile" : 5.06,
      "netProfitMarginPercentile" : 4.94,
      "totalTechnicalScore" : 43.56,
      "totalFundamentalScore" : 28.99,
      "totalScore" : 72.55
    }
  },
  "attributes" : {
    "companyCode" : "COFORGE",
    "companyName" : "Coforge",
    "marketCap" : 63922.00,
    "peRatio" : 91.30,
    "description" : "Coforge is an IT services company providing end-to-end software solutions and services. . It is among the top-20 Indian software exporters. Prominent global customers include British Airways, the ING group, SEI Investments, Sabre, and SITA. Over the years, Coforge has set up subsidiaries in the US, Singapore, Australia, UK, Germany and Thailand, mainly to market and mobilise projects for the software division. The company has business partnerships with large IT companies across the world."
  },
  "technicalHistory" : [ {
    "date" : "2024-12-02",
    "price" : 1742.14,
    "dma50" : 1537.14,
    "dma100" : null,
    "dma200" : 1301.52,
    "volume" : 1216465.00
  }, {
    "date" : "2024-12-03",
    "price" : 1743.65,
    "dma50" : 1545.24,
    "dma100" : null,
    "dma200" : 1305.92,
    "volume" : 1290785.00
  }, {
    "date" : "2024-12-04",
    "price" : 1753.18,
    "dma50" : 1553.39,
    "dma100" : null,
    "dma200" : 1310.37,
    "volume" : 1497795.00
  }, {
    "date" : "2024-12-05",
    "price" : 1763.56,
    "dma50" : 1561.63,
    "dma100" : null,
    "dma200" : 1314.88,
    "volume" : 1925175.00
  }, {
    "date" : "2024-12-06",
    "price" : 1780.29,
    "dma50" : 1570.21,
    "dma100" : null,
    "dma200" : 1319.51,
    "volume" : 1404290.00
  }, {
    "date" : "2024-12-09",
    "price" : 1783.72,
    "dma50" : 1578.58,
    "dma100" : null,
    "dma200" : 1324.13,
    "volume" : 1690550.00
  }, {
    "date" : "2024-12-10",
    "price" : 1801.71,
    "dma50" : 1587.33,
    "dma100" : null,
    "dma200" : 1328.88,
    "volume" : 2023370.00
  }, {
    "date" : "2024-12-11",
    "price" : 1799.24,
    "dma50" : 1595.64,
    "dma100" : null,
    "dma200" : 1333.56,
    "volume" : 1221635.00
  }, {
    "date" : "2024-12-12",
    "price" : 1839.19,
    "dma50" : 1605.19,
    "dma100" : null,
    "dma200" : 1338.59,
    "volume" : 3716430.00
  }, {
    "date" : "2024-12-13",
    "price" : 1860.15,
    "dma50" : 1615.19,
    "dma100" : null,
    "dma200" : 1343.78,
    "volume" : 2114350.00
  }, {
    "date" : "2024-12-16",
    "price" : 1856.94,
    "dma50" : 1624.67,
    "dma100" : null,
    "dma200" : 1348.89,
    "volume" : 1187390.00
  }, {
    "date" : "2024-12-17",
    "price" : 1880.59,
    "dma50" : 1634.71,
    "dma100" : null,
    "dma200" : 1354.18,
    "volume" : 1506455.00
  }, {
    "date" : "2024-12-18",
    "price" : 1894.27,
    "dma50" : 1644.89,
    "dma100" : null,
    "dma200" : 1359.55,
    "volume" : 2223980.00
  }, {
    "date" : "2024-12-19",
    "price" : 1931.42,
    "dma50" : 1656.12,
    "dma100" : null,
    "dma200" : 1365.24,
    "volume" : 3317715.00
  }, {
    "date" : "2024-12-20",
    "price" : 1874.09,
    "dma50" : 1664.67,
    "dma100" : null,
    "dma200" : 1370.31,
    "volume" : 2831460.00
  }, {
    "date" : "2024-12-23",
    "price" : 1881.27,
    "dma50" : 1673.17,
    "dma100" : null,
    "dma200" : 1375.39,
    "volume" : 1615635.00
  }, {
    "date" : "2024-12-24",
    "price" : 1878.74,
    "dma50" : 1681.23,
    "dma100" : null,
    "dma200" : 1380.40,
    "volume" : 1219820.00
  }, {
    "date" : "2024-12-26",
    "price" : 1898.65,
    "dma50" : 1689.75,
    "dma100" : null,
    "dma200" : 1385.55,
    "volume" : 1563295.00
  }, {
    "date" : "2024-12-27",
    "price" : 1890.22,
    "dma50" : 1697.61,
    "dma100" : null,
    "dma200" : 1390.58,
    "volume" : 1132510.00
  }, {
    "date" : "2024-12-30",
    "price" : 1963.59,
    "dma50" : 1708.05,
    "dma100" : null,
    "dma200" : 1396.28,
    "volume" : 6936735.00
  }, {
    "date" : "2024-12-31",
    "price" : 1932.59,
    "dma50" : 1716.85,
    "dma100" : null,
    "dma200" : 1401.61,
    "volume" : 1857870.00
  }, {
    "date" : "2025-01-01",
    "price" : 1925.71,
    "dma50" : 1725.04,
    "dma100" : null,
    "dma200" : 1406.83,
    "volume" : 830785.00
  }, {
    "date" : "2025-01-02",
    "price" : 1939.33,
    "dma50" : 1733.44,
    "dma100" : null,
    "dma200" : 1412.13,
    "volume" : 1939240.00
  }, {
    "date" : "2025-01-03",
    "price" : 1933.93,
    "dma50" : 1741.31,
    "dma100" : null,
    "dma200" : 1417.32,
    "volume" : 1533670.00
  }, {
    "date" : "2025-01-06",
    "price" : 1926.35,
    "dma50" : 1748.56,
    "dma100" : null,
    "dma200" : 1422.39,
    "volume" : 1688720.00
  }, {
    "date" : "2025-01-07",
    "price" : 1924.04,
    "dma50" : 1755.44,
    "dma100" : null,
    "dma200" : 1427.38,
    "volume" : 3062145.00
  }, {
    "date" : "2025-01-08",
    "price" : 1911.60,
    "dma50" : 1761.57,
    "dma100" : null,
    "dma200" : 1432.19,
    "volume" : 1246135.00
  }, {
    "date" : "2025-01-09",
    "price" : 1856.60,
    "dma50" : 1765.30,
    "dma100" : null,
    "dma200" : 1436.42,
    "volume" : 1265865.00
  }, {
    "date" : "2025-01-10",
    "price" : 1880.83,
    "dma50" : 1769.83,
    "dma100" : null,
    "dma200" : 1440.84,
    "volume" : 3213040.00
  }, {
    "date" : "2025-01-13",
    "price" : 1741.11,
    "dma50" : 1768.70,
    "dma100" : null,
    "dma200" : 1443.83,
    "volume" : 4338150.00
  }, {
    "date" : "2025-01-14",
    "price" : 1718.48,
    "dma50" : 1766.73,
    "dma100" : null,
    "dma200" : 1446.56,
    "volume" : 4340125.00
  }, {
    "date" : "2025-01-15",
    "price" : 1716.67,
    "dma50" : 1764.77,
    "dma100" : null,
    "dma200" : 1449.25,
    "volume" : 3370895.00
  }, {
    "date" : "2025-01-16",
    "price" : 1746.27,
    "dma50" : 1764.04,
    "dma100" : null,
    "dma200" : 1452.20,
    "volume" : 1918285.00
  }, {
    "date" : "2025-01-17",
    "price" : 1728.31,
    "dma50" : 1762.64,
    "dma100" : null,
    "dma200" : 1454.95,
    "volume" : 1550895.00
  }, {
    "date" : "2025-01-20",
    "price" : 1732.42,
    "dma50" : 1761.46,
    "dma100" : null,
    "dma200" : 1457.71,
    "volume" : 1785200.00
  }, {
    "date" : "2025-01-21",
    "price" : 1652.22,
    "dma50" : 1757.17,
    "dma100" : null,
    "dma200" : 1459.65,
    "volume" : 2437445.00
  }, {
    "date" : "2025-01-22",
    "price" : 1645.64,
    "dma50" : 1752.80,
    "dma100" : null,
    "dma200" : 1461.50,
    "volume" : 1788040.00
  }, {
    "date" : "2025-01-23",
    "price" : 1839.29,
    "dma50" : 1756.19,
    "dma100" : null,
    "dma200" : 1465.26,
    "volume" : 12054130.00
  }, {
    "date" : "2025-01-24",
    "price" : 1846.92,
    "dma50" : 1759.75,
    "dma100" : null,
    "dma200" : 1469.05,
    "volume" : 4291425.00
  }, {
    "date" : "2025-01-27",
    "price" : 1760.34,
    "dma50" : 1759.77,
    "dma100" : null,
    "dma200" : 1471.95,
    "volume" : 2834815.00
  }, {
    "date" : "2025-01-28",
    "price" : 1699.76,
    "dma50" : 1757.42,
    "dma100" : null,
    "dma200" : 1474.22,
    "volume" : 4605050.00
  }, {
    "date" : "2025-01-29",
    "price" : 1749.31,
    "dma50" : 1757.10,
    "dma100" : null,
    "dma200" : 1476.96,
    "volume" : 1935345.00
  }, {
    "date" : "2025-01-30",
    "price" : 1665.47,
    "dma50" : 1753.51,
    "dma100" : null,
    "dma200" : 1478.83,
    "volume" : 2809310.00
  }, {
    "date" : "2025-01-31",
    "price" : 1652.77,
    "dma50" : 1749.56,
    "dma100" : null,
    "dma200" : 1480.56,
    "volume" : 1882615.00
  }, {
    "date" : "2025-02-01",
    "price" : 1615.27,
    "dma50" : 1744.29,
    "dma100" : null,
    "dma200" : 1481.90,
    "volume" : 963175.00
  }, {
    "date" : "2025-02-03",
    "price" : 1668.82,
    "dma50" : 1741.33,
    "dma100" : null,
    "dma200" : 1483.76,
    "volume" : 2121145.00
  }, {
    "date" : "2025-02-04",
    "price" : 1691.81,
    "dma50" : 1739.39,
    "dma100" : null,
    "dma200" : 1485.83,
    "volume" : 2412035.00
  }, {
    "date" : "2025-02-05",
    "price" : 1700.43,
    "dma50" : 1737.86,
    "dma100" : null,
    "dma200" : 1487.97,
    "volume" : 1511225.00
  }, {
    "date" : "2025-02-06",
    "price" : 1704.27,
    "dma50" : 1736.54,
    "dma100" : null,
    "dma200" : 1490.12,
    "volume" : 1240725.00
  }, {
    "date" : "2025-02-07",
    "price" : 1707.17,
    "dma50" : 1735.39,
    "dma100" : null,
    "dma200" : 1492.28,
    "volume" : 1531455.00
  }, {
    "date" : "2025-02-10",
    "price" : 1682.89,
    "dma50" : 1733.33,
    "dma100" : null,
    "dma200" : 1494.18,
    "volume" : 1380345.00
  }, {
    "date" : "2025-02-11",
    "price" : 1619.35,
    "dma50" : 1728.86,
    "dma100" : null,
    "dma200" : 1495.42,
    "volume" : 1298430.00
  }, {
    "date" : "2025-02-12",
    "price" : 1600.88,
    "dma50" : 1723.84,
    "dma100" : null,
    "dma200" : 1496.47,
    "volume" : 5885800.00
  }, {
    "date" : "2025-02-13",
    "price" : 1575.09,
    "dma50" : 1718.01,
    "dma100" : null,
    "dma200" : 1497.25,
    "volume" : 1758655.00
  }, {
    "date" : "2025-02-14",
    "price" : 1558.67,
    "dma50" : 1711.76,
    "dma100" : null,
    "dma200" : 1497.87,
    "volume" : 2419985.00
  }, {
    "date" : "2025-02-17",
    "price" : 1536.79,
    "dma50" : 1704.90,
    "dma100" : null,
    "dma200" : 1498.25,
    "volume" : 2488135.00
  }, {
    "date" : "2025-02-18",
    "price" : 1538.45,
    "dma50" : 1698.37,
    "dma100" : null,
    "dma200" : 1498.65,
    "volume" : 2716445.00
  }, {
    "date" : "2025-02-19",
    "price" : 1554.93,
    "dma50" : 1692.75,
    "dma100" : null,
    "dma200" : 1499.21,
    "volume" : 2069440.00
  }, {
    "date" : "2025-02-20",
    "price" : 1558.67,
    "dma50" : 1687.49,
    "dma100" : null,
    "dma200" : 1499.80,
    "volume" : 3008440.00
  }, {
    "date" : "2025-02-21",
    "price" : 1499.24,
    "dma50" : 1680.11,
    "dma100" : null,
    "dma200" : 1499.80,
    "volume" : 3160095.00
  }, {
    "date" : "2025-02-24",
    "price" : 1525.68,
    "dma50" : 1674.05,
    "dma100" : null,
    "dma200" : 1500.06,
    "volume" : 3354800.00
  }, {
    "date" : "2025-02-25",
    "price" : 1526.75,
    "dma50" : 1668.27,
    "dma100" : null,
    "dma200" : 1500.32,
    "volume" : 1304255.00
  }, {
    "date" : "2025-02-27",
    "price" : 1497.80,
    "dma50" : 1661.59,
    "dma100" : null,
    "dma200" : 1500.30,
    "volume" : 1410360.00
  }, {
    "date" : "2025-02-28",
    "price" : 1472.43,
    "dma50" : 1654.17,
    "dma100" : null,
    "dma200" : 1500.02,
    "volume" : 7484520.00
  }, {
    "date" : "2025-03-03",
    "price" : 1471.41,
    "dma50" : 1647.00,
    "dma100" : null,
    "dma200" : 1499.73,
    "volume" : 1754650.00
  }, {
    "date" : "2025-03-04",
    "price" : 1442.48,
    "dma50" : 1638.98,
    "dma100" : null,
    "dma200" : 1499.17,
    "volume" : 2167305.00
  }, {
    "date" : "2025-03-05",
    "price" : 1562.84,
    "dma50" : 1636.00,
    "dma100" : null,
    "dma200" : 1499.80,
    "volume" : 17529630.00
  }, {
    "date" : "2025-03-06",
    "price" : 1525.03,
    "dma50" : 1631.65,
    "dma100" : null,
    "dma200" : 1500.05,
    "volume" : 5384830.00
  }, {
    "date" : "2025-03-07",
    "price" : 1541.45,
    "dma50" : 1628.11,
    "dma100" : null,
    "dma200" : 1500.46,
    "volume" : 3597805.00
  }, {
    "date" : "2025-03-10",
    "price" : 1506.91,
    "dma50" : 1623.36,
    "dma100" : null,
    "dma200" : 1500.53,
    "volume" : 1415215.00
  }, {
    "date" : "2025-03-11",
    "price" : 1526.42,
    "dma50" : 1619.55,
    "dma100" : null,
    "dma200" : 1500.78,
    "volume" : 3019210.00
  }, {
    "date" : "2025-03-12",
    "price" : 1480.06,
    "dma50" : 1614.08,
    "dma100" : null,
    "dma200" : 1500.58,
    "volume" : 3907860.00
  }, {
    "date" : "2025-03-13",
    "price" : 1458.45,
    "dma50" : 1607.98,
    "dma100" : null,
    "dma200" : 1500.16,
    "volume" : 1495690.00
  }, {
    "date" : "2025-03-17",
    "price" : 1473.01,
    "dma50" : 1602.69,
    "dma100" : null,
    "dma200" : 1499.89,
    "volume" : 2105340.00
  }, {
    "date" : "2025-03-18",
    "price" : 1513.20,
    "dma50" : 1599.18,
    "dma100" : null,
    "dma200" : 1500.02,
    "volume" : 1549070.00
  }, {
    "date" : "2025-03-19",
    "price" : 1510.09,
    "dma50" : 1595.68,
    "dma100" : null,
    "dma200" : 1500.12,
    "volume" : 2032755.00
  }, {
    "date" : "2025-03-20",
    "price" : 1515.66,
    "dma50" : 1592.55,
    "dma100" : null,
    "dma200" : 1500.28,
    "volume" : 1873710.00
  }, {
    "date" : "2025-03-21",
    "price" : 1549.36,
    "dma50" : 1590.85,
    "dma100" : null,
    "dma200" : 1500.76,
    "volume" : 5809235.00
  }, {
    "date" : "2025-03-24",
    "price" : 1553.91,
    "dma50" : 1589.40,
    "dma100" : null,
    "dma200" : 1501.29,
    "volume" : 2865875.00
  }, {
    "date" : "2025-03-25",
    "price" : 1591.64,
    "dma50" : 1589.49,
    "dma100" : null,
    "dma200" : 1502.19,
    "volume" : 4689005.00
  }, {
    "date" : "2025-03-26",
    "price" : 1605.44,
    "dma50" : 1590.12,
    "dma100" : null,
    "dma200" : 1503.22,
    "volume" : 3368530.00
  }, {
    "date" : "2025-03-27",
    "price" : 1621.52,
    "dma50" : 1591.35,
    "dma100" : null,
    "dma200" : 1504.40,
    "volume" : 2751675.00
  }, {
    "date" : "2025-03-28",
    "price" : 1621.84,
    "dma50" : 1592.54,
    "dma100" : null,
    "dma200" : 1505.56,
    "volume" : 2574640.00
  }, {
    "date" : "2025-04-01",
    "price" : 1556.16,
    "dma50" : 1591.12,
    "dma100" : null,
    "dma200" : 1506.07,
    "volume" : 2288115.00
  }, {
    "date" : "2025-04-02",
    "price" : 1552.31,
    "dma50" : 1589.60,
    "dma100" : null,
    "dma200" : 1506.53,
    "volume" : 2540355.00
  }, {
    "date" : "2025-04-03",
    "price" : 1431.48,
    "dma50" : 1583.40,
    "dma100" : null,
    "dma200" : 1505.78,
    "volume" : 6587915.00
  }, {
    "date" : "2025-04-04",
    "price" : 1321.58,
    "dma50" : 1573.13,
    "dma100" : null,
    "dma200" : 1503.95,
    "volume" : 11931320.00
  }, {
    "date" : "2025-04-07",
    "price" : 1268.14,
    "dma50" : 1561.17,
    "dma100" : null,
    "dma200" : 1501.60,
    "volume" : 11982660.00
  }, {
    "date" : "2025-04-08",
    "price" : 1294.52,
    "dma50" : 1550.71,
    "dma100" : null,
    "dma200" : 1499.54,
    "volume" : 4243385.00
  }, {
    "date" : "2025-04-09",
    "price" : 1264.73,
    "dma50" : 1539.50,
    "dma100" : null,
    "dma200" : 1497.21,
    "volume" : 5578565.00
  }, {
    "date" : "2025-04-11",
    "price" : 1263.33,
    "dma50" : 1528.67,
    "dma100" : null,
    "dma200" : 1494.88,
    "volume" : 8615260.00
  }, {
    "date" : "2025-04-15",
    "price" : 1293.20,
    "dma50" : 1519.43,
    "dma100" : null,
    "dma200" : 1492.87,
    "volume" : 2876670.00
  }, {
    "date" : "2025-04-16",
    "price" : 1281.60,
    "dma50" : 1510.11,
    "dma100" : null,
    "dma200" : 1490.77,
    "volume" : 2351290.00
  }, {
    "date" : "2025-04-17",
    "price" : 1320.00,
    "dma50" : 1502.65,
    "dma100" : null,
    "dma200" : 1489.07,
    "volume" : 8991920.00
  }, {
    "date" : "2025-04-21",
    "price" : 1387.60,
    "dma50" : 1498.14,
    "dma100" : null,
    "dma200" : 1488.06,
    "volume" : 4905760.00
  }, {
    "date" : "2025-04-22",
    "price" : 1391.20,
    "dma50" : 1493.94,
    "dma100" : null,
    "dma200" : 1487.10,
    "volume" : 2240090.00
  }, {
    "date" : "2025-04-23",
    "price" : 1478.40,
    "dma50" : 1493.34,
    "dma100" : null,
    "dma200" : 1487.01,
    "volume" : 8494935.00
  }, {
    "date" : "2025-04-24",
    "price" : 1450.20,
    "dma50" : 1491.64,
    "dma100" : null,
    "dma200" : 1486.64,
    "volume" : 4003265.00
  }, {
    "date" : "2025-04-25",
    "price" : 1478.00,
    "dma50" : 1491.11,
    "dma100" : null,
    "dma200" : 1486.56,
    "volume" : 5279550.00
  }, {
    "date" : "2025-04-28",
    "price" : 1475.50,
    "dma50" : 1490.50,
    "dma100" : null,
    "dma200" : 1486.45,
    "volume" : 2356195.00
  }, {
    "date" : "2025-04-29",
    "price" : 1497.00,
    "dma50" : 1490.75,
    "dma100" : 1641.11,
    "dma200" : 1486.55,
    "volume" : 2978715.00
  }, {
    "date" : "2025-04-30",
    "price" : 1461.00,
    "dma50" : 1489.58,
    "dma100" : 1638.29,
    "dma200" : 1486.30,
    "volume" : 2071250.00
  }, {
    "date" : "2025-05-02",
    "price" : 1476.40,
    "dma50" : 1489.07,
    "dma100" : 1635.52,
    "dma200" : 1486.20,
    "volume" : 2447705.00
  }, {
    "date" : "2025-05-05",
    "price" : 1499.30,
    "dma50" : 1489.47,
    "dma100" : 1632.88,
    "dma200" : 1486.33,
    "volume" : 2552695.00
  }, {
    "date" : "2025-05-06",
    "price" : 1485.20,
    "dma50" : 1489.30,
    "dma100" : 1629.93,
    "dma200" : 1486.32,
    "volume" : 12014245.00
  }, {
    "date" : "2025-05-07",
    "price" : 1520.00,
    "dma50" : 1490.51,
    "dma100" : 1627.29,
    "dma200" : 1486.65,
    "volume" : 3077560.00
  }, {
    "date" : "2025-05-08",
    "price" : 1550.90,
    "dma50" : 1492.87,
    "dma100" : 1624.78,
    "dma200" : 1487.29,
    "volume" : 6042750.00
  }, {
    "date" : "2025-05-09",
    "price" : 1536.20,
    "dma50" : 1494.57,
    "dma100" : 1622.15,
    "dma200" : 1487.78,
    "volume" : 2900595.00
  }, {
    "date" : "2025-05-12",
    "price" : 1662.30,
    "dma50" : 1501.15,
    "dma100" : 1620.38,
    "dma200" : 1489.52,
    "volume" : 6502790.00
  }, {
    "date" : "2025-05-13",
    "price" : 1653.30,
    "dma50" : 1507.12,
    "dma100" : 1618.31,
    "dma200" : 1491.15,
    "volume" : 3188810.00
  }, {
    "date" : "2025-05-14",
    "price" : 1692.70,
    "dma50" : 1514.39,
    "dma100" : 1616.67,
    "dma200" : 1493.15,
    "volume" : 3276615.00
  }, {
    "date" : "2025-05-15",
    "price" : 1692.20,
    "dma50" : 1521.37,
    "dma100" : 1614.79,
    "dma200" : 1495.13,
    "volume" : 2683800.00
  }, {
    "date" : "2025-05-16",
    "price" : 1685.20,
    "dma50" : 1527.79,
    "dma100" : 1612.70,
    "dma200" : 1497.02,
    "volume" : 1247375.00
  }, {
    "date" : "2025-05-19",
    "price" : 1655.10,
    "dma50" : 1532.78,
    "dma100" : 1609.93,
    "dma200" : 1498.60,
    "volume" : 1442745.00
  }, {
    "date" : "2025-05-20",
    "price" : 1641.10,
    "dma50" : 1537.03,
    "dma100" : 1607.60,
    "dma200" : 1500.01,
    "volume" : 4238035.00
  }, {
    "date" : "2025-05-21",
    "price" : 1653.20,
    "dma50" : 1541.59,
    "dma100" : 1605.32,
    "dma200" : 1501.54,
    "volume" : 1177175.00
  }, {
    "date" : "2025-05-22",
    "price" : 1652.40,
    "dma50" : 1545.93,
    "dma100" : 1603.06,
    "dma200" : 1503.04,
    "volume" : 1648080.00
  }, {
    "date" : "2025-05-23",
    "price" : 1664.30,
    "dma50" : 1550.58,
    "dma100" : 1600.72,
    "dma200" : 1504.64,
    "volume" : 2031950.00
  }, {
    "date" : "2025-05-26",
    "price" : 1691.10,
    "dma50" : 1556.09,
    "dma100" : 1598.73,
    "dma200" : 1506.50,
    "volume" : 1397945.00
  }, {
    "date" : "2025-05-27",
    "price" : 1691.90,
    "dma50" : 1561.41,
    "dma100" : 1596.01,
    "dma200" : 1508.34,
    "volume" : 852570.00
  }, {
    "date" : "2025-05-28",
    "price" : 1693.40,
    "dma50" : 1566.59,
    "dma100" : 1593.62,
    "dma200" : 1510.19,
    "volume" : 1482405.00
  }, {
    "date" : "2025-05-29",
    "price" : 1726.10,
    "dma50" : 1572.84,
    "dma100" : 1591.62,
    "dma200" : 1512.33,
    "volume" : 2041865.00
  }, {
    "date" : "2025-05-30",
    "price" : 1710.10,
    "dma50" : 1578.23,
    "dma100" : 1589.33,
    "dma200" : 1514.30,
    "volume" : 1586370.00
  }, {
    "date" : "2025-06-02",
    "price" : 1717.10,
    "dma50" : 1583.67,
    "dma100" : 1587.16,
    "dma200" : 1516.32,
    "volume" : 1648380.00
  }, {
    "date" : "2025-06-03",
    "price" : 1699.80,
    "dma50" : 1588.23,
    "dma100" : 1584.89,
    "dma200" : 1518.15,
    "volume" : 961035.00
  }, {
    "date" : "2025-06-04",
    "price" : 1724.50,
    "dma50" : 1593.57,
    "dma100" : 1582.90,
    "dma200" : 1520.20,
    "volume" : 1863874.00
  }, {
    "date" : "2025-06-05",
    "price" : 1766.00,
    "dma50" : 1600.33,
    "dma100" : 1581.44,
    "dma200" : 1522.64,
    "volume" : 2542001.00
  }, {
    "date" : "2025-06-06",
    "price" : 1775.50,
    "dma50" : 1607.20,
    "dma100" : 1580.63,
    "dma200" : 1525.16,
    "volume" : 1250862.00
  }, {
    "date" : "2025-06-09",
    "price" : 1794.00,
    "dma50" : 1614.53,
    "dma100" : 1579.76,
    "dma200" : 1527.84,
    "volume" : 1469783.00
  }, {
    "date" : "2025-06-10",
    "price" : 1830.50,
    "dma50" : 1623.00,
    "dma100" : 1580.66,
    "dma200" : 1530.85,
    "volume" : 6804797.00
  }, {
    "date" : "2025-06-11",
    "price" : 1816.50,
    "dma50" : 1630.58,
    "dma100" : 1581.64,
    "dma200" : 1533.69,
    "volume" : 2360617.00
  }, {
    "date" : "2025-06-12",
    "price" : 1784.50,
    "dma50" : 1636.62,
    "dma100" : 1582.32,
    "dma200" : 1536.19,
    "volume" : 1692312.00
  }, {
    "date" : "2025-06-13",
    "price" : 1792.50,
    "dma50" : 1642.73,
    "dma100" : 1582.78,
    "dma200" : 1538.74,
    "volume" : 1409793.00
  }, {
    "date" : "2025-06-16",
    "price" : 1829.50,
    "dma50" : 1650.06,
    "dma100" : 1583.79,
    "dma200" : 1541.63,
    "volume" : 1445615.00
  }, {
    "date" : "2025-06-17",
    "price" : 1840.50,
    "dma50" : 1657.53,
    "dma100" : 1584.87,
    "dma200" : 1544.60,
    "volume" : 1428480.00
  }, {
    "date" : "2025-06-18",
    "price" : 1833.50,
    "dma50" : 1664.43,
    "dma100" : 1586.68,
    "dma200" : 1547.48,
    "volume" : 1277647.00
  }, {
    "date" : "2025-06-19",
    "price" : 1794.00,
    "dma50" : 1669.51,
    "dma100" : 1588.17,
    "dma200" : 1549.93,
    "volume" : 1401739.00
  }, {
    "date" : "2025-06-20",
    "price" : 1832.00,
    "dma50" : 1675.88,
    "dma100" : 1588.09,
    "dma200" : 1552.74,
    "volume" : 1813515.00
  }, {
    "date" : "2025-06-23",
    "price" : 1831.00,
    "dma50" : 1681.96,
    "dma100" : 1587.94,
    "dma200" : 1555.51,
    "volume" : 707249.00
  }, {
    "date" : "2025-06-24",
    "price" : 1862.00,
    "dma50" : 1689.02,
    "dma100" : 1588.95,
    "dma200" : 1558.56,
    "volume" : 1557277.00
  }, {
    "date" : "2025-06-25",
    "price" : 1880.00,
    "dma50" : 1696.51,
    "dma100" : 1590.75,
    "dma200" : 1561.75,
    "volume" : 1131435.00
  }, {
    "date" : "2025-06-26",
    "price" : 1888.00,
    "dma50" : 1704.02,
    "dma100" : 1592.14,
    "dma200" : 1565.00,
    "volume" : 2563698.00
  }, {
    "date" : "2025-06-27",
    "price" : 1899.50,
    "dma50" : 1711.69,
    "dma100" : 1594.48,
    "dma200" : 1568.33,
    "volume" : 4011405.00
  }, {
    "date" : "2025-06-30",
    "price" : 1924.50,
    "dma50" : 1720.03,
    "dma100" : 1597.20,
    "dma200" : 1571.87,
    "volume" : 1733295.00
  }, {
    "date" : "2025-07-01",
    "price" : 1922.50,
    "dma50" : 1727.97,
    "dma100" : 1600.27,
    "dma200" : 1575.36,
    "volume" : 2443035.00
  }, {
    "date" : "2025-07-02",
    "price" : 1926.10,
    "dma50" : 1735.74,
    "dma100" : 1602.84,
    "dma200" : 1578.85,
    "volume" : 1602933.00
  }, {
    "date" : "2025-07-03",
    "price" : 1938.30,
    "dma50" : 1743.69,
    "dma100" : 1605.31,
    "dma200" : 1582.43,
    "volume" : 1130165.00
  }, {
    "date" : "2025-07-04",
    "price" : 1950.60,
    "dma50" : 1751.80,
    "dma100" : 1607.81,
    "dma200" : 1586.09,
    "volume" : 951004.00
  }, {
    "date" : "2025-07-07",
    "price" : 1941.70,
    "dma50" : 1759.25,
    "dma100" : 1610.18,
    "dma200" : 1589.63,
    "volume" : 944553.00
  }, {
    "date" : "2025-07-08",
    "price" : 1949.60,
    "dma50" : 1766.71,
    "dma100" : 1612.61,
    "dma200" : 1593.21,
    "volume" : 1563661.00
  }, {
    "date" : "2025-07-09",
    "price" : 1931.30,
    "dma50" : 1773.17,
    "dma100" : 1615.09,
    "dma200" : 1596.58,
    "volume" : 1004103.00
  }, {
    "date" : "2025-07-10",
    "price" : 1887.70,
    "dma50" : 1777.66,
    "dma100" : 1617.78,
    "dma200" : 1599.47,
    "volume" : 1699939.00
  }, {
    "date" : "2025-07-11",
    "price" : 1867.80,
    "dma50" : 1781.19,
    "dma100" : 1620.45,
    "dma200" : 1602.14,
    "volume" : 2131355.00
  }, {
    "date" : "2025-07-14",
    "price" : 1875.00,
    "dma50" : 1784.87,
    "dma100" : 1623.44,
    "dma200" : 1604.86,
    "volume" : 1119233.00
  }, {
    "date" : "2025-07-15",
    "price" : 1893.90,
    "dma50" : 1789.15,
    "dma100" : 1626.80,
    "dma200" : 1607.73,
    "volume" : 1613107.00
  }, {
    "date" : "2025-07-16",
    "price" : 1882.40,
    "dma50" : 1792.80,
    "dma100" : 1630.25,
    "dma200" : 1610.47,
    "volume" : 1280464.00
  }, {
    "date" : "2025-07-17",
    "price" : 1865.30,
    "dma50" : 1795.65,
    "dma100" : 1633.52,
    "dma200" : 1613.00,
    "volume" : 862287.00
  }, {
    "date" : "2025-07-18",
    "price" : 1859.30,
    "dma50" : 1798.14,
    "dma100" : 1636.57,
    "dma200" : 1615.45,
    "volume" : 1107988.00
  }, {
    "date" : "2025-07-21",
    "price" : 1874.30,
    "dma50" : 1801.13,
    "dma100" : 1639.72,
    "dma200" : 1618.03,
    "volume" : 786813.00
  }, {
    "date" : "2025-07-22",
    "price" : 1858.40,
    "dma50" : 1803.38,
    "dma100" : 1643.31,
    "dma200" : 1620.42,
    "volume" : 1030405.00
  }, {
    "date" : "2025-07-23",
    "price" : 1849.70,
    "dma50" : 1805.19,
    "dma100" : 1646.55,
    "dma200" : 1622.70,
    "volume" : 1641783.00
  }, {
    "date" : "2025-07-24",
    "price" : 1676.00,
    "dma50" : 1800.13,
    "dma100" : 1648.05,
    "dma200" : 1623.23,
    "volume" : 11913744.00
  }, {
    "date" : "2025-07-25",
    "price" : 1688.80,
    "dma50" : 1795.76,
    "dma100" : 1649.96,
    "dma200" : 1623.88,
    "volume" : 5144088.00
  }, {
    "date" : "2025-07-28",
    "price" : 1724.70,
    "dma50" : 1792.97,
    "dma100" : 1652.48,
    "dma200" : 1624.89,
    "volume" : 2247092.00
  }, {
    "date" : "2025-07-29",
    "price" : 1720.50,
    "dma50" : 1790.13,
    "dma100" : 1654.97,
    "dma200" : 1625.84,
    "volume" : 3608279.00
  }, {
    "date" : "2025-07-30",
    "price" : 1749.50,
    "dma50" : 1788.54,
    "dma100" : 1658.04,
    "dma200" : 1627.07,
    "volume" : 1993799.00
  }, {
    "date" : "2025-07-31",
    "price" : 1748.20,
    "dma50" : 1786.96,
    "dma100" : 1659.89,
    "dma200" : 1628.27,
    "volume" : 2900859.00
  }, {
    "date" : "2025-08-01",
    "price" : 1706.30,
    "dma50" : 1783.79,
    "dma100" : 1661.71,
    "dma200" : 1629.05,
    "volume" : 1197679.00
  }, {
    "date" : "2025-08-04",
    "price" : 1746.50,
    "dma50" : 1782.33,
    "dma100" : 1663.76,
    "dma200" : 1630.22,
    "volume" : 1473587.00
  }, {
    "date" : "2025-08-05",
    "price" : 1706.70,
    "dma50" : 1779.37,
    "dma100" : 1665.75,
    "dma200" : 1630.98,
    "volume" : 1999773.00
  }, {
    "date" : "2025-08-06",
    "price" : 1638.30,
    "dma50" : 1773.83,
    "dma100" : 1666.87,
    "dma200" : 1631.05,
    "volume" : 2568207.00
  }, {
    "date" : "2025-08-07",
    "price" : 1704.10,
    "dma50" : 1771.10,
    "dma100" : 1669.11,
    "dma200" : 1631.78,
    "volume" : 2541358.00
  }, {
    "date" : "2025-08-08",
    "price" : 1606.80,
    "dma50" : 1764.66,
    "dma100" : 1670.60,
    "dma200" : 1631.53,
    "volume" : 3595039.00
  }, {
    "date" : "2025-08-11",
    "price" : 1613.90,
    "dma50" : 1758.74,
    "dma100" : 1672.01,
    "dma200" : 1631.36,
    "volume" : 1890533.00
  }, {
    "date" : "2025-08-12",
    "price" : 1625.40,
    "dma50" : 1753.51,
    "dma100" : 1673.13,
    "dma200" : 1631.30,
    "volume" : 1216876.00
  }, {
    "date" : "2025-08-13",
    "price" : 1621.70,
    "dma50" : 1748.35,
    "dma100" : 1674.24,
    "dma200" : 1631.20,
    "volume" : 896816.00
  }, {
    "date" : "2025-08-14",
    "price" : 1642.00,
    "dma50" : 1744.17,
    "dma100" : 1675.51,
    "dma200" : 1631.31,
    "volume" : 1288517.00
  }, {
    "date" : "2025-08-18",
    "price" : 1655.50,
    "dma50" : 1740.70,
    "dma100" : 1676.57,
    "dma200" : 1631.55,
    "volume" : 1072807.00
  }, {
    "date" : "2025-08-19",
    "price" : 1652.70,
    "dma50" : 1737.25,
    "dma100" : 1677.56,
    "dma200" : 1631.76,
    "volume" : 878081.00
  }, {
    "date" : "2025-08-20",
    "price" : 1708.40,
    "dma50" : 1736.12,
    "dma100" : 1678.72,
    "dma200" : 1632.52,
    "volume" : 2268166.00
  }, {
    "date" : "2025-08-21",
    "price" : 1728.20,
    "dma50" : 1735.80,
    "dma100" : 1679.95,
    "dma200" : 1633.47,
    "volume" : 2384199.00
  }, {
    "date" : "2025-08-22",
    "price" : 1747.70,
    "dma50" : 1736.27,
    "dma100" : 1681.21,
    "dma200" : 1634.61,
    "volume" : 2344446.00
  }, {
    "date" : "2025-08-25",
    "price" : 1764.00,
    "dma50" : 1737.36,
    "dma100" : 1682.64,
    "dma200" : 1635.90,
    "volume" : 2230992.00
  }, {
    "date" : "2025-08-26",
    "price" : 1739.30,
    "dma50" : 1737.43,
    "dma100" : 1684.47,
    "dma200" : 1636.93,
    "volume" : 1848288.00
  }, {
    "date" : "2025-08-28",
    "price" : 1737.20,
    "dma50" : 1737.43,
    "dma100" : 1686.32,
    "dma200" : 1637.93,
    "volume" : 1163818.00
  }, {
    "date" : "2025-08-29",
    "price" : 1724.30,
    "dma50" : 1736.91,
    "dma100" : 1689.24,
    "dma200" : 1638.78,
    "volume" : 880393.00
  }, {
    "date" : "2025-09-01",
    "price" : 1764.60,
    "dma50" : 1738.00,
    "dma100" : 1693.67,
    "dma200" : 1640.04,
    "volume" : 1081916.00
  }, {
    "date" : "2025-09-02",
    "price" : 1754.60,
    "dma50" : 1738.65,
    "dma100" : 1698.54,
    "dma200" : 1641.18,
    "volume" : 1113253.00
  }, {
    "date" : "2025-09-03",
    "price" : 1731.80,
    "dma50" : 1738.38,
    "dma100" : 1702.91,
    "dma200" : 1642.08,
    "volume" : 941420.00
  }, {
    "date" : "2025-09-04",
    "price" : 1692.50,
    "dma50" : 1736.58,
    "dma100" : 1707.19,
    "dma200" : 1642.58,
    "volume" : 1244279.00
  }, {
    "date" : "2025-09-05",
    "price" : 1658.30,
    "dma50" : 1733.51,
    "dma100" : 1711.14,
    "dma200" : 1642.74,
    "volume" : 1612676.00
  }, {
    "date" : "2025-09-08",
    "price" : 1662.40,
    "dma50" : 1730.72,
    "dma100" : 1714.83,
    "dma200" : 1642.93,
    "volume" : 1280619.00
  }, {
    "date" : "2025-09-09",
    "price" : 1696.60,
    "dma50" : 1729.38,
    "dma100" : 1718.98,
    "dma200" : 1643.47,
    "volume" : 1778712.00
  }, {
    "date" : "2025-09-10",
    "price" : 1768.60,
    "dma50" : 1730.92,
    "dma100" : 1723.47,
    "dma200" : 1644.71,
    "volume" : 3109594.00
  }, {
    "date" : "2025-09-11",
    "price" : 1771.00,
    "dma50" : 1732.49,
    "dma100" : 1727.30,
    "dma200" : 1645.97,
    "volume" : 952952.00
  }, {
    "date" : "2025-09-12",
    "price" : 1764.00,
    "dma50" : 1733.73,
    "dma100" : 1731.03,
    "dma200" : 1647.14,
    "volume" : 1173202.00
  }, {
    "date" : "2025-09-15",
    "price" : 1754.30,
    "dma50" : 1734.54,
    "dma100" : 1733.79,
    "dma200" : 1648.21,
    "volume" : 590093.00
  }, {
    "date" : "2025-09-16",
    "price" : 1779.60,
    "dma50" : 1736.30,
    "dma100" : 1737.08,
    "dma200" : 1649.52,
    "volume" : 801510.00
  }, {
    "date" : "2025-09-17",
    "price" : 1791.90,
    "dma50" : 1738.48,
    "dma100" : 1740.22,
    "dma200" : 1650.93,
    "volume" : 1277969.00
  }, {
    "date" : "2025-09-18",
    "price" : 1824.50,
    "dma50" : 1741.86,
    "dma100" : 1743.71,
    "dma200" : 1652.66,
    "volume" : 2189066.00
  }, {
    "date" : "2025-09-19",
    "price" : 1795.30,
    "dma50" : 1743.95,
    "dma100" : 1746.69,
    "dma200" : 1654.08,
    "volume" : 1511575.00
  }, {
    "date" : "2025-09-22",
    "price" : 1716.90,
    "dma50" : 1742.89,
    "dma100" : 1749.25,
    "dma200" : 1654.70,
    "volume" : 3037470.00
  }, {
    "date" : "2025-09-23",
    "price" : 1667.90,
    "dma50" : 1739.95,
    "dma100" : 1751.17,
    "dma200" : 1654.84,
    "volume" : 2108461.00
  }, {
    "date" : "2025-09-24",
    "price" : 1623.20,
    "dma50" : 1735.37,
    "dma100" : 1752.41,
    "dma200" : 1654.52,
    "volume" : 2698294.00
  }, {
    "date" : "2025-09-25",
    "price" : 1591.30,
    "dma50" : 1729.72,
    "dma100" : 1753.47,
    "dma200" : 1653.89,
    "volume" : 1519768.00
  }, {
    "date" : "2025-09-26",
    "price" : 1538.50,
    "dma50" : 1722.22,
    "dma100" : 1753.65,
    "dma200" : 1652.74,
    "volume" : 1952709.00
  }, {
    "date" : "2025-09-29",
    "price" : 1552.20,
    "dma50" : 1715.56,
    "dma100" : 1753.67,
    "dma200" : 1651.74,
    "volume" : 2582877.00
  }, {
    "date" : "2025-09-30",
    "price" : 1591.00,
    "dma50" : 1710.67,
    "dma100" : 1754.21,
    "dma200" : 1651.14,
    "volume" : 6735562.00
  }, {
    "date" : "2025-10-01",
    "price" : 1600.80,
    "dma50" : 1706.36,
    "dma100" : 1753.60,
    "dma200" : 1650.64,
    "volume" : 1634054.00
  }, {
    "date" : "2025-10-03",
    "price" : 1613.10,
    "dma50" : 1702.71,
    "dma100" : 1753.20,
    "dma200" : 1650.26,
    "volume" : 1467561.00
  }, {
    "date" : "2025-10-06",
    "price" : 1662.40,
    "dma50" : 1701.12,
    "dma100" : 1752.89,
    "dma200" : 1650.38,
    "volume" : 1484232.00
  }, {
    "date" : "2025-10-07",
    "price" : 1686.50,
    "dma50" : 1700.55,
    "dma100" : 1752.84,
    "dma200" : 1650.74,
    "volume" : 2010987.00
  }, {
    "date" : "2025-10-08",
    "price" : 1713.70,
    "dma50" : 1701.07,
    "dma100" : 1753.12,
    "dma200" : 1651.37,
    "volume" : 2834410.00
  }, {
    "date" : "2025-10-09",
    "price" : 1720.10,
    "dma50" : 1701.81,
    "dma100" : 1753.77,
    "dma200" : 1652.05,
    "volume" : 1189851.00
  }, {
    "date" : "2025-10-10",
    "price" : 1722.30,
    "dma50" : 1702.62,
    "dma100" : 1754.58,
    "dma200" : 1652.75,
    "volume" : 1415956.00
  }, {
    "date" : "2025-10-13",
    "price" : 1716.00,
    "dma50" : 1703.14,
    "dma100" : 1755.21,
    "dma200" : 1653.38,
    "volume" : 930413.00
  }, {
    "date" : "2025-10-14",
    "price" : 1700.50,
    "dma50" : 1703.04,
    "dma100" : 1755.69,
    "dma200" : 1653.85,
    "volume" : 892161.00
  }, {
    "date" : "2025-10-15",
    "price" : 1765.40,
    "dma50" : 1705.48,
    "dma100" : 1756.70,
    "dma200" : 1654.96,
    "volume" : 2736090.00
  }, {
    "date" : "2025-10-16",
    "price" : 1761.50,
    "dma50" : 1707.68,
    "dma100" : 1757.41,
    "dma200" : 1656.02,
    "volume" : 630379.00
  }, {
    "date" : "2025-10-17",
    "price" : 1734.90,
    "dma50" : 1708.75,
    "dma100" : 1757.84,
    "dma200" : 1656.81,
    "volume" : 1269908.00
  }, {
    "date" : "2025-10-20",
    "price" : 1747.40,
    "dma50" : 1710.26,
    "dma100" : 1758.38,
    "dma200" : 1657.71,
    "volume" : 473074.00
  }, {
    "date" : "2025-10-21",
    "price" : 1741.50,
    "dma50" : 1711.49,
    "dma100" : 1758.53,
    "dma200" : 1658.54,
    "volume" : 116685.00
  }, {
    "date" : "2025-10-23",
    "price" : 1754.70,
    "dma50" : 1713.18,
    "dma100" : 1758.98,
    "dma200" : 1659.50,
    "volume" : 2150452.00
  }, {
    "date" : "2025-10-24",
    "price" : 1760.00,
    "dma50" : 1715.02,
    "dma100" : 1759.41,
    "dma200" : 1660.50,
    "volume" : 1643110.00
  }, {
    "date" : "2025-10-27",
    "price" : 1830.60,
    "dma50" : 1719.55,
    "dma100" : 1760.71,
    "dma200" : 1662.19,
    "volume" : 7203491.00
  }, {
    "date" : "2025-10-28",
    "price" : 1809.80,
    "dma50" : 1723.09,
    "dma100" : 1761.57,
    "dma200" : 1663.66,
    "volume" : 2308194.00
  }, {
    "date" : "2025-10-29",
    "price" : 1797.40,
    "dma50" : 1726.00,
    "dma100" : 1761.88,
    "dma200" : 1664.99,
    "volume" : 1791285.00
  }, {
    "date" : "2025-10-30",
    "price" : 1807.70,
    "dma50" : 1729.21,
    "dma100" : 1762.20,
    "dma200" : 1666.41,
    "volume" : 1275445.00
  }, {
    "date" : "2025-10-31",
    "price" : 1778.10,
    "dma50" : 1731.13,
    "dma100" : 1762.04,
    "dma200" : 1667.52,
    "volume" : 725063.00
  }, {
    "date" : "2025-11-03",
    "price" : 1794.80,
    "dma50" : 1733.62,
    "dma100" : 1761.69,
    "dma200" : 1668.79,
    "volume" : 1093952.00
  }, {
    "date" : "2025-11-04",
    "price" : 1767.00,
    "dma50" : 1734.93,
    "dma100" : 1761.19,
    "dma200" : 1669.77,
    "volume" : 1097761.00
  }, {
    "date" : "2025-11-06",
    "price" : 1763.90,
    "dma50" : 1736.07,
    "dma100" : 1760.99,
    "dma200" : 1670.70,
    "volume" : 1477638.00
  }, {
    "date" : "2025-11-07",
    "price" : 1740.20,
    "dma50" : 1736.23,
    "dma100" : 1760.46,
    "dma200" : 1671.39,
    "volume" : 1423262.00
  }, {
    "date" : "2025-11-10",
    "price" : 1757.60,
    "dma50" : 1737.07,
    "dma100" : 1759.74,
    "dma200" : 1672.25,
    "volume" : 1440420.00
  }, {
    "date" : "2025-11-11",
    "price" : 1797.10,
    "dma50" : 1739.42,
    "dma100" : 1759.31,
    "dma200" : 1673.49,
    "volume" : 2214095.00
  }, {
    "date" : "2025-11-12",
    "price" : 1827.70,
    "dma50" : 1742.88,
    "dma100" : 1759.25,
    "dma200" : 1675.03,
    "volume" : 1272460.00
  }, {
    "date" : "2025-11-13",
    "price" : 1810.20,
    "dma50" : 1745.52,
    "dma100" : 1759.41,
    "dma200" : 1676.37,
    "volume" : 1576054.00
  }, {
    "date" : "2025-11-14",
    "price" : 1799.60,
    "dma50" : 1747.64,
    "dma100" : 1759.09,
    "dma200" : 1677.60,
    "volume" : 1666114.00
  }, {
    "date" : "2025-11-17",
    "price" : 1801.10,
    "dma50" : 1749.74,
    "dma100" : 1758.79,
    "dma200" : 1678.83,
    "volume" : 537767.00
  }, {
    "date" : "2025-11-18",
    "price" : 1784.30,
    "dma50" : 1751.10,
    "dma100" : 1758.01,
    "dma200" : 1679.88,
    "volume" : 797399.00
  }, {
    "date" : "2025-11-19",
    "price" : 1858.20,
    "dma50" : 1755.30,
    "dma100" : 1757.80,
    "dma200" : 1681.65,
    "volume" : 2378669.00
  }, {
    "date" : "2025-11-20",
    "price" : 1846.10,
    "dma50" : 1758.86,
    "dma100" : 1757.38,
    "dma200" : 1683.29,
    "volume" : 1800585.00
  }, {
    "date" : "2025-11-21",
    "price" : 1797.50,
    "dma50" : 1760.37,
    "dma100" : 1756.36,
    "dma200" : 1684.42,
    "volume" : 1422767.00
  }, {
    "date" : "2025-11-24",
    "price" : 1808.20,
    "dma50" : 1762.25,
    "dma100" : 1755.19,
    "dma200" : 1685.66,
    "volume" : 1460579.00
  }, {
    "date" : "2025-11-25",
    "price" : 1831.70,
    "dma50" : 1764.97,
    "dma100" : 1754.29,
    "dma200" : 1687.11,
    "volume" : 1627088.00
  }, {
    "date" : "2025-11-26",
    "price" : 1871.10,
    "dma50" : 1769.13,
    "dma100" : 1753.74,
    "dma200" : 1688.94,
    "volume" : 962474.00
  }, {
    "date" : "2025-11-27",
    "price" : 1910.20,
    "dma50" : 1774.67,
    "dma100" : 1753.46,
    "dma200" : 1691.14,
    "volume" : 1737604.00
  }, {
    "date" : "2025-11-28",
    "price" : 1908.70,
    "dma50" : 1779.92,
    "dma100" : 1753.04,
    "dma200" : 1693.31,
    "volume" : 1393621.00
  } ],
  "latestTechnicalAttributes" : {
    "date" : "2025-11-28",
    "price" : 1908.70,
    "dma50" : 1779.92,
    "dma100" : 1753.04,
    "dma200" : 1693.31,
    "volume" : 1393621.00
  },
  "quarterlyResults" : [ {
    "date" : "2005-03-31",
    "sales" : 48.32,
    "salesGrowthYoY" : null,
    "grossProfitMargin" : 100.00,
    "grossProfit" : 48.32,
    "operatingProfitMargin" : 32.95,
    "operatingProfit" : 15.92,
    "netProfitMargin" : 21.61,
    "netProfit" : 10.44
  }, {
    "date" : "2005-06-30",
    "sales" : 45.73,
    "salesGrowthYoY" : null,
    "grossProfitMargin" : 100.00,
    "grossProfit" : 45.73,
    "operatingProfitMargin" : 28.41,
    "operatingProfit" : 12.99,
    "netProfitMargin" : 20.23,
    "netProfit" : 9.25
  }, {
    "date" : "2005-09-30",
    "sales" : 54.02,
    "salesGrowthYoY" : null,
    "grossProfitMargin" : 100.00,
    "grossProfit" : 54.02,
    "operatingProfitMargin" : 31.91,
    "operatingProfit" : 17.24,
    "netProfitMargin" : 24.64,
    "netProfit" : 13.31
  }, {
    "date" : "2005-12-31",
    "sales" : 55.89,
    "salesGrowthYoY" : null,
    "grossProfitMargin" : 100.00,
    "grossProfit" : 55.89,
    "operatingProfitMargin" : 33.92,
    "operatingProfit" : 18.96,
    "netProfitMargin" : 26.52,
    "netProfit" : 14.82
  }, {
    "date" : "2006-03-31",
    "sales" : 64.45,
    "salesGrowthYoY" : 33.38,
    "grossProfitMargin" : 100.00,
    "grossProfit" : 64.45,
    "operatingProfitMargin" : 40.48,
    "operatingProfit" : 26.09,
    "netProfitMargin" : 34.79,
    "netProfit" : 22.42
  }, {
    "date" : "2006-06-30",
    "sales" : 63.62,
    "salesGrowthYoY" : 39.12,
    "grossProfitMargin" : 100.00,
    "grossProfit" : 63.62,
    "operatingProfitMargin" : 39.45,
    "operatingProfit" : 25.10,
    "netProfitMargin" : 34.97,
    "netProfit" : 22.25
  }, {
    "date" : "2006-09-30",
    "sales" : 68.72,
    "salesGrowthYoY" : 27.21,
    "grossProfitMargin" : 99.74,
    "grossProfit" : 68.54,
    "operatingProfitMargin" : 37.47,
    "operatingProfit" : 25.75,
    "netProfitMargin" : 31.36,
    "netProfit" : 21.55
  }, {
    "date" : "2006-12-31",
    "sales" : 76.69,
    "salesGrowthYoY" : 37.22,
    "grossProfitMargin" : 99.57,
    "grossProfit" : 76.36,
    "operatingProfitMargin" : 43.40,
    "operatingProfit" : 33.28,
    "netProfitMargin" : 39.25,
    "netProfit" : 30.10
  }, {
    "date" : "2007-03-31",
    "sales" : 88.13,
    "salesGrowthYoY" : 36.74,
    "grossProfitMargin" : 95.92,
    "grossProfit" : 84.53,
    "operatingProfitMargin" : 43.79,
    "operatingProfit" : 38.59,
    "netProfitMargin" : 41.72,
    "netProfit" : 36.77
  }, {
    "date" : "2007-06-30",
    "sales" : 84.98,
    "salesGrowthYoY" : 33.57,
    "grossProfitMargin" : 95.74,
    "grossProfit" : 81.36,
    "operatingProfitMargin" : 33.43,
    "operatingProfit" : 28.41,
    "netProfitMargin" : 33.97,
    "netProfit" : 28.87
  }, {
    "date" : "2007-09-30",
    "sales" : 117.48,
    "salesGrowthYoY" : 70.95,
    "grossProfitMargin" : 100.00,
    "grossProfit" : 117.48,
    "operatingProfitMargin" : 27.88,
    "operatingProfit" : 32.75,
    "netProfitMargin" : 26.50,
    "netProfit" : 31.13
  }, {
    "date" : "2007-12-31",
    "sales" : 118.37,
    "salesGrowthYoY" : 54.35,
    "grossProfitMargin" : 99.96,
    "grossProfit" : 118.32,
    "operatingProfitMargin" : 29.66,
    "operatingProfit" : 35.11,
    "netProfitMargin" : 24.11,
    "netProfit" : 28.54
  }, {
    "date" : "2008-03-31",
    "sales" : 123.88,
    "salesGrowthYoY" : 40.57,
    "grossProfitMargin" : 99.84,
    "grossProfit" : 123.68,
    "operatingProfitMargin" : 15.93,
    "operatingProfit" : 19.73,
    "netProfitMargin" : 44.04,
    "netProfit" : 54.56
  }, {
    "date" : "2008-06-30",
    "sales" : 124.26,
    "salesGrowthYoY" : 46.22,
    "grossProfitMargin" : 99.93,
    "grossProfit" : 124.17,
    "operatingProfitMargin" : 26.40,
    "operatingProfit" : 32.80,
    "netProfitMargin" : 19.67,
    "netProfit" : 24.44
  }, {
    "date" : "2008-09-30",
    "sales" : 134.09,
    "salesGrowthYoY" : 14.14,
    "grossProfitMargin" : 97.59,
    "grossProfit" : 130.86,
    "operatingProfitMargin" : 23.82,
    "operatingProfit" : 31.94,
    "netProfitMargin" : 21.89,
    "netProfit" : 29.35
  }, {
    "date" : "2008-12-31",
    "sales" : 128.28,
    "salesGrowthYoY" : 8.37,
    "grossProfitMargin" : 99.87,
    "grossProfit" : 128.11,
    "operatingProfitMargin" : 15.54,
    "operatingProfit" : 19.93,
    "netProfitMargin" : 9.37,
    "netProfit" : 12.02
  }, {
    "date" : "2009-03-31",
    "sales" : 115.44,
    "salesGrowthYoY" : -6.81,
    "grossProfitMargin" : 100.15,
    "grossProfit" : 115.61,
    "operatingProfitMargin" : -2.41,
    "operatingProfit" : -2.78,
    "netProfitMargin" : 19.66,
    "netProfit" : 22.70
  }, {
    "date" : "2009-06-30",
    "sales" : 116.49,
    "salesGrowthYoY" : -6.25,
    "grossProfitMargin" : 98.56,
    "grossProfit" : 114.81,
    "operatingProfitMargin" : 13.86,
    "operatingProfit" : 16.15,
    "netProfitMargin" : 8.84,
    "netProfit" : 10.30
  }, {
    "date" : "2009-09-30",
    "sales" : 117.65,
    "salesGrowthYoY" : -12.26,
    "grossProfitMargin" : 99.91,
    "grossProfit" : 117.54,
    "operatingProfitMargin" : 27.63,
    "operatingProfit" : 32.51,
    "netProfitMargin" : 22.15,
    "netProfit" : 26.06
  }, {
    "date" : "2009-12-31",
    "sales" : 129.31,
    "salesGrowthYoY" : 0.80,
    "grossProfitMargin" : 99.93,
    "grossProfit" : 129.22,
    "operatingProfitMargin" : 27.37,
    "operatingProfit" : 35.39,
    "netProfitMargin" : 22.53,
    "netProfit" : 29.13
  }, {
    "date" : "2010-03-31",
    "sales" : 130.13,
    "salesGrowthYoY" : 12.73,
    "grossProfitMargin" : 99.22,
    "grossProfit" : 129.11,
    "operatingProfitMargin" : 23.08,
    "operatingProfit" : 30.03,
    "netProfitMargin" : 22.73,
    "netProfit" : 29.58
  }, {
    "date" : "2010-06-30",
    "sales" : 186.50,
    "salesGrowthYoY" : 60.10,
    "grossProfitMargin" : 74.71,
    "grossProfit" : 139.33,
    "operatingProfitMargin" : 19.52,
    "operatingProfit" : 36.40,
    "netProfitMargin" : 15.45,
    "netProfit" : 28.81
  }, {
    "date" : "2010-09-30",
    "sales" : 203.92,
    "salesGrowthYoY" : 73.33,
    "grossProfitMargin" : 73.66,
    "grossProfit" : 150.21,
    "operatingProfitMargin" : 15.65,
    "operatingProfit" : 31.91,
    "netProfitMargin" : 13.15,
    "netProfit" : 26.82
  }, {
    "date" : "2010-12-31",
    "sales" : 174.04,
    "salesGrowthYoY" : 34.59,
    "grossProfitMargin" : 91.09,
    "grossProfit" : 158.53,
    "operatingProfitMargin" : 20.94,
    "operatingProfit" : 36.44,
    "netProfitMargin" : 17.25,
    "netProfit" : 30.02
  }, {
    "date" : "2011-03-31",
    "sales" : 164.82,
    "salesGrowthYoY" : 26.66,
    "grossProfitMargin" : 96.79,
    "grossProfit" : 159.53,
    "operatingProfitMargin" : 18.43,
    "operatingProfit" : 30.38,
    "netProfitMargin" : 22.80,
    "netProfit" : 37.58
  }, {
    "date" : "2011-06-30",
    "sales" : 176.20,
    "salesGrowthYoY" : -5.52,
    "grossProfitMargin" : 98.97,
    "grossProfit" : 174.39,
    "operatingProfitMargin" : 17.64,
    "operatingProfit" : 31.08,
    "netProfitMargin" : 9.78,
    "netProfit" : 17.23
  }, {
    "date" : "2011-09-30",
    "sales" : 190.87,
    "salesGrowthYoY" : -6.40,
    "grossProfitMargin" : 99.73,
    "grossProfit" : 190.35,
    "operatingProfitMargin" : 17.84,
    "operatingProfit" : 34.05,
    "netProfitMargin" : 14.72,
    "netProfit" : 28.10
  }, {
    "date" : "2011-12-31",
    "sales" : 218.37,
    "salesGrowthYoY" : 25.47,
    "grossProfitMargin" : 96.29,
    "grossProfit" : 210.27,
    "operatingProfitMargin" : 20.12,
    "operatingProfit" : 43.94,
    "netProfitMargin" : 17.23,
    "netProfit" : 37.63
  }, {
    "date" : "2012-03-31",
    "sales" : 242.02,
    "salesGrowthYoY" : 46.84,
    "grossProfitMargin" : 95.91,
    "grossProfit" : 232.12,
    "operatingProfitMargin" : 21.61,
    "operatingProfit" : 52.30,
    "netProfitMargin" : 12.47,
    "netProfit" : 30.18
  }, {
    "date" : "2012-06-30",
    "sales" : 243.68,
    "salesGrowthYoY" : 38.30,
    "grossProfitMargin" : 94.12,
    "grossProfit" : 229.35,
    "operatingProfitMargin" : 17.22,
    "operatingProfit" : 41.96,
    "netProfitMargin" : 18.22,
    "netProfit" : 44.40
  }, {
    "date" : "2012-09-30",
    "sales" : 256.40,
    "salesGrowthYoY" : 34.33,
    "grossProfitMargin" : 96.08,
    "grossProfit" : 246.35,
    "operatingProfitMargin" : 20.43,
    "operatingProfit" : 52.38,
    "netProfitMargin" : 10.89,
    "netProfit" : 27.92
  }, {
    "date" : "2012-12-31",
    "sales" : 286.55,
    "salesGrowthYoY" : 31.22,
    "grossProfitMargin" : 91.95,
    "grossProfit" : 263.48,
    "operatingProfitMargin" : 23.51,
    "operatingProfit" : 67.37,
    "netProfitMargin" : 17.19,
    "netProfit" : 49.26
  }, {
    "date" : "2013-03-31",
    "sales" : 321.67,
    "salesGrowthYoY" : 32.91,
    "grossProfitMargin" : 86.29,
    "grossProfit" : 277.57,
    "operatingProfitMargin" : 22.60,
    "operatingProfit" : 72.70,
    "netProfitMargin" : 14.39,
    "netProfit" : 46.29
  }, {
    "date" : "2013-06-30",
    "sales" : 324.27,
    "salesGrowthYoY" : 33.07,
    "grossProfitMargin" : 81.82,
    "grossProfit" : 265.32,
    "operatingProfitMargin" : 18.39,
    "operatingProfit" : 59.63,
    "netProfitMargin" : 25.02,
    "netProfit" : 81.13
  }, {
    "date" : "2013-09-30",
    "sales" : 333.75,
    "salesGrowthYoY" : 30.17,
    "grossProfitMargin" : 85.75,
    "grossProfit" : 286.19,
    "operatingProfitMargin" : 19.01,
    "operatingProfit" : 63.45,
    "netProfitMargin" : 16.90,
    "netProfit" : 56.40
  }, {
    "date" : "2013-12-31",
    "sales" : 328.35,
    "salesGrowthYoY" : 14.59,
    "grossProfitMargin" : 92.40,
    "grossProfit" : 303.40,
    "operatingProfitMargin" : 19.39,
    "operatingProfit" : 63.67,
    "netProfitMargin" : 12.07,
    "netProfit" : 39.63
  }, {
    "date" : "2014-03-31",
    "sales" : 322.11,
    "salesGrowthYoY" : 0.14,
    "grossProfitMargin" : 92.83,
    "grossProfit" : 299.01,
    "operatingProfitMargin" : 16.56,
    "operatingProfit" : 53.34,
    "netProfitMargin" : 9.70,
    "netProfit" : 31.24
  }, {
    "date" : "2014-06-30",
    "sales" : 331.64,
    "salesGrowthYoY" : 2.27,
    "grossProfitMargin" : 81.71,
    "grossProfit" : 270.98,
    "operatingProfitMargin" : 17.43,
    "operatingProfit" : 57.80,
    "netProfitMargin" : 13.51,
    "netProfit" : 44.80
  }, {
    "date" : "2014-09-30",
    "sales" : 319.20,
    "salesGrowthYoY" : -4.36,
    "grossProfitMargin" : 97.95,
    "grossProfit" : 312.66,
    "operatingProfitMargin" : 19.11,
    "operatingProfit" : 61.00,
    "netProfitMargin" : 11.54,
    "netProfit" : 36.84
  }, {
    "date" : "2014-12-31",
    "sales" : 332.15,
    "salesGrowthYoY" : 1.16,
    "grossProfitMargin" : 93.86,
    "grossProfit" : 311.76,
    "operatingProfitMargin" : 20.03,
    "operatingProfit" : 66.53,
    "netProfitMargin" : 13.35,
    "netProfit" : 44.34
  }, {
    "date" : "2015-03-31",
    "sales" : 363.10,
    "salesGrowthYoY" : 12.73,
    "grossProfitMargin" : 91.31,
    "grossProfit" : 331.55,
    "operatingProfitMargin" : 12.00,
    "operatingProfit" : 43.57,
    "netProfitMargin" : 6.90,
    "netProfit" : 25.05
  }, {
    "date" : "2015-06-30",
    "sales" : 362.73,
    "salesGrowthYoY" : 9.37,
    "grossProfitMargin" : 86.48,
    "grossProfit" : 313.69,
    "operatingProfitMargin" : 20.08,
    "operatingProfit" : 72.84,
    "netProfitMargin" : 19.81,
    "netProfit" : 71.86
  }, {
    "date" : "2015-09-30",
    "sales" : 374.09,
    "salesGrowthYoY" : 17.20,
    "grossProfitMargin" : 93.51,
    "grossProfit" : 349.81,
    "operatingProfitMargin" : 17.08,
    "operatingProfit" : 63.89,
    "netProfitMargin" : 10.89,
    "netProfit" : 40.74
  }, {
    "date" : "2015-12-31",
    "sales" : 382.54,
    "salesGrowthYoY" : 15.17,
    "grossProfitMargin" : 98.11,
    "grossProfit" : 375.31,
    "operatingProfitMargin" : 20.53,
    "operatingProfit" : 78.54,
    "netProfitMargin" : 12.87,
    "netProfit" : 49.23
  }, {
    "date" : "2016-03-31",
    "sales" : 364.86,
    "salesGrowthYoY" : 0.48,
    "grossProfitMargin" : 98.83,
    "grossProfit" : 360.59,
    "operatingProfitMargin" : 13.54,
    "operatingProfit" : 49.40,
    "netProfitMargin" : 8.31,
    "netProfit" : 30.32
  }, {
    "date" : "2016-06-30",
    "sales" : 367.80,
    "salesGrowthYoY" : 1.40,
    "grossProfitMargin" : 99.54,
    "grossProfit" : 366.11,
    "operatingProfitMargin" : 16.83,
    "operatingProfit" : 61.90,
    "netProfitMargin" : 12.72,
    "netProfit" : 46.78
  }, {
    "date" : "2016-09-30",
    "sales" : 385.80,
    "salesGrowthYoY" : 3.13,
    "grossProfitMargin" : 99.87,
    "grossProfit" : 385.30,
    "operatingProfitMargin" : 13.95,
    "operatingProfit" : 53.82,
    "netProfitMargin" : 7.41,
    "netProfit" : 28.59
  }, {
    "date" : "2016-12-31",
    "sales" : 383.00,
    "salesGrowthYoY" : 0.12,
    "grossProfitMargin" : 99.61,
    "grossProfit" : 381.51,
    "operatingProfitMargin" : 14.02,
    "operatingProfit" : 53.70,
    "netProfitMargin" : 7.36,
    "netProfit" : 28.19
  }, {
    "date" : "2017-03-31",
    "sales" : 458.50,
    "salesGrowthYoY" : 25.66,
    "grossProfitMargin" : 99.87,
    "grossProfit" : 457.90,
    "operatingProfitMargin" : 23.84,
    "operatingProfit" : 109.31,
    "netProfitMargin" : 16.49,
    "netProfit" : 75.61
  }, {
    "date" : "2017-06-30",
    "sales" : 404.60,
    "salesGrowthYoY" : 10.01,
    "grossProfitMargin" : 99.80,
    "grossProfit" : 403.79,
    "operatingProfitMargin" : 15.99,
    "operatingProfit" : 64.70,
    "netProfitMargin" : 25.93,
    "netProfit" : 104.91
  }, {
    "date" : "2017-09-30",
    "sales" : 418.90,
    "salesGrowthYoY" : 8.58,
    "grossProfitMargin" : 96.11,
    "grossProfit" : 402.60,
    "operatingProfitMargin" : 15.18,
    "operatingProfit" : 63.59,
    "netProfitMargin" : 10.91,
    "netProfit" : 45.70
  }, {
    "date" : "2017-12-31",
    "sales" : 412.20,
    "salesGrowthYoY" : 7.62,
    "grossProfitMargin" : 99.42,
    "grossProfit" : 409.81,
    "operatingProfitMargin" : 16.79,
    "operatingProfit" : 69.21,
    "netProfitMargin" : 9.58,
    "netProfit" : 39.49
  }, {
    "date" : "2018-03-31",
    "sales" : 410.20,
    "salesGrowthYoY" : -10.53,
    "grossProfitMargin" : 99.63,
    "grossProfit" : 408.68,
    "operatingProfitMargin" : 12.77,
    "operatingProfit" : 52.38,
    "netProfitMargin" : 8.80,
    "netProfit" : 36.10
  }, {
    "date" : "2018-06-30",
    "sales" : 444.80,
    "salesGrowthYoY" : 9.94,
    "grossProfitMargin" : 99.60,
    "grossProfit" : 443.02,
    "operatingProfitMargin" : 13.29,
    "operatingProfit" : 59.11,
    "netProfitMargin" : 30.46,
    "netProfit" : 135.49
  }, {
    "date" : "2018-09-30",
    "sales" : 485.20,
    "salesGrowthYoY" : 15.83,
    "grossProfitMargin" : 99.94,
    "grossProfit" : 484.91,
    "operatingProfitMargin" : 13.58,
    "operatingProfit" : 65.89,
    "netProfitMargin" : 10.86,
    "netProfit" : 52.69
  }, {
    "date" : "2018-12-31",
    "sales" : 521.40,
    "salesGrowthYoY" : 26.49,
    "grossProfitMargin" : 99.58,
    "grossProfit" : 519.21,
    "operatingProfitMargin" : 15.15,
    "operatingProfit" : 78.99,
    "netProfitMargin" : 9.09,
    "netProfit" : 47.40
  }, {
    "date" : "2019-03-31",
    "sales" : 547.80,
    "salesGrowthYoY" : 33.54,
    "grossProfitMargin" : 99.84,
    "grossProfit" : 546.92,
    "operatingProfitMargin" : 17.47,
    "operatingProfit" : 95.70,
    "netProfitMargin" : 11.57,
    "netProfit" : 63.38
  }, {
    "date" : "2019-06-30",
    "sales" : 538.20,
    "salesGrowthYoY" : 21.00,
    "grossProfitMargin" : 99.09,
    "grossProfit" : 533.30,
    "operatingProfitMargin" : 9.61,
    "operatingProfit" : 51.72,
    "netProfitMargin" : 20.74,
    "netProfit" : 111.62
  }, {
    "date" : "2019-09-30",
    "sales" : 544.10,
    "salesGrowthYoY" : 12.14,
    "grossProfitMargin" : 99.36,
    "grossProfit" : 540.62,
    "operatingProfitMargin" : 15.05,
    "operatingProfit" : 81.89,
    "netProfitMargin" : 10.73,
    "netProfit" : 58.38
  }, {
    "date" : "2019-12-31",
    "sales" : 590.60,
    "salesGrowthYoY" : 13.27,
    "grossProfitMargin" : 96.00,
    "grossProfit" : 566.98,
    "operatingProfitMargin" : 17.00,
    "operatingProfit" : 100.40,
    "netProfitMargin" : 22.88,
    "netProfit" : 135.13
  }, {
    "date" : "2020-03-31",
    "sales" : 558.10,
    "salesGrowthYoY" : 1.88,
    "grossProfitMargin" : 96.15,
    "grossProfit" : 536.61,
    "operatingProfitMargin" : 11.95,
    "operatingProfit" : 66.69,
    "netProfitMargin" : 21.04,
    "netProfit" : 117.42
  }, {
    "date" : "2020-06-30",
    "sales" : 576.50,
    "salesGrowthYoY" : 7.12,
    "grossProfitMargin" : 94.08,
    "grossProfit" : 542.37,
    "operatingProfitMargin" : 12.11,
    "operatingProfit" : 69.81,
    "netProfitMargin" : 18.80,
    "netProfit" : 108.38
  }, {
    "date" : "2020-09-30",
    "sales" : 608.40,
    "salesGrowthYoY" : 11.82,
    "grossProfitMargin" : 92.50,
    "grossProfit" : 562.77,
    "operatingProfitMargin" : 12.39,
    "operatingProfit" : 75.38,
    "netProfitMargin" : 7.33,
    "netProfit" : 44.60
  }, {
    "date" : "2020-12-31",
    "sales" : 612.30,
    "salesGrowthYoY" : 3.67,
    "grossProfitMargin" : 95.13,
    "grossProfit" : 582.48,
    "operatingProfitMargin" : 12.77,
    "operatingProfit" : 78.19,
    "netProfitMargin" : 8.00,
    "netProfit" : 48.98
  }, {
    "date" : "2021-03-31",
    "sales" : 615.20,
    "salesGrowthYoY" : 10.23,
    "grossProfitMargin" : 98.80,
    "grossProfit" : 607.82,
    "operatingProfitMargin" : 9.17,
    "operatingProfit" : 56.41,
    "netProfitMargin" : 6.16,
    "netProfit" : 37.90
  }, {
    "date" : "2021-06-30",
    "sales" : 736.90,
    "salesGrowthYoY" : 27.82,
    "grossProfitMargin" : 96.02,
    "grossProfit" : 707.57,
    "operatingProfitMargin" : 8.69,
    "operatingProfit" : 64.04,
    "netProfitMargin" : 23.30,
    "netProfit" : 171.70
  }, {
    "date" : "2021-09-30",
    "sales" : 812.10,
    "salesGrowthYoY" : 33.48,
    "grossProfitMargin" : 95.90,
    "grossProfit" : 778.80,
    "operatingProfitMargin" : 13.30,
    "operatingProfit" : 108.01,
    "netProfitMargin" : 15.55,
    "netProfit" : 126.28
  }, {
    "date" : "2021-12-31",
    "sales" : 879.90,
    "salesGrowthYoY" : 43.70,
    "grossProfitMargin" : 96.10,
    "grossProfit" : 845.58,
    "operatingProfitMargin" : 15.44,
    "operatingProfit" : 135.86,
    "netProfitMargin" : 18.89,
    "netProfit" : 166.21
  }, {
    "date" : "2022-03-31",
    "sales" : 884.30,
    "salesGrowthYoY" : 43.74,
    "grossProfitMargin" : 99.89,
    "grossProfit" : 883.33,
    "operatingProfitMargin" : 13.42,
    "operatingProfit" : 118.67,
    "netProfitMargin" : 20.39,
    "netProfit" : 180.31
  }, {
    "date" : "2022-06-30",
    "sales" : 971.90,
    "salesGrowthYoY" : 31.89,
    "grossProfitMargin" : 96.27,
    "grossProfit" : 935.65,
    "operatingProfitMargin" : 9.67,
    "operatingProfit" : 93.98,
    "netProfitMargin" : 13.85,
    "netProfit" : 134.61
  }, {
    "date" : "2022-09-30",
    "sales" : 1043.90,
    "salesGrowthYoY" : 28.54,
    "grossProfitMargin" : 100.00,
    "grossProfit" : 1043.90,
    "operatingProfitMargin" : 10.73,
    "operatingProfit" : 112.01,
    "netProfitMargin" : 11.21,
    "netProfit" : 117.02
  }, {
    "date" : "2022-12-31",
    "sales" : 1088.00,
    "salesGrowthYoY" : 23.65,
    "grossProfitMargin" : 100.00,
    "grossProfit" : 1088.00,
    "operatingProfitMargin" : 14.17,
    "operatingProfit" : 154.17,
    "netProfitMargin" : 22.03,
    "netProfit" : 239.69
  }, {
    "date" : "2023-03-31",
    "sales" : 1126.70,
    "salesGrowthYoY" : 27.41,
    "grossProfitMargin" : 99.98,
    "grossProfit" : 1126.47,
    "operatingProfitMargin" : 8.36,
    "operatingProfit" : 94.19,
    "netProfitMargin" : 25.73,
    "netProfit" : 289.90
  }, {
    "date" : "2023-06-30",
    "sales" : 1140.30,
    "salesGrowthYoY" : 17.33,
    "grossProfitMargin" : 99.99,
    "grossProfit" : 1140.19,
    "operatingProfitMargin" : 5.99,
    "operatingProfit" : 68.30,
    "netProfitMargin" : 18.50,
    "netProfit" : 210.96
  }, {
    "date" : "2023-09-30",
    "sales" : 1219.20,
    "salesGrowthYoY" : 16.79,
    "grossProfitMargin" : 100.00,
    "grossProfit" : 1219.20,
    "operatingProfitMargin" : 9.03,
    "operatingProfit" : 110.09,
    "netProfitMargin" : 6.29,
    "netProfit" : 76.69
  }, {
    "date" : "2023-12-31",
    "sales" : 1264.60,
    "salesGrowthYoY" : 16.23,
    "grossProfitMargin" : 100.00,
    "grossProfit" : 1264.60,
    "operatingProfitMargin" : 13.65,
    "operatingProfit" : 172.62,
    "netProfitMargin" : 32.42,
    "netProfit" : 409.98
  }, {
    "date" : "2024-03-31",
    "sales" : 1224.80,
    "salesGrowthYoY" : 8.71,
    "grossProfitMargin" : 100.00,
    "grossProfit" : 1224.80,
    "operatingProfitMargin" : 12.95,
    "operatingProfit" : 158.61,
    "netProfitMargin" : 24.01,
    "netProfit" : 294.07
  }, {
    "date" : "2024-06-30",
    "sales" : 1209.50,
    "salesGrowthYoY" : 6.07,
    "grossProfitMargin" : 100.00,
    "grossProfit" : 1209.50,
    "operatingProfitMargin" : 6.11,
    "operatingProfit" : 73.90,
    "netProfitMargin" : 6.71,
    "netProfit" : 81.16
  }, {
    "date" : "2024-09-30",
    "sales" : 1325.80,
    "salesGrowthYoY" : 8.74,
    "grossProfitMargin" : 100.00,
    "grossProfit" : 1325.80,
    "operatingProfitMargin" : 8.11,
    "operatingProfit" : 107.52,
    "netProfitMargin" : 17.31,
    "netProfit" : 229.50
  }, {
    "date" : "2024-12-31",
    "sales" : 1432.70,
    "salesGrowthYoY" : 13.29,
    "grossProfitMargin" : 100.00,
    "grossProfit" : 1432.70,
    "operatingProfitMargin" : 6.05,
    "operatingProfit" : 86.68,
    "netProfitMargin" : 7.39,
    "netProfit" : 105.88
  }, {
    "date" : "2025-03-31",
    "sales" : 1589.00,
    "salesGrowthYoY" : 29.74,
    "grossProfitMargin" : 100.00,
    "grossProfit" : 1589.00,
    "operatingProfitMargin" : 7.11,
    "operatingProfit" : 112.98,
    "netProfitMargin" : 6.98,
    "netProfit" : 110.91
  }, {
    "date" : "2025-06-30",
    "sales" : 1772.10,
    "salesGrowthYoY" : 46.52,
    "grossProfitMargin" : 100.00,
    "grossProfit" : 1772.10,
    "operatingProfitMargin" : 5.51,
    "operatingProfit" : 97.64,
    "netProfitMargin" : 8.50,
    "netProfit" : 150.63
  }, {
    "date" : "2025-09-30",
    "sales" : 1981.00,
    "salesGrowthYoY" : 49.42,
    "grossProfitMargin" : 100.00,
    "grossProfit" : 1981.00,
    "operatingProfitMargin" : 9.29,
    "operatingProfit" : 184.03,
    "netProfitMargin" : 16.77,
    "netProfit" : 332.21
  } ],
  "latestQuarterlyResult" : {
    "date" : "2025-09-30",
    "sales" : 1981.00,
    "salesGrowthYoY" : 49.42,
    "grossProfitMargin" : 100.00,
    "grossProfit" : 1981.00,
    "operatingProfitMargin" : 9.29,
    "operatingProfit" : 184.03,
    "netProfitMargin" : 16.77,
    "netProfit" : 332.21
  },
  "companyScore" : {
    "priceHigherThanDma50" : 5.00,
    "priceHigherThanDma100" : 5.00,
    "priceHigherThanDma200" : 5.00,
    "dma50HigherThanDma100" : 5.00,
    "dma50HigherThanDma200" : 5.00,
    "dma100HigherThanDma200" : 5.00,
    "pricePercentageAboveDma50" : 4.64,
    "pricePercentageAboveDma100" : 4.56,
    "pricePercentageAboveDma200" : 4.36,
    "weeklyVolumeHigherThanYearlyVolume" : 0.00,
    "salesGrowthPercentile" : 18.99,
    "operatingProfitMarginPercentile" : 5.06,
    "netProfitMarginPercentile" : 4.94,
    "totalTechnicalScore" : 43.56,
    "totalFundamentalScore" : 28.99,
    "totalScore" : 72.55
  }
}