{
  "metadata" : {
    "screenerCompanyId" : "697",
    "companyCode" : "CONFIPET",
    "companyName" : "Confidence Petro",
    "screenerCompanyLink" : "https://www.screener.in/company/CONFIPET/consolidated/",
    "screenerTechnicalHistoryLink" : "https://www.screener.in/api/company/697/chart/?q=Price-DMA50-DMA200-Volume&days=365",
    "screenerQuarterlyResultsLink" : "https://www.screener.in/api/company/697/chart/?q=GPM-OPM-NPM-Quarter+Sales&days=10000",
    "attributes" : {
      "companyCode" : "CONFIPET",
      "companyName" : "Confidence Petro",
      "marketCap" : 1080.00,
      "peRatio" : 12.80,
      "description" : "Confidence Petroleum India Ltd is engaged in manufacturing of LPG cylinders and is also a supplier of auto LPG in India with its network of bottling plants and Auto LPG dispensing stations across India. It also supplies packed LPG cylinders and is also engaged in LPG bottling catering to industrial and commercial customers.[1]"
    },
    "companyScore" : {
      "priceHigherThanDma50" : 0.00,
      "priceHigherThanDma100" : 0.00,
      "priceHigherThanDma200" : 0.00,
      "dma50HigherThanDma100" : 0.00,
      "dma50HigherThanDma200" : 0.00,
      "dma100HigherThanDma200" : 0.00,
      "pricePercentageAboveDma50" : 5.31,
      "pricePercentageAboveDma100" : 5.72,
      "pricePercentageAboveDma200" : 6.37,
      "weeklyVolumeHigherThanYearlyVolume" : 0.00,
      "salesGrowthPercentile" : 16.00,
      "operatingProfitMarginPercentile" : 1.43,
      "netProfitMarginPercentile" : 3.88,
      "totalTechnicalScore" : 17.40,
      "totalFundamentalScore" : 21.31,
      "totalScore" : 38.70
    }
  },
  "attributes" : {
    "companyCode" : "CONFIPET",
    "companyName" : "Confidence Petro",
    "marketCap" : 1080.00,
    "peRatio" : 12.80,
    "description" : "Confidence Petroleum India Ltd is engaged in manufacturing of LPG cylinders and is also a supplier of auto LPG in India with its network of bottling plants and Auto LPG dispensing stations across India. It also supplies packed LPG cylinders and is also engaged in LPG bottling catering to industrial and commercial customers.[1]"
  },
  "technicalHistory" : [ {
    "date" : "2025-02-17",
    "price" : 58.46,
    "dma50" : 69.64,
    "dma100" : null,
    "dma200" : 77.90,
    "volume" : 655429.00
  }, {
    "date" : "2025-02-18",
    "price" : 58.15,
    "dma50" : 69.19,
    "dma100" : null,
    "dma200" : 77.70,
    "volume" : 631858.00
  }, {
    "date" : "2025-02-19",
    "price" : 59.48,
    "dma50" : 68.81,
    "dma100" : null,
    "dma200" : 77.52,
    "volume" : 317879.00
  }, {
    "date" : "2025-02-20",
    "price" : 60.37,
    "dma50" : 68.48,
    "dma100" : null,
    "dma200" : 77.35,
    "volume" : 273983.00
  }, {
    "date" : "2025-02-21",
    "price" : 60.25,
    "dma50" : 68.15,
    "dma100" : null,
    "dma200" : 77.18,
    "volume" : 333150.00
  }, {
    "date" : "2025-02-24",
    "price" : 58.28,
    "dma50" : 67.77,
    "dma100" : null,
    "dma200" : 76.99,
    "volume" : 482981.00
  }, {
    "date" : "2025-02-25",
    "price" : 57.46,
    "dma50" : 67.36,
    "dma100" : null,
    "dma200" : 76.80,
    "volume" : 330301.00
  }, {
    "date" : "2025-02-27",
    "price" : 55.46,
    "dma50" : 66.90,
    "dma100" : null,
    "dma200" : 76.59,
    "volume" : 421878.00
  }, {
    "date" : "2025-02-28",
    "price" : 52.72,
    "dma50" : 66.34,
    "dma100" : null,
    "dma200" : 76.35,
    "volume" : 596780.00
  }, {
    "date" : "2025-03-03",
    "price" : 50.12,
    "dma50" : 65.70,
    "dma100" : null,
    "dma200" : 76.09,
    "volume" : 881132.00
  }, {
    "date" : "2025-03-04",
    "price" : 49.36,
    "dma50" : 65.06,
    "dma100" : null,
    "dma200" : 75.82,
    "volume" : 860801.00
  }, {
    "date" : "2025-03-05",
    "price" : 51.41,
    "dma50" : 64.53,
    "dma100" : null,
    "dma200" : 75.58,
    "volume" : 768062.00
  }, {
    "date" : "2025-03-06",
    "price" : 53.52,
    "dma50" : 64.10,
    "dma100" : null,
    "dma200" : 75.36,
    "volume" : 851523.00
  }, {
    "date" : "2025-03-07",
    "price" : 53.68,
    "dma50" : 63.69,
    "dma100" : null,
    "dma200" : 75.14,
    "volume" : 898792.00
  }, {
    "date" : "2025-03-10",
    "price" : 51.11,
    "dma50" : 63.19,
    "dma100" : null,
    "dma200" : 74.91,
    "volume" : 618071.00
  }, {
    "date" : "2025-03-11",
    "price" : 50.59,
    "dma50" : 62.70,
    "dma100" : null,
    "dma200" : 74.66,
    "volume" : 520717.00
  }, {
    "date" : "2025-03-12",
    "price" : 49.41,
    "dma50" : 62.18,
    "dma100" : null,
    "dma200" : 74.41,
    "volume" : 711324.00
  }, {
    "date" : "2025-03-13",
    "price" : 48.84,
    "dma50" : 61.66,
    "dma100" : null,
    "dma200" : 74.16,
    "volume" : 611016.00
  }, {
    "date" : "2025-03-17",
    "price" : 46.50,
    "dma50" : 61.06,
    "dma100" : null,
    "dma200" : 73.88,
    "volume" : 1192598.00
  }, {
    "date" : "2025-03-18",
    "price" : 48.29,
    "dma50" : 60.56,
    "dma100" : null,
    "dma200" : 73.63,
    "volume" : 989282.00
  }, {
    "date" : "2025-03-19",
    "price" : 50.68,
    "dma50" : 60.17,
    "dma100" : null,
    "dma200" : 73.40,
    "volume" : 771871.00
  }, {
    "date" : "2025-03-20",
    "price" : 50.08,
    "dma50" : 59.78,
    "dma100" : null,
    "dma200" : 73.17,
    "volume" : 943162.00
  }, {
    "date" : "2025-03-21",
    "price" : 51.55,
    "dma50" : 59.45,
    "dma100" : null,
    "dma200" : 72.95,
    "volume" : 1051444.00
  }, {
    "date" : "2025-03-24",
    "price" : 51.75,
    "dma50" : 59.15,
    "dma100" : null,
    "dma200" : 72.74,
    "volume" : 1009038.00
  }, {
    "date" : "2025-03-25",
    "price" : 49.98,
    "dma50" : 58.79,
    "dma100" : null,
    "dma200" : 72.52,
    "volume" : 1052924.00
  }, {
    "date" : "2025-03-26",
    "price" : 47.76,
    "dma50" : 58.36,
    "dma100" : null,
    "dma200" : 72.27,
    "volume" : 1568563.00
  }, {
    "date" : "2025-03-27",
    "price" : 47.80,
    "dma50" : 57.95,
    "dma100" : null,
    "dma200" : 72.03,
    "volume" : 2542701.00
  }, {
    "date" : "2025-03-28",
    "price" : 46.92,
    "dma50" : 57.51,
    "dma100" : null,
    "dma200" : 71.78,
    "volume" : 1835713.00
  }, {
    "date" : "2025-04-01",
    "price" : 50.65,
    "dma50" : 57.24,
    "dma100" : null,
    "dma200" : 71.57,
    "volume" : 1550429.00
  }, {
    "date" : "2025-04-02",
    "price" : 50.83,
    "dma50" : 56.99,
    "dma100" : null,
    "dma200" : 71.36,
    "volume" : 497517.00
  }, {
    "date" : "2025-04-03",
    "price" : 53.63,
    "dma50" : 56.86,
    "dma100" : null,
    "dma200" : 71.18,
    "volume" : 1163000.00
  }, {
    "date" : "2025-04-04",
    "price" : 50.29,
    "dma50" : 56.60,
    "dma100" : null,
    "dma200" : 70.97,
    "volume" : 1026573.00
  }, {
    "date" : "2025-04-07",
    "price" : 48.64,
    "dma50" : 56.29,
    "dma100" : null,
    "dma200" : 70.75,
    "volume" : 1133119.00
  }, {
    "date" : "2025-04-08",
    "price" : 50.34,
    "dma50" : 56.06,
    "dma100" : null,
    "dma200" : 70.55,
    "volume" : 555618.00
  }, {
    "date" : "2025-04-09",
    "price" : 49.48,
    "dma50" : 55.80,
    "dma100" : null,
    "dma200" : 70.34,
    "volume" : 408866.00
  }, {
    "date" : "2025-04-11",
    "price" : 51.78,
    "dma50" : 55.64,
    "dma100" : null,
    "dma200" : 70.16,
    "volume" : 662404.00
  }, {
    "date" : "2025-04-15",
    "price" : 53.40,
    "dma50" : 55.55,
    "dma100" : null,
    "dma200" : 69.99,
    "volume" : 539648.00
  }, {
    "date" : "2025-04-16",
    "price" : 55.71,
    "dma50" : 55.56,
    "dma100" : null,
    "dma200" : 69.85,
    "volume" : 2073631.00
  }, {
    "date" : "2025-04-17",
    "price" : 55.22,
    "dma50" : 55.55,
    "dma100" : null,
    "dma200" : 69.70,
    "volume" : 787072.00
  }, {
    "date" : "2025-04-21",
    "price" : 56.55,
    "dma50" : 55.59,
    "dma100" : null,
    "dma200" : 69.57,
    "volume" : 739750.00
  }, {
    "date" : "2025-04-22",
    "price" : 57.85,
    "dma50" : 55.68,
    "dma100" : null,
    "dma200" : 69.45,
    "volume" : 1050486.00
  }, {
    "date" : "2025-04-23",
    "price" : 55.94,
    "dma50" : 55.69,
    "dma100" : null,
    "dma200" : 69.32,
    "volume" : 783832.00
  }, {
    "date" : "2025-04-24",
    "price" : 55.97,
    "dma50" : 55.70,
    "dma100" : null,
    "dma200" : 69.19,
    "volume" : 441112.00
  }, {
    "date" : "2025-04-25",
    "price" : 54.02,
    "dma50" : 55.63,
    "dma100" : null,
    "dma200" : 69.04,
    "volume" : 504016.00
  }, {
    "date" : "2025-04-28",
    "price" : 53.71,
    "dma50" : 55.56,
    "dma100" : null,
    "dma200" : 68.88,
    "volume" : 428331.00
  }, {
    "date" : "2025-04-29",
    "price" : 53.68,
    "dma50" : 55.48,
    "dma100" : null,
    "dma200" : 68.73,
    "volume" : 302963.00
  }, {
    "date" : "2025-04-30",
    "price" : 51.68,
    "dma50" : 55.33,
    "dma100" : null,
    "dma200" : 68.56,
    "volume" : 525798.00
  }, {
    "date" : "2025-05-02",
    "price" : 51.62,
    "dma50" : 55.19,
    "dma100" : null,
    "dma200" : 68.39,
    "volume" : 243921.00
  }, {
    "date" : "2025-05-05",
    "price" : 52.51,
    "dma50" : 55.08,
    "dma100" : null,
    "dma200" : 68.24,
    "volume" : 300950.00
  }, {
    "date" : "2025-05-06",
    "price" : 50.66,
    "dma50" : 54.91,
    "dma100" : null,
    "dma200" : 68.06,
    "volume" : 308288.00
  }, {
    "date" : "2025-05-07",
    "price" : 50.55,
    "dma50" : 54.74,
    "dma100" : null,
    "dma200" : 67.89,
    "volume" : 428998.00
  }, {
    "date" : "2025-05-08",
    "price" : 50.57,
    "dma50" : 54.57,
    "dma100" : null,
    "dma200" : 67.71,
    "volume" : 489200.00
  }, {
    "date" : "2025-05-09",
    "price" : 50.45,
    "dma50" : 54.41,
    "dma100" : null,
    "dma200" : 67.54,
    "volume" : 390985.00
  }, {
    "date" : "2025-05-12",
    "price" : 53.30,
    "dma50" : 54.37,
    "dma100" : null,
    "dma200" : 67.40,
    "volume" : 448503.00
  }, {
    "date" : "2025-05-13",
    "price" : 53.56,
    "dma50" : 54.34,
    "dma100" : null,
    "dma200" : 67.26,
    "volume" : 330203.00
  }, {
    "date" : "2025-05-14",
    "price" : 55.26,
    "dma50" : 54.37,
    "dma100" : null,
    "dma200" : 67.14,
    "volume" : 560995.00
  }, {
    "date" : "2025-05-15",
    "price" : 55.61,
    "dma50" : 54.42,
    "dma100" : null,
    "dma200" : 67.03,
    "volume" : 398405.00
  }, {
    "date" : "2025-05-16",
    "price" : 56.61,
    "dma50" : 54.51,
    "dma100" : null,
    "dma200" : 66.92,
    "volume" : 449205.00
  }, {
    "date" : "2025-05-19",
    "price" : 57.47,
    "dma50" : 54.62,
    "dma100" : null,
    "dma200" : 66.83,
    "volume" : 626103.00
  }, {
    "date" : "2025-05-20",
    "price" : 56.47,
    "dma50" : 54.70,
    "dma100" : null,
    "dma200" : 66.73,
    "volume" : 626208.00
  }, {
    "date" : "2025-05-21",
    "price" : 57.57,
    "dma50" : 54.81,
    "dma100" : null,
    "dma200" : 66.64,
    "volume" : 770902.00
  }, {
    "date" : "2025-05-22",
    "price" : 60.04,
    "dma50" : 55.01,
    "dma100" : null,
    "dma200" : 66.57,
    "volume" : 3012117.00
  }, {
    "date" : "2025-05-23",
    "price" : 60.55,
    "dma50" : 55.23,
    "dma100" : null,
    "dma200" : 66.51,
    "volume" : 1498738.00
  }, {
    "date" : "2025-05-26",
    "price" : 61.31,
    "dma50" : 55.47,
    "dma100" : null,
    "dma200" : 66.46,
    "volume" : 2197281.00
  }, {
    "date" : "2025-05-27",
    "price" : 61.60,
    "dma50" : 55.71,
    "dma100" : null,
    "dma200" : 66.41,
    "volume" : 990915.00
  }, {
    "date" : "2025-05-28",
    "price" : 60.72,
    "dma50" : 55.91,
    "dma100" : null,
    "dma200" : 66.35,
    "volume" : 585716.00
  }, {
    "date" : "2025-05-29",
    "price" : 60.94,
    "dma50" : 56.10,
    "dma100" : null,
    "dma200" : 66.30,
    "volume" : 588203.00
  }, {
    "date" : "2025-05-30",
    "price" : 58.97,
    "dma50" : 56.22,
    "dma100" : null,
    "dma200" : 66.23,
    "volume" : 1069264.00
  }, {
    "date" : "2025-06-02",
    "price" : 60.99,
    "dma50" : 56.40,
    "dma100" : null,
    "dma200" : 66.18,
    "volume" : 1097450.00
  }, {
    "date" : "2025-06-03",
    "price" : 60.17,
    "dma50" : 56.55,
    "dma100" : null,
    "dma200" : 66.12,
    "volume" : 450350.00
  }, {
    "date" : "2025-06-04",
    "price" : 60.74,
    "dma50" : 56.72,
    "dma100" : null,
    "dma200" : 66.06,
    "volume" : 525201.00
  }, {
    "date" : "2025-06-05",
    "price" : 59.83,
    "dma50" : 56.84,
    "dma100" : null,
    "dma200" : 66.00,
    "volume" : 536092.00
  }, {
    "date" : "2025-06-06",
    "price" : 59.61,
    "dma50" : 56.95,
    "dma100" : null,
    "dma200" : 65.94,
    "volume" : 344438.00
  }, {
    "date" : "2025-06-09",
    "price" : 60.00,
    "dma50" : 57.07,
    "dma100" : null,
    "dma200" : 65.88,
    "volume" : 1504111.00
  }, {
    "date" : "2025-06-10",
    "price" : 60.00,
    "dma50" : 57.18,
    "dma100" : null,
    "dma200" : 65.82,
    "volume" : 1182805.00
  }, {
    "date" : "2025-06-11",
    "price" : 61.26,
    "dma50" : 57.34,
    "dma100" : null,
    "dma200" : 65.77,
    "volume" : 2003235.00
  }, {
    "date" : "2025-06-12",
    "price" : 59.38,
    "dma50" : 57.42,
    "dma100" : null,
    "dma200" : 65.71,
    "volume" : 893353.00
  }, {
    "date" : "2025-06-13",
    "price" : 59.42,
    "dma50" : 57.50,
    "dma100" : null,
    "dma200" : 65.65,
    "volume" : 649884.00
  }, {
    "date" : "2025-06-16",
    "price" : 57.58,
    "dma50" : 57.50,
    "dma100" : null,
    "dma200" : 65.57,
    "volume" : 755762.00
  }, {
    "date" : "2025-06-17",
    "price" : 57.01,
    "dma50" : 57.48,
    "dma100" : null,
    "dma200" : 65.48,
    "volume" : 621184.00
  }, {
    "date" : "2025-06-18",
    "price" : 58.70,
    "dma50" : 57.53,
    "dma100" : null,
    "dma200" : 65.41,
    "volume" : 1023466.00
  }, {
    "date" : "2025-06-19",
    "price" : 56.19,
    "dma50" : 57.48,
    "dma100" : null,
    "dma200" : 65.32,
    "volume" : 676413.00
  }, {
    "date" : "2025-06-20",
    "price" : 56.53,
    "dma50" : 57.44,
    "dma100" : null,
    "dma200" : 65.23,
    "volume" : 474909.00
  }, {
    "date" : "2025-06-23",
    "price" : 56.34,
    "dma50" : 57.40,
    "dma100" : null,
    "dma200" : 65.15,
    "volume" : 383901.00
  }, {
    "date" : "2025-06-24",
    "price" : 57.17,
    "dma50" : 57.39,
    "dma100" : null,
    "dma200" : 65.07,
    "volume" : 483369.00
  }, {
    "date" : "2025-06-25",
    "price" : 56.99,
    "dma50" : 57.37,
    "dma100" : null,
    "dma200" : 64.99,
    "volume" : 1404018.00
  }, {
    "date" : "2025-06-26",
    "price" : 55.39,
    "dma50" : 57.30,
    "dma100" : null,
    "dma200" : 64.89,
    "volume" : 1771376.00
  }, {
    "date" : "2025-06-27",
    "price" : 50.41,
    "dma50" : 57.03,
    "dma100" : null,
    "dma200" : 64.75,
    "volume" : 9899812.00
  }, {
    "date" : "2025-06-30",
    "price" : 52.21,
    "dma50" : 56.84,
    "dma100" : null,
    "dma200" : 64.62,
    "volume" : 3011206.00
  }, {
    "date" : "2025-07-01",
    "price" : 52.02,
    "dma50" : 56.65,
    "dma100" : null,
    "dma200" : 64.50,
    "volume" : 1332911.00
  }, {
    "date" : "2025-07-02",
    "price" : 52.30,
    "dma50" : 56.48,
    "dma100" : null,
    "dma200" : 64.38,
    "volume" : 923705.00
  }, {
    "date" : "2025-07-03",
    "price" : 56.92,
    "dma50" : 56.49,
    "dma100" : null,
    "dma200" : 64.30,
    "volume" : 7933655.00
  }, {
    "date" : "2025-07-04",
    "price" : 55.94,
    "dma50" : 56.47,
    "dma100" : null,
    "dma200" : 64.22,
    "volume" : 2144766.00
  }, {
    "date" : "2025-07-07",
    "price" : 56.19,
    "dma50" : 56.46,
    "dma100" : null,
    "dma200" : 64.14,
    "volume" : 2473362.00
  }, {
    "date" : "2025-07-08",
    "price" : 56.85,
    "dma50" : 56.48,
    "dma100" : null,
    "dma200" : 64.07,
    "volume" : 658288.00
  }, {
    "date" : "2025-07-09",
    "price" : 55.84,
    "dma50" : 56.45,
    "dma100" : null,
    "dma200" : 63.98,
    "volume" : 658467.00
  }, {
    "date" : "2025-07-10",
    "price" : 56.68,
    "dma50" : 56.46,
    "dma100" : null,
    "dma200" : 63.91,
    "volume" : 723290.00
  }, {
    "date" : "2025-07-11",
    "price" : 55.55,
    "dma50" : 56.43,
    "dma100" : null,
    "dma200" : 63.83,
    "volume" : 594898.00
  }, {
    "date" : "2025-07-14",
    "price" : 54.57,
    "dma50" : 56.35,
    "dma100" : null,
    "dma200" : 63.74,
    "volume" : 465171.00
  }, {
    "date" : "2025-07-15",
    "price" : 55.70,
    "dma50" : 56.33,
    "dma100" : null,
    "dma200" : 63.66,
    "volume" : 674752.00
  }, {
    "date" : "2025-07-16",
    "price" : 55.70,
    "dma50" : 56.30,
    "dma100" : 54.77,
    "dma200" : 63.58,
    "volume" : 450176.00
  }, {
    "date" : "2025-07-17",
    "price" : 55.27,
    "dma50" : 56.26,
    "dma100" : 54.75,
    "dma200" : 63.49,
    "volume" : 1141582.00
  }, {
    "date" : "2025-07-18",
    "price" : 55.12,
    "dma50" : 56.22,
    "dma100" : 54.70,
    "dma200" : 63.41,
    "volume" : 600347.00
  }, {
    "date" : "2025-07-21",
    "price" : 54.22,
    "dma50" : 56.14,
    "dma100" : 54.64,
    "dma200" : 63.32,
    "volume" : 405742.00
  }, {
    "date" : "2025-07-22",
    "price" : 53.98,
    "dma50" : 56.05,
    "dma100" : 54.58,
    "dma200" : 63.23,
    "volume" : 377430.00
  }, {
    "date" : "2025-07-23",
    "price" : 54.15,
    "dma50" : 55.98,
    "dma100" : 54.54,
    "dma200" : 63.14,
    "volume" : 357861.00
  }, {
    "date" : "2025-07-24",
    "price" : 53.26,
    "dma50" : 55.87,
    "dma100" : 54.49,
    "dma200" : 63.04,
    "volume" : 460887.00
  }, {
    "date" : "2025-07-25",
    "price" : 52.20,
    "dma50" : 55.73,
    "dma100" : 54.46,
    "dma200" : 62.93,
    "volume" : 477584.00
  }, {
    "date" : "2025-07-28",
    "price" : 51.07,
    "dma50" : 55.55,
    "dma100" : 54.45,
    "dma200" : 62.81,
    "volume" : 495883.00
  }, {
    "date" : "2025-07-29",
    "price" : 52.45,
    "dma50" : 55.42,
    "dma100" : 54.47,
    "dma200" : 62.71,
    "volume" : 540123.00
  }, {
    "date" : "2025-07-30",
    "price" : 51.88,
    "dma50" : 55.29,
    "dma100" : 54.49,
    "dma200" : 62.60,
    "volume" : 251854.00
  }, {
    "date" : "2025-07-31",
    "price" : 52.02,
    "dma50" : 55.16,
    "dma100" : 54.50,
    "dma200" : 62.50,
    "volume" : 307076.00
  }, {
    "date" : "2025-08-01",
    "price" : 50.80,
    "dma50" : 54.99,
    "dma100" : 54.47,
    "dma200" : 62.38,
    "volume" : 567139.00
  }, {
    "date" : "2025-08-04",
    "price" : 50.30,
    "dma50" : 54.80,
    "dma100" : 54.44,
    "dma200" : 62.26,
    "volume" : 478160.00
  }, {
    "date" : "2025-08-05",
    "price" : 50.32,
    "dma50" : 54.63,
    "dma100" : 54.43,
    "dma200" : 62.14,
    "volume" : 470070.00
  }, {
    "date" : "2025-08-06",
    "price" : 49.81,
    "dma50" : 54.44,
    "dma100" : 54.42,
    "dma200" : 62.02,
    "volume" : 571434.00
  }, {
    "date" : "2025-08-07",
    "price" : 49.81,
    "dma50" : 54.26,
    "dma100" : 54.43,
    "dma200" : 61.90,
    "volume" : 403161.00
  }, {
    "date" : "2025-08-08",
    "price" : 48.80,
    "dma50" : 54.04,
    "dma100" : 54.43,
    "dma200" : 61.77,
    "volume" : 1025276.00
  }, {
    "date" : "2025-08-11",
    "price" : 49.04,
    "dma50" : 53.85,
    "dma100" : 54.45,
    "dma200" : 61.64,
    "volume" : 301651.00
  }, {
    "date" : "2025-08-12",
    "price" : 48.95,
    "dma50" : 53.65,
    "dma100" : 54.46,
    "dma200" : 61.51,
    "volume" : 276239.00
  }, {
    "date" : "2025-08-13",
    "price" : 51.29,
    "dma50" : 53.56,
    "dma100" : 54.46,
    "dma200" : 61.41,
    "volume" : 1337785.00
  }, {
    "date" : "2025-08-14",
    "price" : 47.88,
    "dma50" : 53.34,
    "dma100" : 54.44,
    "dma200" : 61.28,
    "volume" : 1347069.00
  }, {
    "date" : "2025-08-18",
    "price" : 48.71,
    "dma50" : 53.16,
    "dma100" : 54.41,
    "dma200" : 61.15,
    "volume" : 408986.00
  }, {
    "date" : "2025-08-19",
    "price" : 50.33,
    "dma50" : 53.05,
    "dma100" : 54.40,
    "dma200" : 61.04,
    "volume" : 517356.00
  }, {
    "date" : "2025-08-20",
    "price" : 50.60,
    "dma50" : 52.95,
    "dma100" : 54.41,
    "dma200" : 60.94,
    "volume" : 479686.00
  }, {
    "date" : "2025-08-21",
    "price" : 50.19,
    "dma50" : 52.84,
    "dma100" : 54.43,
    "dma200" : 60.83,
    "volume" : 378262.00
  }, {
    "date" : "2025-08-22",
    "price" : 49.58,
    "dma50" : 52.71,
    "dma100" : 54.45,
    "dma200" : 60.72,
    "volume" : 370156.00
  }, {
    "date" : "2025-08-25",
    "price" : 49.09,
    "dma50" : 52.57,
    "dma100" : 54.47,
    "dma200" : 60.61,
    "volume" : 260358.00
  }, {
    "date" : "2025-08-26",
    "price" : 48.41,
    "dma50" : 52.41,
    "dma100" : 54.45,
    "dma200" : 60.48,
    "volume" : 418746.00
  }, {
    "date" : "2025-08-28",
    "price" : 48.00,
    "dma50" : 52.24,
    "dma100" : 54.42,
    "dma200" : 60.36,
    "volume" : 466992.00
  }, {
    "date" : "2025-08-29",
    "price" : 47.30,
    "dma50" : 52.04,
    "dma100" : 54.36,
    "dma200" : 60.23,
    "volume" : 528823.00
  }, {
    "date" : "2025-09-01",
    "price" : 47.97,
    "dma50" : 51.88,
    "dma100" : 54.33,
    "dma200" : 60.11,
    "volume" : 251676.00
  }, {
    "date" : "2025-09-02",
    "price" : 48.30,
    "dma50" : 51.74,
    "dma100" : 54.33,
    "dma200" : 59.99,
    "volume" : 503492.00
  }, {
    "date" : "2025-09-03",
    "price" : 48.74,
    "dma50" : 51.62,
    "dma100" : 54.31,
    "dma200" : 59.88,
    "volume" : 383514.00
  }, {
    "date" : "2025-09-04",
    "price" : 48.39,
    "dma50" : 51.50,
    "dma100" : 54.30,
    "dma200" : 59.76,
    "volume" : 335774.00
  }, {
    "date" : "2025-09-05",
    "price" : 48.28,
    "dma50" : 51.37,
    "dma100" : 54.27,
    "dma200" : 59.65,
    "volume" : 285823.00
  }, {
    "date" : "2025-09-08",
    "price" : 48.37,
    "dma50" : 51.25,
    "dma100" : 54.22,
    "dma200" : 59.54,
    "volume" : 443433.00
  }, {
    "date" : "2025-09-09",
    "price" : 48.82,
    "dma50" : 51.16,
    "dma100" : 54.15,
    "dma200" : 59.43,
    "volume" : 298333.00
  }, {
    "date" : "2025-09-10",
    "price" : 49.31,
    "dma50" : 51.09,
    "dma100" : 54.09,
    "dma200" : 59.33,
    "volume" : 468969.00
  }, {
    "date" : "2025-09-11",
    "price" : 48.76,
    "dma50" : 50.99,
    "dma100" : 54.01,
    "dma200" : 59.23,
    "volume" : 436086.00
  }, {
    "date" : "2025-09-12",
    "price" : 49.10,
    "dma50" : 50.92,
    "dma100" : 53.92,
    "dma200" : 59.12,
    "volume" : 406700.00
  }, {
    "date" : "2025-09-15",
    "price" : 48.68,
    "dma50" : 50.83,
    "dma100" : 53.85,
    "dma200" : 59.02,
    "volume" : 1063342.00
  }, {
    "date" : "2025-09-16",
    "price" : 48.06,
    "dma50" : 50.72,
    "dma100" : 53.77,
    "dma200" : 58.91,
    "volume" : 929124.00
  }, {
    "date" : "2025-09-17",
    "price" : 48.86,
    "dma50" : 50.65,
    "dma100" : 53.72,
    "dma200" : 58.81,
    "volume" : 471306.00
  }, {
    "date" : "2025-09-18",
    "price" : 47.93,
    "dma50" : 50.54,
    "dma100" : 53.66,
    "dma200" : 58.70,
    "volume" : 1250952.00
  }, {
    "date" : "2025-09-19",
    "price" : 47.65,
    "dma50" : 50.43,
    "dma100" : 53.60,
    "dma200" : 58.59,
    "volume" : 890218.00
  }, {
    "date" : "2025-09-22",
    "price" : 46.95,
    "dma50" : 50.29,
    "dma100" : 53.56,
    "dma200" : 58.48,
    "volume" : 1684217.00
  }, {
    "date" : "2025-09-23",
    "price" : 46.74,
    "dma50" : 50.15,
    "dma100" : 53.51,
    "dma200" : 58.36,
    "volume" : 818414.00
  }, {
    "date" : "2025-09-24",
    "price" : 46.69,
    "dma50" : 50.02,
    "dma100" : 53.45,
    "dma200" : 58.24,
    "volume" : 524109.00
  }, {
    "date" : "2025-09-25",
    "price" : 46.40,
    "dma50" : 49.88,
    "dma100" : 53.41,
    "dma200" : 58.13,
    "volume" : 576571.00
  }, {
    "date" : "2025-09-26",
    "price" : 45.50,
    "dma50" : 49.71,
    "dma100" : 53.36,
    "dma200" : 58.00,
    "volume" : 530980.00
  }, {
    "date" : "2025-09-29",
    "price" : 45.00,
    "dma50" : 49.52,
    "dma100" : 53.30,
    "dma200" : 57.87,
    "volume" : 417753.00
  }, {
    "date" : "2025-09-30",
    "price" : 45.06,
    "dma50" : 49.35,
    "dma100" : 53.25,
    "dma200" : 57.74,
    "volume" : 352387.00
  }, {
    "date" : "2025-10-01",
    "price" : 45.68,
    "dma50" : 49.20,
    "dma100" : 53.17,
    "dma200" : 57.62,
    "volume" : 493451.00
  }, {
    "date" : "2025-10-03",
    "price" : 45.83,
    "dma50" : 49.07,
    "dma100" : 53.09,
    "dma200" : 57.51,
    "volume" : 314135.00
  }, {
    "date" : "2025-10-06",
    "price" : 46.45,
    "dma50" : 48.97,
    "dma100" : 53.00,
    "dma200" : 57.40,
    "volume" : 497128.00
  }, {
    "date" : "2025-10-07",
    "price" : 46.52,
    "dma50" : 48.87,
    "dma100" : 52.91,
    "dma200" : 57.29,
    "volume" : 4053328.00
  }, {
    "date" : "2025-10-08",
    "price" : 44.57,
    "dma50" : 48.70,
    "dma100" : 52.79,
    "dma200" : 57.16,
    "volume" : 1582274.00
  }, {
    "date" : "2025-10-09",
    "price" : 42.24,
    "dma50" : 48.45,
    "dma100" : 52.64,
    "dma200" : 57.01,
    "volume" : 2771438.00
  }, {
    "date" : "2025-10-10",
    "price" : 42.77,
    "dma50" : 48.23,
    "dma100" : 52.50,
    "dma200" : 56.87,
    "volume" : 946305.00
  }, {
    "date" : "2025-10-13",
    "price" : 42.19,
    "dma50" : 47.99,
    "dma100" : 52.35,
    "dma200" : 56.73,
    "volume" : 785309.00
  }, {
    "date" : "2025-10-14",
    "price" : 41.24,
    "dma50" : 47.72,
    "dma100" : 52.16,
    "dma200" : 56.57,
    "volume" : 657241.00
  }, {
    "date" : "2025-10-15",
    "price" : 41.08,
    "dma50" : 47.46,
    "dma100" : 51.97,
    "dma200" : 56.42,
    "volume" : 736245.00
  }, {
    "date" : "2025-10-16",
    "price" : 41.19,
    "dma50" : 47.22,
    "dma100" : 51.77,
    "dma200" : 56.27,
    "volume" : 413501.00
  }, {
    "date" : "2025-10-17",
    "price" : 40.49,
    "dma50" : 46.95,
    "dma100" : 51.55,
    "dma200" : 56.11,
    "volume" : 1270425.00
  }, {
    "date" : "2025-10-20",
    "price" : 41.02,
    "dma50" : 46.72,
    "dma100" : 51.36,
    "dma200" : 55.96,
    "volume" : 553184.00
  }, {
    "date" : "2025-10-21",
    "price" : 41.98,
    "dma50" : 46.54,
    "dma100" : 51.17,
    "dma200" : 55.82,
    "volume" : 416450.00
  }, {
    "date" : "2025-10-23",
    "price" : 42.30,
    "dma50" : 46.37,
    "dma100" : 51.00,
    "dma200" : 55.69,
    "volume" : 419719.00
  }, {
    "date" : "2025-10-24",
    "price" : 41.24,
    "dma50" : 46.17,
    "dma100" : 50.80,
    "dma200" : 55.54,
    "volume" : 460309.00
  }, {
    "date" : "2025-10-27",
    "price" : 41.05,
    "dma50" : 45.97,
    "dma100" : 50.61,
    "dma200" : 55.40,
    "volume" : 364142.00
  }, {
    "date" : "2025-10-28",
    "price" : 41.69,
    "dma50" : 45.80,
    "dma100" : 50.42,
    "dma200" : 55.26,
    "volume" : 482302.00
  }, {
    "date" : "2025-10-29",
    "price" : 42.27,
    "dma50" : 45.66,
    "dma100" : 50.25,
    "dma200" : 55.13,
    "volume" : 445453.00
  }, {
    "date" : "2025-10-30",
    "price" : 42.17,
    "dma50" : 45.52,
    "dma100" : 50.07,
    "dma200" : 55.00,
    "volume" : 558684.00
  }, {
    "date" : "2025-10-31",
    "price" : 41.65,
    "dma50" : 45.37,
    "dma100" : 49.89,
    "dma200" : 54.87,
    "volume" : 353195.00
  }, {
    "date" : "2025-11-03",
    "price" : 41.59,
    "dma50" : 45.22,
    "dma100" : 49.70,
    "dma200" : 54.74,
    "volume" : 351901.00
  }, {
    "date" : "2025-11-04",
    "price" : 41.32,
    "dma50" : 45.07,
    "dma100" : 49.50,
    "dma200" : 54.60,
    "volume" : 416984.00
  }, {
    "date" : "2025-11-06",
    "price" : 40.34,
    "dma50" : 44.89,
    "dma100" : 49.31,
    "dma200" : 54.46,
    "volume" : 576496.00
  }, {
    "date" : "2025-11-07",
    "price" : 40.90,
    "dma50" : 44.73,
    "dma100" : 49.13,
    "dma200" : 54.33,
    "volume" : 630750.00
  }, {
    "date" : "2025-11-10",
    "price" : 39.96,
    "dma50" : 44.54,
    "dma100" : 48.95,
    "dma200" : 54.18,
    "volume" : 473727.00
  }, {
    "date" : "2025-11-11",
    "price" : 40.39,
    "dma50" : 44.38,
    "dma100" : 48.79,
    "dma200" : 54.05,
    "volume" : 418378.00
  }, {
    "date" : "2025-11-12",
    "price" : 41.18,
    "dma50" : 44.25,
    "dma100" : 48.61,
    "dma200" : 53.92,
    "volume" : 395462.00
  }, {
    "date" : "2025-11-13",
    "price" : 41.04,
    "dma50" : 44.13,
    "dma100" : 48.46,
    "dma200" : 53.79,
    "volume" : 402685.00
  }, {
    "date" : "2025-11-14",
    "price" : 40.41,
    "dma50" : 43.98,
    "dma100" : 48.30,
    "dma200" : 53.66,
    "volume" : 299342.00
  }, {
    "date" : "2025-11-17",
    "price" : 41.13,
    "dma50" : 43.87,
    "dma100" : 48.15,
    "dma200" : 53.53,
    "volume" : 443036.00
  }, {
    "date" : "2025-11-18",
    "price" : 40.84,
    "dma50" : 43.75,
    "dma100" : 47.98,
    "dma200" : 53.41,
    "volume" : 271457.00
  }, {
    "date" : "2025-11-19",
    "price" : 40.54,
    "dma50" : 43.63,
    "dma100" : 47.82,
    "dma200" : 53.28,
    "volume" : 306695.00
  }, {
    "date" : "2025-11-20",
    "price" : 40.10,
    "dma50" : 43.49,
    "dma100" : 47.67,
    "dma200" : 53.15,
    "volume" : 270522.00
  }, {
    "date" : "2025-11-21",
    "price" : 39.70,
    "dma50" : 43.34,
    "dma100" : 47.56,
    "dma200" : 53.01,
    "volume" : 523958.00
  }, {
    "date" : "2025-11-24",
    "price" : 38.63,
    "dma50" : 43.15,
    "dma100" : 47.42,
    "dma200" : 52.87,
    "volume" : 581313.00
  }, {
    "date" : "2025-11-25",
    "price" : 38.20,
    "dma50" : 42.96,
    "dma100" : 47.29,
    "dma200" : 52.72,
    "volume" : 674255.00
  }, {
    "date" : "2025-11-26",
    "price" : 38.89,
    "dma50" : 42.80,
    "dma100" : 47.15,
    "dma200" : 52.59,
    "volume" : 397414.00
  }, {
    "date" : "2025-11-27",
    "price" : 38.32,
    "dma50" : 42.62,
    "dma100" : 46.97,
    "dma200" : 52.45,
    "volume" : 319720.00
  }, {
    "date" : "2025-11-28",
    "price" : 38.08,
    "dma50" : 42.45,
    "dma100" : 46.79,
    "dma200" : 52.30,
    "volume" : 503065.00
  }, {
    "date" : "2025-12-01",
    "price" : 38.12,
    "dma50" : 42.28,
    "dma100" : 46.61,
    "dma200" : 52.16,
    "volume" : 347534.00
  }, {
    "date" : "2025-12-02",
    "price" : 37.93,
    "dma50" : 42.11,
    "dma100" : 46.42,
    "dma200" : 52.02,
    "volume" : 366586.00
  }, {
    "date" : "2025-12-03",
    "price" : 37.17,
    "dma50" : 41.91,
    "dma100" : 46.23,
    "dma200" : 51.87,
    "volume" : 426837.00
  }, {
    "date" : "2025-12-04",
    "price" : 36.60,
    "dma50" : 41.70,
    "dma100" : 46.03,
    "dma200" : 51.72,
    "volume" : 500051.00
  }, {
    "date" : "2025-12-05",
    "price" : 36.03,
    "dma50" : 41.48,
    "dma100" : 45.83,
    "dma200" : 51.56,
    "volume" : 465225.00
  }, {
    "date" : "2025-12-08",
    "price" : 34.63,
    "dma50" : 41.21,
    "dma100" : 45.63,
    "dma200" : 51.40,
    "volume" : 1039294.00
  }, {
    "date" : "2025-12-09",
    "price" : 33.33,
    "dma50" : 40.90,
    "dma100" : 45.41,
    "dma200" : 51.22,
    "volume" : 2250441.00
  }, {
    "date" : "2025-12-10",
    "price" : 33.15,
    "dma50" : 40.60,
    "dma100" : 45.19,
    "dma200" : 51.04,
    "volume" : 1178754.00
  }, {
    "date" : "2025-12-11",
    "price" : 33.43,
    "dma50" : 40.32,
    "dma100" : 44.97,
    "dma200" : 50.86,
    "volume" : 922455.00
  }, {
    "date" : "2025-12-12",
    "price" : 34.04,
    "dma50" : 40.07,
    "dma100" : 44.76,
    "dma200" : 50.69,
    "volume" : 617523.00
  }, {
    "date" : "2025-12-15",
    "price" : 34.34,
    "dma50" : 39.85,
    "dma100" : 44.56,
    "dma200" : 50.53,
    "volume" : 440283.00
  }, {
    "date" : "2025-12-16",
    "price" : 35.12,
    "dma50" : 39.66,
    "dma100" : 44.37,
    "dma200" : 50.38,
    "volume" : 784823.00
  }, {
    "date" : "2025-12-17",
    "price" : 34.43,
    "dma50" : 39.46,
    "dma100" : 44.17,
    "dma200" : 50.22,
    "volume" : 477810.00
  }, {
    "date" : "2025-12-18",
    "price" : 33.50,
    "dma50" : 39.22,
    "dma100" : 43.97,
    "dma200" : 50.05,
    "volume" : 586892.00
  }, {
    "date" : "2025-12-19",
    "price" : 34.39,
    "dma50" : 39.03,
    "dma100" : 43.80,
    "dma200" : 49.90,
    "volume" : 326078.00
  }, {
    "date" : "2025-12-22",
    "price" : 36.04,
    "dma50" : 38.92,
    "dma100" : 43.65,
    "dma200" : 49.76,
    "volume" : 1305192.00
  }, {
    "date" : "2025-12-23",
    "price" : 36.41,
    "dma50" : 38.82,
    "dma100" : 43.49,
    "dma200" : 49.63,
    "volume" : 381136.00
  }, {
    "date" : "2025-12-24",
    "price" : 36.05,
    "dma50" : 38.71,
    "dma100" : 43.33,
    "dma200" : 49.49,
    "volume" : 689312.00
  }, {
    "date" : "2025-12-26",
    "price" : 37.02,
    "dma50" : 38.64,
    "dma100" : 43.18,
    "dma200" : 49.37,
    "volume" : 591376.00
  }, {
    "date" : "2025-12-29",
    "price" : 36.63,
    "dma50" : 38.56,
    "dma100" : 43.04,
    "dma200" : 49.24,
    "volume" : 890487.00
  }, {
    "date" : "2025-12-30",
    "price" : 35.88,
    "dma50" : 38.46,
    "dma100" : 42.89,
    "dma200" : 49.11,
    "volume" : 449765.00
  }, {
    "date" : "2025-12-31",
    "price" : 36.55,
    "dma50" : 38.38,
    "dma100" : 42.75,
    "dma200" : 48.98,
    "volume" : 296819.00
  }, {
    "date" : "2026-01-01",
    "price" : 35.79,
    "dma50" : 38.28,
    "dma100" : 42.61,
    "dma200" : 48.85,
    "volume" : 247311.00
  }, {
    "date" : "2026-01-02",
    "price" : 37.25,
    "dma50" : 38.24,
    "dma100" : 42.49,
    "dma200" : 48.73,
    "volume" : 478910.00
  }, {
    "date" : "2026-01-05",
    "price" : 36.76,
    "dma50" : 38.18,
    "dma100" : 42.37,
    "dma200" : 48.62,
    "volume" : 388101.00
  }, {
    "date" : "2026-01-06",
    "price" : 36.28,
    "dma50" : 38.11,
    "dma100" : 42.24,
    "dma200" : 48.49,
    "volume" : 558053.00
  }, {
    "date" : "2026-01-07",
    "price" : 36.27,
    "dma50" : 38.04,
    "dma100" : 42.11,
    "dma200" : 48.37,
    "volume" : 589167.00
  }, {
    "date" : "2026-01-08",
    "price" : 35.22,
    "dma50" : 37.93,
    "dma100" : 41.95,
    "dma200" : 48.24,
    "volume" : 487310.00
  }, {
    "date" : "2026-01-09",
    "price" : 34.26,
    "dma50" : 37.78,
    "dma100" : 41.82,
    "dma200" : 48.10,
    "volume" : 572040.00
  }, {
    "date" : "2026-01-12",
    "price" : 34.39,
    "dma50" : 37.65,
    "dma100" : 41.67,
    "dma200" : 47.97,
    "volume" : 490975.00
  }, {
    "date" : "2026-01-13",
    "price" : 33.98,
    "dma50" : 37.51,
    "dma100" : 41.51,
    "dma200" : 47.83,
    "volume" : 308879.00
  }, {
    "date" : "2026-01-14",
    "price" : 34.06,
    "dma50" : 37.37,
    "dma100" : 41.34,
    "dma200" : 47.69,
    "volume" : 218408.00
  }, {
    "date" : "2026-01-16",
    "price" : 34.12,
    "dma50" : 37.24,
    "dma100" : 41.18,
    "dma200" : 47.55,
    "volume" : 253664.00
  }, {
    "date" : "2026-01-19",
    "price" : 33.48,
    "dma50" : 37.10,
    "dma100" : 41.02,
    "dma200" : 47.41,
    "volume" : 227215.00
  }, {
    "date" : "2026-01-20",
    "price" : 32.45,
    "dma50" : 36.91,
    "dma100" : 40.86,
    "dma200" : 47.26,
    "volume" : 595046.00
  }, {
    "date" : "2026-01-21",
    "price" : 31.90,
    "dma50" : 36.72,
    "dma100" : 40.69,
    "dma200" : 47.11,
    "volume" : 616135.00
  }, {
    "date" : "2026-01-22",
    "price" : 32.58,
    "dma50" : 36.55,
    "dma100" : 40.54,
    "dma200" : 46.97,
    "volume" : 364747.00
  }, {
    "date" : "2026-01-23",
    "price" : 31.98,
    "dma50" : 36.38,
    "dma100" : 40.38,
    "dma200" : 46.82,
    "volume" : 260697.00
  }, {
    "date" : "2026-01-27",
    "price" : 31.41,
    "dma50" : 36.18,
    "dma100" : 40.22,
    "dma200" : 46.67,
    "volume" : 373424.00
  }, {
    "date" : "2026-01-28",
    "price" : 32.48,
    "dma50" : 36.04,
    "dma100" : 40.06,
    "dma200" : 46.52,
    "volume" : 360966.00
  }, {
    "date" : "2026-01-29",
    "price" : 31.91,
    "dma50" : 35.87,
    "dma100" : 39.89,
    "dma200" : 46.38,
    "volume" : 390782.00
  }, {
    "date" : "2026-01-30",
    "price" : 32.41,
    "dma50" : 35.74,
    "dma100" : 39.73,
    "dma200" : 46.24,
    "volume" : 355892.00
  }, {
    "date" : "2026-02-01",
    "price" : 31.58,
    "dma50" : 35.57,
    "dma100" : 39.56,
    "dma200" : 46.09,
    "volume" : 599787.00
  }, {
    "date" : "2026-02-02",
    "price" : 30.88,
    "dma50" : 35.39,
    "dma100" : 39.39,
    "dma200" : 45.94,
    "volume" : 965226.00
  }, {
    "date" : "2026-02-03",
    "price" : 31.70,
    "dma50" : 35.25,
    "dma100" : 39.22,
    "dma200" : 45.80,
    "volume" : 1138610.00
  }, {
    "date" : "2026-02-04",
    "price" : 32.63,
    "dma50" : 35.14,
    "dma100" : 39.05,
    "dma200" : 45.67,
    "volume" : 518896.00
  }, {
    "date" : "2026-02-05",
    "price" : 31.59,
    "dma50" : 35.00,
    "dma100" : 38.88,
    "dma200" : 45.53,
    "volume" : 406644.00
  }, {
    "date" : "2026-02-06",
    "price" : 31.25,
    "dma50" : 34.86,
    "dma100" : 38.70,
    "dma200" : 45.39,
    "volume" : 439026.00
  }, {
    "date" : "2026-02-09",
    "price" : 33.57,
    "dma50" : 34.81,
    "dma100" : 38.55,
    "dma200" : 45.27,
    "volume" : 939096.00
  }, {
    "date" : "2026-02-10",
    "price" : 34.13,
    "dma50" : 34.78,
    "dma100" : 38.41,
    "dma200" : 45.16,
    "volume" : 446861.00
  }, {
    "date" : "2026-02-11",
    "price" : 34.08,
    "dma50" : 34.75,
    "dma100" : 38.26,
    "dma200" : 45.05,
    "volume" : 370691.00
  }, {
    "date" : "2026-02-12",
    "price" : 34.11,
    "dma50" : 34.73,
    "dma100" : 38.12,
    "dma200" : 44.94,
    "volume" : 298508.00
  }, {
    "date" : "2026-02-13",
    "price" : 32.52,
    "dma50" : 34.64,
    "dma100" : 37.97,
    "dma200" : 44.82,
    "volume" : 500726.00
  } ],
  "latestTechnicalAttributes" : {
    "date" : "2026-02-13",
    "price" : 32.52,
    "dma50" : 34.64,
    "dma100" : 37.97,
    "dma200" : 44.82,
    "volume" : 500726.00
  },
  "quarterlyResults" : [ {
    "date" : "2005-03-31",
    "sales" : 0.05,
    "salesGrowthYoY" : null,
    "grossProfitMargin" : 100.00,
    "grossProfit" : 0.05,
    "operatingProfitMargin" : 60.00,
    "operatingProfit" : 0.03,
    "netProfitMargin" : -40.00,
    "netProfit" : -0.02
  }, {
    "date" : "2005-06-30",
    "sales" : 0.04,
    "salesGrowthYoY" : null,
    "grossProfitMargin" : 100.00,
    "grossProfit" : 0.04,
    "operatingProfitMargin" : 50.00,
    "operatingProfit" : 0.02,
    "netProfitMargin" : -50.00,
    "netProfit" : -0.02
  }, {
    "date" : "2005-09-30",
    "sales" : 0.18,
    "salesGrowthYoY" : null,
    "grossProfitMargin" : 100.00,
    "grossProfit" : 0.18,
    "operatingProfitMargin" : 88.89,
    "operatingProfit" : 0.16,
    "netProfitMargin" : 61.11,
    "netProfit" : 0.11
  }, {
    "date" : "2005-12-31",
    "sales" : 0.18,
    "salesGrowthYoY" : null,
    "grossProfitMargin" : 100.00,
    "grossProfit" : 0.18,
    "operatingProfitMargin" : 94.44,
    "operatingProfit" : 0.17,
    "netProfitMargin" : 83.33,
    "netProfit" : 0.15
  }, {
    "date" : "2006-03-31",
    "sales" : 0.06,
    "salesGrowthYoY" : 20.00,
    "grossProfitMargin" : 100.00,
    "grossProfit" : 0.06,
    "operatingProfitMargin" : 50.00,
    "operatingProfit" : 0.03,
    "netProfitMargin" : 33.33,
    "netProfit" : 0.02
  }, {
    "date" : "2006-06-30",
    "sales" : 0.01,
    "salesGrowthYoY" : -75.00,
    "grossProfitMargin" : 100.00,
    "grossProfit" : 0.01,
    "operatingProfitMargin" : 0.00,
    "operatingProfit" : 0.00,
    "netProfitMargin" : 0.00,
    "netProfit" : 0.00
  }, {
    "date" : "2006-09-30",
    "sales" : 6.79,
    "salesGrowthYoY" : 3672.22,
    "grossProfitMargin" : 23.56,
    "grossProfit" : 1.60,
    "operatingProfitMargin" : 11.63,
    "operatingProfit" : 0.79,
    "netProfitMargin" : 13.99,
    "netProfit" : 0.95
  }, {
    "date" : "2006-12-31",
    "sales" : 15.58,
    "salesGrowthYoY" : 8555.56,
    "grossProfitMargin" : 34.92,
    "grossProfit" : 5.44,
    "operatingProfitMargin" : 17.20,
    "operatingProfit" : 2.68,
    "netProfitMargin" : 12.90,
    "netProfit" : 2.01
  }, {
    "date" : "2007-03-31",
    "sales" : 20.41,
    "salesGrowthYoY" : 33916.67,
    "grossProfitMargin" : 26.56,
    "grossProfit" : 5.42,
    "operatingProfitMargin" : 19.70,
    "operatingProfit" : 4.02,
    "netProfitMargin" : 14.36,
    "netProfit" : 2.93
  }, {
    "date" : "2007-06-30",
    "sales" : 20.79,
    "salesGrowthYoY" : 207800.00,
    "grossProfitMargin" : 26.17,
    "grossProfit" : 5.44,
    "operatingProfitMargin" : 16.26,
    "operatingProfit" : 3.38,
    "netProfitMargin" : 12.22,
    "netProfit" : 2.54
  }, {
    "date" : "2007-09-30",
    "sales" : 21.15,
    "salesGrowthYoY" : 211.49,
    "grossProfitMargin" : 21.09,
    "grossProfit" : 4.46,
    "operatingProfitMargin" : 11.77,
    "operatingProfit" : 2.49,
    "netProfitMargin" : 18.96,
    "netProfit" : 4.01
  }, {
    "date" : "2007-12-31",
    "sales" : 36.26,
    "salesGrowthYoY" : 132.73,
    "grossProfitMargin" : 27.91,
    "grossProfit" : 10.12,
    "operatingProfitMargin" : 21.79,
    "operatingProfit" : 7.90,
    "netProfitMargin" : 18.48,
    "netProfit" : 6.70
  }, {
    "date" : "2008-03-31",
    "sales" : 65.88,
    "salesGrowthYoY" : 222.78,
    "grossProfitMargin" : 19.49,
    "grossProfit" : 12.84,
    "operatingProfitMargin" : 13.57,
    "operatingProfit" : 8.94,
    "netProfitMargin" : 11.67,
    "netProfit" : 7.69
  }, {
    "date" : "2008-06-30",
    "sales" : 48.66,
    "salesGrowthYoY" : 134.05,
    "grossProfitMargin" : 19.30,
    "grossProfit" : 9.39,
    "operatingProfitMargin" : 13.52,
    "operatingProfit" : 6.58,
    "netProfitMargin" : 11.65,
    "netProfit" : 5.67
  }, {
    "date" : "2008-09-30",
    "sales" : 56.44,
    "salesGrowthYoY" : 166.86,
    "grossProfitMargin" : 17.04,
    "grossProfit" : 9.62,
    "operatingProfitMargin" : 11.59,
    "operatingProfit" : 6.54,
    "netProfitMargin" : 9.90,
    "netProfit" : 5.59
  }, {
    "date" : "2008-12-31",
    "sales" : 52.21,
    "salesGrowthYoY" : 43.99,
    "grossProfitMargin" : 15.59,
    "grossProfit" : 8.14,
    "operatingProfitMargin" : 9.92,
    "operatingProfit" : 5.18,
    "netProfitMargin" : 8.33,
    "netProfit" : 4.35
  }, {
    "date" : "2009-03-31",
    "sales" : 63.14,
    "salesGrowthYoY" : -4.16,
    "grossProfitMargin" : 16.63,
    "grossProfit" : 10.50,
    "operatingProfitMargin" : 8.20,
    "operatingProfit" : 5.18,
    "netProfitMargin" : 4.61,
    "netProfit" : 2.91
  }, {
    "date" : "2009-06-30",
    "sales" : 72.61,
    "salesGrowthYoY" : 49.22,
    "grossProfitMargin" : 20.42,
    "grossProfit" : 14.83,
    "operatingProfitMargin" : 15.14,
    "operatingProfit" : 10.99,
    "netProfitMargin" : 7.49,
    "netProfit" : 5.44
  }, {
    "date" : "2009-09-30",
    "sales" : 79.72,
    "salesGrowthYoY" : 41.25,
    "grossProfitMargin" : 20.46,
    "grossProfit" : 16.31,
    "operatingProfitMargin" : 15.10,
    "operatingProfit" : 12.04,
    "netProfitMargin" : 7.29,
    "netProfit" : 5.81
  }, {
    "date" : "2009-12-31",
    "sales" : 86.64,
    "salesGrowthYoY" : 65.95,
    "grossProfitMargin" : 20.73,
    "grossProfit" : 17.96,
    "operatingProfitMargin" : 15.42,
    "operatingProfit" : 13.36,
    "netProfitMargin" : 7.58,
    "netProfit" : 6.57
  }, {
    "date" : "2010-03-31",
    "sales" : 110.65,
    "salesGrowthYoY" : 75.25,
    "grossProfitMargin" : 21.57,
    "grossProfit" : 23.87,
    "operatingProfitMargin" : 15.57,
    "operatingProfit" : 17.23,
    "netProfitMargin" : 4.65,
    "netProfit" : 5.15
  }, {
    "date" : "2010-06-30",
    "sales" : 113.93,
    "salesGrowthYoY" : 56.91,
    "grossProfitMargin" : 20.82,
    "grossProfit" : 23.72,
    "operatingProfitMargin" : 16.43,
    "operatingProfit" : 18.72,
    "netProfitMargin" : 6.93,
    "netProfit" : 7.90
  }, {
    "date" : "2010-09-30",
    "sales" : 163.49,
    "salesGrowthYoY" : 105.08,
    "grossProfitMargin" : 18.25,
    "grossProfit" : 29.84,
    "operatingProfitMargin" : 13.89,
    "operatingProfit" : 22.71,
    "netProfitMargin" : 6.56,
    "netProfit" : 10.72
  }, {
    "date" : "2010-12-31",
    "sales" : 188.59,
    "salesGrowthYoY" : 117.67,
    "grossProfitMargin" : 17.93,
    "grossProfit" : 33.81,
    "operatingProfitMargin" : 13.43,
    "operatingProfit" : 25.33,
    "netProfitMargin" : 6.55,
    "netProfit" : 12.35
  }, {
    "date" : "2011-03-31",
    "sales" : 182.12,
    "salesGrowthYoY" : 64.59,
    "grossProfitMargin" : 19.37,
    "grossProfit" : 35.28,
    "operatingProfitMargin" : 15.19,
    "operatingProfit" : 27.66,
    "netProfitMargin" : 7.31,
    "netProfit" : 13.31
  }, {
    "date" : "2011-06-30",
    "sales" : 138.13,
    "salesGrowthYoY" : 21.24,
    "grossProfitMargin" : 19.71,
    "grossProfit" : 27.23,
    "operatingProfitMargin" : 15.41,
    "operatingProfit" : 21.29,
    "netProfitMargin" : 6.04,
    "netProfit" : 8.34
  }, {
    "date" : "2011-09-30",
    "sales" : 101.13,
    "salesGrowthYoY" : -38.14,
    "grossProfitMargin" : 14.99,
    "grossProfit" : 15.16,
    "operatingProfitMargin" : 9.05,
    "operatingProfit" : 9.15,
    "netProfitMargin" : 0.35,
    "netProfit" : 0.35
  }, {
    "date" : "2011-12-31",
    "sales" : 75.35,
    "salesGrowthYoY" : -60.05,
    "grossProfitMargin" : 13.82,
    "grossProfit" : 10.41,
    "operatingProfitMargin" : 6.01,
    "operatingProfit" : 4.53,
    "netProfitMargin" : -3.60,
    "netProfit" : -2.71
  }, {
    "date" : "2012-03-31",
    "sales" : 85.83,
    "salesGrowthYoY" : -52.87,
    "grossProfitMargin" : 16.40,
    "grossProfit" : 14.08,
    "operatingProfitMargin" : 5.98,
    "operatingProfit" : 5.13,
    "netProfitMargin" : -3.34,
    "netProfit" : -2.87
  }, {
    "date" : "2012-06-30",
    "sales" : 72.79,
    "salesGrowthYoY" : -47.30,
    "grossProfitMargin" : 23.40,
    "grossProfit" : 17.03,
    "operatingProfitMargin" : 11.99,
    "operatingProfit" : 8.73,
    "netProfitMargin" : -1.07,
    "netProfit" : -0.78
  }, {
    "date" : "2012-09-30",
    "sales" : 66.12,
    "salesGrowthYoY" : -34.62,
    "grossProfitMargin" : 27.75,
    "grossProfit" : 18.35,
    "operatingProfitMargin" : 15.17,
    "operatingProfit" : 10.03,
    "netProfitMargin" : 0.94,
    "netProfit" : 0.62
  }, {
    "date" : "2012-12-31",
    "sales" : 66.12,
    "salesGrowthYoY" : -12.25,
    "grossProfitMargin" : 27.75,
    "grossProfit" : 18.35,
    "operatingProfitMargin" : 15.17,
    "operatingProfit" : 10.03,
    "netProfitMargin" : 1.35,
    "netProfit" : 0.89
  }, {
    "date" : "2013-03-31",
    "sales" : 53.72,
    "salesGrowthYoY" : -37.41,
    "grossProfitMargin" : 59.36,
    "grossProfit" : 31.89,
    "operatingProfitMargin" : 19.43,
    "operatingProfit" : 10.44,
    "netProfitMargin" : 2.49,
    "netProfit" : 1.34
  }, {
    "date" : "2013-06-30",
    "sales" : 56.25,
    "salesGrowthYoY" : -22.72,
    "grossProfitMargin" : 28.16,
    "grossProfit" : 15.84,
    "operatingProfitMargin" : 16.73,
    "operatingProfit" : 9.41,
    "netProfitMargin" : 1.23,
    "netProfit" : 0.69
  }, {
    "date" : "2013-09-30",
    "sales" : 60.50,
    "salesGrowthYoY" : -8.50,
    "grossProfitMargin" : 22.78,
    "grossProfit" : 13.78,
    "operatingProfitMargin" : 12.35,
    "operatingProfit" : 7.47,
    "netProfitMargin" : -0.99,
    "netProfit" : -0.60
  }, {
    "date" : "2013-12-31",
    "sales" : 60.92,
    "salesGrowthYoY" : -7.86,
    "grossProfitMargin" : 24.18,
    "grossProfit" : 14.73,
    "operatingProfitMargin" : 13.82,
    "operatingProfit" : 8.42,
    "netProfitMargin" : 0.11,
    "netProfit" : 0.07
  }, {
    "date" : "2014-03-31",
    "sales" : 59.21,
    "salesGrowthYoY" : 10.22,
    "grossProfitMargin" : 56.93,
    "grossProfit" : 33.71,
    "operatingProfitMargin" : 19.02,
    "operatingProfit" : 11.26,
    "netProfitMargin" : 3.24,
    "netProfit" : 1.92
  }, {
    "date" : "2014-06-30",
    "sales" : 69.39,
    "salesGrowthYoY" : 23.36,
    "grossProfitMargin" : 21.67,
    "grossProfit" : 15.04,
    "operatingProfitMargin" : 10.26,
    "operatingProfit" : 7.12,
    "netProfitMargin" : -0.20,
    "netProfit" : -0.14
  }, {
    "date" : "2014-09-30",
    "sales" : 51.67,
    "salesGrowthYoY" : -14.60,
    "grossProfitMargin" : 22.59,
    "grossProfit" : 11.67,
    "operatingProfitMargin" : 11.17,
    "operatingProfit" : 5.77,
    "netProfitMargin" : -2.07,
    "netProfit" : -1.07
  }, {
    "date" : "2014-12-31",
    "sales" : 53.92,
    "salesGrowthYoY" : -11.49,
    "grossProfitMargin" : 23.02,
    "grossProfit" : 12.41,
    "operatingProfitMargin" : 53.60,
    "operatingProfit" : 28.90,
    "netProfitMargin" : 42.14,
    "netProfit" : 22.72
  }, {
    "date" : "2015-03-31",
    "sales" : 91.30,
    "salesGrowthYoY" : 54.20,
    "grossProfitMargin" : 41.79,
    "grossProfit" : 38.15,
    "operatingProfitMargin" : 13.23,
    "operatingProfit" : 12.08,
    "netProfitMargin" : -5.44,
    "netProfit" : -4.97
  }, {
    "date" : "2015-06-30",
    "sales" : 74.84,
    "salesGrowthYoY" : 7.85,
    "grossProfitMargin" : 19.51,
    "grossProfit" : 14.60,
    "operatingProfitMargin" : 8.10,
    "operatingProfit" : 6.06,
    "netProfitMargin" : -0.15,
    "netProfit" : -0.11
  }, {
    "date" : "2015-09-30",
    "sales" : 83.06,
    "salesGrowthYoY" : 60.75,
    "grossProfitMargin" : 19.15,
    "grossProfit" : 15.91,
    "operatingProfitMargin" : 8.05,
    "operatingProfit" : 6.69,
    "netProfitMargin" : 0.59,
    "netProfit" : 0.49
  }, {
    "date" : "2015-12-31",
    "sales" : 101.87,
    "salesGrowthYoY" : 88.93,
    "grossProfitMargin" : 16.45,
    "grossProfit" : 16.76,
    "operatingProfitMargin" : 6.70,
    "operatingProfit" : 6.83,
    "netProfitMargin" : 0.52,
    "netProfit" : 0.53
  }, {
    "date" : "2016-03-31",
    "sales" : 90.76,
    "salesGrowthYoY" : -0.59,
    "grossProfitMargin" : 58.01,
    "grossProfit" : 52.65,
    "operatingProfitMargin" : 16.37,
    "operatingProfit" : 14.86,
    "netProfitMargin" : 1.05,
    "netProfit" : 0.95
  }, {
    "date" : "2016-06-30",
    "sales" : 99.19,
    "salesGrowthYoY" : 32.54,
    "grossProfitMargin" : 21.00,
    "grossProfit" : 20.83,
    "operatingProfitMargin" : 9.59,
    "operatingProfit" : 9.51,
    "netProfitMargin" : 1.04,
    "netProfit" : 1.03
  }, {
    "date" : "2016-09-30",
    "sales" : 106.77,
    "salesGrowthYoY" : 28.55,
    "grossProfitMargin" : 21.37,
    "grossProfit" : 22.82,
    "operatingProfitMargin" : 8.61,
    "operatingProfit" : 9.19,
    "netProfitMargin" : 0.57,
    "netProfit" : 0.61
  }, {
    "date" : "2016-12-31",
    "sales" : 119.74,
    "salesGrowthYoY" : 17.54,
    "grossProfitMargin" : 20.41,
    "grossProfit" : 24.44,
    "operatingProfitMargin" : 10.22,
    "operatingProfit" : 12.24,
    "netProfitMargin" : 2.25,
    "netProfit" : 2.69
  }, {
    "date" : "2017-03-31",
    "sales" : 160.14,
    "salesGrowthYoY" : 76.44,
    "grossProfitMargin" : 39.40,
    "grossProfit" : 63.10,
    "operatingProfitMargin" : 5.64,
    "operatingProfit" : 9.03,
    "netProfitMargin" : 0.11,
    "netProfit" : 0.18
  }, {
    "date" : "2017-06-30",
    "sales" : 136.71,
    "salesGrowthYoY" : 37.83,
    "grossProfitMargin" : 27.19,
    "grossProfit" : 37.17,
    "operatingProfitMargin" : 10.80,
    "operatingProfit" : 14.76,
    "netProfitMargin" : 3.20,
    "netProfit" : 4.37
  }, {
    "date" : "2017-09-30",
    "sales" : 125.02,
    "salesGrowthYoY" : 17.09,
    "grossProfitMargin" : 31.19,
    "grossProfit" : 38.99,
    "operatingProfitMargin" : 13.60,
    "operatingProfit" : 17.00,
    "netProfitMargin" : 4.84,
    "netProfit" : 6.05
  }, {
    "date" : "2017-12-31",
    "sales" : 141.63,
    "salesGrowthYoY" : 18.28,
    "grossProfitMargin" : 28.16,
    "grossProfit" : 39.88,
    "operatingProfitMargin" : 12.86,
    "operatingProfit" : 18.21,
    "netProfitMargin" : 4.96,
    "netProfit" : 7.02
  }, {
    "date" : "2018-03-31",
    "sales" : 170.29,
    "salesGrowthYoY" : 6.34,
    "grossProfitMargin" : 19.17,
    "grossProfit" : 32.64,
    "operatingProfitMargin" : 10.49,
    "operatingProfit" : 17.86,
    "netProfitMargin" : 4.59,
    "netProfit" : 7.82
  }, {
    "date" : "2018-06-30",
    "sales" : 164.86,
    "salesGrowthYoY" : 20.59,
    "grossProfitMargin" : 29.84,
    "grossProfit" : 49.19,
    "operatingProfitMargin" : 16.18,
    "operatingProfit" : 26.67,
    "netProfitMargin" : 8.04,
    "netProfit" : 13.25
  }, {
    "date" : "2018-09-30",
    "sales" : 210.98,
    "salesGrowthYoY" : 68.76,
    "grossProfitMargin" : 24.32,
    "grossProfit" : 51.31,
    "operatingProfitMargin" : 13.45,
    "operatingProfit" : 28.38,
    "netProfitMargin" : 6.90,
    "netProfit" : 14.56
  }, {
    "date" : "2018-12-31",
    "sales" : 237.37,
    "salesGrowthYoY" : 67.60,
    "grossProfitMargin" : 23.61,
    "grossProfit" : 56.04,
    "operatingProfitMargin" : 13.57,
    "operatingProfit" : 32.21,
    "netProfitMargin" : 7.23,
    "netProfit" : 17.16
  }, {
    "date" : "2019-03-31",
    "sales" : 260.14,
    "salesGrowthYoY" : 52.76,
    "grossProfitMargin" : 28.20,
    "grossProfit" : 73.36,
    "operatingProfitMargin" : 11.28,
    "operatingProfit" : 29.34,
    "netProfitMargin" : 5.42,
    "netProfit" : 14.10
  }, {
    "date" : "2019-06-30",
    "sales" : 246.86,
    "salesGrowthYoY" : 49.74,
    "grossProfitMargin" : 23.60,
    "grossProfit" : 58.26,
    "operatingProfitMargin" : 13.43,
    "operatingProfit" : 33.15,
    "netProfitMargin" : 5.74,
    "netProfit" : 14.17
  }, {
    "date" : "2019-09-30",
    "sales" : 247.41,
    "salesGrowthYoY" : 17.27,
    "grossProfitMargin" : 24.47,
    "grossProfit" : 60.54,
    "operatingProfitMargin" : 12.45,
    "operatingProfit" : 30.80,
    "netProfitMargin" : 5.89,
    "netProfit" : 14.57
  }, {
    "date" : "2019-12-31",
    "sales" : 242.01,
    "salesGrowthYoY" : 1.95,
    "grossProfitMargin" : 27.74,
    "grossProfit" : 67.13,
    "operatingProfitMargin" : 15.16,
    "operatingProfit" : 36.69,
    "netProfitMargin" : 7.06,
    "netProfit" : 17.09
  }, {
    "date" : "2020-03-31",
    "sales" : 249.50,
    "salesGrowthYoY" : -4.09,
    "grossProfitMargin" : 20.87,
    "grossProfit" : 52.07,
    "operatingProfitMargin" : 8.08,
    "operatingProfit" : 20.16,
    "netProfitMargin" : 1.53,
    "netProfit" : 3.82
  }, {
    "date" : "2020-06-30",
    "sales" : 86.06,
    "salesGrowthYoY" : -65.14,
    "grossProfitMargin" : 27.10,
    "grossProfit" : 23.32,
    "operatingProfitMargin" : 4.53,
    "operatingProfit" : 3.90,
    "netProfitMargin" : -7.87,
    "netProfit" : -6.77
  }, {
    "date" : "2020-09-30",
    "sales" : 152.46,
    "salesGrowthYoY" : -38.38,
    "grossProfitMargin" : 28.59,
    "grossProfit" : 43.59,
    "operatingProfitMargin" : 15.90,
    "operatingProfit" : 24.24,
    "netProfitMargin" : 5.44,
    "netProfit" : 8.29
  }, {
    "date" : "2020-12-31",
    "sales" : 232.04,
    "salesGrowthYoY" : -4.12,
    "grossProfitMargin" : 25.72,
    "grossProfit" : 59.68,
    "operatingProfitMargin" : 16.78,
    "operatingProfit" : 38.94,
    "netProfitMargin" : 8.11,
    "netProfit" : 18.82
  }, {
    "date" : "2021-03-31",
    "sales" : 309.43,
    "salesGrowthYoY" : 24.02,
    "grossProfitMargin" : 25.64,
    "grossProfit" : 79.34,
    "operatingProfitMargin" : 15.93,
    "operatingProfit" : 49.29,
    "netProfitMargin" : 8.21,
    "netProfit" : 25.40
  }, {
    "date" : "2021-06-30",
    "sales" : 206.47,
    "salesGrowthYoY" : 139.91,
    "grossProfitMargin" : 30.89,
    "grossProfit" : 63.78,
    "operatingProfitMargin" : 19.37,
    "operatingProfit" : 39.99,
    "netProfitMargin" : 9.10,
    "netProfit" : 18.79
  }, {
    "date" : "2021-09-30",
    "sales" : 370.74,
    "salesGrowthYoY" : 143.17,
    "grossProfitMargin" : 22.84,
    "grossProfit" : 84.68,
    "operatingProfitMargin" : 14.81,
    "operatingProfit" : 54.91,
    "netProfitMargin" : 7.96,
    "netProfit" : 29.51
  }, {
    "date" : "2021-12-31",
    "sales" : 376.15,
    "salesGrowthYoY" : 62.11,
    "grossProfitMargin" : 20.12,
    "grossProfit" : 75.68,
    "operatingProfitMargin" : 12.03,
    "operatingProfit" : 45.25,
    "netProfitMargin" : 5.79,
    "netProfit" : 21.78
  }, {
    "date" : "2022-03-31",
    "sales" : 324.61,
    "salesGrowthYoY" : 4.91,
    "grossProfitMargin" : 20.76,
    "grossProfit" : 67.39,
    "operatingProfitMargin" : 8.92,
    "operatingProfit" : 28.96,
    "netProfitMargin" : 3.28,
    "netProfit" : 10.65
  }, {
    "date" : "2022-06-30",
    "sales" : 331.11,
    "salesGrowthYoY" : 60.37,
    "grossProfitMargin" : 24.34,
    "grossProfit" : 80.59,
    "operatingProfitMargin" : 10.27,
    "operatingProfit" : 34.00,
    "netProfitMargin" : 3.87,
    "netProfit" : 12.81
  }, {
    "date" : "2022-09-30",
    "sales" : 439.30,
    "salesGrowthYoY" : 18.49,
    "grossProfitMargin" : 22.40,
    "grossProfit" : 98.40,
    "operatingProfitMargin" : 11.39,
    "operatingProfit" : 50.04,
    "netProfitMargin" : 5.04,
    "netProfit" : 22.14
  }, {
    "date" : "2022-12-31",
    "sales" : 658.79,
    "salesGrowthYoY" : 75.14,
    "grossProfitMargin" : 15.47,
    "grossProfit" : 101.91,
    "operatingProfitMargin" : 8.00,
    "operatingProfit" : 52.70,
    "netProfitMargin" : 5.09,
    "netProfit" : 33.53
  }, {
    "date" : "2023-03-31",
    "sales" : 614.96,
    "salesGrowthYoY" : 89.45,
    "grossProfitMargin" : 17.44,
    "grossProfit" : 107.25,
    "operatingProfitMargin" : 7.98,
    "operatingProfit" : 49.07,
    "netProfitMargin" : 2.19,
    "netProfit" : 13.47
  }, {
    "date" : "2023-06-30",
    "sales" : 803.36,
    "salesGrowthYoY" : 142.63,
    "grossProfitMargin" : 14.56,
    "grossProfit" : 116.97,
    "operatingProfitMargin" : 8.04,
    "operatingProfit" : 64.59,
    "netProfitMargin" : 3.61,
    "netProfit" : 29.00
  }, {
    "date" : "2023-09-30",
    "sales" : 600.02,
    "salesGrowthYoY" : 36.59,
    "grossProfitMargin" : 24.38,
    "grossProfit" : 146.28,
    "operatingProfitMargin" : 13.58,
    "operatingProfit" : 81.48,
    "netProfitMargin" : 5.01,
    "netProfit" : 30.06
  }, {
    "date" : "2023-12-31",
    "sales" : 531.00,
    "salesGrowthYoY" : -19.40,
    "grossProfitMargin" : 25.34,
    "grossProfit" : 134.56,
    "operatingProfitMargin" : 13.88,
    "operatingProfit" : 73.70,
    "netProfitMargin" : 4.69,
    "netProfit" : 24.90
  }, {
    "date" : "2024-03-31",
    "sales" : 587.18,
    "salesGrowthYoY" : -4.52,
    "grossProfitMargin" : 16.67,
    "grossProfit" : 97.88,
    "operatingProfitMargin" : 16.82,
    "operatingProfit" : 98.76,
    "netProfitMargin" : 1.60,
    "netProfit" : 9.39
  }, {
    "date" : "2024-06-30",
    "sales" : 771.13,
    "salesGrowthYoY" : -4.01,
    "grossProfitMargin" : 16.51,
    "grossProfit" : 127.31,
    "operatingProfitMargin" : 8.67,
    "operatingProfit" : 66.86,
    "netProfitMargin" : 1.82,
    "netProfit" : 14.03
  }, {
    "date" : "2024-09-30",
    "sales" : 710.74,
    "salesGrowthYoY" : 18.45,
    "grossProfitMargin" : 22.75,
    "grossProfit" : 161.69,
    "operatingProfitMargin" : 10.25,
    "operatingProfit" : 72.85,
    "netProfitMargin" : 2.78,
    "netProfit" : 19.76
  }, {
    "date" : "2024-12-31",
    "sales" : 649.14,
    "salesGrowthYoY" : 22.25,
    "grossProfitMargin" : 22.33,
    "grossProfit" : 144.95,
    "operatingProfitMargin" : 10.59,
    "operatingProfit" : 68.74,
    "netProfitMargin" : 3.53,
    "netProfit" : 22.91
  }, {
    "date" : "2025-03-31",
    "sales" : 896.39,
    "salesGrowthYoY" : 52.66,
    "grossProfitMargin" : 18.04,
    "grossProfit" : 161.71,
    "operatingProfitMargin" : 8.83,
    "operatingProfit" : 79.15,
    "netProfitMargin" : 2.31,
    "netProfit" : 20.71
  }, {
    "date" : "2025-06-30",
    "sales" : 1063.51,
    "salesGrowthYoY" : 37.92,
    "grossProfitMargin" : 14.64,
    "grossProfit" : 155.70,
    "operatingProfitMargin" : 7.19,
    "operatingProfit" : 76.47,
    "netProfitMargin" : 1.82,
    "netProfit" : 19.36
  }, {
    "date" : "2025-09-30",
    "sales" : 1091.54,
    "salesGrowthYoY" : 53.58,
    "grossProfitMargin" : 14.97,
    "grossProfit" : 163.40,
    "operatingProfitMargin" : 7.04,
    "operatingProfit" : 76.84,
    "netProfitMargin" : 1.80,
    "netProfit" : 19.65
  }, {
    "date" : "2025-12-31",
    "sales" : 1210.75,
    "salesGrowthYoY" : 86.52,
    "grossProfitMargin" : 13.42,
    "grossProfit" : 162.48,
    "operatingProfitMargin" : 6.39,
    "operatingProfit" : 77.37,
    "netProfitMargin" : 1.70,
    "netProfit" : 20.58
  } ],
  "latestQuarterlyResult" : {
    "date" : "2025-12-31",
    "sales" : 1210.75,
    "salesGrowthYoY" : 86.52,
    "grossProfitMargin" : 13.42,
    "grossProfit" : 162.48,
    "operatingProfitMargin" : 6.39,
    "operatingProfit" : 77.37,
    "netProfitMargin" : 1.70,
    "netProfit" : 20.58
  },
  "companyScore" : {
    "priceHigherThanDma50" : 0.00,
    "priceHigherThanDma100" : 0.00,
    "priceHigherThanDma200" : 0.00,
    "dma50HigherThanDma100" : 0.00,
    "dma50HigherThanDma200" : 0.00,
    "dma100HigherThanDma200" : 0.00,
    "pricePercentageAboveDma50" : 5.31,
    "pricePercentageAboveDma100" : 5.72,
    "pricePercentageAboveDma200" : 6.37,
    "weeklyVolumeHigherThanYearlyVolume" : 0.00,
    "salesGrowthPercentile" : 16.00,
    "operatingProfitMarginPercentile" : 1.43,
    "netProfitMarginPercentile" : 3.88,
    "totalTechnicalScore" : 17.40,
    "totalFundamentalScore" : 21.31,
    "totalScore" : 38.70
  }
}