{
  "metadata" : {
    "screenerCompanyId" : "745",
    "companyCode" : "CUPID",
    "companyName" : "Cupid",
    "screenerCompanyLink" : "https://www.screener.in/company/CUPID/",
    "screenerTechnicalHistoryLink" : "https://www.screener.in/api/company/745/chart/?q=Price-DMA50-DMA200-Volume&days=365",
    "screenerQuarterlyResultsLink" : "https://www.screener.in/api/company/745/chart/?q=GPM-OPM-NPM-Quarter+Sales&days=10000",
    "attributes" : {
      "companyCode" : "CUPID",
      "companyName" : "Cupid",
      "marketCap" : 11669.00,
      "peRatio" : 140.00,
      "description" : "Established in 1993, CUPID Limited is India's premier manufacturer of male and female condoms, personal lubricant, and IVD kits.[1]"
    },
    "companyScore" : {
      "priceHigherThanDma50" : 5.00,
      "priceHigherThanDma100" : 5.00,
      "priceHigherThanDma200" : 5.00,
      "dma50HigherThanDma100" : 5.00,
      "dma50HigherThanDma200" : 5.00,
      "dma100HigherThanDma200" : 5.00,
      "pricePercentageAboveDma50" : 4.60,
      "pricePercentageAboveDma100" : 3.64,
      "pricePercentageAboveDma200" : 2.04,
      "weeklyVolumeHigherThanYearlyVolume" : 0.00,
      "salesGrowthPercentile" : 17.00,
      "operatingProfitMarginPercentile" : 19.29,
      "netProfitMarginPercentile" : 9.88,
      "totalTechnicalScore" : 40.27,
      "totalFundamentalScore" : 46.17,
      "totalScore" : 86.44
    }
  },
  "attributes" : {
    "companyCode" : "CUPID",
    "companyName" : "Cupid",
    "marketCap" : 11669.00,
    "peRatio" : 140.00,
    "description" : "Established in 1993, CUPID Limited is India's premier manufacturer of male and female condoms, personal lubricant, and IVD kits.[1]"
  },
  "technicalHistory" : [ {
    "date" : "2025-02-12",
    "price" : 69.13,
    "dma50" : 75.10,
    "dma100" : null,
    "dma200" : 79.76,
    "volume" : 1747022.00
  }, {
    "date" : "2025-02-13",
    "price" : 73.32,
    "dma50" : 75.03,
    "dma100" : null,
    "dma200" : 79.70,
    "volume" : 2698813.00
  }, {
    "date" : "2025-02-14",
    "price" : 69.16,
    "dma50" : 74.80,
    "dma100" : null,
    "dma200" : 79.59,
    "volume" : 1495667.00
  }, {
    "date" : "2025-02-17",
    "price" : 69.72,
    "dma50" : 74.60,
    "dma100" : null,
    "dma200" : 79.50,
    "volume" : 2850169.00
  }, {
    "date" : "2025-02-18",
    "price" : 67.09,
    "dma50" : 74.30,
    "dma100" : null,
    "dma200" : 79.37,
    "volume" : 426385.00
  }, {
    "date" : "2025-02-19",
    "price" : 69.90,
    "dma50" : 74.13,
    "dma100" : null,
    "dma200" : 79.28,
    "volume" : 2778361.00
  }, {
    "date" : "2025-02-20",
    "price" : 69.21,
    "dma50" : 73.94,
    "dma100" : null,
    "dma200" : 79.18,
    "volume" : 267285.00
  }, {
    "date" : "2025-02-21",
    "price" : 68.45,
    "dma50" : 73.72,
    "dma100" : null,
    "dma200" : 79.07,
    "volume" : 265371.00
  }, {
    "date" : "2025-02-24",
    "price" : 69.50,
    "dma50" : 73.56,
    "dma100" : null,
    "dma200" : 78.98,
    "volume" : 558070.00
  }, {
    "date" : "2025-02-25",
    "price" : 68.66,
    "dma50" : 73.37,
    "dma100" : null,
    "dma200" : 78.87,
    "volume" : 1349491.00
  }, {
    "date" : "2025-02-27",
    "price" : 67.71,
    "dma50" : 73.14,
    "dma100" : null,
    "dma200" : 78.76,
    "volume" : 1447500.00
  }, {
    "date" : "2025-02-28",
    "price" : 68.03,
    "dma50" : 72.94,
    "dma100" : null,
    "dma200" : 78.66,
    "volume" : 819849.00
  }, {
    "date" : "2025-03-03",
    "price" : 66.40,
    "dma50" : 72.69,
    "dma100" : null,
    "dma200" : 78.53,
    "volume" : 834271.00
  }, {
    "date" : "2025-03-04",
    "price" : 64.37,
    "dma50" : 72.36,
    "dma100" : null,
    "dma200" : 78.39,
    "volume" : 499721.00
  }, {
    "date" : "2025-03-05",
    "price" : 64.69,
    "dma50" : 72.06,
    "dma100" : null,
    "dma200" : 78.26,
    "volume" : 343716.00
  }, {
    "date" : "2025-03-06",
    "price" : 67.37,
    "dma50" : 71.88,
    "dma100" : null,
    "dma200" : 78.15,
    "volume" : 702805.00
  }, {
    "date" : "2025-03-07",
    "price" : 65.72,
    "dma50" : 71.63,
    "dma100" : null,
    "dma200" : 78.03,
    "volume" : 322310.00
  }, {
    "date" : "2025-03-10",
    "price" : 65.38,
    "dma50" : 71.39,
    "dma100" : null,
    "dma200" : 77.90,
    "volume" : 298626.00
  }, {
    "date" : "2025-03-11",
    "price" : 63.06,
    "dma50" : 71.06,
    "dma100" : null,
    "dma200" : 77.75,
    "volume" : 410454.00
  }, {
    "date" : "2025-03-12",
    "price" : 63.73,
    "dma50" : 70.78,
    "dma100" : null,
    "dma200" : 77.61,
    "volume" : 1278046.00
  }, {
    "date" : "2025-03-13",
    "price" : 63.96,
    "dma50" : 70.51,
    "dma100" : null,
    "dma200" : 77.48,
    "volume" : 880446.00
  }, {
    "date" : "2025-03-17",
    "price" : 63.06,
    "dma50" : 70.22,
    "dma100" : null,
    "dma200" : 77.33,
    "volume" : 450784.00
  }, {
    "date" : "2025-03-18",
    "price" : 62.90,
    "dma50" : 69.93,
    "dma100" : null,
    "dma200" : 77.19,
    "volume" : 1083219.00
  }, {
    "date" : "2025-03-19",
    "price" : 63.38,
    "dma50" : 69.67,
    "dma100" : null,
    "dma200" : 77.05,
    "volume" : 532924.00
  }, {
    "date" : "2025-03-20",
    "price" : 63.09,
    "dma50" : 69.41,
    "dma100" : null,
    "dma200" : 76.91,
    "volume" : 377681.00
  }, {
    "date" : "2025-03-21",
    "price" : 66.09,
    "dma50" : 69.28,
    "dma100" : null,
    "dma200" : 76.81,
    "volume" : 3693123.00
  }, {
    "date" : "2025-03-24",
    "price" : 67.03,
    "dma50" : 69.20,
    "dma100" : null,
    "dma200" : 76.71,
    "volume" : 582390.00
  }, {
    "date" : "2025-03-25",
    "price" : 65.04,
    "dma50" : 69.03,
    "dma100" : null,
    "dma200" : 76.59,
    "volume" : 1023029.00
  }, {
    "date" : "2025-03-26",
    "price" : 64.05,
    "dma50" : 68.84,
    "dma100" : null,
    "dma200" : 76.47,
    "volume" : 921231.00
  }, {
    "date" : "2025-03-27",
    "price" : 63.57,
    "dma50" : 68.63,
    "dma100" : null,
    "dma200" : 76.34,
    "volume" : 3484248.00
  }, {
    "date" : "2025-03-28",
    "price" : 62.63,
    "dma50" : 68.40,
    "dma100" : null,
    "dma200" : 76.20,
    "volume" : 2667942.00
  }, {
    "date" : "2025-04-01",
    "price" : 61.60,
    "dma50" : 68.13,
    "dma100" : null,
    "dma200" : 76.06,
    "volume" : 842012.00
  }, {
    "date" : "2025-04-02",
    "price" : 60.73,
    "dma50" : 67.84,
    "dma100" : null,
    "dma200" : 75.90,
    "volume" : 863435.00
  }, {
    "date" : "2025-04-03",
    "price" : 60.38,
    "dma50" : 67.55,
    "dma100" : null,
    "dma200" : 75.75,
    "volume" : 1374122.00
  }, {
    "date" : "2025-04-04",
    "price" : 58.87,
    "dma50" : 67.21,
    "dma100" : null,
    "dma200" : 75.58,
    "volume" : 943393.00
  }, {
    "date" : "2025-04-07",
    "price" : 57.50,
    "dma50" : 66.83,
    "dma100" : null,
    "dma200" : 75.40,
    "volume" : 6899207.00
  }, {
    "date" : "2025-04-08",
    "price" : 60.13,
    "dma50" : 66.56,
    "dma100" : null,
    "dma200" : 75.25,
    "volume" : 1478739.00
  }, {
    "date" : "2025-04-09",
    "price" : 59.90,
    "dma50" : 66.30,
    "dma100" : null,
    "dma200" : 75.10,
    "volume" : 3217686.00
  }, {
    "date" : "2025-04-11",
    "price" : 60.67,
    "dma50" : 66.08,
    "dma100" : null,
    "dma200" : 74.95,
    "volume" : 1145713.00
  }, {
    "date" : "2025-04-15",
    "price" : 66.29,
    "dma50" : 66.09,
    "dma100" : null,
    "dma200" : 74.87,
    "volume" : 8942583.00
  }, {
    "date" : "2025-04-16",
    "price" : 73.69,
    "dma50" : 66.39,
    "dma100" : null,
    "dma200" : 74.86,
    "volume" : 14265243.00
  }, {
    "date" : "2025-04-17",
    "price" : 74.84,
    "dma50" : 66.72,
    "dma100" : null,
    "dma200" : 74.86,
    "volume" : 7733595.00
  }, {
    "date" : "2025-04-21",
    "price" : 73.05,
    "dma50" : 66.97,
    "dma100" : null,
    "dma200" : 74.84,
    "volume" : 1025522.00
  }, {
    "date" : "2025-04-22",
    "price" : 74.03,
    "dma50" : 67.24,
    "dma100" : null,
    "dma200" : 74.83,
    "volume" : 1139984.00
  }, {
    "date" : "2025-04-23",
    "price" : 73.35,
    "dma50" : 67.48,
    "dma100" : null,
    "dma200" : 74.82,
    "volume" : 706853.00
  }, {
    "date" : "2025-04-24",
    "price" : 73.17,
    "dma50" : 67.71,
    "dma100" : null,
    "dma200" : 74.80,
    "volume" : 599234.00
  }, {
    "date" : "2025-04-25",
    "price" : 74.04,
    "dma50" : 67.95,
    "dma100" : null,
    "dma200" : 74.79,
    "volume" : 1281307.00
  }, {
    "date" : "2025-04-28",
    "price" : 76.83,
    "dma50" : 68.30,
    "dma100" : null,
    "dma200" : 74.81,
    "volume" : 1685100.00
  }, {
    "date" : "2025-04-29",
    "price" : 77.51,
    "dma50" : 68.66,
    "dma100" : null,
    "dma200" : 74.84,
    "volume" : 1173236.00
  }, {
    "date" : "2025-04-30",
    "price" : 78.32,
    "dma50" : 69.04,
    "dma100" : null,
    "dma200" : 74.87,
    "volume" : 1276039.00
  }, {
    "date" : "2025-05-02",
    "price" : 81.38,
    "dma50" : 69.53,
    "dma100" : null,
    "dma200" : 74.94,
    "volume" : 4070135.00
  }, {
    "date" : "2025-05-05",
    "price" : 83.03,
    "dma50" : 70.06,
    "dma100" : null,
    "dma200" : 75.02,
    "volume" : 3526846.00
  }, {
    "date" : "2025-05-06",
    "price" : 83.98,
    "dma50" : 70.60,
    "dma100" : null,
    "dma200" : 75.11,
    "volume" : 2269325.00
  }, {
    "date" : "2025-05-07",
    "price" : 84.90,
    "dma50" : 71.16,
    "dma100" : null,
    "dma200" : 75.20,
    "volume" : 2361549.00
  }, {
    "date" : "2025-05-08",
    "price" : 83.38,
    "dma50" : 71.64,
    "dma100" : null,
    "dma200" : 75.29,
    "volume" : 3551245.00
  }, {
    "date" : "2025-05-09",
    "price" : 84.13,
    "dma50" : 72.13,
    "dma100" : null,
    "dma200" : 75.37,
    "volume" : 1302511.00
  }, {
    "date" : "2025-05-12",
    "price" : 86.63,
    "dma50" : 72.70,
    "dma100" : null,
    "dma200" : 75.49,
    "volume" : 1399581.00
  }, {
    "date" : "2025-05-13",
    "price" : 85.95,
    "dma50" : 73.22,
    "dma100" : null,
    "dma200" : 75.59,
    "volume" : 1118548.00
  }, {
    "date" : "2025-05-14",
    "price" : 87.01,
    "dma50" : 73.76,
    "dma100" : null,
    "dma200" : 75.70,
    "volume" : 2916237.00
  }, {
    "date" : "2025-05-15",
    "price" : 93.12,
    "dma50" : 74.52,
    "dma100" : null,
    "dma200" : 75.88,
    "volume" : 3587447.00
  }, {
    "date" : "2025-05-16",
    "price" : 92.90,
    "dma50" : 75.24,
    "dma100" : null,
    "dma200" : 76.05,
    "volume" : 1975861.00
  }, {
    "date" : "2025-05-19",
    "price" : 94.79,
    "dma50" : 76.01,
    "dma100" : null,
    "dma200" : 76.23,
    "volume" : 1361117.00
  }, {
    "date" : "2025-05-20",
    "price" : 96.22,
    "dma50" : 76.80,
    "dma100" : null,
    "dma200" : 76.43,
    "volume" : 1759236.00
  }, {
    "date" : "2025-05-21",
    "price" : 97.16,
    "dma50" : 77.60,
    "dma100" : null,
    "dma200" : 76.64,
    "volume" : 2069691.00
  }, {
    "date" : "2025-05-22",
    "price" : 99.16,
    "dma50" : 78.44,
    "dma100" : null,
    "dma200" : 76.86,
    "volume" : 4679524.00
  }, {
    "date" : "2025-05-23",
    "price" : 103.64,
    "dma50" : 79.43,
    "dma100" : null,
    "dma200" : 77.13,
    "volume" : 4144071.00
  }, {
    "date" : "2025-05-26",
    "price" : 106.66,
    "dma50" : 80.50,
    "dma100" : null,
    "dma200" : 77.42,
    "volume" : 3155457.00
  }, {
    "date" : "2025-05-27",
    "price" : 104.36,
    "dma50" : 81.44,
    "dma100" : null,
    "dma200" : 77.69,
    "volume" : 3240186.00
  }, {
    "date" : "2025-05-28",
    "price" : 105.11,
    "dma50" : 82.36,
    "dma100" : null,
    "dma200" : 77.96,
    "volume" : 3391936.00
  }, {
    "date" : "2025-05-29",
    "price" : 108.47,
    "dma50" : 83.39,
    "dma100" : null,
    "dma200" : 78.27,
    "volume" : 3175383.00
  }, {
    "date" : "2025-05-30",
    "price" : 108.22,
    "dma50" : 84.36,
    "dma100" : null,
    "dma200" : 78.56,
    "volume" : 4909418.00
  }, {
    "date" : "2025-06-02",
    "price" : 108.64,
    "dma50" : 85.31,
    "dma100" : null,
    "dma200" : 78.86,
    "volume" : 758438.00
  }, {
    "date" : "2025-06-03",
    "price" : 111.24,
    "dma50" : 86.33,
    "dma100" : null,
    "dma200" : 79.19,
    "volume" : 3945678.00
  }, {
    "date" : "2025-06-04",
    "price" : 111.98,
    "dma50" : 87.34,
    "dma100" : null,
    "dma200" : 79.51,
    "volume" : 3617621.00
  }, {
    "date" : "2025-06-05",
    "price" : 110.19,
    "dma50" : 88.23,
    "dma100" : null,
    "dma200" : 79.82,
    "volume" : 1632389.00
  }, {
    "date" : "2025-06-06",
    "price" : 108.00,
    "dma50" : 89.01,
    "dma100" : null,
    "dma200" : 80.10,
    "volume" : 945833.00
  }, {
    "date" : "2025-06-09",
    "price" : 102.68,
    "dma50" : 89.54,
    "dma100" : null,
    "dma200" : 80.32,
    "volume" : 2507528.00
  }, {
    "date" : "2025-06-10",
    "price" : 101.39,
    "dma50" : 90.01,
    "dma100" : null,
    "dma200" : 80.53,
    "volume" : 2712823.00
  }, {
    "date" : "2025-06-11",
    "price" : 97.60,
    "dma50" : 90.31,
    "dma100" : null,
    "dma200" : 80.70,
    "volume" : 2346874.00
  }, {
    "date" : "2025-06-12",
    "price" : 95.88,
    "dma50" : 90.52,
    "dma100" : null,
    "dma200" : 80.85,
    "volume" : 2160994.00
  }, {
    "date" : "2025-06-13",
    "price" : 96.72,
    "dma50" : 90.77,
    "dma100" : null,
    "dma200" : 81.01,
    "volume" : 1585138.00
  }, {
    "date" : "2025-06-16",
    "price" : 92.89,
    "dma50" : 90.85,
    "dma100" : null,
    "dma200" : 81.13,
    "volume" : 562482.00
  }, {
    "date" : "2025-06-17",
    "price" : 92.26,
    "dma50" : 90.91,
    "dma100" : null,
    "dma200" : 81.24,
    "volume" : 943636.00
  }, {
    "date" : "2025-06-18",
    "price" : 91.09,
    "dma50" : 90.91,
    "dma100" : null,
    "dma200" : 81.34,
    "volume" : 893889.00
  }, {
    "date" : "2025-06-19",
    "price" : 90.15,
    "dma50" : 90.88,
    "dma100" : null,
    "dma200" : 81.43,
    "volume" : 738277.00
  }, {
    "date" : "2025-06-20",
    "price" : 92.92,
    "dma50" : 90.96,
    "dma100" : null,
    "dma200" : 81.54,
    "volume" : 968641.00
  }, {
    "date" : "2025-06-23",
    "price" : 92.57,
    "dma50" : 91.03,
    "dma100" : null,
    "dma200" : 81.65,
    "volume" : 2153673.00
  }, {
    "date" : "2025-06-24",
    "price" : 95.91,
    "dma50" : 91.22,
    "dma100" : null,
    "dma200" : 81.79,
    "volume" : 1825300.00
  }, {
    "date" : "2025-06-25",
    "price" : 103.65,
    "dma50" : 91.71,
    "dma100" : null,
    "dma200" : 82.01,
    "volume" : 3959963.00
  }, {
    "date" : "2025-06-26",
    "price" : 103.95,
    "dma50" : 92.19,
    "dma100" : null,
    "dma200" : 82.23,
    "volume" : 3010636.00
  }, {
    "date" : "2025-06-27",
    "price" : 107.00,
    "dma50" : 92.77,
    "dma100" : null,
    "dma200" : 82.47,
    "volume" : 2919062.00
  }, {
    "date" : "2025-06-30",
    "price" : 107.52,
    "dma50" : 93.34,
    "dma100" : null,
    "dma200" : 82.72,
    "volume" : 1058432.00
  }, {
    "date" : "2025-07-01",
    "price" : 109.47,
    "dma50" : 93.98,
    "dma100" : null,
    "dma200" : 82.99,
    "volume" : 2693729.00
  }, {
    "date" : "2025-07-02",
    "price" : 107.06,
    "dma50" : 94.49,
    "dma100" : null,
    "dma200" : 83.23,
    "volume" : 874146.00
  }, {
    "date" : "2025-07-03",
    "price" : 109.41,
    "dma50" : 95.08,
    "dma100" : null,
    "dma200" : 83.49,
    "volume" : 2140045.00
  }, {
    "date" : "2025-07-04",
    "price" : 108.82,
    "dma50" : 95.61,
    "dma100" : null,
    "dma200" : 83.74,
    "volume" : 1196158.00
  }, {
    "date" : "2025-07-07",
    "price" : 108.12,
    "dma50" : 96.10,
    "dma100" : null,
    "dma200" : 83.98,
    "volume" : 740962.00
  }, {
    "date" : "2025-07-08",
    "price" : 108.12,
    "dma50" : 96.58,
    "dma100" : null,
    "dma200" : 84.22,
    "volume" : 969946.00
  }, {
    "date" : "2025-07-09",
    "price" : 107.94,
    "dma50" : 97.02,
    "dma100" : null,
    "dma200" : 84.46,
    "volume" : 2234221.00
  }, {
    "date" : "2025-07-10",
    "price" : 109.60,
    "dma50" : 97.51,
    "dma100" : null,
    "dma200" : 84.71,
    "volume" : 988378.00
  }, {
    "date" : "2025-07-11",
    "price" : 118.52,
    "dma50" : 98.34,
    "dma100" : 83.53,
    "dma200" : 85.05,
    "volume" : 12058002.00
  }, {
    "date" : "2025-07-14",
    "price" : 126.39,
    "dma50" : 99.44,
    "dma100" : 84.06,
    "dma200" : 85.46,
    "volume" : 10997053.00
  }, {
    "date" : "2025-07-15",
    "price" : 133.41,
    "dma50" : 100.77,
    "dma100" : 84.70,
    "dma200" : 85.94,
    "volume" : 12896553.00
  }, {
    "date" : "2025-07-16",
    "price" : 131.37,
    "dma50" : 101.97,
    "dma100" : 85.32,
    "dma200" : 86.39,
    "volume" : 14335478.00
  }, {
    "date" : "2025-07-17",
    "price" : 133.66,
    "dma50" : 103.21,
    "dma100" : 85.98,
    "dma200" : 86.86,
    "volume" : 5886781.00
  }, {
    "date" : "2025-07-18",
    "price" : 146.77,
    "dma50" : 104.92,
    "dma100" : 86.75,
    "dma200" : 87.45,
    "volume" : 35209559.00
  }, {
    "date" : "2025-07-21",
    "price" : 146.31,
    "dma50" : 106.54,
    "dma100" : 87.52,
    "dma200" : 88.04,
    "volume" : 13961501.00
  }, {
    "date" : "2025-07-22",
    "price" : 147.97,
    "dma50" : 108.17,
    "dma100" : 88.32,
    "dma200" : 88.64,
    "volume" : 8691667.00
  }, {
    "date" : "2025-07-23",
    "price" : 147.42,
    "dma50" : 109.71,
    "dma100" : 89.10,
    "dma200" : 89.22,
    "volume" : 2952959.00
  }, {
    "date" : "2025-07-24",
    "price" : 147.18,
    "dma50" : 111.18,
    "dma100" : 89.88,
    "dma200" : 89.80,
    "volume" : 6625087.00
  }, {
    "date" : "2025-07-25",
    "price" : 147.91,
    "dma50" : 112.62,
    "dma100" : 90.68,
    "dma200" : 90.38,
    "volume" : 6043956.00
  }, {
    "date" : "2025-07-28",
    "price" : 149.59,
    "dma50" : 114.07,
    "dma100" : 91.50,
    "dma200" : 90.97,
    "volume" : 3252521.00
  }, {
    "date" : "2025-07-29",
    "price" : 150.92,
    "dma50" : 115.51,
    "dma100" : 92.34,
    "dma200" : 91.56,
    "volume" : 4453788.00
  }, {
    "date" : "2025-07-30",
    "price" : 150.37,
    "dma50" : 116.88,
    "dma100" : 93.20,
    "dma200" : 92.15,
    "volume" : 4213095.00
  }, {
    "date" : "2025-07-31",
    "price" : 150.89,
    "dma50" : 118.21,
    "dma100" : 94.07,
    "dma200" : 92.73,
    "volume" : 3226735.00
  }, {
    "date" : "2025-08-01",
    "price" : 158.21,
    "dma50" : 119.78,
    "dma100" : 94.97,
    "dma200" : 93.38,
    "volume" : 10386151.00
  }, {
    "date" : "2025-08-04",
    "price" : 167.35,
    "dma50" : 121.65,
    "dma100" : 95.99,
    "dma200" : 94.12,
    "volume" : 13150084.00
  }, {
    "date" : "2025-08-05",
    "price" : 162.19,
    "dma50" : 123.24,
    "dma100" : 96.96,
    "dma200" : 94.80,
    "volume" : 12153306.00
  }, {
    "date" : "2025-08-06",
    "price" : 167.25,
    "dma50" : 124.96,
    "dma100" : 98.00,
    "dma200" : 95.52,
    "volume" : 6416294.00
  }, {
    "date" : "2025-08-07",
    "price" : 167.95,
    "dma50" : 126.65,
    "dma100" : 99.04,
    "dma200" : 96.24,
    "volume" : 4274242.00
  }, {
    "date" : "2025-08-08",
    "price" : 167.70,
    "dma50" : 128.26,
    "dma100" : 100.08,
    "dma200" : 96.95,
    "volume" : 3010531.00
  }, {
    "date" : "2025-08-11",
    "price" : 165.13,
    "dma50" : 129.71,
    "dma100" : 101.10,
    "dma200" : 97.63,
    "volume" : 11814101.00
  }, {
    "date" : "2025-08-12",
    "price" : 165.41,
    "dma50" : 131.11,
    "dma100" : 102.13,
    "dma200" : 98.30,
    "volume" : 3136705.00
  }, {
    "date" : "2025-08-13",
    "price" : 167.78,
    "dma50" : 132.54,
    "dma100" : 103.17,
    "dma200" : 98.99,
    "volume" : 3831393.00
  }, {
    "date" : "2025-08-14",
    "price" : 167.92,
    "dma50" : 133.93,
    "dma100" : 104.22,
    "dma200" : 99.68,
    "volume" : 4151885.00
  }, {
    "date" : "2025-08-18",
    "price" : 171.83,
    "dma50" : 135.42,
    "dma100" : 105.28,
    "dma200" : 100.40,
    "volume" : 6017697.00
  }, {
    "date" : "2025-08-19",
    "price" : 171.81,
    "dma50" : 136.84,
    "dma100" : 106.32,
    "dma200" : 101.11,
    "volume" : 2731778.00
  }, {
    "date" : "2025-08-20",
    "price" : 166.82,
    "dma50" : 138.02,
    "dma100" : 107.34,
    "dma200" : 101.76,
    "volume" : 6076627.00
  }, {
    "date" : "2025-08-21",
    "price" : 171.33,
    "dma50" : 139.33,
    "dma100" : 108.41,
    "dma200" : 102.45,
    "volume" : 5376112.00
  }, {
    "date" : "2025-08-22",
    "price" : 171.94,
    "dma50" : 140.61,
    "dma100" : 109.50,
    "dma200" : 103.14,
    "volume" : 4745562.00
  }, {
    "date" : "2025-08-25",
    "price" : 171.85,
    "dma50" : 141.83,
    "dma100" : 110.59,
    "dma200" : 103.83,
    "volume" : 1358902.00
  }, {
    "date" : "2025-08-26",
    "price" : 169.96,
    "dma50" : 142.93,
    "dma100" : 111.67,
    "dma200" : 104.49,
    "volume" : 1393539.00
  }, {
    "date" : "2025-08-28",
    "price" : 171.99,
    "dma50" : 144.07,
    "dma100" : 112.79,
    "dma200" : 105.16,
    "volume" : 2986376.00
  }, {
    "date" : "2025-08-29",
    "price" : 172.29,
    "dma50" : 145.18,
    "dma100" : 113.91,
    "dma200" : 105.83,
    "volume" : 2885608.00
  }, {
    "date" : "2025-09-01",
    "price" : 172.61,
    "dma50" : 146.26,
    "dma100" : 115.04,
    "dma200" : 106.49,
    "volume" : 4362232.00
  }, {
    "date" : "2025-09-02",
    "price" : 181.02,
    "dma50" : 147.62,
    "dma100" : 116.28,
    "dma200" : 107.23,
    "volume" : 3846953.00
  }, {
    "date" : "2025-09-03",
    "price" : 180.52,
    "dma50" : 148.91,
    "dma100" : 117.48,
    "dma200" : 107.96,
    "volume" : 7662280.00
  }, {
    "date" : "2025-09-04",
    "price" : 179.02,
    "dma50" : 150.09,
    "dma100" : 118.67,
    "dma200" : 108.67,
    "volume" : 3777462.00
  }, {
    "date" : "2025-09-05",
    "price" : 175.22,
    "dma50" : 151.08,
    "dma100" : 119.82,
    "dma200" : 109.33,
    "volume" : 2785016.00
  }, {
    "date" : "2025-09-08",
    "price" : 188.02,
    "dma50" : 152.52,
    "dma100" : 121.04,
    "dma200" : 110.11,
    "volume" : 9400619.00
  }, {
    "date" : "2025-09-09",
    "price" : 196.57,
    "dma50" : 154.25,
    "dma100" : 122.26,
    "dma200" : 110.97,
    "volume" : 5502269.00
  }, {
    "date" : "2025-09-10",
    "price" : 202.68,
    "dma50" : 156.15,
    "dma100" : 123.54,
    "dma200" : 111.89,
    "volume" : 5400710.00
  }, {
    "date" : "2025-09-11",
    "price" : 201.38,
    "dma50" : 157.92,
    "dma100" : 124.83,
    "dma200" : 112.78,
    "volume" : 3133004.00
  }, {
    "date" : "2025-09-12",
    "price" : 198.32,
    "dma50" : 159.51,
    "dma100" : 126.07,
    "dma200" : 113.63,
    "volume" : 4413658.00
  }, {
    "date" : "2025-09-15",
    "price" : 207.42,
    "dma50" : 161.39,
    "dma100" : 127.41,
    "dma200" : 114.56,
    "volume" : 6009433.00
  }, {
    "date" : "2025-09-16",
    "price" : 204.76,
    "dma50" : 163.09,
    "dma100" : 128.73,
    "dma200" : 115.46,
    "volume" : 4286280.00
  }, {
    "date" : "2025-09-17",
    "price" : 208.68,
    "dma50" : 164.88,
    "dma100" : 130.07,
    "dma200" : 116.39,
    "volume" : 5384659.00
  }, {
    "date" : "2025-09-18",
    "price" : 207.10,
    "dma50" : 166.53,
    "dma100" : 131.38,
    "dma200" : 117.29,
    "volume" : 1219256.00
  }, {
    "date" : "2025-09-19",
    "price" : 214.59,
    "dma50" : 168.42,
    "dma100" : 132.75,
    "dma200" : 118.26,
    "volume" : 2738193.00
  }, {
    "date" : "2025-09-22",
    "price" : 217.92,
    "dma50" : 170.36,
    "dma100" : 134.14,
    "dma200" : 119.25,
    "volume" : 3772143.00
  }, {
    "date" : "2025-09-23",
    "price" : 220.10,
    "dma50" : 172.31,
    "dma100" : 135.53,
    "dma200" : 120.25,
    "volume" : 2989548.00
  }, {
    "date" : "2025-09-24",
    "price" : 221.93,
    "dma50" : 174.25,
    "dma100" : 136.92,
    "dma200" : 121.26,
    "volume" : 4010780.00
  }, {
    "date" : "2025-09-25",
    "price" : 218.26,
    "dma50" : 175.98,
    "dma100" : 138.26,
    "dma200" : 122.23,
    "volume" : 1612712.00
  }, {
    "date" : "2025-09-26",
    "price" : 215.52,
    "dma50" : 177.53,
    "dma100" : 139.57,
    "dma200" : 123.16,
    "volume" : 2391971.00
  }, {
    "date" : "2025-09-29",
    "price" : 219.89,
    "dma50" : 179.19,
    "dma100" : 140.93,
    "dma200" : 124.12,
    "volume" : 2413706.00
  }, {
    "date" : "2025-09-30",
    "price" : 214.96,
    "dma50" : 180.59,
    "dma100" : 142.24,
    "dma200" : 125.02,
    "volume" : 1452684.00
  }, {
    "date" : "2025-10-01",
    "price" : 217.30,
    "dma50" : 182.03,
    "dma100" : 143.55,
    "dma200" : 125.94,
    "volume" : 1805918.00
  }, {
    "date" : "2025-10-03",
    "price" : 214.73,
    "dma50" : 183.32,
    "dma100" : 144.84,
    "dma200" : 126.83,
    "volume" : 2102209.00
  }, {
    "date" : "2025-10-06",
    "price" : 217.58,
    "dma50" : 184.66,
    "dma100" : 146.14,
    "dma200" : 127.73,
    "volume" : 994426.00
  }, {
    "date" : "2025-10-07",
    "price" : 214.98,
    "dma50" : 185.85,
    "dma100" : 147.36,
    "dma200" : 128.60,
    "volume" : 1294922.00
  }, {
    "date" : "2025-10-08",
    "price" : 214.82,
    "dma50" : 186.98,
    "dma100" : 148.58,
    "dma200" : 129.45,
    "volume" : 1996797.00
  }, {
    "date" : "2025-10-09",
    "price" : 240.29,
    "dma50" : 189.08,
    "dma100" : 150.03,
    "dma200" : 130.56,
    "volume" : 26270053.00
  }, {
    "date" : "2025-10-10",
    "price" : 246.26,
    "dma50" : 191.32,
    "dma100" : 151.53,
    "dma200" : 131.71,
    "volume" : 5537881.00
  }, {
    "date" : "2025-10-13",
    "price" : 248.46,
    "dma50" : 193.56,
    "dma100" : 153.05,
    "dma200" : 132.87,
    "volume" : 3914434.00
  }, {
    "date" : "2025-10-14",
    "price" : 249.47,
    "dma50" : 195.75,
    "dma100" : 154.55,
    "dma200" : 134.03,
    "volume" : 2812844.00
  }, {
    "date" : "2025-10-15",
    "price" : 250.23,
    "dma50" : 197.89,
    "dma100" : 156.02,
    "dma200" : 135.19,
    "volume" : 2021404.00
  }, {
    "date" : "2025-10-16",
    "price" : 253.85,
    "dma50" : 200.08,
    "dma100" : 157.49,
    "dma200" : 136.37,
    "volume" : 2441627.00
  }, {
    "date" : "2025-10-17",
    "price" : 251.93,
    "dma50" : 202.12,
    "dma100" : 158.96,
    "dma200" : 137.52,
    "volume" : 1890056.00
  }, {
    "date" : "2025-10-20",
    "price" : 251.99,
    "dma50" : 204.07,
    "dma100" : 160.43,
    "dma200" : 138.66,
    "volume" : 1103214.00
  }, {
    "date" : "2025-10-21",
    "price" : 250.69,
    "dma50" : 205.90,
    "dma100" : 161.85,
    "dma200" : 139.77,
    "volume" : 306898.00
  }, {
    "date" : "2025-10-23",
    "price" : 240.98,
    "dma50" : 207.28,
    "dma100" : 163.18,
    "dma200" : 140.78,
    "volume" : 2756972.00
  }, {
    "date" : "2025-10-24",
    "price" : 234.90,
    "dma50" : 208.36,
    "dma100" : 164.44,
    "dma200" : 141.71,
    "volume" : 1515925.00
  }, {
    "date" : "2025-10-27",
    "price" : 237.44,
    "dma50" : 209.50,
    "dma100" : 165.71,
    "dma200" : 142.67,
    "volume" : 2363637.00
  }, {
    "date" : "2025-10-28",
    "price" : 245.09,
    "dma50" : 210.89,
    "dma100" : 167.04,
    "dma200" : 143.69,
    "volume" : 3987374.00
  }, {
    "date" : "2025-10-29",
    "price" : 239.97,
    "dma50" : 212.04,
    "dma100" : 168.34,
    "dma200" : 144.64,
    "volume" : 4030529.00
  }, {
    "date" : "2025-10-30",
    "price" : 236.24,
    "dma50" : 212.98,
    "dma100" : 169.62,
    "dma200" : 145.56,
    "volume" : 2228844.00
  }, {
    "date" : "2025-10-31",
    "price" : 233.59,
    "dma50" : 213.79,
    "dma100" : 170.93,
    "dma200" : 146.43,
    "volume" : 1882899.00
  }, {
    "date" : "2025-11-03",
    "price" : 244.56,
    "dma50" : 215.00,
    "dma100" : 172.36,
    "dma200" : 147.41,
    "volume" : 3483780.00
  }, {
    "date" : "2025-11-04",
    "price" : 241.11,
    "dma50" : 216.02,
    "dma100" : 173.79,
    "dma200" : 148.34,
    "volume" : 813368.00
  }, {
    "date" : "2025-11-06",
    "price" : 245.38,
    "dma50" : 217.17,
    "dma100" : 175.29,
    "dma200" : 149.31,
    "volume" : 3242860.00
  }, {
    "date" : "2025-11-07",
    "price" : 260.38,
    "dma50" : 218.87,
    "dma100" : 176.93,
    "dma200" : 150.41,
    "volume" : 5519333.00
  }, {
    "date" : "2025-11-10",
    "price" : 261.33,
    "dma50" : 220.53,
    "dma100" : 178.61,
    "dma200" : 151.52,
    "volume" : 2801684.00
  }, {
    "date" : "2025-11-11",
    "price" : 253.23,
    "dma50" : 221.82,
    "dma100" : 180.22,
    "dma200" : 152.53,
    "volume" : 1565801.00
  }, {
    "date" : "2025-11-12",
    "price" : 279.43,
    "dma50" : 224.08,
    "dma100" : 182.10,
    "dma200" : 153.79,
    "volume" : 13134211.00
  }, {
    "date" : "2025-11-13",
    "price" : 287.96,
    "dma50" : 226.58,
    "dma100" : 184.08,
    "dma200" : 155.12,
    "volume" : 7461529.00
  }, {
    "date" : "2025-11-14",
    "price" : 312.84,
    "dma50" : 229.96,
    "dma100" : 186.28,
    "dma200" : 156.69,
    "volume" : 10082837.00
  }, {
    "date" : "2025-11-17",
    "price" : 308.55,
    "dma50" : 233.05,
    "dma100" : 188.44,
    "dma200" : 158.21,
    "volume" : 3244754.00
  }, {
    "date" : "2025-11-18",
    "price" : 313.66,
    "dma50" : 236.21,
    "dma100" : 190.62,
    "dma200" : 159.75,
    "volume" : 2710306.00
  }, {
    "date" : "2025-11-19",
    "price" : 331.17,
    "dma50" : 239.93,
    "dma100" : 192.89,
    "dma200" : 161.46,
    "volume" : 11158446.00
  }, {
    "date" : "2025-11-20",
    "price" : 329.51,
    "dma50" : 243.44,
    "dma100" : 195.15,
    "dma200" : 163.13,
    "volume" : 4031829.00
  }, {
    "date" : "2025-11-21",
    "price" : 337.03,
    "dma50" : 247.11,
    "dma100" : 197.45,
    "dma200" : 164.86,
    "volume" : 3651378.00
  }, {
    "date" : "2025-11-24",
    "price" : 337.19,
    "dma50" : 250.65,
    "dma100" : 199.75,
    "dma200" : 166.57,
    "volume" : 4296383.00
  }, {
    "date" : "2025-11-25",
    "price" : 336.49,
    "dma50" : 254.01,
    "dma100" : 202.02,
    "dma200" : 168.27,
    "volume" : 1951117.00
  }, {
    "date" : "2025-11-26",
    "price" : 319.95,
    "dma50" : 256.60,
    "dma100" : 204.14,
    "dma200" : 169.77,
    "volume" : 3210941.00
  }, {
    "date" : "2025-11-27",
    "price" : 328.86,
    "dma50" : 259.43,
    "dma100" : 206.34,
    "dma200" : 171.36,
    "volume" : 2830016.00
  }, {
    "date" : "2025-11-28",
    "price" : 329.25,
    "dma50" : 262.17,
    "dma100" : 208.54,
    "dma200" : 172.93,
    "volume" : 1511639.00
  }, {
    "date" : "2025-12-01",
    "price" : 349.05,
    "dma50" : 265.58,
    "dma100" : 210.95,
    "dma200" : 174.68,
    "volume" : 7073122.00
  }, {
    "date" : "2025-12-02",
    "price" : 353.05,
    "dma50" : 269.01,
    "dma100" : 213.40,
    "dma200" : 176.46,
    "volume" : 4511120.00
  }, {
    "date" : "2025-12-03",
    "price" : 368.50,
    "dma50" : 272.91,
    "dma100" : 216.01,
    "dma200" : 178.37,
    "volume" : 4777786.00
  }, {
    "date" : "2025-12-04",
    "price" : 373.85,
    "dma50" : 276.87,
    "dma100" : 218.65,
    "dma200" : 180.31,
    "volume" : 5122647.00
  }, {
    "date" : "2025-12-05",
    "price" : 365.10,
    "dma50" : 280.33,
    "dma100" : 221.12,
    "dma200" : 182.15,
    "volume" : 3114904.00
  }, {
    "date" : "2025-12-08",
    "price" : 380.00,
    "dma50" : 284.24,
    "dma100" : 223.65,
    "dma200" : 184.12,
    "volume" : 4299665.00
  }, {
    "date" : "2025-12-09",
    "price" : 391.55,
    "dma50" : 288.44,
    "dma100" : 226.23,
    "dma200" : 186.18,
    "volume" : 5982299.00
  }, {
    "date" : "2025-12-10",
    "price" : 389.60,
    "dma50" : 292.41,
    "dma100" : 228.82,
    "dma200" : 188.21,
    "volume" : 3327190.00
  }, {
    "date" : "2025-12-11",
    "price" : 394.40,
    "dma50" : 296.41,
    "dma100" : 231.42,
    "dma200" : 190.26,
    "volume" : 2361130.00
  }, {
    "date" : "2025-12-12",
    "price" : 394.00,
    "dma50" : 300.24,
    "dma100" : 233.90,
    "dma200" : 192.29,
    "volume" : 3813767.00
  }, {
    "date" : "2025-12-15",
    "price" : 409.40,
    "dma50" : 304.52,
    "dma100" : 236.53,
    "dma200" : 194.45,
    "volume" : 7007800.00
  }, {
    "date" : "2025-12-16",
    "price" : 421.15,
    "dma50" : 309.09,
    "dma100" : 239.26,
    "dma200" : 196.70,
    "volume" : 4664172.00
  }, {
    "date" : "2025-12-17",
    "price" : 429.15,
    "dma50" : 313.80,
    "dma100" : 242.08,
    "dma200" : 199.02,
    "volume" : 3373744.00
  }, {
    "date" : "2025-12-18",
    "price" : 441.35,
    "dma50" : 318.80,
    "dma100" : 245.02,
    "dma200" : 201.43,
    "volume" : 7161137.00
  }, {
    "date" : "2025-12-19",
    "price" : 447.70,
    "dma50" : 323.86,
    "dma100" : 248.01,
    "dma200" : 203.88,
    "volume" : 4310065.00
  }, {
    "date" : "2025-12-22",
    "price" : 457.95,
    "dma50" : 329.12,
    "dma100" : 251.10,
    "dma200" : 206.41,
    "volume" : 3067008.00
  }, {
    "date" : "2025-12-23",
    "price" : 469.00,
    "dma50" : 334.60,
    "dma100" : 254.28,
    "dma200" : 209.02,
    "volume" : 4685780.00
  }, {
    "date" : "2025-12-24",
    "price" : 472.40,
    "dma50" : 340.01,
    "dma100" : 257.50,
    "dma200" : 211.64,
    "volume" : 5592201.00
  }, {
    "date" : "2025-12-26",
    "price" : 479.50,
    "dma50" : 345.48,
    "dma100" : 260.79,
    "dma200" : 214.30,
    "volume" : 3042615.00
  }, {
    "date" : "2025-12-29",
    "price" : 486.60,
    "dma50" : 351.01,
    "dma100" : 264.07,
    "dma200" : 217.01,
    "volume" : 5255877.00
  }, {
    "date" : "2025-12-30",
    "price" : 509.00,
    "dma50" : 357.21,
    "dma100" : 267.49,
    "dma200" : 219.92,
    "volume" : 10298694.00
  }, {
    "date" : "2025-12-31",
    "price" : 518.10,
    "dma50" : 363.52,
    "dma100" : 271.05,
    "dma200" : 222.89,
    "volume" : 5757228.00
  }, {
    "date" : "2026-01-01",
    "price" : 524.90,
    "dma50" : 369.84,
    "dma100" : 274.62,
    "dma200" : 225.89,
    "volume" : 3912083.00
  }, {
    "date" : "2026-01-02",
    "price" : 419.95,
    "dma50" : 371.81,
    "dma100" : 277.14,
    "dma200" : 227.82,
    "volume" : 27565039.00
  }, {
    "date" : "2026-01-05",
    "price" : 390.05,
    "dma50" : 372.52,
    "dma100" : 279.37,
    "dma200" : 229.44,
    "volume" : 66978940.00
  }, {
    "date" : "2026-01-06",
    "price" : 428.95,
    "dma50" : 374.74,
    "dma100" : 282.00,
    "dma200" : 231.42,
    "volume" : 59611527.00
  }, {
    "date" : "2026-01-07",
    "price" : 433.80,
    "dma50" : 377.05,
    "dma100" : 284.69,
    "dma200" : 233.44,
    "volume" : 37267626.00
  }, {
    "date" : "2026-01-08",
    "price" : 399.15,
    "dma50" : 377.92,
    "dma100" : 287.00,
    "dma200" : 235.08,
    "volume" : 20428321.00
  }, {
    "date" : "2026-01-09",
    "price" : 424.50,
    "dma50" : 379.75,
    "dma100" : 289.57,
    "dma200" : 236.97,
    "volume" : 27728766.00
  }, {
    "date" : "2026-01-12",
    "price" : 431.15,
    "dma50" : 381.76,
    "dma100" : 292.16,
    "dma200" : 238.90,
    "volume" : 20696125.00
  }, {
    "date" : "2026-01-13",
    "price" : 438.85,
    "dma50" : 384.00,
    "dma100" : 294.83,
    "dma200" : 240.89,
    "volume" : 14042385.00
  }, {
    "date" : "2026-01-14",
    "price" : 464.85,
    "dma50" : 387.17,
    "dma100" : 297.81,
    "dma200" : 243.12,
    "volume" : 12177805.00
  }, {
    "date" : "2026-01-16",
    "price" : 458.55,
    "dma50" : 389.97,
    "dma100" : 300.68,
    "dma200" : 245.26,
    "volume" : 16234915.00
  }, {
    "date" : "2026-01-19",
    "price" : 425.05,
    "dma50" : 391.35,
    "dma100" : 303.21,
    "dma200" : 247.05,
    "volume" : 12264281.00
  }, {
    "date" : "2026-01-20",
    "price" : 403.35,
    "dma50" : 391.82,
    "dma100" : 305.53,
    "dma200" : 248.61,
    "volume" : 12644255.00
  }, {
    "date" : "2026-01-21",
    "price" : 376.60,
    "dma50" : 391.22,
    "dma100" : 307.60,
    "dma200" : 249.88,
    "volume" : 16264619.00
  }, {
    "date" : "2026-01-22",
    "price" : 410.20,
    "dma50" : 391.96,
    "dma100" : 309.98,
    "dma200" : 251.48,
    "volume" : 28036313.00
  }, {
    "date" : "2026-01-23",
    "price" : 397.20,
    "dma50" : 392.17,
    "dma100" : 312.23,
    "dma200" : 252.93,
    "volume" : 21181596.00
  }, {
    "date" : "2026-01-27",
    "price" : 396.50,
    "dma50" : 392.34,
    "dma100" : 314.47,
    "dma200" : 254.35,
    "volume" : 16681515.00
  }, {
    "date" : "2026-01-28",
    "price" : 397.20,
    "dma50" : 392.53,
    "dma100" : 316.63,
    "dma200" : 255.78,
    "volume" : 6323584.00
  }, {
    "date" : "2026-01-29",
    "price" : 390.20,
    "dma50" : 392.44,
    "dma100" : 318.72,
    "dma200" : 257.11,
    "volume" : 4824779.00
  }, {
    "date" : "2026-01-30",
    "price" : 401.00,
    "dma50" : 392.77,
    "dma100" : 320.94,
    "dma200" : 258.54,
    "volume" : 44944618.00
  }, {
    "date" : "2026-02-01",
    "price" : 406.45,
    "dma50" : 393.31,
    "dma100" : 323.26,
    "dma200" : 260.02,
    "volume" : 27528384.00
  }, {
    "date" : "2026-02-02",
    "price" : 408.30,
    "dma50" : 393.90,
    "dma100" : 325.46,
    "dma200" : 261.49,
    "volume" : 12180474.00
  }, {
    "date" : "2026-02-03",
    "price" : 415.20,
    "dma50" : 394.73,
    "dma100" : 327.65,
    "dma200" : 263.02,
    "volume" : 5673826.00
  }, {
    "date" : "2026-02-04",
    "price" : 427.45,
    "dma50" : 396.02,
    "dma100" : 329.89,
    "dma200" : 264.66,
    "volume" : 5876785.00
  }, {
    "date" : "2026-02-05",
    "price" : 420.05,
    "dma50" : 396.96,
    "dma100" : 332.08,
    "dma200" : 266.20,
    "volume" : 5819283.00
  }, {
    "date" : "2026-02-06",
    "price" : 422.85,
    "dma50" : 397.97,
    "dma100" : 334.33,
    "dma200" : 267.76,
    "volume" : 3233282.00
  }, {
    "date" : "2026-02-09",
    "price" : 421.15,
    "dma50" : 398.88,
    "dma100" : 336.46,
    "dma200" : 269.29,
    "volume" : 3192076.00
  }, {
    "date" : "2026-02-10",
    "price" : 434.95,
    "dma50" : 400.30,
    "dma100" : 338.76,
    "dma200" : 270.94,
    "volume" : 5991259.00
  }, {
    "date" : "2026-02-11",
    "price" : 433.95,
    "dma50" : 401.62,
    "dma100" : 341.02,
    "dma200" : 272.56,
    "volume" : 3208735.00
  } ],
  "latestTechnicalAttributes" : {
    "date" : "2026-02-11",
    "price" : 433.95,
    "dma50" : 401.62,
    "dma100" : 341.02,
    "dma200" : 272.56,
    "volume" : 3208735.00
  },
  "quarterlyResults" : [ {
    "date" : "2005-03-31",
    "sales" : 7.01,
    "salesGrowthYoY" : null,
    "grossProfitMargin" : 89.16,
    "grossProfit" : 6.25,
    "operatingProfitMargin" : 26.39,
    "operatingProfit" : 1.85,
    "netProfitMargin" : 17.97,
    "netProfit" : 1.26
  }, {
    "date" : "2005-06-30",
    "sales" : 1.43,
    "salesGrowthYoY" : null,
    "grossProfitMargin" : 125.17,
    "grossProfit" : 1.79,
    "operatingProfitMargin" : 31.47,
    "operatingProfit" : 0.45,
    "netProfitMargin" : 19.58,
    "netProfit" : 0.28
  }, {
    "date" : "2005-09-30",
    "sales" : 0.78,
    "salesGrowthYoY" : null,
    "grossProfitMargin" : 134.62,
    "grossProfit" : 1.05,
    "operatingProfitMargin" : -29.49,
    "operatingProfit" : -0.23,
    "netProfitMargin" : -52.56,
    "netProfit" : -0.41
  }, {
    "date" : "2005-12-31",
    "sales" : 0.73,
    "salesGrowthYoY" : null,
    "grossProfitMargin" : 313.70,
    "grossProfit" : 2.29,
    "operatingProfitMargin" : 35.62,
    "operatingProfit" : 0.26,
    "netProfitMargin" : 12.33,
    "netProfit" : 0.09
  }, {
    "date" : "2006-03-31",
    "sales" : 9.94,
    "salesGrowthYoY" : 41.80,
    "grossProfitMargin" : 79.68,
    "grossProfit" : 7.92,
    "operatingProfitMargin" : 34.31,
    "operatingProfit" : 3.41,
    "netProfitMargin" : 28.37,
    "netProfit" : 2.82
  }, {
    "date" : "2006-06-30",
    "sales" : 4.06,
    "salesGrowthYoY" : 183.92,
    "grossProfitMargin" : 91.13,
    "grossProfit" : 3.70,
    "operatingProfitMargin" : 26.11,
    "operatingProfit" : 1.06,
    "netProfitMargin" : 21.92,
    "netProfit" : 0.89
  }, {
    "date" : "2006-09-30",
    "sales" : 2.62,
    "salesGrowthYoY" : 235.90,
    "grossProfitMargin" : 111.83,
    "grossProfit" : 2.93,
    "operatingProfitMargin" : 31.30,
    "operatingProfit" : 0.82,
    "netProfitMargin" : 24.43,
    "netProfit" : 0.64
  }, {
    "date" : "2006-12-31",
    "sales" : 5.47,
    "salesGrowthYoY" : 649.32,
    "grossProfitMargin" : 106.40,
    "grossProfit" : 5.82,
    "operatingProfitMargin" : 20.11,
    "operatingProfit" : 1.10,
    "netProfitMargin" : 16.82,
    "netProfit" : 0.92
  }, {
    "date" : "2007-03-31",
    "sales" : 6.62,
    "salesGrowthYoY" : -33.40,
    "grossProfitMargin" : 101.51,
    "grossProfit" : 6.72,
    "operatingProfitMargin" : 26.44,
    "operatingProfit" : 1.75,
    "netProfitMargin" : 16.62,
    "netProfit" : 1.10
  }, {
    "date" : "2007-06-30",
    "sales" : 3.75,
    "salesGrowthYoY" : -7.64,
    "grossProfitMargin" : 131.20,
    "grossProfit" : 4.92,
    "operatingProfitMargin" : 14.40,
    "operatingProfit" : 0.54,
    "netProfitMargin" : 4.27,
    "netProfit" : 0.16
  }, {
    "date" : "2007-09-30",
    "sales" : 7.36,
    "salesGrowthYoY" : 180.92,
    "grossProfitMargin" : 82.07,
    "grossProfit" : 6.04,
    "operatingProfitMargin" : 21.06,
    "operatingProfit" : 1.55,
    "netProfitMargin" : 14.54,
    "netProfit" : 1.07
  }, {
    "date" : "2007-12-31",
    "sales" : 7.37,
    "salesGrowthYoY" : 34.73,
    "grossProfitMargin" : 105.29,
    "grossProfit" : 7.76,
    "operatingProfitMargin" : 18.86,
    "operatingProfit" : 1.39,
    "netProfitMargin" : 13.70,
    "netProfit" : 1.01
  }, {
    "date" : "2008-03-31",
    "sales" : 6.07,
    "salesGrowthYoY" : -8.31,
    "grossProfitMargin" : 92.42,
    "grossProfit" : 5.61,
    "operatingProfitMargin" : 18.62,
    "operatingProfit" : 1.13,
    "netProfitMargin" : 0.99,
    "netProfit" : 0.06
  }, {
    "date" : "2008-06-30",
    "sales" : 1.89,
    "salesGrowthYoY" : -49.60,
    "grossProfitMargin" : 134.92,
    "grossProfit" : 2.55,
    "operatingProfitMargin" : -39.15,
    "operatingProfit" : -0.74,
    "netProfitMargin" : -65.61,
    "netProfit" : -1.24
  }, {
    "date" : "2008-09-30",
    "sales" : 3.08,
    "salesGrowthYoY" : -58.15,
    "grossProfitMargin" : 112.34,
    "grossProfit" : 3.46,
    "operatingProfitMargin" : -25.32,
    "operatingProfit" : -0.78,
    "netProfitMargin" : -43.51,
    "netProfit" : -1.34
  }, {
    "date" : "2008-12-31",
    "sales" : 2.49,
    "salesGrowthYoY" : -66.21,
    "grossProfitMargin" : 120.88,
    "grossProfit" : 3.01,
    "operatingProfitMargin" : -22.89,
    "operatingProfit" : -0.57,
    "netProfitMargin" : -50.20,
    "netProfit" : -1.25
  }, {
    "date" : "2009-03-31",
    "sales" : 4.99,
    "salesGrowthYoY" : -17.79,
    "grossProfitMargin" : 75.35,
    "grossProfit" : 3.76,
    "operatingProfitMargin" : 18.84,
    "operatingProfit" : 0.94,
    "netProfitMargin" : 6.21,
    "netProfit" : 0.31
  }, {
    "date" : "2009-06-30",
    "sales" : 1.64,
    "salesGrowthYoY" : -13.23,
    "grossProfitMargin" : 120.12,
    "grossProfit" : 1.97,
    "operatingProfitMargin" : -22.56,
    "operatingProfit" : -0.37,
    "netProfitMargin" : -54.27,
    "netProfit" : -0.89
  }, {
    "date" : "2009-09-30",
    "sales" : 1.32,
    "salesGrowthYoY" : -57.14,
    "grossProfitMargin" : 84.85,
    "grossProfit" : 1.12,
    "operatingProfitMargin" : -10.61,
    "operatingProfit" : -0.14,
    "netProfitMargin" : -55.30,
    "netProfit" : -0.73
  }, {
    "date" : "2009-12-31",
    "sales" : 1.15,
    "salesGrowthYoY" : -53.82,
    "grossProfitMargin" : 128.70,
    "grossProfit" : 1.48,
    "operatingProfitMargin" : -33.04,
    "operatingProfit" : -0.38,
    "netProfitMargin" : -81.74,
    "netProfit" : -0.94
  }, {
    "date" : "2010-03-31",
    "sales" : 4.41,
    "salesGrowthYoY" : -11.62,
    "grossProfitMargin" : 90.70,
    "grossProfit" : 4.00,
    "operatingProfitMargin" : 7.26,
    "operatingProfit" : 0.32,
    "netProfitMargin" : -5.90,
    "netProfit" : -0.26
  }, {
    "date" : "2010-06-30",
    "sales" : 2.43,
    "salesGrowthYoY" : 48.17,
    "grossProfitMargin" : 71.19,
    "grossProfit" : 1.73,
    "operatingProfitMargin" : 11.93,
    "operatingProfit" : 0.29,
    "netProfitMargin" : -6.58,
    "netProfit" : -0.16
  }, {
    "date" : "2010-09-30",
    "sales" : 2.70,
    "salesGrowthYoY" : 104.55,
    "grossProfitMargin" : 121.11,
    "grossProfit" : 3.27,
    "operatingProfitMargin" : -3.70,
    "operatingProfit" : -0.10,
    "netProfitMargin" : -24.07,
    "netProfit" : -0.65
  }, {
    "date" : "2010-12-31",
    "sales" : 6.90,
    "salesGrowthYoY" : 500.00,
    "grossProfitMargin" : 108.26,
    "grossProfit" : 7.47,
    "operatingProfitMargin" : 21.16,
    "operatingProfit" : 1.46,
    "netProfitMargin" : 12.03,
    "netProfit" : 0.83
  }, {
    "date" : "2011-03-31",
    "sales" : 7.05,
    "salesGrowthYoY" : 59.86,
    "grossProfitMargin" : 102.84,
    "grossProfit" : 7.25,
    "operatingProfitMargin" : 13.33,
    "operatingProfit" : 0.94,
    "netProfitMargin" : 6.10,
    "netProfit" : 0.43
  }, {
    "date" : "2011-06-30",
    "sales" : 4.46,
    "salesGrowthYoY" : 83.54,
    "grossProfitMargin" : 78.03,
    "grossProfit" : 3.48,
    "operatingProfitMargin" : 4.71,
    "operatingProfit" : 0.21,
    "netProfitMargin" : -5.61,
    "netProfit" : -0.25
  }, {
    "date" : "2011-09-30",
    "sales" : 6.45,
    "salesGrowthYoY" : 138.89,
    "grossProfitMargin" : 122.95,
    "grossProfit" : 7.93,
    "operatingProfitMargin" : 5.58,
    "operatingProfit" : 0.36,
    "netProfitMargin" : -3.41,
    "netProfit" : -0.22
  }, {
    "date" : "2011-12-31",
    "sales" : 6.74,
    "salesGrowthYoY" : -2.32,
    "grossProfitMargin" : 98.37,
    "grossProfit" : 6.63,
    "operatingProfitMargin" : 4.45,
    "operatingProfit" : 0.30,
    "netProfitMargin" : -4.15,
    "netProfit" : -0.28
  }, {
    "date" : "2012-03-31",
    "sales" : 8.16,
    "salesGrowthYoY" : 15.74,
    "grossProfitMargin" : 52.33,
    "grossProfit" : 4.27,
    "operatingProfitMargin" : 26.84,
    "operatingProfit" : 2.19,
    "netProfitMargin" : 20.34,
    "netProfit" : 1.66
  }, {
    "date" : "2012-06-30",
    "sales" : 8.52,
    "salesGrowthYoY" : 91.03,
    "grossProfitMargin" : 37.91,
    "grossProfit" : 3.23,
    "operatingProfitMargin" : 18.19,
    "operatingProfit" : 1.55,
    "netProfitMargin" : 12.21,
    "netProfit" : 1.04
  }, {
    "date" : "2012-09-30",
    "sales" : 9.40,
    "salesGrowthYoY" : 45.74,
    "grossProfitMargin" : 38.19,
    "grossProfit" : 3.59,
    "operatingProfitMargin" : 13.51,
    "operatingProfit" : 1.27,
    "netProfitMargin" : 8.30,
    "netProfit" : 0.78
  }, {
    "date" : "2012-12-31",
    "sales" : 5.00,
    "salesGrowthYoY" : -25.82,
    "grossProfitMargin" : 46.00,
    "grossProfit" : 2.30,
    "operatingProfitMargin" : 11.40,
    "operatingProfit" : 0.57,
    "netProfitMargin" : 3.00,
    "netProfit" : 0.15
  }, {
    "date" : "2013-03-31",
    "sales" : 5.69,
    "salesGrowthYoY" : -30.27,
    "grossProfitMargin" : 33.04,
    "grossProfit" : 1.88,
    "operatingProfitMargin" : -1.76,
    "operatingProfit" : -0.10,
    "netProfitMargin" : -19.51,
    "netProfit" : -1.11
  }, {
    "date" : "2013-06-30",
    "sales" : 3.67,
    "salesGrowthYoY" : -56.92,
    "grossProfitMargin" : 23.43,
    "grossProfit" : 0.86,
    "operatingProfitMargin" : -14.44,
    "operatingProfit" : -0.53,
    "netProfitMargin" : -26.43,
    "netProfit" : -0.97
  }, {
    "date" : "2013-09-30",
    "sales" : 3.92,
    "salesGrowthYoY" : -58.30,
    "grossProfitMargin" : 35.46,
    "grossProfit" : 1.39,
    "operatingProfitMargin" : -3.83,
    "operatingProfit" : -0.15,
    "netProfitMargin" : -16.58,
    "netProfit" : -0.65
  }, {
    "date" : "2013-12-31",
    "sales" : 3.62,
    "salesGrowthYoY" : -27.60,
    "grossProfitMargin" : 49.72,
    "grossProfit" : 1.80,
    "operatingProfitMargin" : 5.52,
    "operatingProfit" : 0.20,
    "netProfitMargin" : -8.56,
    "netProfit" : -0.31
  }, {
    "date" : "2014-03-31",
    "sales" : 8.37,
    "salesGrowthYoY" : 47.10,
    "grossProfitMargin" : 61.17,
    "grossProfit" : 5.12,
    "operatingProfitMargin" : 31.66,
    "operatingProfit" : 2.65,
    "netProfitMargin" : 24.97,
    "netProfit" : 2.09
  }, {
    "date" : "2014-06-30",
    "sales" : 9.73,
    "salesGrowthYoY" : 165.12,
    "grossProfitMargin" : 48.20,
    "grossProfit" : 4.69,
    "operatingProfitMargin" : 25.90,
    "operatingProfit" : 2.52,
    "netProfitMargin" : 19.42,
    "netProfit" : 1.89
  }, {
    "date" : "2014-09-30",
    "sales" : 10.03,
    "salesGrowthYoY" : 155.87,
    "grossProfitMargin" : 57.83,
    "grossProfit" : 5.80,
    "operatingProfitMargin" : 28.41,
    "operatingProfit" : 2.85,
    "netProfitMargin" : 17.15,
    "netProfit" : 1.72
  }, {
    "date" : "2014-12-31",
    "sales" : 12.08,
    "salesGrowthYoY" : 233.70,
    "grossProfitMargin" : 60.43,
    "grossProfit" : 7.30,
    "operatingProfitMargin" : 32.45,
    "operatingProfit" : 3.92,
    "netProfitMargin" : 23.34,
    "netProfit" : 2.82
  }, {
    "date" : "2015-03-31",
    "sales" : 13.06,
    "salesGrowthYoY" : 56.03,
    "grossProfitMargin" : 59.11,
    "grossProfit" : 7.72,
    "operatingProfitMargin" : 30.63,
    "operatingProfit" : 4.00,
    "netProfitMargin" : 9.72,
    "netProfit" : 1.27
  }, {
    "date" : "2015-06-30",
    "sales" : 12.78,
    "salesGrowthYoY" : 31.35,
    "grossProfitMargin" : 63.54,
    "grossProfit" : 8.12,
    "operatingProfitMargin" : 38.50,
    "operatingProfit" : 4.92,
    "netProfitMargin" : 23.63,
    "netProfit" : 3.02
  }, {
    "date" : "2015-09-30",
    "sales" : 15.73,
    "salesGrowthYoY" : 56.83,
    "grossProfitMargin" : 66.50,
    "grossProfit" : 10.46,
    "operatingProfitMargin" : 42.53,
    "operatingProfit" : 6.69,
    "netProfitMargin" : 26.13,
    "netProfit" : 4.11
  }, {
    "date" : "2015-12-31",
    "sales" : 15.61,
    "salesGrowthYoY" : 29.22,
    "grossProfitMargin" : 60.60,
    "grossProfit" : 9.46,
    "operatingProfitMargin" : 38.95,
    "operatingProfit" : 6.08,
    "netProfitMargin" : 26.84,
    "netProfit" : 4.19
  }, {
    "date" : "2016-03-31",
    "sales" : 18.24,
    "salesGrowthYoY" : 39.66,
    "grossProfitMargin" : 67.49,
    "grossProfit" : 12.31,
    "operatingProfitMargin" : 48.46,
    "operatingProfit" : 8.84,
    "netProfitMargin" : 25.33,
    "netProfit" : 4.62
  }, {
    "date" : "2016-06-30",
    "sales" : 16.24,
    "salesGrowthYoY" : 27.07,
    "grossProfitMargin" : 68.04,
    "grossProfit" : 11.05,
    "operatingProfitMargin" : 40.09,
    "operatingProfit" : 6.51,
    "netProfitMargin" : 23.58,
    "netProfit" : 3.83
  }, {
    "date" : "2016-09-30",
    "sales" : 22.10,
    "salesGrowthYoY" : 40.50,
    "grossProfitMargin" : 62.17,
    "grossProfit" : 13.74,
    "operatingProfitMargin" : 41.00,
    "operatingProfit" : 9.06,
    "netProfitMargin" : 24.30,
    "netProfit" : 5.37
  }, {
    "date" : "2016-12-31",
    "sales" : 28.38,
    "salesGrowthYoY" : 81.81,
    "grossProfitMargin" : 62.93,
    "grossProfit" : 17.86,
    "operatingProfitMargin" : 38.44,
    "operatingProfit" : 10.91,
    "netProfitMargin" : 22.73,
    "netProfit" : 6.45
  }, {
    "date" : "2017-03-31",
    "sales" : 18.50,
    "salesGrowthYoY" : 1.43,
    "grossProfitMargin" : 66.16,
    "grossProfit" : 12.24,
    "operatingProfitMargin" : 44.22,
    "operatingProfit" : 8.18,
    "netProfitMargin" : 26.59,
    "netProfit" : 4.92
  }, {
    "date" : "2017-06-30",
    "sales" : 19.69,
    "salesGrowthYoY" : 21.24,
    "grossProfitMargin" : 64.30,
    "grossProfit" : 12.66,
    "operatingProfitMargin" : 37.48,
    "operatingProfit" : 7.38,
    "netProfitMargin" : 21.99,
    "netProfit" : 4.33
  }, {
    "date" : "2017-09-30",
    "sales" : 22.85,
    "salesGrowthYoY" : 3.39,
    "grossProfitMargin" : 63.89,
    "grossProfit" : 14.60,
    "operatingProfitMargin" : 43.15,
    "operatingProfit" : 9.86,
    "netProfitMargin" : 26.04,
    "netProfit" : 5.95
  }, {
    "date" : "2017-12-31",
    "sales" : 21.07,
    "salesGrowthYoY" : -25.76,
    "grossProfitMargin" : 60.23,
    "grossProfit" : 12.69,
    "operatingProfitMargin" : 31.75,
    "operatingProfit" : 6.69,
    "netProfitMargin" : 19.41,
    "netProfit" : 4.09
  }, {
    "date" : "2018-03-31",
    "sales" : 17.65,
    "salesGrowthYoY" : -4.59,
    "grossProfitMargin" : 57.22,
    "grossProfit" : 10.10,
    "operatingProfitMargin" : 21.93,
    "operatingProfit" : 3.87,
    "netProfitMargin" : 15.35,
    "netProfit" : 2.71
  }, {
    "date" : "2018-06-30",
    "sales" : 17.28,
    "salesGrowthYoY" : -12.24,
    "grossProfitMargin" : 62.85,
    "grossProfit" : 10.86,
    "operatingProfitMargin" : 32.12,
    "operatingProfit" : 5.55,
    "netProfitMargin" : 25.93,
    "netProfit" : 4.48
  }, {
    "date" : "2018-09-30",
    "sales" : 20.31,
    "salesGrowthYoY" : -11.12,
    "grossProfitMargin" : 59.43,
    "grossProfit" : 12.07,
    "operatingProfitMargin" : 27.72,
    "operatingProfit" : 5.63,
    "netProfitMargin" : 21.37,
    "netProfit" : 4.34
  }, {
    "date" : "2018-12-31",
    "sales" : 11.17,
    "salesGrowthYoY" : -46.99,
    "grossProfitMargin" : 78.60,
    "grossProfit" : 8.78,
    "operatingProfitMargin" : 28.38,
    "operatingProfit" : 3.17,
    "netProfitMargin" : 18.26,
    "netProfit" : 2.04
  }, {
    "date" : "2019-03-31",
    "sales" : 36.91,
    "salesGrowthYoY" : 109.12,
    "grossProfitMargin" : 44.95,
    "grossProfit" : 16.59,
    "operatingProfitMargin" : 17.39,
    "operatingProfit" : 6.42,
    "netProfitMargin" : 11.81,
    "netProfit" : 4.36
  }, {
    "date" : "2019-06-30",
    "sales" : 34.13,
    "salesGrowthYoY" : 97.51,
    "grossProfitMargin" : 74.33,
    "grossProfit" : 25.37,
    "operatingProfitMargin" : 31.41,
    "operatingProfit" : 10.72,
    "netProfitMargin" : 23.91,
    "netProfit" : 8.16
  }, {
    "date" : "2019-09-30",
    "sales" : 42.11,
    "salesGrowthYoY" : 107.34,
    "grossProfitMargin" : 77.51,
    "grossProfit" : 32.64,
    "operatingProfitMargin" : 33.63,
    "operatingProfit" : 14.16,
    "netProfitMargin" : 26.19,
    "netProfit" : 11.03
  }, {
    "date" : "2019-12-31",
    "sales" : 43.58,
    "salesGrowthYoY" : 290.15,
    "grossProfitMargin" : 63.29,
    "grossProfit" : 27.58,
    "operatingProfitMargin" : 31.99,
    "operatingProfit" : 13.94,
    "netProfitMargin" : 23.43,
    "netProfit" : 10.21
  }, {
    "date" : "2020-03-31",
    "sales" : 42.70,
    "salesGrowthYoY" : 15.69,
    "grossProfitMargin" : 80.94,
    "grossProfit" : 34.56,
    "operatingProfitMargin" : 34.61,
    "operatingProfit" : 14.78,
    "netProfitMargin" : 24.43,
    "netProfit" : 10.43
  }, {
    "date" : "2020-06-30",
    "sales" : 28.49,
    "salesGrowthYoY" : -16.53,
    "grossProfitMargin" : 70.06,
    "grossProfit" : 19.96,
    "operatingProfitMargin" : 30.50,
    "operatingProfit" : 8.69,
    "netProfitMargin" : 20.78,
    "netProfit" : 5.92
  }, {
    "date" : "2020-09-30",
    "sales" : 30.85,
    "salesGrowthYoY" : -26.74,
    "grossProfitMargin" : 78.09,
    "grossProfit" : 24.09,
    "operatingProfitMargin" : 32.84,
    "operatingProfit" : 10.13,
    "netProfitMargin" : 22.95,
    "netProfit" : 7.08
  }, {
    "date" : "2020-12-31",
    "sales" : 47.88,
    "salesGrowthYoY" : 9.87,
    "grossProfitMargin" : 63.14,
    "grossProfit" : 30.23,
    "operatingProfitMargin" : 27.82,
    "operatingProfit" : 13.32,
    "netProfitMargin" : 19.84,
    "netProfit" : 9.50
  }, {
    "date" : "2021-03-31",
    "sales" : 41.70,
    "salesGrowthYoY" : -2.34,
    "grossProfitMargin" : 57.96,
    "grossProfit" : 24.17,
    "operatingProfitMargin" : 21.68,
    "operatingProfit" : 9.04,
    "netProfitMargin" : 15.52,
    "netProfit" : 6.47
  }, {
    "date" : "2021-06-30",
    "sales" : 33.56,
    "salesGrowthYoY" : 17.80,
    "grossProfitMargin" : 64.84,
    "grossProfit" : 21.76,
    "operatingProfitMargin" : 25.45,
    "operatingProfit" : 8.54,
    "netProfitMargin" : 17.73,
    "netProfit" : 5.95
  }, {
    "date" : "2021-09-30",
    "sales" : 34.07,
    "salesGrowthYoY" : 10.44,
    "grossProfitMargin" : 55.15,
    "grossProfit" : 18.79,
    "operatingProfitMargin" : 19.96,
    "operatingProfit" : 6.80,
    "netProfitMargin" : 13.65,
    "netProfit" : 4.65
  }, {
    "date" : "2021-12-31",
    "sales" : 36.98,
    "salesGrowthYoY" : -22.77,
    "grossProfitMargin" : 47.30,
    "grossProfit" : 17.49,
    "operatingProfitMargin" : 11.79,
    "operatingProfit" : 4.36,
    "netProfitMargin" : 6.73,
    "netProfit" : 2.49
  }, {
    "date" : "2022-03-31",
    "sales" : 32.42,
    "salesGrowthYoY" : -22.25,
    "grossProfitMargin" : 52.41,
    "grossProfit" : 16.99,
    "operatingProfitMargin" : 23.47,
    "operatingProfit" : 7.61,
    "netProfitMargin" : 12.92,
    "netProfit" : 4.19
  }, {
    "date" : "2022-06-30",
    "sales" : 31.49,
    "salesGrowthYoY" : -6.17,
    "grossProfitMargin" : 53.19,
    "grossProfit" : 16.75,
    "operatingProfitMargin" : 20.51,
    "operatingProfit" : 6.46,
    "netProfitMargin" : 14.70,
    "netProfit" : 4.63
  }, {
    "date" : "2022-09-30",
    "sales" : 46.21,
    "salesGrowthYoY" : 35.63,
    "grossProfitMargin" : 62.26,
    "grossProfit" : 28.77,
    "operatingProfitMargin" : 28.02,
    "operatingProfit" : 12.95,
    "netProfitMargin" : 18.57,
    "netProfit" : 8.58
  }, {
    "date" : "2022-12-31",
    "sales" : 42.91,
    "salesGrowthYoY" : 16.04,
    "grossProfitMargin" : 66.05,
    "grossProfit" : 28.34,
    "operatingProfitMargin" : 32.81,
    "operatingProfit" : 14.08,
    "netProfitMargin" : 23.37,
    "netProfit" : 10.03
  }, {
    "date" : "2023-03-31",
    "sales" : 41.50,
    "salesGrowthYoY" : 28.01,
    "grossProfitMargin" : 56.00,
    "grossProfit" : 23.24,
    "operatingProfitMargin" : 25.54,
    "operatingProfit" : 10.60,
    "netProfitMargin" : 20.10,
    "netProfit" : 8.34
  }, {
    "date" : "2023-06-30",
    "sales" : 35.20,
    "salesGrowthYoY" : 11.78,
    "grossProfitMargin" : 66.45,
    "grossProfit" : 23.39,
    "operatingProfitMargin" : 9.49,
    "operatingProfit" : 3.34,
    "netProfitMargin" : 6.14,
    "netProfit" : 2.16
  }, {
    "date" : "2023-09-30",
    "sales" : 36.45,
    "salesGrowthYoY" : -21.12,
    "grossProfitMargin" : 78.52,
    "grossProfit" : 28.62,
    "operatingProfitMargin" : 19.81,
    "operatingProfit" : 7.22,
    "netProfitMargin" : 14.05,
    "netProfit" : 5.12
  }, {
    "date" : "2023-12-31",
    "sales" : 40.05,
    "salesGrowthYoY" : -6.67,
    "grossProfitMargin" : 59.15,
    "grossProfit" : 23.69,
    "operatingProfitMargin" : 30.34,
    "operatingProfit" : 12.15,
    "netProfitMargin" : 22.12,
    "netProfit" : 8.86
  }, {
    "date" : "2024-03-31",
    "sales" : 65.88,
    "salesGrowthYoY" : 58.75,
    "grossProfitMargin" : 64.65,
    "grossProfit" : 42.59,
    "operatingProfitMargin" : 51.43,
    "operatingProfit" : 33.88,
    "netProfitMargin" : 36.00,
    "netProfit" : 23.72
  }, {
    "date" : "2024-06-30",
    "sales" : 44.02,
    "salesGrowthYoY" : 25.06,
    "grossProfitMargin" : 68.86,
    "grossProfit" : 30.31,
    "operatingProfitMargin" : 26.24,
    "operatingProfit" : 11.55,
    "netProfitMargin" : 18.76,
    "netProfit" : 8.26
  }, {
    "date" : "2024-09-30",
    "sales" : 47.28,
    "salesGrowthYoY" : 29.71,
    "grossProfitMargin" : 66.65,
    "grossProfit" : 31.51,
    "operatingProfitMargin" : 33.86,
    "operatingProfit" : 16.01,
    "netProfitMargin" : 21.24,
    "netProfit" : 10.04
  }, {
    "date" : "2024-12-31",
    "sales" : 50.76,
    "salesGrowthYoY" : 26.74,
    "grossProfitMargin" : 66.84,
    "grossProfit" : 33.93,
    "operatingProfitMargin" : 31.13,
    "operatingProfit" : 15.80,
    "netProfitMargin" : 21.83,
    "netProfit" : 11.08
  }, {
    "date" : "2025-03-31",
    "sales" : 61.11,
    "salesGrowthYoY" : -7.24,
    "grossProfitMargin" : 65.64,
    "grossProfit" : 40.11,
    "operatingProfitMargin" : 29.59,
    "operatingProfit" : 18.08,
    "netProfitMargin" : 18.90,
    "netProfit" : 11.55
  }, {
    "date" : "2025-06-30",
    "sales" : 64.74,
    "salesGrowthYoY" : 47.07,
    "grossProfitMargin" : 62.77,
    "grossProfit" : 40.64,
    "operatingProfitMargin" : 33.09,
    "operatingProfit" : 21.42,
    "netProfitMargin" : 23.20,
    "netProfit" : 15.02
  }, {
    "date" : "2025-09-30",
    "sales" : 90.21,
    "salesGrowthYoY" : 90.80,
    "grossProfitMargin" : 62.04,
    "grossProfit" : 55.97,
    "operatingProfitMargin" : 37.89,
    "operatingProfit" : 34.18,
    "netProfitMargin" : 26.74,
    "netProfit" : 24.12
  }, {
    "date" : "2025-12-31",
    "sales" : 104.40,
    "salesGrowthYoY" : 105.67,
    "grossProfitMargin" : 66.34,
    "grossProfit" : 69.26,
    "operatingProfitMargin" : 43.31,
    "operatingProfit" : 45.22,
    "netProfitMargin" : 31.48,
    "netProfit" : 32.87
  } ],
  "latestQuarterlyResult" : {
    "date" : "2025-12-31",
    "sales" : 104.40,
    "salesGrowthYoY" : 105.67,
    "grossProfitMargin" : 66.34,
    "grossProfit" : 69.26,
    "operatingProfitMargin" : 43.31,
    "operatingProfit" : 45.22,
    "netProfitMargin" : 31.48,
    "netProfit" : 32.87
  },
  "companyScore" : {
    "priceHigherThanDma50" : 5.00,
    "priceHigherThanDma100" : 5.00,
    "priceHigherThanDma200" : 5.00,
    "dma50HigherThanDma100" : 5.00,
    "dma50HigherThanDma200" : 5.00,
    "dma100HigherThanDma200" : 5.00,
    "pricePercentageAboveDma50" : 4.60,
    "pricePercentageAboveDma100" : 3.64,
    "pricePercentageAboveDma200" : 2.04,
    "weeklyVolumeHigherThanYearlyVolume" : 0.00,
    "salesGrowthPercentile" : 17.00,
    "operatingProfitMarginPercentile" : 19.29,
    "netProfitMarginPercentile" : 9.88,
    "totalTechnicalScore" : 40.27,
    "totalFundamentalScore" : 46.17,
    "totalScore" : 86.44
  }
}