{
  "metadata" : {
    "screenerCompanyId" : "773",
    "companyCode" : "DCMSHRIRAM",
    "companyName" : "DCM Shriram",
    "screenerCompanyLink" : "https://www.screener.in/company/DCMSHRIRAM",
    "screenerTechnicalHistoryLink" : "https://www.screener.in/api/company/773/chart/?q=Price-DMA50-DMA200-Volume&days=365",
    "screenerQuarterlyResultsLink" : "https://www.screener.in/api/company/773/chart/?q=GPM-OPM-NPM-Quarter+Sales&days=10000",
    "attributes" : {
      "companyCode" : "DCMSHRIRAM",
      "companyName" : "DCM Shriram",
      "marketCap" : 18963.00,
      "peRatio" : 27.50,
      "description" : "DCM Shriram is engaged in the business of manufacturing facilities of Fertiliser, Chloro Vinyl & Cement in Kota (Rajasthan) and of Chlor- Alkali in Bharuch (Gujrat).(Source : Company Web-site )"
    },
    "companyScore" : {
      "priceHigherThanDma50" : 0.00,
      "priceHigherThanDma100" : 0.00,
      "priceHigherThanDma200" : 5.00,
      "dma50HigherThanDma100" : 0.00,
      "dma50HigherThanDma200" : 5.00,
      "dma100HigherThanDma200" : 5.00,
      "pricePercentageAboveDma50" : 5.07,
      "pricePercentageAboveDma100" : 5.23,
      "pricePercentageAboveDma200" : 4.91,
      "weeklyVolumeHigherThanYearlyVolume" : 0.00,
      "salesGrowthPercentile" : 11.39,
      "operatingProfitMarginPercentile" : 8.92,
      "netProfitMarginPercentile" : 5.30,
      "totalTechnicalScore" : 30.21,
      "totalFundamentalScore" : 25.61,
      "totalScore" : 55.82
    }
  },
  "attributes" : {
    "companyCode" : "DCMSHRIRAM",
    "companyName" : "DCM Shriram",
    "marketCap" : 18963.00,
    "peRatio" : 27.50,
    "description" : "DCM Shriram is engaged in the business of manufacturing facilities of Fertiliser, Chloro Vinyl & Cement in Kota (Rajasthan) and of Chlor- Alkali in Bharuch (Gujrat).(Source : Company Web-site )"
  },
  "technicalHistory" : [ {
    "date" : "2024-12-02",
    "price" : 1138.40,
    "dma50" : 1134.15,
    "dma100" : null,
    "dma200" : 1054.69,
    "volume" : 114722.00
  }, {
    "date" : "2024-12-03",
    "price" : 1145.80,
    "dma50" : 1134.61,
    "dma100" : null,
    "dma200" : 1055.60,
    "volume" : 87556.00
  }, {
    "date" : "2024-12-04",
    "price" : 1118.20,
    "dma50" : 1133.96,
    "dma100" : null,
    "dma200" : 1056.22,
    "volume" : 121672.00
  }, {
    "date" : "2024-12-05",
    "price" : 1121.45,
    "dma50" : 1133.47,
    "dma100" : null,
    "dma200" : 1056.87,
    "volume" : 71444.00
  }, {
    "date" : "2024-12-06",
    "price" : 1092.80,
    "dma50" : 1131.88,
    "dma100" : null,
    "dma200" : 1057.23,
    "volume" : 87018.00
  }, {
    "date" : "2024-12-09",
    "price" : 1084.85,
    "dma50" : 1130.03,
    "dma100" : null,
    "dma200" : 1057.50,
    "volume" : 52415.00
  }, {
    "date" : "2024-12-10",
    "price" : 1104.70,
    "dma50" : 1129.04,
    "dma100" : null,
    "dma200" : 1057.97,
    "volume" : 162728.00
  }, {
    "date" : "2024-12-11",
    "price" : 1108.30,
    "dma50" : 1128.23,
    "dma100" : null,
    "dma200" : 1058.47,
    "volume" : 57895.00
  }, {
    "date" : "2024-12-12",
    "price" : 1097.90,
    "dma50" : 1127.04,
    "dma100" : null,
    "dma200" : 1058.87,
    "volume" : 44286.00
  }, {
    "date" : "2024-12-13",
    "price" : 1083.20,
    "dma50" : 1125.32,
    "dma100" : null,
    "dma200" : 1059.11,
    "volume" : 46062.00
  }, {
    "date" : "2024-12-16",
    "price" : 1094.20,
    "dma50" : 1124.10,
    "dma100" : null,
    "dma200" : 1059.46,
    "volume" : 59466.00
  }, {
    "date" : "2024-12-17",
    "price" : 1079.75,
    "dma50" : 1122.36,
    "dma100" : null,
    "dma200" : 1059.66,
    "volume" : 42237.00
  }, {
    "date" : "2024-12-18",
    "price" : 1087.10,
    "dma50" : 1120.98,
    "dma100" : null,
    "dma200" : 1059.93,
    "volume" : 39805.00
  }, {
    "date" : "2024-12-19",
    "price" : 1082.75,
    "dma50" : 1119.48,
    "dma100" : null,
    "dma200" : 1060.16,
    "volume" : 63767.00
  }, {
    "date" : "2024-12-20",
    "price" : 1065.80,
    "dma50" : 1117.37,
    "dma100" : null,
    "dma200" : 1060.22,
    "volume" : 67943.00
  }, {
    "date" : "2024-12-23",
    "price" : 1070.25,
    "dma50" : 1115.52,
    "dma100" : null,
    "dma200" : 1060.32,
    "volume" : 97320.00
  }, {
    "date" : "2024-12-24",
    "price" : 1096.85,
    "dma50" : 1114.79,
    "dma100" : null,
    "dma200" : 1060.68,
    "volume" : 74236.00
  }, {
    "date" : "2024-12-26",
    "price" : 1088.05,
    "dma50" : 1113.74,
    "dma100" : null,
    "dma200" : 1060.95,
    "volume" : 40818.00
  }, {
    "date" : "2024-12-27",
    "price" : 1089.70,
    "dma50" : 1112.80,
    "dma100" : null,
    "dma200" : 1061.24,
    "volume" : 35616.00
  }, {
    "date" : "2024-12-30",
    "price" : 1087.55,
    "dma50" : 1111.81,
    "dma100" : null,
    "dma200" : 1061.50,
    "volume" : 74188.00
  }, {
    "date" : "2024-12-31",
    "price" : 1151.95,
    "dma50" : 1113.38,
    "dma100" : null,
    "dma200" : 1062.40,
    "volume" : 212401.00
  }, {
    "date" : "2025-01-01",
    "price" : 1118.75,
    "dma50" : 1113.60,
    "dma100" : null,
    "dma200" : 1062.96,
    "volume" : 45866.00
  }, {
    "date" : "2025-01-02",
    "price" : 1125.40,
    "dma50" : 1114.06,
    "dma100" : null,
    "dma200" : 1063.58,
    "volume" : 34466.00
  }, {
    "date" : "2025-01-03",
    "price" : 1136.80,
    "dma50" : 1114.95,
    "dma100" : null,
    "dma200" : 1064.31,
    "volume" : 89403.00
  }, {
    "date" : "2025-01-06",
    "price" : 1059.80,
    "dma50" : 1112.79,
    "dma100" : null,
    "dma200" : 1064.27,
    "volume" : 136107.00
  }, {
    "date" : "2025-01-07",
    "price" : 1083.55,
    "dma50" : 1111.64,
    "dma100" : null,
    "dma200" : 1064.46,
    "volume" : 45122.00
  }, {
    "date" : "2025-01-08",
    "price" : 1058.95,
    "dma50" : 1109.57,
    "dma100" : null,
    "dma200" : 1064.40,
    "volume" : 26752.00
  }, {
    "date" : "2025-01-09",
    "price" : 1072.05,
    "dma50" : 1108.10,
    "dma100" : null,
    "dma200" : 1064.48,
    "volume" : 39337.00
  }, {
    "date" : "2025-01-10",
    "price" : 1068.85,
    "dma50" : 1106.56,
    "dma100" : null,
    "dma200" : 1064.52,
    "volume" : 77581.00
  }, {
    "date" : "2025-01-13",
    "price" : 1037.40,
    "dma50" : 1103.85,
    "dma100" : null,
    "dma200" : 1064.25,
    "volume" : 63663.00
  }, {
    "date" : "2025-01-14",
    "price" : 1046.85,
    "dma50" : 1101.62,
    "dma100" : null,
    "dma200" : 1064.08,
    "volume" : 20404.00
  }, {
    "date" : "2025-01-15",
    "price" : 1043.95,
    "dma50" : 1099.35,
    "dma100" : null,
    "dma200" : 1063.88,
    "volume" : 26030.00
  }, {
    "date" : "2025-01-16",
    "price" : 1062.70,
    "dma50" : 1097.92,
    "dma100" : null,
    "dma200" : 1063.87,
    "volume" : 26256.00
  }, {
    "date" : "2025-01-17",
    "price" : 1099.95,
    "dma50" : 1098.00,
    "dma100" : null,
    "dma200" : 1064.23,
    "volume" : 47371.00
  }, {
    "date" : "2025-01-20",
    "price" : 1111.00,
    "dma50" : 1098.51,
    "dma100" : null,
    "dma200" : 1064.69,
    "volume" : 122130.00
  }, {
    "date" : "2025-01-21",
    "price" : 1115.90,
    "dma50" : 1099.19,
    "dma100" : null,
    "dma200" : 1065.20,
    "volume" : 47014.00
  }, {
    "date" : "2025-01-22",
    "price" : 1118.45,
    "dma50" : 1099.94,
    "dma100" : null,
    "dma200" : 1065.73,
    "volume" : 67747.00
  }, {
    "date" : "2025-01-23",
    "price" : 1170.65,
    "dma50" : 1102.72,
    "dma100" : null,
    "dma200" : 1066.77,
    "volume" : 93119.00
  }, {
    "date" : "2025-01-24",
    "price" : 1151.10,
    "dma50" : 1104.61,
    "dma100" : null,
    "dma200" : 1067.61,
    "volume" : 53454.00
  }, {
    "date" : "2025-01-27",
    "price" : 1196.90,
    "dma50" : 1108.23,
    "dma100" : null,
    "dma200" : 1068.90,
    "volume" : 125969.00
  }, {
    "date" : "2025-01-28",
    "price" : 1185.05,
    "dma50" : 1111.25,
    "dma100" : null,
    "dma200" : 1070.06,
    "volume" : 133140.00
  }, {
    "date" : "2025-01-29",
    "price" : 1155.55,
    "dma50" : 1112.98,
    "dma100" : null,
    "dma200" : 1070.91,
    "volume" : 83911.00
  }, {
    "date" : "2025-01-30",
    "price" : 1134.05,
    "dma50" : 1113.81,
    "dma100" : null,
    "dma200" : 1071.54,
    "volume" : 30641.00
  }, {
    "date" : "2025-01-31",
    "price" : 1169.25,
    "dma50" : 1115.98,
    "dma100" : null,
    "dma200" : 1072.51,
    "volume" : 60391.00
  }, {
    "date" : "2025-02-01",
    "price" : 1141.50,
    "dma50" : 1116.98,
    "dma100" : null,
    "dma200" : 1073.19,
    "volume" : 19897.00
  }, {
    "date" : "2025-02-03",
    "price" : 1100.25,
    "dma50" : 1116.33,
    "dma100" : null,
    "dma200" : 1073.46,
    "volume" : 70262.00
  }, {
    "date" : "2025-02-04",
    "price" : 1077.20,
    "dma50" : 1114.79,
    "dma100" : null,
    "dma200" : 1073.50,
    "volume" : 32528.00
  }, {
    "date" : "2025-02-05",
    "price" : 1051.65,
    "dma50" : 1112.32,
    "dma100" : null,
    "dma200" : 1073.28,
    "volume" : 67928.00
  }, {
    "date" : "2025-02-06",
    "price" : 1076.70,
    "dma50" : 1110.92,
    "dma100" : null,
    "dma200" : 1073.32,
    "volume" : 51820.00
  }, {
    "date" : "2025-02-07",
    "price" : 1059.85,
    "dma50" : 1108.92,
    "dma100" : null,
    "dma200" : 1073.18,
    "volume" : 29944.00
  }, {
    "date" : "2025-02-10",
    "price" : 1062.75,
    "dma50" : 1107.11,
    "dma100" : null,
    "dma200" : 1073.08,
    "volume" : 28030.00
  }, {
    "date" : "2025-02-11",
    "price" : 1054.15,
    "dma50" : 1105.03,
    "dma100" : null,
    "dma200" : 1072.89,
    "volume" : 21952.00
  }, {
    "date" : "2025-02-12",
    "price" : 1062.90,
    "dma50" : 1103.38,
    "dma100" : null,
    "dma200" : 1072.79,
    "volume" : 57951.00
  }, {
    "date" : "2025-02-13",
    "price" : 1062.55,
    "dma50" : 1101.78,
    "dma100" : null,
    "dma200" : 1072.69,
    "volume" : 29067.00
  }, {
    "date" : "2025-02-14",
    "price" : 1056.30,
    "dma50" : 1099.99,
    "dma100" : null,
    "dma200" : 1072.53,
    "volume" : 37661.00
  }, {
    "date" : "2025-02-17",
    "price" : 1044.50,
    "dma50" : 1097.82,
    "dma100" : null,
    "dma200" : 1072.25,
    "volume" : 43543.00
  }, {
    "date" : "2025-02-18",
    "price" : 1022.20,
    "dma50" : 1094.85,
    "dma100" : null,
    "dma200" : 1071.75,
    "volume" : 16655.00
  }, {
    "date" : "2025-02-19",
    "price" : 1021.60,
    "dma50" : 1091.98,
    "dma100" : null,
    "dma200" : 1071.25,
    "volume" : 22797.00
  }, {
    "date" : "2025-02-20",
    "price" : 1031.65,
    "dma50" : 1089.61,
    "dma100" : null,
    "dma200" : 1070.86,
    "volume" : 15650.00
  }, {
    "date" : "2025-02-21",
    "price" : 1012.85,
    "dma50" : 1086.60,
    "dma100" : null,
    "dma200" : 1070.28,
    "volume" : 42192.00
  }, {
    "date" : "2025-02-24",
    "price" : 982.75,
    "dma50" : 1082.53,
    "dma100" : null,
    "dma200" : 1069.41,
    "volume" : 79520.00
  }, {
    "date" : "2025-02-25",
    "price" : 950.85,
    "dma50" : 1077.37,
    "dma100" : null,
    "dma200" : 1068.23,
    "volume" : 38139.00
  }, {
    "date" : "2025-02-27",
    "price" : 944.85,
    "dma50" : 1072.17,
    "dma100" : null,
    "dma200" : 1067.00,
    "volume" : 25015.00
  }, {
    "date" : "2025-02-28",
    "price" : 958.00,
    "dma50" : 1067.69,
    "dma100" : null,
    "dma200" : 1065.92,
    "volume" : 71961.00
  }, {
    "date" : "2025-03-03",
    "price" : 923.60,
    "dma50" : 1062.04,
    "dma100" : null,
    "dma200" : 1064.50,
    "volume" : 50127.00
  }, {
    "date" : "2025-03-04",
    "price" : 1013.50,
    "dma50" : 1060.14,
    "dma100" : null,
    "dma200" : 1063.99,
    "volume" : 470734.00
  }, {
    "date" : "2025-03-05",
    "price" : 1026.15,
    "dma50" : 1058.81,
    "dma100" : null,
    "dma200" : 1063.62,
    "volume" : 97322.00
  }, {
    "date" : "2025-03-06",
    "price" : 1043.20,
    "dma50" : 1058.19,
    "dma100" : null,
    "dma200" : 1063.41,
    "volume" : 42547.00
  }, {
    "date" : "2025-03-07",
    "price" : 1038.50,
    "dma50" : 1057.42,
    "dma100" : null,
    "dma200" : 1063.17,
    "volume" : 51944.00
  }, {
    "date" : "2025-03-10",
    "price" : 1018.55,
    "dma50" : 1055.90,
    "dma100" : null,
    "dma200" : 1062.72,
    "volume" : 35025.00
  }, {
    "date" : "2025-03-11",
    "price" : 1022.55,
    "dma50" : 1054.59,
    "dma100" : null,
    "dma200" : 1062.32,
    "volume" : 36329.00
  }, {
    "date" : "2025-03-12",
    "price" : 1021.70,
    "dma50" : 1053.30,
    "dma100" : null,
    "dma200" : 1061.92,
    "volume" : 41223.00
  }, {
    "date" : "2025-03-13",
    "price" : 986.75,
    "dma50" : 1050.69,
    "dma100" : null,
    "dma200" : 1061.17,
    "volume" : 151769.00
  }, {
    "date" : "2025-03-17",
    "price" : 988.00,
    "dma50" : 1048.23,
    "dma100" : null,
    "dma200" : 1060.44,
    "volume" : 32262.00
  }, {
    "date" : "2025-03-18",
    "price" : 1005.95,
    "dma50" : 1046.57,
    "dma100" : null,
    "dma200" : 1059.90,
    "volume" : 36319.00
  }, {
    "date" : "2025-03-19",
    "price" : 1022.60,
    "dma50" : 1045.63,
    "dma100" : null,
    "dma200" : 1059.53,
    "volume" : 49919.00
  }, {
    "date" : "2025-03-20",
    "price" : 1061.70,
    "dma50" : 1046.26,
    "dma100" : null,
    "dma200" : 1059.55,
    "volume" : 92759.00
  }, {
    "date" : "2025-03-21",
    "price" : 1131.30,
    "dma50" : 1049.60,
    "dma100" : null,
    "dma200" : 1060.26,
    "volume" : 105686.00
  }, {
    "date" : "2025-03-24",
    "price" : 1108.85,
    "dma50" : 1051.92,
    "dma100" : null,
    "dma200" : 1060.75,
    "volume" : 74180.00
  }, {
    "date" : "2025-03-25",
    "price" : 1058.10,
    "dma50" : 1052.16,
    "dma100" : null,
    "dma200" : 1060.72,
    "volume" : 70114.00
  }, {
    "date" : "2025-03-26",
    "price" : 1045.50,
    "dma50" : 1051.90,
    "dma100" : null,
    "dma200" : 1060.57,
    "volume" : 44278.00
  }, {
    "date" : "2025-03-27",
    "price" : 1103.85,
    "dma50" : 1053.94,
    "dma100" : null,
    "dma200" : 1061.00,
    "volume" : 425626.00
  }, {
    "date" : "2025-03-28",
    "price" : 1079.15,
    "dma50" : 1054.93,
    "dma100" : null,
    "dma200" : 1061.18,
    "volume" : 745014.00
  }, {
    "date" : "2025-04-01",
    "price" : 1046.50,
    "dma50" : 1054.60,
    "dma100" : null,
    "dma200" : 1061.03,
    "volume" : 52858.00
  }, {
    "date" : "2025-04-02",
    "price" : 1077.80,
    "dma50" : 1055.51,
    "dma100" : null,
    "dma200" : 1061.20,
    "volume" : 155450.00
  }, {
    "date" : "2025-04-03",
    "price" : 1080.25,
    "dma50" : 1056.48,
    "dma100" : null,
    "dma200" : 1061.39,
    "volume" : 54819.00
  }, {
    "date" : "2025-04-04",
    "price" : 1048.15,
    "dma50" : 1056.15,
    "dma100" : null,
    "dma200" : 1061.26,
    "volume" : 62002.00
  }, {
    "date" : "2025-04-07",
    "price" : 1024.05,
    "dma50" : 1054.89,
    "dma100" : null,
    "dma200" : 1060.89,
    "volume" : 51664.00
  }, {
    "date" : "2025-04-08",
    "price" : 1034.65,
    "dma50" : 1054.10,
    "dma100" : null,
    "dma200" : 1060.63,
    "volume" : 64432.00
  }, {
    "date" : "2025-04-09",
    "price" : 1015.60,
    "dma50" : 1052.59,
    "dma100" : null,
    "dma200" : 1060.18,
    "volume" : 70398.00
  }, {
    "date" : "2025-04-11",
    "price" : 1036.80,
    "dma50" : 1051.97,
    "dma100" : null,
    "dma200" : 1059.95,
    "volume" : 55556.00
  }, {
    "date" : "2025-04-15",
    "price" : 1058.40,
    "dma50" : 1052.22,
    "dma100" : null,
    "dma200" : 1059.93,
    "volume" : 29804.00
  }, {
    "date" : "2025-04-16",
    "price" : 1069.00,
    "dma50" : 1052.88,
    "dma100" : null,
    "dma200" : 1060.02,
    "volume" : 33186.00
  }, {
    "date" : "2025-04-17",
    "price" : 1065.60,
    "dma50" : 1053.38,
    "dma100" : null,
    "dma200" : 1060.08,
    "volume" : 34893.00
  }, {
    "date" : "2025-04-21",
    "price" : 1084.60,
    "dma50" : 1054.60,
    "dma100" : null,
    "dma200" : 1060.32,
    "volume" : 54992.00
  }, {
    "date" : "2025-04-22",
    "price" : 1080.30,
    "dma50" : 1055.61,
    "dma100" : null,
    "dma200" : 1060.52,
    "volume" : 31846.00
  }, {
    "date" : "2025-04-23",
    "price" : 1068.80,
    "dma50" : 1056.13,
    "dma100" : null,
    "dma200" : 1060.60,
    "volume" : 32207.00
  }, {
    "date" : "2025-04-24",
    "price" : 1066.80,
    "dma50" : 1056.55,
    "dma100" : null,
    "dma200" : 1060.66,
    "volume" : 28048.00
  }, {
    "date" : "2025-04-25",
    "price" : 1020.30,
    "dma50" : 1055.13,
    "dma100" : null,
    "dma200" : 1060.26,
    "volume" : 62936.00
  }, {
    "date" : "2025-04-28",
    "price" : 1013.00,
    "dma50" : 1053.47,
    "dma100" : null,
    "dma200" : 1059.79,
    "volume" : 50884.00
  }, {
    "date" : "2025-04-29",
    "price" : 1017.60,
    "dma50" : 1052.07,
    "dma100" : 1068.57,
    "dma200" : 1059.37,
    "volume" : 27232.00
  }, {
    "date" : "2025-04-30",
    "price" : 999.90,
    "dma50" : 1050.02,
    "dma100" : 1067.11,
    "dma200" : 1058.78,
    "volume" : 78214.00
  }, {
    "date" : "2025-05-02",
    "price" : 980.50,
    "dma50" : 1047.29,
    "dma100" : 1065.73,
    "dma200" : 1058.00,
    "volume" : 60972.00
  }, {
    "date" : "2025-05-05",
    "price" : 1017.05,
    "dma50" : 1046.11,
    "dma100" : 1064.69,
    "dma200" : 1057.59,
    "volume" : 58330.00
  }, {
    "date" : "2025-05-06",
    "price" : 1011.10,
    "dma50" : 1044.74,
    "dma100" : 1063.87,
    "dma200" : 1057.13,
    "volume" : 2993621.00
  }, {
    "date" : "2025-05-07",
    "price" : 998.55,
    "dma50" : 1042.92,
    "dma100" : 1063.01,
    "dma200" : 1056.55,
    "volume" : 251590.00
  }, {
    "date" : "2025-05-08",
    "price" : 994.35,
    "dma50" : 1041.02,
    "dma100" : 1061.90,
    "dma200" : 1055.93,
    "volume" : 271368.00
  }, {
    "date" : "2025-05-09",
    "price" : 993.30,
    "dma50" : 1039.15,
    "dma100" : 1060.75,
    "dma200" : 1055.31,
    "volume" : 59197.00
  }, {
    "date" : "2025-05-12",
    "price" : 1024.75,
    "dma50" : 1038.58,
    "dma100" : 1060.02,
    "dma200" : 1055.00,
    "volume" : 81194.00
  }, {
    "date" : "2025-05-13",
    "price" : 1035.00,
    "dma50" : 1038.44,
    "dma100" : 1059.54,
    "dma200" : 1054.80,
    "volume" : 57827.00
  }, {
    "date" : "2025-05-14",
    "price" : 1044.80,
    "dma50" : 1038.69,
    "dma100" : 1059.05,
    "dma200" : 1054.70,
    "volume" : 45645.00
  }, {
    "date" : "2025-05-15",
    "price" : 1042.35,
    "dma50" : 1038.84,
    "dma100" : 1058.67,
    "dma200" : 1054.58,
    "volume" : 44911.00
  }, {
    "date" : "2025-05-16",
    "price" : 1040.90,
    "dma50" : 1038.92,
    "dma100" : 1058.21,
    "dma200" : 1054.45,
    "volume" : 35254.00
  }, {
    "date" : "2025-05-19",
    "price" : 1065.25,
    "dma50" : 1039.95,
    "dma100" : 1058.04,
    "dma200" : 1054.55,
    "volume" : 60644.00
  }, {
    "date" : "2025-05-20",
    "price" : 1047.95,
    "dma50" : 1040.26,
    "dma100" : 1057.86,
    "dma200" : 1054.49,
    "volume" : 56467.00
  }, {
    "date" : "2025-05-21",
    "price" : 1058.95,
    "dma50" : 1041.00,
    "dma100" : 1057.74,
    "dma200" : 1054.53,
    "volume" : 29782.00
  }, {
    "date" : "2025-05-22",
    "price" : 1059.25,
    "dma50" : 1041.71,
    "dma100" : 1057.37,
    "dma200" : 1054.58,
    "volume" : 25607.00
  }, {
    "date" : "2025-05-23",
    "price" : 1048.65,
    "dma50" : 1041.98,
    "dma100" : 1056.97,
    "dma200" : 1054.52,
    "volume" : 28174.00
  }, {
    "date" : "2025-05-26",
    "price" : 1045.25,
    "dma50" : 1042.11,
    "dma100" : 1056.53,
    "dma200" : 1054.43,
    "volume" : 88552.00
  }, {
    "date" : "2025-05-27",
    "price" : 1055.15,
    "dma50" : 1042.62,
    "dma100" : 1056.21,
    "dma200" : 1054.43,
    "volume" : 104201.00
  }, {
    "date" : "2025-05-28",
    "price" : 1040.90,
    "dma50" : 1042.56,
    "dma100" : 1055.10,
    "dma200" : 1054.30,
    "volume" : 84894.00
  }, {
    "date" : "2025-05-29",
    "price" : 1061.90,
    "dma50" : 1043.31,
    "dma100" : 1054.53,
    "dma200" : 1054.38,
    "volume" : 99421.00
  }, {
    "date" : "2025-05-30",
    "price" : 1075.25,
    "dma50" : 1044.57,
    "dma100" : 1054.03,
    "dma200" : 1054.58,
    "volume" : 79118.00
  }, {
    "date" : "2025-06-02",
    "price" : 1075.90,
    "dma50" : 1045.80,
    "dma100" : 1053.42,
    "dma200" : 1054.80,
    "volume" : 40584.00
  }, {
    "date" : "2025-06-03",
    "price" : 1072.00,
    "dma50" : 1046.82,
    "dma100" : 1053.54,
    "dma200" : 1054.97,
    "volume" : 34549.00
  }, {
    "date" : "2025-06-04",
    "price" : 1048.60,
    "dma50" : 1046.89,
    "dma100" : 1053.19,
    "dma200" : 1054.90,
    "volume" : 55994.00
  }, {
    "date" : "2025-06-05",
    "price" : 1056.60,
    "dma50" : 1047.27,
    "dma100" : 1053.17,
    "dma200" : 1054.92,
    "volume" : 31242.00
  }, {
    "date" : "2025-06-06",
    "price" : 1065.20,
    "dma50" : 1047.98,
    "dma100" : 1053.10,
    "dma200" : 1055.02,
    "volume" : 71738.00
  }, {
    "date" : "2025-06-09",
    "price" : 1073.10,
    "dma50" : 1048.96,
    "dma100" : 1053.14,
    "dma200" : 1055.20,
    "volume" : 25766.00
  }, {
    "date" : "2025-06-10",
    "price" : 1094.60,
    "dma50" : 1050.75,
    "dma100" : 1053.71,
    "dma200" : 1055.59,
    "volume" : 50900.00
  }, {
    "date" : "2025-06-11",
    "price" : 1107.30,
    "dma50" : 1052.97,
    "dma100" : 1054.32,
    "dma200" : 1056.11,
    "volume" : 72796.00
  }, {
    "date" : "2025-06-12",
    "price" : 1125.10,
    "dma50" : 1055.80,
    "dma100" : 1055.13,
    "dma200" : 1056.79,
    "volume" : 155908.00
  }, {
    "date" : "2025-06-13",
    "price" : 1131.30,
    "dma50" : 1058.76,
    "dma100" : 1055.81,
    "dma200" : 1057.54,
    "volume" : 182613.00
  }, {
    "date" : "2025-06-16",
    "price" : 1142.00,
    "dma50" : 1062.02,
    "dma100" : 1056.23,
    "dma200" : 1058.38,
    "volume" : 79442.00
  }, {
    "date" : "2025-06-17",
    "price" : 1155.30,
    "dma50" : 1065.68,
    "dma100" : 1056.68,
    "dma200" : 1059.34,
    "volume" : 108226.00
  }, {
    "date" : "2025-06-18",
    "price" : 1166.90,
    "dma50" : 1069.65,
    "dma100" : 1057.19,
    "dma200" : 1060.41,
    "volume" : 92862.00
  }, {
    "date" : "2025-06-19",
    "price" : 1168.60,
    "dma50" : 1073.53,
    "dma100" : 1057.69,
    "dma200" : 1061.49,
    "volume" : 96713.00
  }, {
    "date" : "2025-06-20",
    "price" : 1175.50,
    "dma50" : 1077.53,
    "dma100" : 1057.74,
    "dma200" : 1062.62,
    "volume" : 317137.00
  }, {
    "date" : "2025-06-23",
    "price" : 1185.60,
    "dma50" : 1081.77,
    "dma100" : 1058.08,
    "dma200" : 1063.85,
    "volume" : 72959.00
  }, {
    "date" : "2025-06-24",
    "price" : 1181.60,
    "dma50" : 1085.68,
    "dma100" : 1057.93,
    "dma200" : 1065.02,
    "volume" : 113695.00
  }, {
    "date" : "2025-06-25",
    "price" : 1200.60,
    "dma50" : 1090.19,
    "dma100" : 1058.08,
    "dma200" : 1066.37,
    "volume" : 73170.00
  }, {
    "date" : "2025-06-26",
    "price" : 1202.30,
    "dma50" : 1094.59,
    "dma100" : 1058.55,
    "dma200" : 1067.72,
    "volume" : 51548.00
  }, {
    "date" : "2025-06-27",
    "price" : 1180.70,
    "dma50" : 1097.96,
    "dma100" : 1059.02,
    "dma200" : 1068.84,
    "volume" : 206648.00
  }, {
    "date" : "2025-06-30",
    "price" : 1232.80,
    "dma50" : 1103.25,
    "dma100" : 1059.65,
    "dma200" : 1070.47,
    "volume" : 318671.00
  }, {
    "date" : "2025-07-01",
    "price" : 1219.10,
    "dma50" : 1107.79,
    "dma100" : 1060.43,
    "dma200" : 1071.95,
    "volume" : 48654.00
  }, {
    "date" : "2025-07-02",
    "price" : 1237.90,
    "dma50" : 1112.90,
    "dma100" : 1061.81,
    "dma200" : 1073.60,
    "volume" : 80329.00
  }, {
    "date" : "2025-07-03",
    "price" : 1425.50,
    "dma50" : 1125.15,
    "dma100" : 1065.29,
    "dma200" : 1077.11,
    "volume" : 8695106.00
  }, {
    "date" : "2025-07-04",
    "price" : 1355.20,
    "dma50" : 1134.18,
    "dma100" : 1068.33,
    "dma200" : 1079.87,
    "volume" : 2404751.00
  }, {
    "date" : "2025-07-07",
    "price" : 1396.10,
    "dma50" : 1144.45,
    "dma100" : 1071.52,
    "dma200" : 1083.02,
    "volume" : 851041.00
  }, {
    "date" : "2025-07-08",
    "price" : 1406.10,
    "dma50" : 1154.71,
    "dma100" : 1074.98,
    "dma200" : 1086.23,
    "volume" : 387425.00
  }, {
    "date" : "2025-07-09",
    "price" : 1401.20,
    "dma50" : 1164.37,
    "dma100" : 1078.37,
    "dma200" : 1089.37,
    "volume" : 278381.00
  }, {
    "date" : "2025-07-10",
    "price" : 1356.80,
    "dma50" : 1171.92,
    "dma100" : 1081.39,
    "dma200" : 1092.03,
    "volume" : 161244.00
  }, {
    "date" : "2025-07-11",
    "price" : 1350.20,
    "dma50" : 1178.91,
    "dma100" : 1084.27,
    "dma200" : 1094.60,
    "volume" : 261186.00
  }, {
    "date" : "2025-07-14",
    "price" : 1365.10,
    "dma50" : 1186.21,
    "dma100" : 1087.29,
    "dma200" : 1097.29,
    "volume" : 113218.00
  }, {
    "date" : "2025-07-15",
    "price" : 1402.40,
    "dma50" : 1194.69,
    "dma100" : 1090.75,
    "dma200" : 1100.33,
    "volume" : 631166.00
  }, {
    "date" : "2025-07-16",
    "price" : 1410.00,
    "dma50" : 1203.14,
    "dma100" : 1094.41,
    "dma200" : 1103.41,
    "volume" : 185986.00
  }, {
    "date" : "2025-07-17",
    "price" : 1406.30,
    "dma50" : 1211.10,
    "dma100" : 1098.25,
    "dma200" : 1106.42,
    "volume" : 162771.00
  }, {
    "date" : "2025-07-18",
    "price" : 1408.20,
    "dma50" : 1218.83,
    "dma100" : 1102.11,
    "dma200" : 1109.42,
    "volume" : 105631.00
  }, {
    "date" : "2025-07-21",
    "price" : 1388.60,
    "dma50" : 1225.49,
    "dma100" : 1105.68,
    "dma200" : 1112.20,
    "volume" : 110921.00
  }, {
    "date" : "2025-07-22",
    "price" : 1398.40,
    "dma50" : 1232.27,
    "dma100" : 1109.54,
    "dma200" : 1115.05,
    "volume" : 291827.00
  }, {
    "date" : "2025-07-23",
    "price" : 1442.10,
    "dma50" : 1240.50,
    "dma100" : 1114.13,
    "dma200" : 1118.30,
    "volume" : 291403.00
  }, {
    "date" : "2025-07-24",
    "price" : 1430.30,
    "dma50" : 1247.94,
    "dma100" : 1118.93,
    "dma200" : 1121.41,
    "volume" : 463524.00
  }, {
    "date" : "2025-07-25",
    "price" : 1397.50,
    "dma50" : 1253.81,
    "dma100" : 1123.45,
    "dma200" : 1124.16,
    "volume" : 153152.00
  }, {
    "date" : "2025-07-28",
    "price" : 1385.90,
    "dma50" : 1258.99,
    "dma100" : 1127.73,
    "dma200" : 1126.76,
    "volume" : 102512.00
  }, {
    "date" : "2025-07-29",
    "price" : 1422.20,
    "dma50" : 1265.39,
    "dma100" : 1132.72,
    "dma200" : 1129.70,
    "volume" : 130167.00
  }, {
    "date" : "2025-07-30",
    "price" : 1424.50,
    "dma50" : 1271.63,
    "dma100" : 1136.83,
    "dma200" : 1132.63,
    "volume" : 108395.00
  }, {
    "date" : "2025-07-31",
    "price" : 1429.60,
    "dma50" : 1277.82,
    "dma100" : 1140.86,
    "dma200" : 1135.59,
    "volume" : 169529.00
  }, {
    "date" : "2025-08-01",
    "price" : 1374.30,
    "dma50" : 1281.61,
    "dma100" : 1144.17,
    "dma200" : 1137.96,
    "volume" : 87085.00
  }, {
    "date" : "2025-08-04",
    "price" : 1377.00,
    "dma50" : 1285.35,
    "dma100" : 1147.56,
    "dma200" : 1140.34,
    "volume" : 66257.00
  }, {
    "date" : "2025-08-05",
    "price" : 1382.60,
    "dma50" : 1289.16,
    "dma100" : 1151.20,
    "dma200" : 1142.75,
    "volume" : 44208.00
  }, {
    "date" : "2025-08-06",
    "price" : 1377.60,
    "dma50" : 1292.63,
    "dma100" : 1154.75,
    "dma200" : 1145.09,
    "volume" : 75886.00
  }, {
    "date" : "2025-08-07",
    "price" : 1344.30,
    "dma50" : 1294.65,
    "dma100" : 1157.98,
    "dma200" : 1147.07,
    "volume" : 80344.00
  }, {
    "date" : "2025-08-08",
    "price" : 1352.30,
    "dma50" : 1296.92,
    "dma100" : 1161.63,
    "dma200" : 1149.11,
    "volume" : 62461.00
  }, {
    "date" : "2025-08-11",
    "price" : 1367.30,
    "dma50" : 1299.68,
    "dma100" : 1165.42,
    "dma200" : 1151.28,
    "volume" : 52062.00
  }, {
    "date" : "2025-08-12",
    "price" : 1343.60,
    "dma50" : 1301.40,
    "dma100" : 1168.80,
    "dma200" : 1153.20,
    "volume" : 104148.00
  }, {
    "date" : "2025-08-13",
    "price" : 1333.00,
    "dma50" : 1302.64,
    "dma100" : 1171.91,
    "dma200" : 1154.99,
    "volume" : 62187.00
  }, {
    "date" : "2025-08-14",
    "price" : 1282.90,
    "dma50" : 1301.86,
    "dma100" : 1174.12,
    "dma200" : 1156.26,
    "volume" : 74964.00
  }, {
    "date" : "2025-08-18",
    "price" : 1269.80,
    "dma50" : 1300.61,
    "dma100" : 1175.50,
    "dma200" : 1157.39,
    "volume" : 56119.00
  }, {
    "date" : "2025-08-19",
    "price" : 1264.80,
    "dma50" : 1299.20,
    "dma100" : 1177.06,
    "dma200" : 1158.46,
    "volume" : 48594.00
  }, {
    "date" : "2025-08-20",
    "price" : 1266.10,
    "dma50" : 1297.90,
    "dma100" : 1179.14,
    "dma200" : 1159.53,
    "volume" : 52178.00
  }, {
    "date" : "2025-08-21",
    "price" : 1263.60,
    "dma50" : 1296.56,
    "dma100" : 1181.32,
    "dma200" : 1160.56,
    "volume" : 64574.00
  }, {
    "date" : "2025-08-22",
    "price" : 1265.20,
    "dma50" : 1295.33,
    "dma100" : 1182.94,
    "dma200" : 1161.61,
    "volume" : 62818.00
  }, {
    "date" : "2025-08-25",
    "price" : 1241.50,
    "dma50" : 1293.22,
    "dma100" : 1184.56,
    "dma200" : 1162.40,
    "volume" : 44861.00
  }, {
    "date" : "2025-08-26",
    "price" : 1242.70,
    "dma50" : 1291.24,
    "dma100" : 1186.52,
    "dma200" : 1163.20,
    "volume" : 63457.00
  }, {
    "date" : "2025-08-28",
    "price" : 1237.80,
    "dma50" : 1289.14,
    "dma100" : 1188.12,
    "dma200" : 1163.94,
    "volume" : 43759.00
  }, {
    "date" : "2025-08-29",
    "price" : 1241.10,
    "dma50" : 1287.26,
    "dma100" : 1189.73,
    "dma200" : 1164.71,
    "volume" : 40149.00
  }, {
    "date" : "2025-09-01",
    "price" : 1223.00,
    "dma50" : 1284.74,
    "dma100" : 1191.48,
    "dma200" : 1165.29,
    "volume" : 80737.00
  }, {
    "date" : "2025-09-02",
    "price" : 1241.20,
    "dma50" : 1283.03,
    "dma100" : 1193.65,
    "dma200" : 1166.05,
    "volume" : 64265.00
  }, {
    "date" : "2025-09-03",
    "price" : 1240.20,
    "dma50" : 1281.35,
    "dma100" : 1195.71,
    "dma200" : 1166.78,
    "volume" : 65097.00
  }, {
    "date" : "2025-09-04",
    "price" : 1250.00,
    "dma50" : 1280.12,
    "dma100" : 1198.05,
    "dma200" : 1167.61,
    "volume" : 96068.00
  }, {
    "date" : "2025-09-05",
    "price" : 1243.40,
    "dma50" : 1278.68,
    "dma100" : 1200.12,
    "dma200" : 1168.37,
    "volume" : 54209.00
  }, {
    "date" : "2025-09-08",
    "price" : 1245.00,
    "dma50" : 1277.36,
    "dma100" : 1201.98,
    "dma200" : 1169.13,
    "volume" : 28560.00
  }, {
    "date" : "2025-09-09",
    "price" : 1236.60,
    "dma50" : 1275.76,
    "dma100" : 1203.66,
    "dma200" : 1169.80,
    "volume" : 41626.00
  }, {
    "date" : "2025-09-10",
    "price" : 1235.10,
    "dma50" : 1274.17,
    "dma100" : 1205.35,
    "dma200" : 1170.45,
    "volume" : 67978.00
  }, {
    "date" : "2025-09-11",
    "price" : 1235.00,
    "dma50" : 1272.63,
    "dma100" : 1206.86,
    "dma200" : 1171.09,
    "volume" : 57425.00
  }, {
    "date" : "2025-09-12",
    "price" : 1225.50,
    "dma50" : 1270.78,
    "dma100" : 1208.31,
    "dma200" : 1171.63,
    "volume" : 37782.00
  }, {
    "date" : "2025-09-15",
    "price" : 1217.80,
    "dma50" : 1268.71,
    "dma100" : 1209.80,
    "dma200" : 1172.09,
    "volume" : 84328.00
  }, {
    "date" : "2025-09-16",
    "price" : 1225.40,
    "dma50" : 1267.01,
    "dma100" : 1211.38,
    "dma200" : 1172.62,
    "volume" : 36530.00
  }, {
    "date" : "2025-09-17",
    "price" : 1379.70,
    "dma50" : 1271.43,
    "dma100" : 1214.98,
    "dma200" : 1174.68,
    "volume" : 4545348.00
  }, {
    "date" : "2025-09-18",
    "price" : 1313.90,
    "dma50" : 1273.09,
    "dma100" : 1217.99,
    "dma200" : 1176.07,
    "volume" : 731284.00
  }, {
    "date" : "2025-09-19",
    "price" : 1255.30,
    "dma50" : 1272.39,
    "dma100" : 1220.36,
    "dma200" : 1176.86,
    "volume" : 326198.00
  }, {
    "date" : "2025-09-22",
    "price" : 1235.20,
    "dma50" : 1270.94,
    "dma100" : 1222.72,
    "dma200" : 1177.44,
    "volume" : 156123.00
  }, {
    "date" : "2025-09-23",
    "price" : 1210.90,
    "dma50" : 1268.58,
    "dma100" : 1225.02,
    "dma200" : 1177.77,
    "volume" : 156643.00
  }, {
    "date" : "2025-09-24",
    "price" : 1191.00,
    "dma50" : 1265.54,
    "dma100" : 1226.76,
    "dma200" : 1177.90,
    "volume" : 123357.00
  }, {
    "date" : "2025-09-25",
    "price" : 1168.50,
    "dma50" : 1261.73,
    "dma100" : 1228.34,
    "dma200" : 1177.81,
    "volume" : 92814.00
  }, {
    "date" : "2025-09-26",
    "price" : 1153.60,
    "dma50" : 1257.49,
    "dma100" : 1229.89,
    "dma200" : 1177.57,
    "volume" : 130531.00
  }, {
    "date" : "2025-09-29",
    "price" : 1158.30,
    "dma50" : 1253.60,
    "dma100" : 1231.53,
    "dma200" : 1177.38,
    "volume" : 52164.00
  }, {
    "date" : "2025-09-30",
    "price" : 1147.90,
    "dma50" : 1249.46,
    "dma100" : 1233.07,
    "dma200" : 1177.08,
    "volume" : 42500.00
  }, {
    "date" : "2025-10-01",
    "price" : 1169.50,
    "dma50" : 1246.32,
    "dma100" : 1234.52,
    "dma200" : 1177.01,
    "volume" : 47183.00
  }, {
    "date" : "2025-10-03",
    "price" : 1195.90,
    "dma50" : 1244.34,
    "dma100" : 1236.13,
    "dma200" : 1177.19,
    "volume" : 60313.00
  }, {
    "date" : "2025-10-06",
    "price" : 1189.90,
    "dma50" : 1242.21,
    "dma100" : 1237.58,
    "dma200" : 1177.32,
    "volume" : 52293.00
  }, {
    "date" : "2025-10-07",
    "price" : 1190.10,
    "dma50" : 1240.17,
    "dma100" : 1239.06,
    "dma200" : 1177.45,
    "volume" : 32850.00
  }, {
    "date" : "2025-10-08",
    "price" : 1175.70,
    "dma50" : 1237.64,
    "dma100" : 1240.40,
    "dma200" : 1177.43,
    "volume" : 31113.00
  }, {
    "date" : "2025-10-09",
    "price" : 1191.20,
    "dma50" : 1235.82,
    "dma100" : 1241.66,
    "dma200" : 1177.57,
    "volume" : 27573.00
  }, {
    "date" : "2025-10-10",
    "price" : 1197.60,
    "dma50" : 1234.32,
    "dma100" : 1243.16,
    "dma200" : 1177.77,
    "volume" : 30452.00
  }, {
    "date" : "2025-10-13",
    "price" : 1167.10,
    "dma50" : 1231.68,
    "dma100" : 1244.24,
    "dma200" : 1177.66,
    "volume" : 63696.00
  }, {
    "date" : "2025-10-14",
    "price" : 1166.50,
    "dma50" : 1229.13,
    "dma100" : 1245.31,
    "dma200" : 1177.55,
    "volume" : 38575.00
  }, {
    "date" : "2025-10-15",
    "price" : 1201.80,
    "dma50" : 1228.05,
    "dma100" : 1246.85,
    "dma200" : 1177.79,
    "volume" : 86015.00
  }, {
    "date" : "2025-10-16",
    "price" : 1218.50,
    "dma50" : 1227.68,
    "dma100" : 1248.58,
    "dma200" : 1178.20,
    "volume" : 62732.00
  }, {
    "date" : "2025-10-17",
    "price" : 1234.40,
    "dma50" : 1227.94,
    "dma100" : 1250.37,
    "dma200" : 1178.76,
    "volume" : 60231.00
  }, {
    "date" : "2025-10-20",
    "price" : 1245.40,
    "dma50" : 1228.63,
    "dma100" : 1252.42,
    "dma200" : 1179.42,
    "volume" : 30569.00
  }, {
    "date" : "2025-10-21",
    "price" : 1242.60,
    "dma50" : 1229.18,
    "dma100" : 1254.22,
    "dma200" : 1180.05,
    "volume" : 20165.00
  }, {
    "date" : "2025-10-23",
    "price" : 1226.00,
    "dma50" : 1229.05,
    "dma100" : 1255.73,
    "dma200" : 1180.50,
    "volume" : 42698.00
  }, {
    "date" : "2025-10-24",
    "price" : 1224.70,
    "dma50" : 1228.88,
    "dma100" : 1257.22,
    "dma200" : 1180.94,
    "volume" : 37930.00
  }, {
    "date" : "2025-10-27",
    "price" : 1278.50,
    "dma50" : 1230.83,
    "dma100" : 1259.28,
    "dma200" : 1181.92,
    "volume" : 230032.00
  }, {
    "date" : "2025-10-28",
    "price" : 1302.30,
    "dma50" : 1233.63,
    "dma100" : 1261.82,
    "dma200" : 1183.11,
    "volume" : 108602.00
  }, {
    "date" : "2025-10-29",
    "price" : 1330.20,
    "dma50" : 1237.42,
    "dma100" : 1264.56,
    "dma200" : 1184.58,
    "volume" : 3456748.00
  }, {
    "date" : "2025-10-30",
    "price" : 1325.90,
    "dma50" : 1240.89,
    "dma100" : 1267.16,
    "dma200" : 1185.98,
    "volume" : 98652.00
  }, {
    "date" : "2025-10-31",
    "price" : 1281.20,
    "dma50" : 1242.47,
    "dma100" : 1269.24,
    "dma200" : 1186.93,
    "volume" : 82580.00
  }, {
    "date" : "2025-11-03",
    "price" : 1277.20,
    "dma50" : 1243.83,
    "dma100" : 1271.07,
    "dma200" : 1187.83,
    "volume" : 50932.00
  }, {
    "date" : "2025-11-04",
    "price" : 1249.10,
    "dma50" : 1244.04,
    "dma100" : 1272.49,
    "dma200" : 1188.44,
    "volume" : 69172.00
  }, {
    "date" : "2025-11-06",
    "price" : 1230.00,
    "dma50" : 1243.49,
    "dma100" : 1273.54,
    "dma200" : 1188.85,
    "volume" : 79964.00
  }, {
    "date" : "2025-11-07",
    "price" : 1243.90,
    "dma50" : 1243.50,
    "dma100" : 1274.66,
    "dma200" : 1189.40,
    "volume" : 56833.00
  }, {
    "date" : "2025-11-10",
    "price" : 1246.30,
    "dma50" : 1243.61,
    "dma100" : 1275.71,
    "dma200" : 1189.97,
    "volume" : 40534.00
  }, {
    "date" : "2025-11-11",
    "price" : 1234.70,
    "dma50" : 1243.26,
    "dma100" : 1276.50,
    "dma200" : 1190.41,
    "volume" : 21002.00
  }, {
    "date" : "2025-11-12",
    "price" : 1236.20,
    "dma50" : 1242.99,
    "dma100" : 1277.19,
    "dma200" : 1190.87,
    "volume" : 37914.00
  }, {
    "date" : "2025-11-13",
    "price" : 1235.20,
    "dma50" : 1242.68,
    "dma100" : 1277.86,
    "dma200" : 1191.31,
    "volume" : 25724.00
  }, {
    "date" : "2025-11-14",
    "price" : 1236.40,
    "dma50" : 1242.43,
    "dma100" : 1278.47,
    "dma200" : 1191.76,
    "volume" : 28248.00
  }, {
    "date" : "2025-11-17",
    "price" : 1211.00,
    "dma50" : 1241.20,
    "dma100" : 1278.72,
    "dma200" : 1191.95,
    "volume" : 79112.00
  }, {
    "date" : "2025-11-18",
    "price" : 1190.60,
    "dma50" : 1239.22,
    "dma100" : 1278.81,
    "dma200" : 1191.93,
    "volume" : 45296.00
  }, {
    "date" : "2025-11-19",
    "price" : 1177.90,
    "dma50" : 1236.81,
    "dma100" : 1278.59,
    "dma200" : 1191.79,
    "volume" : 40520.00
  }, {
    "date" : "2025-11-20",
    "price" : 1174.20,
    "dma50" : 1234.36,
    "dma100" : 1278.30,
    "dma200" : 1191.62,
    "volume" : 25087.00
  }, {
    "date" : "2025-11-21",
    "price" : 1268.50,
    "dma50" : 1235.70,
    "dma100" : 1279.18,
    "dma200" : 1192.38,
    "volume" : 3285398.00
  }, {
    "date" : "2025-11-24",
    "price" : 1201.30,
    "dma50" : 1234.35,
    "dma100" : 1278.87,
    "dma200" : 1192.47,
    "volume" : 314554.00
  }, {
    "date" : "2025-11-25",
    "price" : 1189.70,
    "dma50" : 1232.60,
    "dma100" : 1278.57,
    "dma200" : 1192.45,
    "volume" : 89860.00
  }, {
    "date" : "2025-11-26",
    "price" : 1259.00,
    "dma50" : 1233.63,
    "dma100" : 1278.78,
    "dma200" : 1193.11,
    "volume" : 186533.00
  }, {
    "date" : "2025-11-27",
    "price" : 1228.60,
    "dma50" : 1233.43,
    "dma100" : 1276.82,
    "dma200" : 1193.46,
    "volume" : 105041.00
  }, {
    "date" : "2025-11-28",
    "price" : 1216.00,
    "dma50" : 1232.75,
    "dma100" : 1275.42,
    "dma200" : 1193.69,
    "volume" : 51715.00
  } ],
  "latestTechnicalAttributes" : {
    "date" : "2025-11-28",
    "price" : 1216.00,
    "dma50" : 1232.75,
    "dma100" : 1275.42,
    "dma200" : 1193.69,
    "volume" : 51715.00
  },
  "quarterlyResults" : [ {
    "date" : "2005-03-31",
    "sales" : 461.35,
    "salesGrowthYoY" : null,
    "grossProfitMargin" : 36.53,
    "grossProfit" : 168.53,
    "operatingProfitMargin" : 12.26,
    "operatingProfit" : 56.56,
    "netProfitMargin" : 11.82,
    "netProfit" : 54.53
  }, {
    "date" : "2005-06-30",
    "sales" : 584.05,
    "salesGrowthYoY" : null,
    "grossProfitMargin" : 25.85,
    "grossProfit" : 150.98,
    "operatingProfitMargin" : 13.49,
    "operatingProfit" : 78.79,
    "netProfitMargin" : 6.61,
    "netProfit" : 38.61
  }, {
    "date" : "2005-09-30",
    "sales" : 558.89,
    "salesGrowthYoY" : null,
    "grossProfitMargin" : 25.17,
    "grossProfit" : 140.67,
    "operatingProfitMargin" : 11.06,
    "operatingProfit" : 61.81,
    "netProfitMargin" : 4.68,
    "netProfit" : 26.16
  }, {
    "date" : "2005-12-31",
    "sales" : 674.25,
    "salesGrowthYoY" : null,
    "grossProfitMargin" : 22.52,
    "grossProfit" : 151.84,
    "operatingProfitMargin" : 8.70,
    "operatingProfit" : 58.66,
    "netProfitMargin" : 3.63,
    "netProfit" : 24.48
  }, {
    "date" : "2006-03-31",
    "sales" : 515.38,
    "salesGrowthYoY" : 11.71,
    "grossProfitMargin" : 34.19,
    "grossProfit" : 176.21,
    "operatingProfitMargin" : 13.04,
    "operatingProfit" : 67.21,
    "netProfitMargin" : 5.05,
    "netProfit" : 26.03
  }, {
    "date" : "2006-06-30",
    "sales" : 680.52,
    "salesGrowthYoY" : 16.52,
    "grossProfitMargin" : 23.57,
    "grossProfit" : 160.40,
    "operatingProfitMargin" : 10.70,
    "operatingProfit" : 72.82,
    "netProfitMargin" : 4.43,
    "netProfit" : 30.15
  }, {
    "date" : "2006-09-30",
    "sales" : 666.36,
    "salesGrowthYoY" : 19.23,
    "grossProfitMargin" : 21.67,
    "grossProfit" : 144.40,
    "operatingProfitMargin" : 6.89,
    "operatingProfit" : 45.91,
    "netProfitMargin" : 1.62,
    "netProfit" : 10.80
  }, {
    "date" : "2006-12-31",
    "sales" : 800.27,
    "salesGrowthYoY" : 18.69,
    "grossProfitMargin" : 21.43,
    "grossProfit" : 171.50,
    "operatingProfitMargin" : 7.47,
    "operatingProfit" : 59.78,
    "netProfitMargin" : 2.46,
    "netProfit" : 19.69
  }, {
    "date" : "2007-03-31",
    "sales" : 554.31,
    "salesGrowthYoY" : 7.55,
    "grossProfitMargin" : 32.69,
    "grossProfit" : 181.20,
    "operatingProfitMargin" : 4.33,
    "operatingProfit" : 24.00,
    "netProfitMargin" : -2.67,
    "netProfit" : -14.80
  }, {
    "date" : "2007-06-30",
    "sales" : 616.49,
    "salesGrowthYoY" : -9.41,
    "grossProfitMargin" : 24.81,
    "grossProfit" : 152.95,
    "operatingProfitMargin" : 6.20,
    "operatingProfit" : 38.22,
    "netProfitMargin" : -1.26,
    "netProfit" : -7.77
  }, {
    "date" : "2007-09-30",
    "sales" : 597.46,
    "salesGrowthYoY" : -10.34,
    "grossProfitMargin" : 23.03,
    "grossProfit" : 137.60,
    "operatingProfitMargin" : 4.05,
    "operatingProfit" : 24.20,
    "netProfitMargin" : -3.80,
    "netProfit" : -22.70
  }, {
    "date" : "2007-12-31",
    "sales" : 662.86,
    "salesGrowthYoY" : -17.17,
    "grossProfitMargin" : 29.09,
    "grossProfit" : 192.83,
    "operatingProfitMargin" : 8.47,
    "operatingProfit" : 56.14,
    "netProfitMargin" : 9.12,
    "netProfit" : 60.45
  }, {
    "date" : "2008-03-31",
    "sales" : 621.97,
    "salesGrowthYoY" : 12.21,
    "grossProfitMargin" : 41.84,
    "grossProfit" : 260.23,
    "operatingProfitMargin" : 9.95,
    "operatingProfit" : 61.89,
    "netProfitMargin" : 1.87,
    "netProfit" : 11.63
  }, {
    "date" : "2008-06-30",
    "sales" : 797.59,
    "salesGrowthYoY" : 29.38,
    "grossProfitMargin" : 25.96,
    "grossProfit" : 207.05,
    "operatingProfitMargin" : 7.82,
    "operatingProfit" : 62.37,
    "netProfitMargin" : 0.61,
    "netProfit" : 4.87
  }, {
    "date" : "2008-09-30",
    "sales" : 965.68,
    "salesGrowthYoY" : 61.63,
    "grossProfitMargin" : 22.67,
    "grossProfit" : 218.92,
    "operatingProfitMargin" : 7.39,
    "operatingProfit" : 71.36,
    "netProfitMargin" : 0.74,
    "netProfit" : 7.15
  }, {
    "date" : "2008-12-31",
    "sales" : 918.48,
    "salesGrowthYoY" : 38.56,
    "grossProfitMargin" : 27.33,
    "grossProfit" : 251.02,
    "operatingProfitMargin" : 10.08,
    "operatingProfit" : 92.58,
    "netProfitMargin" : 0.99,
    "netProfit" : 9.09
  }, {
    "date" : "2009-03-31",
    "sales" : 734.41,
    "salesGrowthYoY" : 18.08,
    "grossProfitMargin" : 38.84,
    "grossProfit" : 285.24,
    "operatingProfitMargin" : 16.32,
    "operatingProfit" : 119.86,
    "netProfitMargin" : 11.00,
    "netProfit" : 80.79
  }, {
    "date" : "2009-06-30",
    "sales" : 897.56,
    "salesGrowthYoY" : 12.53,
    "grossProfitMargin" : 25.68,
    "grossProfit" : 230.49,
    "operatingProfitMargin" : 10.56,
    "operatingProfit" : 94.78,
    "netProfitMargin" : 2.37,
    "netProfit" : 21.27
  }, {
    "date" : "2009-09-30",
    "sales" : 830.67,
    "salesGrowthYoY" : -13.98,
    "grossProfitMargin" : 26.09,
    "grossProfit" : 216.72,
    "operatingProfitMargin" : 8.66,
    "operatingProfit" : 71.94,
    "netProfitMargin" : 1.68,
    "netProfit" : 13.96
  }, {
    "date" : "2009-12-31",
    "sales" : 833.12,
    "salesGrowthYoY" : -9.29,
    "grossProfitMargin" : 31.40,
    "grossProfit" : 261.60,
    "operatingProfitMargin" : 12.31,
    "operatingProfit" : 102.56,
    "netProfitMargin" : 3.82,
    "netProfit" : 31.83
  }, {
    "date" : "2010-03-31",
    "sales" : 862.19,
    "salesGrowthYoY" : 17.40,
    "grossProfitMargin" : 26.07,
    "grossProfit" : 224.77,
    "operatingProfitMargin" : 5.59,
    "operatingProfit" : 48.20,
    "netProfitMargin" : -0.02,
    "netProfit" : -0.17
  }, {
    "date" : "2010-06-30",
    "sales" : 1001.26,
    "salesGrowthYoY" : 11.55,
    "grossProfitMargin" : 22.76,
    "grossProfit" : 227.89,
    "operatingProfitMargin" : 2.47,
    "operatingProfit" : 24.73,
    "netProfitMargin" : -2.42,
    "netProfit" : -24.23
  }, {
    "date" : "2010-09-30",
    "sales" : 1042.23,
    "salesGrowthYoY" : 25.47,
    "grossProfitMargin" : 18.61,
    "grossProfit" : 193.96,
    "operatingProfitMargin" : 1.19,
    "operatingProfit" : 12.40,
    "netProfitMargin" : -2.35,
    "netProfit" : -24.49
  }, {
    "date" : "2010-12-31",
    "sales" : 965.84,
    "salesGrowthYoY" : 15.93,
    "grossProfitMargin" : 27.50,
    "grossProfit" : 265.61,
    "operatingProfitMargin" : 4.32,
    "operatingProfit" : 41.72,
    "netProfitMargin" : -0.15,
    "netProfit" : -1.45
  }, {
    "date" : "2011-03-31",
    "sales" : 1078.02,
    "salesGrowthYoY" : 25.03,
    "grossProfitMargin" : 32.81,
    "grossProfit" : 353.70,
    "operatingProfitMargin" : 7.88,
    "operatingProfit" : 84.95,
    "netProfitMargin" : 1.81,
    "netProfit" : 19.51
  }, {
    "date" : "2011-06-30",
    "sales" : 1206.41,
    "salesGrowthYoY" : 20.49,
    "grossProfitMargin" : 27.44,
    "grossProfit" : 331.04,
    "operatingProfitMargin" : 6.64,
    "operatingProfit" : 80.11,
    "netProfitMargin" : 0.67,
    "netProfit" : 8.08
  }, {
    "date" : "2011-09-30",
    "sales" : 1055.70,
    "salesGrowthYoY" : 1.29,
    "grossProfitMargin" : 21.01,
    "grossProfit" : 221.80,
    "operatingProfitMargin" : 3.31,
    "operatingProfit" : 34.94,
    "netProfitMargin" : -3.46,
    "netProfit" : -36.53
  }, {
    "date" : "2011-12-31",
    "sales" : 1397.48,
    "salesGrowthYoY" : 44.69,
    "grossProfitMargin" : 21.89,
    "grossProfit" : 305.91,
    "operatingProfitMargin" : 5.63,
    "operatingProfit" : 78.68,
    "netProfitMargin" : 1.26,
    "netProfit" : 17.61
  }, {
    "date" : "2012-03-31",
    "sales" : 1296.11,
    "salesGrowthYoY" : 20.23,
    "grossProfitMargin" : 31.09,
    "grossProfit" : 402.96,
    "operatingProfitMargin" : 8.37,
    "operatingProfit" : 108.48,
    "netProfitMargin" : 2.68,
    "netProfit" : 34.74
  }, {
    "date" : "2012-06-30",
    "sales" : 1412.50,
    "salesGrowthYoY" : 17.08,
    "grossProfitMargin" : 29.66,
    "grossProfit" : 418.95,
    "operatingProfitMargin" : 8.96,
    "operatingProfit" : 126.56,
    "netProfitMargin" : 3.90,
    "netProfit" : 55.09
  }, {
    "date" : "2012-09-30",
    "sales" : 1316.80,
    "salesGrowthYoY" : 24.73,
    "grossProfitMargin" : 23.29,
    "grossProfit" : 306.68,
    "operatingProfitMargin" : 8.44,
    "operatingProfit" : 111.14,
    "netProfitMargin" : 3.98,
    "netProfit" : 52.41
  }, {
    "date" : "2012-12-31",
    "sales" : 1326.17,
    "salesGrowthYoY" : -5.10,
    "grossProfitMargin" : 26.95,
    "grossProfit" : 357.40,
    "operatingProfitMargin" : 9.82,
    "operatingProfit" : 130.23,
    "netProfitMargin" : 4.91,
    "netProfit" : 65.11
  }, {
    "date" : "2013-03-31",
    "sales" : 1344.46,
    "salesGrowthYoY" : 3.73,
    "grossProfitMargin" : 30.53,
    "grossProfit" : 410.46,
    "operatingProfitMargin" : 10.40,
    "operatingProfit" : 139.82,
    "netProfitMargin" : 5.33,
    "netProfit" : 71.66
  }, {
    "date" : "2013-06-30",
    "sales" : 1557.42,
    "salesGrowthYoY" : 10.26,
    "grossProfitMargin" : 29.81,
    "grossProfit" : 464.27,
    "operatingProfitMargin" : 12.76,
    "operatingProfit" : 198.73,
    "netProfitMargin" : 7.95,
    "netProfit" : 123.81
  }, {
    "date" : "2013-09-30",
    "sales" : 1675.35,
    "salesGrowthYoY" : 27.23,
    "grossProfitMargin" : 17.08,
    "grossProfit" : 286.15,
    "operatingProfitMargin" : 5.06,
    "operatingProfit" : 84.77,
    "netProfitMargin" : 1.00,
    "netProfit" : 16.75
  }, {
    "date" : "2013-12-31",
    "sales" : 1399.18,
    "salesGrowthYoY" : 5.51,
    "grossProfitMargin" : 22.44,
    "grossProfit" : 313.98,
    "operatingProfitMargin" : 7.03,
    "operatingProfit" : 98.36,
    "netProfitMargin" : 3.26,
    "netProfit" : 45.61
  }, {
    "date" : "2014-03-31",
    "sales" : 1449.59,
    "salesGrowthYoY" : 7.82,
    "grossProfitMargin" : 32.14,
    "grossProfit" : 465.90,
    "operatingProfitMargin" : 10.48,
    "operatingProfit" : 151.92,
    "netProfitMargin" : 6.10,
    "netProfit" : 88.42
  }, {
    "date" : "2014-06-30",
    "sales" : 1676.55,
    "salesGrowthYoY" : 7.65,
    "grossProfitMargin" : 33.58,
    "grossProfit" : 562.99,
    "operatingProfitMargin" : 15.12,
    "operatingProfit" : 253.49,
    "netProfitMargin" : 10.66,
    "netProfit" : 178.72
  }, {
    "date" : "2014-09-30",
    "sales" : 1378.59,
    "salesGrowthYoY" : -17.71,
    "grossProfitMargin" : 22.77,
    "grossProfit" : 313.90,
    "operatingProfitMargin" : 5.89,
    "operatingProfit" : 81.20,
    "netProfitMargin" : 3.50,
    "netProfit" : 48.25
  }, {
    "date" : "2014-12-31",
    "sales" : 1188.37,
    "salesGrowthYoY" : -15.07,
    "grossProfitMargin" : 25.49,
    "grossProfit" : 302.92,
    "operatingProfitMargin" : 4.98,
    "operatingProfit" : 59.18,
    "netProfitMargin" : 4.22,
    "netProfit" : 50.15
  }, {
    "date" : "2015-03-31",
    "sales" : 1256.65,
    "salesGrowthYoY" : -13.31,
    "grossProfitMargin" : 24.08,
    "grossProfit" : 302.60,
    "operatingProfitMargin" : 1.83,
    "operatingProfit" : 23.00,
    "netProfitMargin" : -2.79,
    "netProfit" : -35.06
  }, {
    "date" : "2015-06-30",
    "sales" : 1779.86,
    "salesGrowthYoY" : 6.16,
    "grossProfitMargin" : 27.31,
    "grossProfit" : 486.08,
    "operatingProfitMargin" : 10.64,
    "operatingProfit" : 189.38,
    "netProfitMargin" : 7.59,
    "netProfit" : 135.09
  }, {
    "date" : "2015-09-30",
    "sales" : 1408.24,
    "salesGrowthYoY" : 2.15,
    "grossProfitMargin" : 24.68,
    "grossProfit" : 347.55,
    "operatingProfitMargin" : 8.46,
    "operatingProfit" : 119.14,
    "netProfitMargin" : 5.74,
    "netProfit" : 80.83
  }, {
    "date" : "2015-12-31",
    "sales" : 1245.60,
    "salesGrowthYoY" : 4.82,
    "grossProfitMargin" : 27.91,
    "grossProfit" : 347.65,
    "operatingProfitMargin" : 7.95,
    "operatingProfit" : 99.03,
    "netProfitMargin" : 5.85,
    "netProfit" : 72.87
  }, {
    "date" : "2016-03-31",
    "sales" : 1301.69,
    "salesGrowthYoY" : 3.58,
    "grossProfitMargin" : 37.06,
    "grossProfit" : 482.41,
    "operatingProfitMargin" : 10.10,
    "operatingProfit" : 131.47,
    "netProfitMargin" : 4.94,
    "netProfit" : 64.30
  }, {
    "date" : "2016-06-30",
    "sales" : 1426.71,
    "salesGrowthYoY" : -19.84,
    "grossProfitMargin" : 34.90,
    "grossProfit" : 497.92,
    "operatingProfitMargin" : 17.19,
    "operatingProfit" : 245.25,
    "netProfitMargin" : 12.54,
    "netProfit" : 178.91
  }, {
    "date" : "2016-09-30",
    "sales" : 1342.70,
    "salesGrowthYoY" : -4.65,
    "grossProfitMargin" : 25.94,
    "grossProfit" : 348.30,
    "operatingProfitMargin" : 9.38,
    "operatingProfit" : 125.95,
    "netProfitMargin" : 7.47,
    "netProfit" : 100.30
  }, {
    "date" : "2016-12-31",
    "sales" : 1361.00,
    "salesGrowthYoY" : 9.26,
    "grossProfitMargin" : 35.48,
    "grossProfit" : 482.88,
    "operatingProfitMargin" : 14.43,
    "operatingProfit" : 196.39,
    "netProfitMargin" : 10.93,
    "netProfit" : 148.76
  }, {
    "date" : "2017-03-31",
    "sales" : 1602.05,
    "salesGrowthYoY" : 23.07,
    "grossProfitMargin" : 37.73,
    "grossProfit" : 604.45,
    "operatingProfitMargin" : 14.88,
    "operatingProfit" : 238.39,
    "netProfitMargin" : 10.43,
    "netProfit" : 167.09
  }, {
    "date" : "2017-06-30",
    "sales" : 1918.68,
    "salesGrowthYoY" : 34.48,
    "grossProfitMargin" : 30.60,
    "grossProfit" : 587.12,
    "operatingProfitMargin" : 17.12,
    "operatingProfit" : 328.48,
    "netProfitMargin" : 12.14,
    "netProfit" : 232.93
  }, {
    "date" : "2017-09-30",
    "sales" : 1576.86,
    "salesGrowthYoY" : 17.44,
    "grossProfitMargin" : 34.98,
    "grossProfit" : 551.59,
    "operatingProfitMargin" : 18.33,
    "operatingProfit" : 289.04,
    "netProfitMargin" : 10.94,
    "netProfit" : 172.51
  }, {
    "date" : "2017-12-31",
    "sales" : 1761.02,
    "salesGrowthYoY" : 29.39,
    "grossProfitMargin" : 36.06,
    "grossProfit" : 635.02,
    "operatingProfitMargin" : 18.85,
    "operatingProfit" : 331.95,
    "netProfitMargin" : 12.56,
    "netProfit" : 221.18
  }, {
    "date" : "2018-03-31",
    "sales" : 1550.35,
    "salesGrowthYoY" : -3.23,
    "grossProfitMargin" : 29.39,
    "grossProfit" : 455.65,
    "operatingProfitMargin" : 5.99,
    "operatingProfit" : 92.87,
    "netProfitMargin" : 3.99,
    "netProfit" : 61.86
  }, {
    "date" : "2018-06-30",
    "sales" : 2037.13,
    "salesGrowthYoY" : 6.17,
    "grossProfitMargin" : 34.79,
    "grossProfit" : 708.72,
    "operatingProfitMargin" : 16.34,
    "operatingProfit" : 332.87,
    "netProfitMargin" : 10.75,
    "netProfit" : 218.99
  }, {
    "date" : "2018-09-30",
    "sales" : 1683.23,
    "salesGrowthYoY" : 6.75,
    "grossProfitMargin" : 39.93,
    "grossProfit" : 672.11,
    "operatingProfitMargin" : 17.77,
    "operatingProfit" : 299.11,
    "netProfitMargin" : 10.42,
    "netProfit" : 175.39
  }, {
    "date" : "2018-12-31",
    "sales" : 2089.73,
    "salesGrowthYoY" : 18.67,
    "grossProfitMargin" : 34.12,
    "grossProfit" : 713.02,
    "operatingProfitMargin" : 16.09,
    "operatingProfit" : 336.24,
    "netProfitMargin" : 10.71,
    "netProfit" : 223.81
  }, {
    "date" : "2019-03-31",
    "sales" : 1874.29,
    "salesGrowthYoY" : 20.89,
    "grossProfitMargin" : 45.99,
    "grossProfit" : 861.99,
    "operatingProfitMargin" : 21.24,
    "operatingProfit" : 398.10,
    "netProfitMargin" : 15.39,
    "netProfit" : 288.45
  }, {
    "date" : "2019-06-30",
    "sales" : 1864.27,
    "salesGrowthYoY" : -8.49,
    "grossProfitMargin" : 39.37,
    "grossProfit" : 733.96,
    "operatingProfitMargin" : 18.41,
    "operatingProfit" : 343.21,
    "netProfitMargin" : 11.49,
    "netProfit" : 214.20
  }, {
    "date" : "2019-09-30",
    "sales" : 1735.70,
    "salesGrowthYoY" : 3.12,
    "grossProfitMargin" : 34.47,
    "grossProfit" : 598.30,
    "operatingProfitMargin" : 12.48,
    "operatingProfit" : 216.62,
    "netProfitMargin" : 7.22,
    "netProfit" : 125.32
  }, {
    "date" : "2019-12-31",
    "sales" : 2165.59,
    "salesGrowthYoY" : 3.63,
    "grossProfitMargin" : 32.96,
    "grossProfit" : 713.78,
    "operatingProfitMargin" : 13.35,
    "operatingProfit" : 289.11,
    "netProfitMargin" : 8.84,
    "netProfit" : 191.44
  }, {
    "date" : "2020-03-31",
    "sales" : 1906.40,
    "salesGrowthYoY" : 1.71,
    "grossProfitMargin" : 39.99,
    "grossProfit" : 762.37,
    "operatingProfitMargin" : 18.28,
    "operatingProfit" : 348.49,
    "netProfitMargin" : 11.16,
    "netProfit" : 212.75
  }, {
    "date" : "2020-06-30",
    "sales" : 1886.14,
    "salesGrowthYoY" : 1.17,
    "grossProfitMargin" : 28.09,
    "grossProfit" : 529.82,
    "operatingProfitMargin" : 8.48,
    "operatingProfit" : 159.94,
    "netProfitMargin" : 3.31,
    "netProfit" : 62.43
  }, {
    "date" : "2020-09-30",
    "sales" : 2015.30,
    "salesGrowthYoY" : 16.11,
    "grossProfitMargin" : 31.21,
    "grossProfit" : 628.98,
    "operatingProfitMargin" : 10.76,
    "operatingProfit" : 216.85,
    "netProfitMargin" : 5.71,
    "netProfit" : 115.07
  }, {
    "date" : "2020-12-31",
    "sales" : 2136.75,
    "salesGrowthYoY" : -1.33,
    "grossProfitMargin" : 38.57,
    "grossProfit" : 824.14,
    "operatingProfitMargin" : 18.68,
    "operatingProfit" : 399.14,
    "netProfitMargin" : 11.78,
    "netProfit" : 251.71
  }, {
    "date" : "2021-03-31",
    "sales" : 2173.80,
    "salesGrowthYoY" : 14.03,
    "grossProfitMargin" : 38.15,
    "grossProfit" : 829.30,
    "operatingProfitMargin" : 16.65,
    "operatingProfit" : 361.94,
    "netProfitMargin" : 10.73,
    "netProfit" : 233.25
  }, {
    "date" : "2021-06-30",
    "sales" : 1905.83,
    "salesGrowthYoY" : 1.04,
    "grossProfitMargin" : 35.46,
    "grossProfit" : 675.81,
    "operatingProfitMargin" : 14.14,
    "operatingProfit" : 269.48,
    "netProfitMargin" : 7.79,
    "netProfit" : 148.46
  }, {
    "date" : "2021-09-30",
    "sales" : 2125.47,
    "salesGrowthYoY" : 5.47,
    "grossProfitMargin" : 33.64,
    "grossProfit" : 715.01,
    "operatingProfitMargin" : 13.51,
    "operatingProfit" : 287.15,
    "netProfitMargin" : 7.36,
    "netProfit" : 156.43
  }, {
    "date" : "2021-12-31",
    "sales" : 2677.85,
    "salesGrowthYoY" : 25.32,
    "grossProfitMargin" : 39.74,
    "grossProfit" : 1064.18,
    "operatingProfitMargin" : 21.78,
    "operatingProfit" : 583.24,
    "netProfitMargin" : 12.94,
    "netProfit" : 346.51
  }, {
    "date" : "2022-03-31",
    "sales" : 2745.42,
    "salesGrowthYoY" : 26.30,
    "grossProfitMargin" : 40.86,
    "grossProfit" : 1121.78,
    "operatingProfitMargin" : 22.78,
    "operatingProfit" : 625.41,
    "netProfitMargin" : 14.48,
    "netProfit" : 397.54
  }, {
    "date" : "2022-06-30",
    "sales" : 2787.60,
    "salesGrowthYoY" : 46.27,
    "grossProfitMargin" : 33.63,
    "grossProfit" : 937.47,
    "operatingProfitMargin" : 15.48,
    "operatingProfit" : 431.52,
    "netProfitMargin" : 9.05,
    "netProfit" : 252.28
  }, {
    "date" : "2022-09-30",
    "sales" : 2673.99,
    "salesGrowthYoY" : 25.81,
    "grossProfitMargin" : 28.08,
    "grossProfit" : 750.86,
    "operatingProfitMargin" : 9.93,
    "operatingProfit" : 265.53,
    "netProfitMargin" : 6.82,
    "netProfit" : 182.37
  }, {
    "date" : "2022-12-31",
    "sales" : 3170.06,
    "salesGrowthYoY" : 18.38,
    "grossProfitMargin" : 34.31,
    "grossProfit" : 1087.65,
    "operatingProfitMargin" : 17.06,
    "operatingProfit" : 540.81,
    "netProfitMargin" : 3.18,
    "netProfit" : 100.81
  }, {
    "date" : "2023-03-31",
    "sales" : 2647.33,
    "salesGrowthYoY" : -3.57,
    "grossProfitMargin" : 34.50,
    "grossProfit" : 913.33,
    "operatingProfitMargin" : 13.22,
    "operatingProfit" : 349.98,
    "netProfitMargin" : 7.23,
    "netProfit" : 191.40
  }, {
    "date" : "2023-06-30",
    "sales" : 2718.97,
    "salesGrowthYoY" : -2.46,
    "grossProfitMargin" : 26.18,
    "grossProfit" : 711.83,
    "operatingProfitMargin" : 5.79,
    "operatingProfit" : 157.43,
    "netProfitMargin" : 1.88,
    "netProfit" : 51.12
  }, {
    "date" : "2023-09-30",
    "sales" : 2634.17,
    "salesGrowthYoY" : -1.49,
    "grossProfitMargin" : 25.42,
    "grossProfit" : 669.61,
    "operatingProfitMargin" : 3.93,
    "operatingProfit" : 103.52,
    "netProfitMargin" : 0.96,
    "netProfit" : 25.29
  }, {
    "date" : "2023-12-31",
    "sales" : 2957.16,
    "salesGrowthYoY" : -6.72,
    "grossProfitMargin" : 35.61,
    "grossProfit" : 1053.04,
    "operatingProfitMargin" : 14.65,
    "operatingProfit" : 433.22,
    "netProfitMargin" : 7.90,
    "netProfit" : 233.62
  }, {
    "date" : "2024-03-31",
    "sales" : 2351.78,
    "salesGrowthYoY" : -11.16,
    "grossProfitMargin" : 36.63,
    "grossProfit" : 861.46,
    "operatingProfitMargin" : 11.14,
    "operatingProfit" : 261.99,
    "netProfitMargin" : 4.95,
    "netProfit" : 116.41
  }, {
    "date" : "2024-06-30",
    "sales" : 2816.28,
    "salesGrowthYoY" : 3.58,
    "grossProfitMargin" : 30.73,
    "grossProfit" : 865.44,
    "operatingProfitMargin" : 8.36,
    "operatingProfit" : 235.44,
    "netProfitMargin" : 3.33,
    "netProfit" : 93.78
  }, {
    "date" : "2024-09-30",
    "sales" : 2876.75,
    "salesGrowthYoY" : 9.21,
    "grossProfitMargin" : 27.86,
    "grossProfit" : 801.46,
    "operatingProfitMargin" : 5.59,
    "operatingProfit" : 160.81,
    "netProfitMargin" : 1.71,
    "netProfit" : 49.19
  }, {
    "date" : "2024-12-31",
    "sales" : 3272.51,
    "salesGrowthYoY" : 10.66,
    "grossProfitMargin" : 35.63,
    "grossProfit" : 1166.00,
    "operatingProfitMargin" : 14.54,
    "operatingProfit" : 475.82,
    "netProfitMargin" : 7.61,
    "netProfit" : 249.04
  }, {
    "date" : "2025-03-31",
    "sales" : 2812.45,
    "salesGrowthYoY" : 19.59,
    "grossProfitMargin" : 38.85,
    "grossProfit" : 1092.64,
    "operatingProfitMargin" : 14.06,
    "operatingProfit" : 395.43,
    "netProfitMargin" : 6.21,
    "netProfit" : 174.65
  }, {
    "date" : "2025-06-30",
    "sales" : 3155.58,
    "salesGrowthYoY" : 12.05,
    "grossProfitMargin" : 32.77,
    "grossProfit" : 1034.08,
    "operatingProfitMargin" : 8.83,
    "operatingProfit" : 278.64,
    "netProfitMargin" : 3.07,
    "netProfit" : 96.88
  }, {
    "date" : "2025-09-30",
    "sales" : 3217.40,
    "salesGrowthYoY" : 11.84,
    "grossProfitMargin" : 31.41,
    "grossProfit" : 1010.59,
    "operatingProfitMargin" : 9.67,
    "operatingProfit" : 311.12,
    "netProfitMargin" : 5.24,
    "netProfit" : 168.59
  } ],
  "latestQuarterlyResult" : {
    "date" : "2025-09-30",
    "sales" : 3217.40,
    "salesGrowthYoY" : 11.84,
    "grossProfitMargin" : 31.41,
    "grossProfit" : 1010.59,
    "operatingProfitMargin" : 9.67,
    "operatingProfit" : 311.12,
    "netProfitMargin" : 5.24,
    "netProfit" : 168.59
  },
  "companyScore" : {
    "priceHigherThanDma50" : 0.00,
    "priceHigherThanDma100" : 0.00,
    "priceHigherThanDma200" : 5.00,
    "dma50HigherThanDma100" : 0.00,
    "dma50HigherThanDma200" : 5.00,
    "dma100HigherThanDma200" : 5.00,
    "pricePercentageAboveDma50" : 5.07,
    "pricePercentageAboveDma100" : 5.23,
    "pricePercentageAboveDma200" : 4.91,
    "weeklyVolumeHigherThanYearlyVolume" : 0.00,
    "salesGrowthPercentile" : 11.39,
    "operatingProfitMarginPercentile" : 8.92,
    "netProfitMarginPercentile" : 5.30,
    "totalTechnicalScore" : 30.21,
    "totalFundamentalScore" : 25.61,
    "totalScore" : 55.82
  }
}