{
  "metadata" : {
    "screenerCompanyId" : "778",
    "companyCode" : "DECCANCE",
    "companyName" : "Deccan Cements",
    "screenerCompanyLink" : "https://www.screener.in/company/DECCANCE",
    "screenerTechnicalHistoryLink" : "https://www.screener.in/api/company/778/chart/?q=Price-DMA50-DMA200-Volume&days=365",
    "screenerQuarterlyResultsLink" : "https://www.screener.in/api/company/778/chart/?q=GPM-OPM-NPM-Quarter+Sales&days=10000",
    "attributes" : {
      "companyCode" : "DECCANCE",
      "companyName" : "Deccan Cements",
      "marketCap" : 1059.00,
      "peRatio" : 31.90,
      "description" : "Incorporated in 1979, Deccan Cements Ltd manufactures and sells Cement and does generation and selling of power from hydel and wind sources[1]"
    },
    "companyScore" : {
      "priceHigherThanDma50" : 0.00,
      "priceHigherThanDma100" : 0.00,
      "priceHigherThanDma200" : 0.00,
      "dma50HigherThanDma100" : 0.00,
      "dma50HigherThanDma200" : 5.00,
      "dma100HigherThanDma200" : 5.00,
      "pricePercentageAboveDma50" : 6.12,
      "pricePercentageAboveDma100" : 6.30,
      "pricePercentageAboveDma200" : 5.83,
      "weeklyVolumeHigherThanYearlyVolume" : 0.00,
      "salesGrowthPercentile" : 12.41,
      "operatingProfitMarginPercentile" : 8.43,
      "netProfitMarginPercentile" : 5.33,
      "totalTechnicalScore" : 28.25,
      "totalFundamentalScore" : 26.17,
      "totalScore" : 54.42
    }
  },
  "attributes" : {
    "companyCode" : "DECCANCE",
    "companyName" : "Deccan Cements",
    "marketCap" : 1059.00,
    "peRatio" : 31.90,
    "description" : "Incorporated in 1979, Deccan Cements Ltd manufactures and sells Cement and does generation and selling of power from hydel and wind sources[1]"
  },
  "technicalHistory" : [ {
    "date" : "2024-11-27",
    "price" : 601.90,
    "dma50" : 599.97,
    "dma100" : null,
    "dma200" : 609.84,
    "volume" : 17235.00
  }, {
    "date" : "2024-11-28",
    "price" : 604.15,
    "dma50" : 600.13,
    "dma100" : null,
    "dma200" : 609.78,
    "volume" : 4662.00
  }, {
    "date" : "2024-11-29",
    "price" : 613.80,
    "dma50" : 600.67,
    "dma100" : null,
    "dma200" : 609.82,
    "volume" : 8235.00
  }, {
    "date" : "2024-12-02",
    "price" : 619.95,
    "dma50" : 601.42,
    "dma100" : null,
    "dma200" : 609.92,
    "volume" : 17696.00
  }, {
    "date" : "2024-12-03",
    "price" : 620.40,
    "dma50" : 602.17,
    "dma100" : null,
    "dma200" : 610.03,
    "volume" : 7528.00
  }, {
    "date" : "2024-12-04",
    "price" : 633.35,
    "dma50" : 603.39,
    "dma100" : null,
    "dma200" : 610.26,
    "volume" : 20743.00
  }, {
    "date" : "2024-12-05",
    "price" : 628.10,
    "dma50" : 604.36,
    "dma100" : null,
    "dma200" : 610.44,
    "volume" : 13538.00
  }, {
    "date" : "2024-12-06",
    "price" : 631.80,
    "dma50" : 605.44,
    "dma100" : null,
    "dma200" : 610.65,
    "volume" : 13973.00
  }, {
    "date" : "2024-12-09",
    "price" : 649.30,
    "dma50" : 607.16,
    "dma100" : null,
    "dma200" : 611.03,
    "volume" : 25950.00
  }, {
    "date" : "2024-12-10",
    "price" : 640.45,
    "dma50" : 608.46,
    "dma100" : null,
    "dma200" : 611.33,
    "volume" : 9576.00
  }, {
    "date" : "2024-12-11",
    "price" : 646.90,
    "dma50" : 609.97,
    "dma100" : null,
    "dma200" : 611.68,
    "volume" : 11947.00
  }, {
    "date" : "2024-12-12",
    "price" : 642.20,
    "dma50" : 611.23,
    "dma100" : null,
    "dma200" : 611.98,
    "volume" : 7106.00
  }, {
    "date" : "2024-12-13",
    "price" : 642.05,
    "dma50" : 612.44,
    "dma100" : null,
    "dma200" : 612.28,
    "volume" : 6418.00
  }, {
    "date" : "2024-12-16",
    "price" : 646.40,
    "dma50" : 613.77,
    "dma100" : null,
    "dma200" : 612.62,
    "volume" : 38435.00
  }, {
    "date" : "2024-12-17",
    "price" : 627.25,
    "dma50" : 614.30,
    "dma100" : null,
    "dma200" : 612.77,
    "volume" : 10492.00
  }, {
    "date" : "2024-12-18",
    "price" : 620.55,
    "dma50" : 614.55,
    "dma100" : null,
    "dma200" : 612.84,
    "volume" : 15649.00
  }, {
    "date" : "2024-12-19",
    "price" : 615.00,
    "dma50" : 614.57,
    "dma100" : null,
    "dma200" : 612.87,
    "volume" : 4698.00
  }, {
    "date" : "2024-12-20",
    "price" : 622.15,
    "dma50" : 614.86,
    "dma100" : null,
    "dma200" : 612.96,
    "volume" : 8231.00
  }, {
    "date" : "2024-12-23",
    "price" : 614.80,
    "dma50" : 614.86,
    "dma100" : null,
    "dma200" : 612.98,
    "volume" : 9537.00
  }, {
    "date" : "2024-12-24",
    "price" : 634.05,
    "dma50" : 615.61,
    "dma100" : null,
    "dma200" : 613.19,
    "volume" : 6267.00
  }, {
    "date" : "2024-12-26",
    "price" : 638.15,
    "dma50" : 616.50,
    "dma100" : null,
    "dma200" : 613.43,
    "volume" : 6639.00
  }, {
    "date" : "2024-12-27",
    "price" : 628.75,
    "dma50" : 616.98,
    "dma100" : null,
    "dma200" : 613.59,
    "volume" : 2792.00
  }, {
    "date" : "2024-12-30",
    "price" : 624.50,
    "dma50" : 617.27,
    "dma100" : null,
    "dma200" : 613.70,
    "volume" : 5477.00
  }, {
    "date" : "2024-12-31",
    "price" : 637.35,
    "dma50" : 618.06,
    "dma100" : null,
    "dma200" : 613.93,
    "volume" : 8010.00
  }, {
    "date" : "2025-01-01",
    "price" : 642.50,
    "dma50" : 619.02,
    "dma100" : null,
    "dma200" : 614.22,
    "volume" : 8435.00
  }, {
    "date" : "2025-01-02",
    "price" : 689.80,
    "dma50" : 621.79,
    "dma100" : null,
    "dma200" : 614.97,
    "volume" : 199856.00
  }, {
    "date" : "2025-01-03",
    "price" : 742.15,
    "dma50" : 626.51,
    "dma100" : null,
    "dma200" : 616.23,
    "volume" : 223724.00
  }, {
    "date" : "2025-01-06",
    "price" : 709.50,
    "dma50" : 629.77,
    "dma100" : null,
    "dma200" : 617.16,
    "volume" : 88212.00
  }, {
    "date" : "2025-01-07",
    "price" : 743.90,
    "dma50" : 634.24,
    "dma100" : null,
    "dma200" : 618.42,
    "volume" : 86763.00
  }, {
    "date" : "2025-01-08",
    "price" : 724.60,
    "dma50" : 637.79,
    "dma100" : null,
    "dma200" : 619.48,
    "volume" : 28326.00
  }, {
    "date" : "2025-01-09",
    "price" : 712.75,
    "dma50" : 640.73,
    "dma100" : null,
    "dma200" : 620.41,
    "volume" : 14398.00
  }, {
    "date" : "2025-01-10",
    "price" : 695.50,
    "dma50" : 642.87,
    "dma100" : null,
    "dma200" : 621.15,
    "volume" : 22400.00
  }, {
    "date" : "2025-01-13",
    "price" : 681.95,
    "dma50" : 644.41,
    "dma100" : null,
    "dma200" : 621.76,
    "volume" : 62940.00
  }, {
    "date" : "2025-01-14",
    "price" : 707.15,
    "dma50" : 646.87,
    "dma100" : null,
    "dma200" : 622.61,
    "volume" : 52703.00
  }, {
    "date" : "2025-01-15",
    "price" : 699.00,
    "dma50" : 648.91,
    "dma100" : null,
    "dma200" : 623.37,
    "volume" : 4053.00
  }, {
    "date" : "2025-01-16",
    "price" : 709.75,
    "dma50" : 651.30,
    "dma100" : null,
    "dma200" : 624.23,
    "volume" : 14454.00
  }, {
    "date" : "2025-01-17",
    "price" : 711.15,
    "dma50" : 653.64,
    "dma100" : null,
    "dma200" : 625.09,
    "volume" : 8287.00
  }, {
    "date" : "2025-01-20",
    "price" : 715.00,
    "dma50" : 656.05,
    "dma100" : null,
    "dma200" : 625.99,
    "volume" : 12772.00
  }, {
    "date" : "2025-01-21",
    "price" : 696.30,
    "dma50" : 657.63,
    "dma100" : null,
    "dma200" : 626.69,
    "volume" : 17679.00
  }, {
    "date" : "2025-01-22",
    "price" : 675.60,
    "dma50" : 658.33,
    "dma100" : null,
    "dma200" : 627.17,
    "volume" : 23338.00
  }, {
    "date" : "2025-01-23",
    "price" : 698.35,
    "dma50" : 659.90,
    "dma100" : null,
    "dma200" : 627.88,
    "volume" : 11587.00
  }, {
    "date" : "2025-01-24",
    "price" : 673.30,
    "dma50" : 660.43,
    "dma100" : null,
    "dma200" : 628.33,
    "volume" : 7982.00
  }, {
    "date" : "2025-01-27",
    "price" : 641.55,
    "dma50" : 659.69,
    "dma100" : null,
    "dma200" : 628.47,
    "volume" : 28406.00
  }, {
    "date" : "2025-01-28",
    "price" : 637.25,
    "dma50" : 658.81,
    "dma100" : null,
    "dma200" : 628.55,
    "volume" : 30069.00
  }, {
    "date" : "2025-01-29",
    "price" : 658.70,
    "dma50" : 658.80,
    "dma100" : null,
    "dma200" : 628.85,
    "volume" : 7483.00
  }, {
    "date" : "2025-01-30",
    "price" : 660.95,
    "dma50" : 658.89,
    "dma100" : null,
    "dma200" : 629.17,
    "volume" : 4517.00
  }, {
    "date" : "2025-01-31",
    "price" : 667.75,
    "dma50" : 659.24,
    "dma100" : null,
    "dma200" : 629.56,
    "volume" : 5551.00
  }, {
    "date" : "2025-02-01",
    "price" : 654.10,
    "dma50" : 659.03,
    "dma100" : null,
    "dma200" : 629.80,
    "volume" : 6821.00
  }, {
    "date" : "2025-02-03",
    "price" : 640.15,
    "dma50" : 658.29,
    "dma100" : null,
    "dma200" : 629.90,
    "volume" : 7982.00
  }, {
    "date" : "2025-02-04",
    "price" : 657.75,
    "dma50" : 658.27,
    "dma100" : null,
    "dma200" : 630.18,
    "volume" : 13940.00
  }, {
    "date" : "2025-02-05",
    "price" : 674.25,
    "dma50" : 658.90,
    "dma100" : null,
    "dma200" : 630.62,
    "volume" : 16983.00
  }, {
    "date" : "2025-02-06",
    "price" : 678.40,
    "dma50" : 659.66,
    "dma100" : null,
    "dma200" : 631.09,
    "volume" : 15725.00
  }, {
    "date" : "2025-02-07",
    "price" : 664.30,
    "dma50" : 659.85,
    "dma100" : null,
    "dma200" : 631.42,
    "volume" : 15153.00
  }, {
    "date" : "2025-02-10",
    "price" : 649.45,
    "dma50" : 659.44,
    "dma100" : null,
    "dma200" : 631.60,
    "volume" : 2804.00
  }, {
    "date" : "2025-02-11",
    "price" : 628.35,
    "dma50" : 658.22,
    "dma100" : null,
    "dma200" : 631.57,
    "volume" : 34656.00
  }, {
    "date" : "2025-02-12",
    "price" : 642.65,
    "dma50" : 657.61,
    "dma100" : null,
    "dma200" : 631.68,
    "volume" : 40611.00
  }, {
    "date" : "2025-02-13",
    "price" : 641.35,
    "dma50" : 656.97,
    "dma100" : null,
    "dma200" : 631.78,
    "volume" : 10842.00
  }, {
    "date" : "2025-02-14",
    "price" : 625.60,
    "dma50" : 655.74,
    "dma100" : null,
    "dma200" : 631.72,
    "volume" : 63891.00
  }, {
    "date" : "2025-02-17",
    "price" : 614.90,
    "dma50" : 654.14,
    "dma100" : null,
    "dma200" : 631.55,
    "volume" : 55782.00
  }, {
    "date" : "2025-02-18",
    "price" : 596.50,
    "dma50" : 651.88,
    "dma100" : null,
    "dma200" : 631.20,
    "volume" : 20467.00
  }, {
    "date" : "2025-02-19",
    "price" : 683.35,
    "dma50" : 653.11,
    "dma100" : null,
    "dma200" : 631.72,
    "volume" : 214925.00
  }, {
    "date" : "2025-02-20",
    "price" : 769.00,
    "dma50" : 657.66,
    "dma100" : null,
    "dma200" : 633.09,
    "volume" : 302421.00
  }, {
    "date" : "2025-02-21",
    "price" : 862.70,
    "dma50" : 665.70,
    "dma100" : null,
    "dma200" : 635.37,
    "volume" : 581642.00
  }, {
    "date" : "2025-02-24",
    "price" : 898.55,
    "dma50" : 674.83,
    "dma100" : null,
    "dma200" : 637.99,
    "volume" : 463133.00
  }, {
    "date" : "2025-02-25",
    "price" : 837.90,
    "dma50" : 681.22,
    "dma100" : null,
    "dma200" : 639.98,
    "volume" : 174058.00
  }, {
    "date" : "2025-02-27",
    "price" : 812.60,
    "dma50" : 686.38,
    "dma100" : null,
    "dma200" : 641.70,
    "volume" : 56690.00
  }, {
    "date" : "2025-02-28",
    "price" : 780.30,
    "dma50" : 690.06,
    "dma100" : null,
    "dma200" : 643.07,
    "volume" : 87264.00
  }, {
    "date" : "2025-03-03",
    "price" : 777.50,
    "dma50" : 693.49,
    "dma100" : null,
    "dma200" : 644.41,
    "volume" : 45328.00
  }, {
    "date" : "2025-03-04",
    "price" : 806.05,
    "dma50" : 697.90,
    "dma100" : null,
    "dma200" : 646.02,
    "volume" : 65536.00
  }, {
    "date" : "2025-03-05",
    "price" : 795.55,
    "dma50" : 701.73,
    "dma100" : null,
    "dma200" : 647.51,
    "volume" : 27676.00
  }, {
    "date" : "2025-03-06",
    "price" : 848.50,
    "dma50" : 707.49,
    "dma100" : null,
    "dma200" : 649.51,
    "volume" : 101720.00
  }, {
    "date" : "2025-03-07",
    "price" : 880.40,
    "dma50" : 714.27,
    "dma100" : null,
    "dma200" : 651.81,
    "volume" : 193088.00
  }, {
    "date" : "2025-03-10",
    "price" : 843.45,
    "dma50" : 719.33,
    "dma100" : null,
    "dma200" : 653.71,
    "volume" : 123363.00
  }, {
    "date" : "2025-03-11",
    "price" : 825.90,
    "dma50" : 723.51,
    "dma100" : null,
    "dma200" : 655.43,
    "volume" : 45940.00
  }, {
    "date" : "2025-03-12",
    "price" : 813.55,
    "dma50" : 727.04,
    "dma100" : null,
    "dma200" : 657.00,
    "volume" : 31870.00
  }, {
    "date" : "2025-03-13",
    "price" : 820.25,
    "dma50" : 730.70,
    "dma100" : null,
    "dma200" : 658.62,
    "volume" : 26528.00
  }, {
    "date" : "2025-03-17",
    "price" : 801.60,
    "dma50" : 733.48,
    "dma100" : null,
    "dma200" : 660.05,
    "volume" : 58104.00
  }, {
    "date" : "2025-03-18",
    "price" : 762.45,
    "dma50" : 734.62,
    "dma100" : null,
    "dma200" : 661.07,
    "volume" : 117902.00
  }, {
    "date" : "2025-03-19",
    "price" : 782.40,
    "dma50" : 736.49,
    "dma100" : null,
    "dma200" : 662.27,
    "volume" : 48243.00
  }, {
    "date" : "2025-03-20",
    "price" : 768.45,
    "dma50" : 737.74,
    "dma100" : null,
    "dma200" : 663.33,
    "volume" : 33564.00
  }, {
    "date" : "2025-03-21",
    "price" : 797.05,
    "dma50" : 740.07,
    "dma100" : null,
    "dma200" : 664.66,
    "volume" : 37727.00
  }, {
    "date" : "2025-03-24",
    "price" : 817.70,
    "dma50" : 743.11,
    "dma100" : null,
    "dma200" : 666.18,
    "volume" : 101091.00
  }, {
    "date" : "2025-03-25",
    "price" : 800.90,
    "dma50" : 745.38,
    "dma100" : null,
    "dma200" : 667.52,
    "volume" : 46478.00
  }, {
    "date" : "2025-03-26",
    "price" : 782.55,
    "dma50" : 746.84,
    "dma100" : null,
    "dma200" : 668.67,
    "volume" : 20095.00
  }, {
    "date" : "2025-03-27",
    "price" : 800.55,
    "dma50" : 748.94,
    "dma100" : null,
    "dma200" : 669.98,
    "volume" : 44015.00
  }, {
    "date" : "2025-03-28",
    "price" : 779.00,
    "dma50" : 750.12,
    "dma100" : null,
    "dma200" : 671.06,
    "volume" : 26955.00
  }, {
    "date" : "2025-04-01",
    "price" : 798.05,
    "dma50" : 752.00,
    "dma100" : null,
    "dma200" : 672.33,
    "volume" : 20287.00
  }, {
    "date" : "2025-04-02",
    "price" : 808.45,
    "dma50" : 754.22,
    "dma100" : null,
    "dma200" : 673.68,
    "volume" : 15873.00
  }, {
    "date" : "2025-04-03",
    "price" : 806.00,
    "dma50" : 756.25,
    "dma100" : null,
    "dma200" : 675.00,
    "volume" : 10684.00
  }, {
    "date" : "2025-04-04",
    "price" : 770.90,
    "dma50" : 756.82,
    "dma100" : null,
    "dma200" : 675.95,
    "volume" : 30989.00
  }, {
    "date" : "2025-04-07",
    "price" : 738.10,
    "dma50" : 756.09,
    "dma100" : null,
    "dma200" : 676.57,
    "volume" : 34181.00
  }, {
    "date" : "2025-04-08",
    "price" : 750.40,
    "dma50" : 755.86,
    "dma100" : null,
    "dma200" : 677.31,
    "volume" : 14304.00
  }, {
    "date" : "2025-04-09",
    "price" : 726.75,
    "dma50" : 754.72,
    "dma100" : null,
    "dma200" : 677.80,
    "volume" : 20831.00
  }, {
    "date" : "2025-04-11",
    "price" : 743.65,
    "dma50" : 754.29,
    "dma100" : null,
    "dma200" : 678.45,
    "volume" : 10306.00
  }, {
    "date" : "2025-04-15",
    "price" : 761.70,
    "dma50" : 754.58,
    "dma100" : null,
    "dma200" : 679.28,
    "volume" : 20857.00
  }, {
    "date" : "2025-04-16",
    "price" : 760.80,
    "dma50" : 754.82,
    "dma100" : null,
    "dma200" : 680.09,
    "volume" : 11815.00
  }, {
    "date" : "2025-04-17",
    "price" : 791.65,
    "dma50" : 756.27,
    "dma100" : null,
    "dma200" : 681.20,
    "volume" : 16503.00
  }, {
    "date" : "2025-04-21",
    "price" : 789.40,
    "dma50" : 757.57,
    "dma100" : null,
    "dma200" : 682.28,
    "volume" : 22598.00
  }, {
    "date" : "2025-04-22",
    "price" : 781.95,
    "dma50" : 758.52,
    "dma100" : null,
    "dma200" : 683.27,
    "volume" : 33636.00
  }, {
    "date" : "2025-04-23",
    "price" : 780.15,
    "dma50" : 759.37,
    "dma100" : null,
    "dma200" : 684.24,
    "volume" : 19051.00
  }, {
    "date" : "2025-04-24",
    "price" : 787.05,
    "dma50" : 760.46,
    "dma100" : 712.87,
    "dma200" : 685.26,
    "volume" : 25877.00
  }, {
    "date" : "2025-04-25",
    "price" : 780.55,
    "dma50" : 761.24,
    "dma100" : 714.63,
    "dma200" : 686.21,
    "volume" : 29737.00
  }, {
    "date" : "2025-04-28",
    "price" : 778.70,
    "dma50" : 761.93,
    "dma100" : 716.28,
    "dma200" : 687.13,
    "volume" : 9415.00
  }, {
    "date" : "2025-04-29",
    "price" : 784.85,
    "dma50" : 762.83,
    "dma100" : 717.93,
    "dma200" : 688.10,
    "volume" : 12640.00
  }, {
    "date" : "2025-04-30",
    "price" : 778.55,
    "dma50" : 763.44,
    "dma100" : 719.51,
    "dma200" : 689.00,
    "volume" : 4690.00
  }, {
    "date" : "2025-05-02",
    "price" : 787.90,
    "dma50" : 764.40,
    "dma100" : 721.06,
    "dma200" : 689.98,
    "volume" : 12680.00
  }, {
    "date" : "2025-05-05",
    "price" : 784.10,
    "dma50" : 765.18,
    "dma100" : 722.62,
    "dma200" : 690.92,
    "volume" : 6643.00
  }, {
    "date" : "2025-05-06",
    "price" : 772.05,
    "dma50" : 765.45,
    "dma100" : 724.02,
    "dma200" : 691.73,
    "volume" : 28773.00
  }, {
    "date" : "2025-05-07",
    "price" : 780.55,
    "dma50" : 766.04,
    "dma100" : 725.33,
    "dma200" : 692.61,
    "volume" : 11163.00
  }, {
    "date" : "2025-05-08",
    "price" : 754.30,
    "dma50" : 765.58,
    "dma100" : 726.47,
    "dma200" : 693.22,
    "volume" : 23242.00
  }, {
    "date" : "2025-05-09",
    "price" : 738.70,
    "dma50" : 764.52,
    "dma100" : 727.39,
    "dma200" : 693.68,
    "volume" : 33113.00
  }, {
    "date" : "2025-05-12",
    "price" : 765.80,
    "dma50" : 764.57,
    "dma100" : 728.62,
    "dma200" : 694.39,
    "volume" : 12478.00
  }, {
    "date" : "2025-05-13",
    "price" : 771.75,
    "dma50" : 764.85,
    "dma100" : 729.92,
    "dma200" : 695.16,
    "volume" : 9581.00
  }, {
    "date" : "2025-05-14",
    "price" : 787.70,
    "dma50" : 765.75,
    "dma100" : 731.33,
    "dma200" : 696.09,
    "volume" : 18164.00
  }, {
    "date" : "2025-05-15",
    "price" : 785.90,
    "dma50" : 766.54,
    "dma100" : 732.92,
    "dma200" : 696.98,
    "volume" : 11510.00
  }, {
    "date" : "2025-05-16",
    "price" : 783.00,
    "dma50" : 767.19,
    "dma100" : 734.55,
    "dma200" : 697.83,
    "volume" : 12343.00
  }, {
    "date" : "2025-05-19",
    "price" : 785.40,
    "dma50" : 767.90,
    "dma100" : 736.25,
    "dma200" : 698.71,
    "volume" : 63982.00
  }, {
    "date" : "2025-05-20",
    "price" : 789.35,
    "dma50" : 768.74,
    "dma100" : 737.92,
    "dma200" : 699.61,
    "volume" : 32669.00
  }, {
    "date" : "2025-05-21",
    "price" : 781.00,
    "dma50" : 769.22,
    "dma100" : 739.58,
    "dma200" : 700.42,
    "volume" : 33243.00
  }, {
    "date" : "2025-05-22",
    "price" : 777.55,
    "dma50" : 769.55,
    "dma100" : 741.02,
    "dma200" : 701.19,
    "volume" : 31869.00
  }, {
    "date" : "2025-05-23",
    "price" : 784.35,
    "dma50" : 770.13,
    "dma100" : 742.48,
    "dma200" : 702.01,
    "volume" : 24258.00
  }, {
    "date" : "2025-05-26",
    "price" : 754.65,
    "dma50" : 769.52,
    "dma100" : 743.74,
    "dma200" : 702.54,
    "volume" : 37272.00
  }, {
    "date" : "2025-05-27",
    "price" : 762.05,
    "dma50" : 769.23,
    "dma100" : 745.12,
    "dma200" : 703.13,
    "volume" : 140295.00
  }, {
    "date" : "2025-05-28",
    "price" : 768.55,
    "dma50" : 769.20,
    "dma100" : 746.43,
    "dma200" : 703.78,
    "volume" : 102979.00
  }, {
    "date" : "2025-05-29",
    "price" : 754.40,
    "dma50" : 768.62,
    "dma100" : 747.55,
    "dma200" : 704.28,
    "volume" : 34325.00
  }, {
    "date" : "2025-05-30",
    "price" : 729.55,
    "dma50" : 767.09,
    "dma100" : 747.94,
    "dma200" : 704.54,
    "volume" : 46570.00
  }, {
    "date" : "2025-06-02",
    "price" : 719.05,
    "dma50" : 765.21,
    "dma100" : 747.71,
    "dma200" : 704.68,
    "volume" : 33847.00
  }, {
    "date" : "2025-06-03",
    "price" : 718.50,
    "dma50" : 763.37,
    "dma100" : 747.80,
    "dma200" : 704.82,
    "volume" : 31334.00
  }, {
    "date" : "2025-06-04",
    "price" : 713.85,
    "dma50" : 761.43,
    "dma100" : 747.50,
    "dma200" : 704.91,
    "volume" : 8666.00
  }, {
    "date" : "2025-06-05",
    "price" : 714.20,
    "dma50" : 759.58,
    "dma100" : 747.40,
    "dma200" : 705.00,
    "volume" : 10906.00
  }, {
    "date" : "2025-06-06",
    "price" : 722.00,
    "dma50" : 758.11,
    "dma100" : 747.49,
    "dma200" : 705.17,
    "volume" : 8330.00
  }, {
    "date" : "2025-06-09",
    "price" : 733.70,
    "dma50" : 757.15,
    "dma100" : 747.87,
    "dma200" : 705.45,
    "volume" : 18646.00
  }, {
    "date" : "2025-06-10",
    "price" : 726.50,
    "dma50" : 755.95,
    "dma100" : 748.32,
    "dma200" : 705.66,
    "volume" : 35553.00
  }, {
    "date" : "2025-06-11",
    "price" : 733.85,
    "dma50" : 755.08,
    "dma100" : 748.59,
    "dma200" : 705.94,
    "volume" : 15336.00
  }, {
    "date" : "2025-06-12",
    "price" : 732.00,
    "dma50" : 754.18,
    "dma100" : 748.92,
    "dma200" : 706.20,
    "volume" : 12848.00
  }, {
    "date" : "2025-06-13",
    "price" : 736.90,
    "dma50" : 753.50,
    "dma100" : 749.19,
    "dma200" : 706.51,
    "volume" : 9976.00
  }, {
    "date" : "2025-06-16",
    "price" : 731.25,
    "dma50" : 752.63,
    "dma100" : 749.39,
    "dma200" : 706.75,
    "volume" : 10088.00
  }, {
    "date" : "2025-06-17",
    "price" : 726.30,
    "dma50" : 751.59,
    "dma100" : 749.50,
    "dma200" : 706.95,
    "volume" : 9976.00
  }, {
    "date" : "2025-06-18",
    "price" : 734.05,
    "dma50" : 750.91,
    "dma100" : 749.88,
    "dma200" : 707.22,
    "volume" : 4627.00
  }, {
    "date" : "2025-06-19",
    "price" : 740.45,
    "dma50" : 750.50,
    "dma100" : 750.53,
    "dma200" : 707.55,
    "volume" : 88538.00
  }, {
    "date" : "2025-06-20",
    "price" : 736.35,
    "dma50" : 749.94,
    "dma100" : 750.91,
    "dma200" : 707.83,
    "volume" : 107440.00
  }, {
    "date" : "2025-06-23",
    "price" : 798.35,
    "dma50" : 751.84,
    "dma100" : 752.16,
    "dma200" : 708.74,
    "volume" : 336389.00
  }, {
    "date" : "2025-06-24",
    "price" : 818.25,
    "dma50" : 754.44,
    "dma100" : 753.92,
    "dma200" : 709.82,
    "volume" : 110705.00
  }, {
    "date" : "2025-06-25",
    "price" : 894.10,
    "dma50" : 759.92,
    "dma100" : 756.49,
    "dma200" : 711.66,
    "volume" : 350739.00
  }, {
    "date" : "2025-06-26",
    "price" : 898.85,
    "dma50" : 765.37,
    "dma100" : 758.89,
    "dma200" : 713.52,
    "volume" : 220912.00
  }, {
    "date" : "2025-06-27",
    "price" : 923.65,
    "dma50" : 771.58,
    "dma100" : 761.52,
    "dma200" : 715.61,
    "volume" : 188793.00
  }, {
    "date" : "2025-06-30",
    "price" : 917.15,
    "dma50" : 777.28,
    "dma100" : 764.02,
    "dma200" : 717.62,
    "volume" : 36396.00
  }, {
    "date" : "2025-07-01",
    "price" : 923.60,
    "dma50" : 783.02,
    "dma100" : 766.71,
    "dma200" : 719.67,
    "volume" : 108587.00
  }, {
    "date" : "2025-07-02",
    "price" : 909.40,
    "dma50" : 787.98,
    "dma100" : 769.40,
    "dma200" : 721.55,
    "volume" : 97622.00
  }, {
    "date" : "2025-07-03",
    "price" : 908.50,
    "dma50" : 792.70,
    "dma100" : 771.91,
    "dma200" : 723.41,
    "volume" : 65599.00
  }, {
    "date" : "2025-07-04",
    "price" : 907.95,
    "dma50" : 797.22,
    "dma100" : 774.25,
    "dma200" : 725.25,
    "volume" : 61086.00
  }, {
    "date" : "2025-07-07",
    "price" : 881.05,
    "dma50" : 800.51,
    "dma100" : 776.27,
    "dma200" : 726.80,
    "volume" : 77741.00
  }, {
    "date" : "2025-07-08",
    "price" : 872.70,
    "dma50" : 803.34,
    "dma100" : 778.36,
    "dma200" : 728.25,
    "volume" : 49129.00
  }, {
    "date" : "2025-07-09",
    "price" : 885.60,
    "dma50" : 806.57,
    "dma100" : 780.72,
    "dma200" : 729.82,
    "volume" : 42624.00
  }, {
    "date" : "2025-07-10",
    "price" : 877.75,
    "dma50" : 809.36,
    "dma100" : 783.21,
    "dma200" : 731.29,
    "volume" : 19074.00
  }, {
    "date" : "2025-07-11",
    "price" : 876.70,
    "dma50" : 812.00,
    "dma100" : 785.55,
    "dma200" : 732.74,
    "volume" : 30499.00
  }, {
    "date" : "2025-07-14",
    "price" : 856.85,
    "dma50" : 813.76,
    "dma100" : 787.71,
    "dma200" : 733.97,
    "volume" : 43934.00
  }, {
    "date" : "2025-07-15",
    "price" : 895.85,
    "dma50" : 816.98,
    "dma100" : 790.41,
    "dma200" : 735.58,
    "volume" : 99210.00
  }, {
    "date" : "2025-07-16",
    "price" : 1075.00,
    "dma50" : 827.10,
    "dma100" : 795.01,
    "dma200" : 738.96,
    "volume" : 1335989.00
  }, {
    "date" : "2025-07-17",
    "price" : 1063.95,
    "dma50" : 836.39,
    "dma100" : 799.69,
    "dma200" : 742.19,
    "volume" : 941618.00
  }, {
    "date" : "2025-07-18",
    "price" : 1093.00,
    "dma50" : 846.45,
    "dma100" : 803.78,
    "dma200" : 745.68,
    "volume" : 310759.00
  }, {
    "date" : "2025-07-21",
    "price" : 1062.05,
    "dma50" : 854.90,
    "dma100" : 806.71,
    "dma200" : 748.83,
    "volume" : 90455.00
  }, {
    "date" : "2025-07-22",
    "price" : 1067.65,
    "dma50" : 863.25,
    "dma100" : 808.76,
    "dma200" : 752.01,
    "volume" : 128572.00
  }, {
    "date" : "2025-07-23",
    "price" : 1064.90,
    "dma50" : 871.15,
    "dma100" : 810.43,
    "dma200" : 755.12,
    "volume" : 93998.00
  }, {
    "date" : "2025-07-24",
    "price" : 1047.40,
    "dma50" : 878.07,
    "dma100" : 812.52,
    "dma200" : 758.03,
    "volume" : 76899.00
  }, {
    "date" : "2025-07-25",
    "price" : 1056.85,
    "dma50" : 885.08,
    "dma100" : 814.96,
    "dma200" : 761.00,
    "volume" : 150142.00
  }, {
    "date" : "2025-07-28",
    "price" : 1026.45,
    "dma50" : 890.62,
    "dma100" : 817.43,
    "dma200" : 763.64,
    "volume" : 68474.00
  }, {
    "date" : "2025-07-29",
    "price" : 1037.55,
    "dma50" : 896.38,
    "dma100" : 820.03,
    "dma200" : 766.37,
    "volume" : 56666.00
  }, {
    "date" : "2025-07-30",
    "price" : 1043.05,
    "dma50" : 902.13,
    "dma100" : 822.40,
    "dma200" : 769.12,
    "volume" : 79390.00
  }, {
    "date" : "2025-07-31",
    "price" : 1055.85,
    "dma50" : 908.16,
    "dma100" : 825.00,
    "dma200" : 771.97,
    "volume" : 145805.00
  }, {
    "date" : "2025-08-01",
    "price" : 1012.50,
    "dma50" : 912.25,
    "dma100" : 826.64,
    "dma200" : 774.37,
    "volume" : 64678.00
  }, {
    "date" : "2025-08-04",
    "price" : 1038.40,
    "dma50" : 917.20,
    "dma100" : 828.22,
    "dma200" : 776.99,
    "volume" : 70334.00
  }, {
    "date" : "2025-08-05",
    "price" : 1050.60,
    "dma50" : 922.43,
    "dma100" : 830.29,
    "dma200" : 779.72,
    "volume" : 75879.00
  }, {
    "date" : "2025-08-06",
    "price" : 1043.50,
    "dma50" : 927.18,
    "dma100" : 832.47,
    "dma200" : 782.34,
    "volume" : 94507.00
  }, {
    "date" : "2025-08-07",
    "price" : 1056.70,
    "dma50" : 932.26,
    "dma100" : 834.90,
    "dma200" : 785.07,
    "volume" : 86276.00
  }, {
    "date" : "2025-08-08",
    "price" : 1048.10,
    "dma50" : 936.80,
    "dma100" : 837.18,
    "dma200" : 787.69,
    "volume" : 46514.00
  }, {
    "date" : "2025-08-11",
    "price" : 1052.70,
    "dma50" : 941.35,
    "dma100" : 839.69,
    "dma200" : 790.32,
    "volume" : 65292.00
  }, {
    "date" : "2025-08-12",
    "price" : 1060.50,
    "dma50" : 946.02,
    "dma100" : 842.67,
    "dma200" : 793.01,
    "volume" : 157691.00
  }, {
    "date" : "2025-08-13",
    "price" : 1069.60,
    "dma50" : 950.87,
    "dma100" : 845.54,
    "dma200" : 795.77,
    "volume" : 110173.00
  }, {
    "date" : "2025-08-14",
    "price" : 1047.60,
    "dma50" : 954.66,
    "dma100" : 848.33,
    "dma200" : 798.27,
    "volume" : 55169.00
  }, {
    "date" : "2025-08-18",
    "price" : 1040.70,
    "dma50" : 958.03,
    "dma100" : 850.77,
    "dma200" : 800.68,
    "volume" : 75848.00
  }, {
    "date" : "2025-08-19",
    "price" : 1055.10,
    "dma50" : 961.84,
    "dma100" : 853.14,
    "dma200" : 803.21,
    "volume" : 50204.00
  }, {
    "date" : "2025-08-20",
    "price" : 1051.70,
    "dma50" : 965.36,
    "dma100" : 855.65,
    "dma200" : 805.69,
    "volume" : 70971.00
  }, {
    "date" : "2025-08-21",
    "price" : 1062.20,
    "dma50" : 969.16,
    "dma100" : 858.45,
    "dma200" : 808.24,
    "volume" : 77177.00
  }, {
    "date" : "2025-08-22",
    "price" : 1052.70,
    "dma50" : 972.44,
    "dma100" : 860.97,
    "dma200" : 810.67,
    "volume" : 107156.00
  }, {
    "date" : "2025-08-25",
    "price" : 1077.50,
    "dma50" : 976.56,
    "dma100" : 863.95,
    "dma200" : 813.33,
    "volume" : 112681.00
  }, {
    "date" : "2025-08-26",
    "price" : 1044.90,
    "dma50" : 979.24,
    "dma100" : 866.42,
    "dma200" : 815.63,
    "volume" : 97595.00
  }, {
    "date" : "2025-08-28",
    "price" : 1021.10,
    "dma50" : 980.88,
    "dma100" : 868.55,
    "dma200" : 817.68,
    "volume" : 55965.00
  }, {
    "date" : "2025-08-29",
    "price" : 1010.40,
    "dma50" : 982.04,
    "dma100" : 870.59,
    "dma200" : 819.59,
    "volume" : 57165.00
  }, {
    "date" : "2025-09-01",
    "price" : 1074.60,
    "dma50" : 985.67,
    "dma100" : 873.63,
    "dma200" : 822.13,
    "volume" : 158524.00
  }, {
    "date" : "2025-09-02",
    "price" : 1086.10,
    "dma50" : 989.61,
    "dma100" : 877.11,
    "dma200" : 824.76,
    "volume" : 57390.00
  }, {
    "date" : "2025-09-03",
    "price" : 1104.20,
    "dma50" : 994.10,
    "dma100" : 880.65,
    "dma200" : 827.54,
    "volume" : 268522.00
  }, {
    "date" : "2025-09-04",
    "price" : 1090.50,
    "dma50" : 997.88,
    "dma100" : 884.28,
    "dma200" : 830.15,
    "volume" : 68992.00
  }, {
    "date" : "2025-09-05",
    "price" : 1082.20,
    "dma50" : 1001.19,
    "dma100" : 887.67,
    "dma200" : 832.66,
    "volume" : 80704.00
  }, {
    "date" : "2025-09-08",
    "price" : 1080.70,
    "dma50" : 1004.30,
    "dma100" : 890.86,
    "dma200" : 835.13,
    "volume" : 45085.00
  }, {
    "date" : "2025-09-09",
    "price" : 1081.20,
    "dma50" : 1007.32,
    "dma100" : 894.06,
    "dma200" : 837.58,
    "volume" : 24390.00
  }, {
    "date" : "2025-09-10",
    "price" : 1113.60,
    "dma50" : 1011.49,
    "dma100" : 897.28,
    "dma200" : 840.33,
    "volume" : 144336.00
  }, {
    "date" : "2025-09-11",
    "price" : 1113.80,
    "dma50" : 1015.50,
    "dma100" : 900.53,
    "dma200" : 843.05,
    "volume" : 217511.00
  }, {
    "date" : "2025-09-12",
    "price" : 1070.80,
    "dma50" : 1017.67,
    "dma100" : 903.42,
    "dma200" : 845.31,
    "volume" : 148946.00
  }, {
    "date" : "2025-09-15",
    "price" : 1079.80,
    "dma50" : 1020.11,
    "dma100" : 906.41,
    "dma200" : 847.65,
    "volume" : 69512.00
  }, {
    "date" : "2025-09-16",
    "price" : 1077.90,
    "dma50" : 1022.37,
    "dma100" : 909.32,
    "dma200" : 849.94,
    "volume" : 18656.00
  }, {
    "date" : "2025-09-17",
    "price" : 1112.20,
    "dma50" : 1025.89,
    "dma100" : 912.64,
    "dma200" : 852.55,
    "volume" : 116151.00
  }, {
    "date" : "2025-09-18",
    "price" : 1108.30,
    "dma50" : 1029.13,
    "dma100" : 915.93,
    "dma200" : 855.09,
    "volume" : 81790.00
  }, {
    "date" : "2025-09-19",
    "price" : 1121.00,
    "dma50" : 1032.73,
    "dma100" : 919.30,
    "dma200" : 857.74,
    "volume" : 57444.00
  }, {
    "date" : "2025-09-22",
    "price" : 1130.30,
    "dma50" : 1036.56,
    "dma100" : 922.81,
    "dma200" : 860.45,
    "volume" : 146825.00
  }, {
    "date" : "2025-09-23",
    "price" : 1097.30,
    "dma50" : 1038.94,
    "dma100" : 925.91,
    "dma200" : 862.81,
    "volume" : 109495.00
  }, {
    "date" : "2025-09-24",
    "price" : 1139.80,
    "dma50" : 1042.89,
    "dma100" : 929.46,
    "dma200" : 865.56,
    "volume" : 174291.00
  }, {
    "date" : "2025-09-25",
    "price" : 1121.60,
    "dma50" : 1045.98,
    "dma100" : 932.96,
    "dma200" : 868.11,
    "volume" : 101559.00
  }, {
    "date" : "2025-09-26",
    "price" : 1085.00,
    "dma50" : 1047.51,
    "dma100" : 936.00,
    "dma200" : 870.27,
    "volume" : 186618.00
  }, {
    "date" : "2025-09-29",
    "price" : 1085.10,
    "dma50" : 1048.98,
    "dma100" : 939.31,
    "dma200" : 872.41,
    "volume" : 73075.00
  }, {
    "date" : "2025-09-30",
    "price" : 1106.10,
    "dma50" : 1051.22,
    "dma100" : 942.99,
    "dma200" : 874.73,
    "volume" : 93754.00
  }, {
    "date" : "2025-10-01",
    "price" : 1088.50,
    "dma50" : 1052.69,
    "dma100" : 946.21,
    "dma200" : 876.86,
    "volume" : 80567.00
  }, {
    "date" : "2025-10-03",
    "price" : 1081.60,
    "dma50" : 1053.82,
    "dma100" : 949.31,
    "dma200" : 878.90,
    "volume" : 58175.00
  }, {
    "date" : "2025-10-06",
    "price" : 1040.50,
    "dma50" : 1053.30,
    "dma100" : 951.84,
    "dma200" : 880.50,
    "volume" : 154399.00
  }, {
    "date" : "2025-10-07",
    "price" : 1042.00,
    "dma50" : 1052.85,
    "dma100" : 954.40,
    "dma200" : 882.11,
    "volume" : 26783.00
  }, {
    "date" : "2025-10-08",
    "price" : 1035.50,
    "dma50" : 1052.17,
    "dma100" : 956.93,
    "dma200" : 883.64,
    "volume" : 29272.00
  }, {
    "date" : "2025-10-09",
    "price" : 1012.00,
    "dma50" : 1050.60,
    "dma100" : 959.19,
    "dma200" : 884.91,
    "volume" : 82787.00
  }, {
    "date" : "2025-10-10",
    "price" : 998.60,
    "dma50" : 1048.56,
    "dma100" : 961.28,
    "dma200" : 886.04,
    "volume" : 58002.00
  }, {
    "date" : "2025-10-13",
    "price" : 1014.50,
    "dma50" : 1047.22,
    "dma100" : 963.62,
    "dma200" : 887.32,
    "volume" : 118602.00
  }, {
    "date" : "2025-10-14",
    "price" : 992.30,
    "dma50" : 1045.07,
    "dma100" : 965.77,
    "dma200" : 888.37,
    "volume" : 40004.00
  }, {
    "date" : "2025-10-15",
    "price" : 1015.00,
    "dma50" : 1043.89,
    "dma100" : 968.07,
    "dma200" : 889.63,
    "volume" : 35888.00
  }, {
    "date" : "2025-10-16",
    "price" : 1075.20,
    "dma50" : 1045.12,
    "dma100" : 971.28,
    "dma200" : 891.47,
    "volume" : 183685.00
  }, {
    "date" : "2025-10-17",
    "price" : 1044.40,
    "dma50" : 1045.09,
    "dma100" : 974.10,
    "dma200" : 893.00,
    "volume" : 79077.00
  }, {
    "date" : "2025-10-20",
    "price" : 1031.80,
    "dma50" : 1044.57,
    "dma100" : 976.73,
    "dma200" : 894.38,
    "volume" : 42772.00
  }, {
    "date" : "2025-10-21",
    "price" : 1046.20,
    "dma50" : 1044.63,
    "dma100" : 979.65,
    "dma200" : 895.89,
    "volume" : 21117.00
  }, {
    "date" : "2025-10-23",
    "price" : 1048.10,
    "dma50" : 1044.77,
    "dma100" : 982.84,
    "dma200" : 897.40,
    "volume" : 45463.00
  }, {
    "date" : "2025-10-24",
    "price" : 1029.50,
    "dma50" : 1044.17,
    "dma100" : 985.94,
    "dma200" : 898.72,
    "volume" : 42676.00
  }, {
    "date" : "2025-10-27",
    "price" : 1023.70,
    "dma50" : 1043.37,
    "dma100" : 988.99,
    "dma200" : 899.96,
    "volume" : 24738.00
  }, {
    "date" : "2025-10-28",
    "price" : 1034.10,
    "dma50" : 1043.00,
    "dma100" : 992.20,
    "dma200" : 901.29,
    "volume" : 28497.00
  }, {
    "date" : "2025-10-29",
    "price" : 1032.90,
    "dma50" : 1042.61,
    "dma100" : 995.38,
    "dma200" : 902.60,
    "volume" : 11558.00
  }, {
    "date" : "2025-10-30",
    "price" : 1044.20,
    "dma50" : 1042.67,
    "dma100" : 998.61,
    "dma200" : 904.01,
    "volume" : 43324.00
  }, {
    "date" : "2025-10-31",
    "price" : 1035.20,
    "dma50" : 1042.38,
    "dma100" : 1001.62,
    "dma200" : 905.32,
    "volume" : 21291.00
  }, {
    "date" : "2025-11-03",
    "price" : 1031.60,
    "dma50" : 1041.95,
    "dma100" : 1004.67,
    "dma200" : 906.58,
    "volume" : 13418.00
  }, {
    "date" : "2025-11-04",
    "price" : 1032.10,
    "dma50" : 1041.57,
    "dma100" : 1007.65,
    "dma200" : 907.82,
    "volume" : 11525.00
  }, {
    "date" : "2025-11-06",
    "price" : 1016.40,
    "dma50" : 1040.58,
    "dma100" : 1010.50,
    "dma200" : 908.90,
    "volume" : 27555.00
  }, {
    "date" : "2025-11-07",
    "price" : 1012.70,
    "dma50" : 1039.49,
    "dma100" : 1013.26,
    "dma200" : 909.94,
    "volume" : 15261.00
  }, {
    "date" : "2025-11-10",
    "price" : 984.10,
    "dma50" : 1037.32,
    "dma100" : 1015.78,
    "dma200" : 910.68,
    "volume" : 47159.00
  }, {
    "date" : "2025-11-11",
    "price" : 995.50,
    "dma50" : 1035.68,
    "dma100" : 1018.48,
    "dma200" : 911.52,
    "volume" : 105866.00
  }, {
    "date" : "2025-11-12",
    "price" : 1016.30,
    "dma50" : 1034.92,
    "dma100" : 1021.30,
    "dma200" : 912.56,
    "volume" : 40654.00
  }, {
    "date" : "2025-11-13",
    "price" : 1009.20,
    "dma50" : 1033.91,
    "dma100" : 1023.99,
    "dma200" : 913.52,
    "volume" : 5732.00
  }, {
    "date" : "2025-11-14",
    "price" : 1001.40,
    "dma50" : 1032.63,
    "dma100" : 1026.64,
    "dma200" : 914.40,
    "volume" : 15229.00
  }, {
    "date" : "2025-11-17",
    "price" : 883.30,
    "dma50" : 1026.78,
    "dma100" : 1027.49,
    "dma200" : 914.09,
    "volume" : 356163.00
  }, {
    "date" : "2025-11-18",
    "price" : 835.70,
    "dma50" : 1019.28,
    "dma100" : 1027.66,
    "dma200" : 913.31,
    "volume" : 304138.00
  }, {
    "date" : "2025-11-19",
    "price" : 861.00,
    "dma50" : 1013.08,
    "dma100" : 1027.33,
    "dma200" : 912.79,
    "volume" : 112669.00
  }, {
    "date" : "2025-11-20",
    "price" : 842.40,
    "dma50" : 1006.38,
    "dma100" : 1026.77,
    "dma200" : 912.09,
    "volume" : 54219.00
  }, {
    "date" : "2025-11-21",
    "price" : 844.10,
    "dma50" : 1000.02,
    "dma100" : 1025.97,
    "dma200" : 911.41,
    "volume" : 20903.00
  }, {
    "date" : "2025-11-24",
    "price" : 792.00,
    "dma50" : 991.86,
    "dma100" : 1024.72,
    "dma200" : 910.22,
    "volume" : 63022.00
  }, {
    "date" : "2025-11-25",
    "price" : 760.50,
    "dma50" : 982.79,
    "dma100" : 1023.09,
    "dma200" : 908.73,
    "volume" : 75816.00
  }, {
    "date" : "2025-11-26",
    "price" : 756.00,
    "dma50" : 973.89,
    "dma100" : 1021.55,
    "dma200" : 907.21,
    "volume" : 80292.00
  } ],
  "latestTechnicalAttributes" : {
    "date" : "2025-11-26",
    "price" : 756.00,
    "dma50" : 973.89,
    "dma100" : 1021.55,
    "dma200" : 907.21,
    "volume" : 80292.00
  },
  "quarterlyResults" : [ {
    "date" : "2005-03-31",
    "sales" : 24.82,
    "salesGrowthYoY" : null,
    "grossProfitMargin" : 33.84,
    "grossProfit" : 8.40,
    "operatingProfitMargin" : -0.44,
    "operatingProfit" : -0.11,
    "netProfitMargin" : -2.90,
    "netProfit" : -0.72
  }, {
    "date" : "2005-06-30",
    "sales" : 26.40,
    "salesGrowthYoY" : null,
    "grossProfitMargin" : 35.38,
    "grossProfit" : 9.34,
    "operatingProfitMargin" : 9.43,
    "operatingProfit" : 2.49,
    "netProfitMargin" : 3.86,
    "netProfit" : 1.02
  }, {
    "date" : "2005-09-30",
    "sales" : 30.21,
    "salesGrowthYoY" : null,
    "grossProfitMargin" : 40.38,
    "grossProfit" : 12.20,
    "operatingProfitMargin" : 7.51,
    "operatingProfit" : 2.27,
    "netProfitMargin" : 2.91,
    "netProfit" : 0.88
  }, {
    "date" : "2005-12-31",
    "sales" : 27.06,
    "salesGrowthYoY" : null,
    "grossProfitMargin" : 44.12,
    "grossProfit" : 11.94,
    "operatingProfitMargin" : 12.42,
    "operatingProfit" : 3.36,
    "netProfitMargin" : 7.13,
    "netProfit" : 1.93
  }, {
    "date" : "2006-03-31",
    "sales" : 39.49,
    "salesGrowthYoY" : 59.11,
    "grossProfitMargin" : 48.87,
    "grossProfit" : 19.30,
    "operatingProfitMargin" : 16.74,
    "operatingProfit" : 6.61,
    "netProfitMargin" : 12.94,
    "netProfit" : 5.11
  }, {
    "date" : "2006-06-30",
    "sales" : 41.31,
    "salesGrowthYoY" : 56.48,
    "grossProfitMargin" : 53.43,
    "grossProfit" : 22.07,
    "operatingProfitMargin" : 23.89,
    "operatingProfit" : 9.87,
    "netProfitMargin" : 13.73,
    "netProfit" : 5.67
  }, {
    "date" : "2006-09-30",
    "sales" : 40.66,
    "salesGrowthYoY" : 34.59,
    "grossProfitMargin" : 57.50,
    "grossProfit" : 23.38,
    "operatingProfitMargin" : 27.91,
    "operatingProfit" : 11.35,
    "netProfitMargin" : 17.22,
    "netProfit" : 7.00
  }, {
    "date" : "2006-12-31",
    "sales" : 43.10,
    "salesGrowthYoY" : 59.28,
    "grossProfitMargin" : 55.80,
    "grossProfit" : 24.05,
    "operatingProfitMargin" : 29.95,
    "operatingProfit" : 12.91,
    "netProfitMargin" : 18.05,
    "netProfit" : 7.78
  }, {
    "date" : "2007-03-31",
    "sales" : 46.63,
    "salesGrowthYoY" : 18.08,
    "grossProfitMargin" : 59.38,
    "grossProfit" : 27.69,
    "operatingProfitMargin" : 28.42,
    "operatingProfit" : 13.25,
    "netProfitMargin" : 17.11,
    "netProfit" : 7.98
  }, {
    "date" : "2007-06-30",
    "sales" : 48.45,
    "salesGrowthYoY" : 17.28,
    "grossProfitMargin" : 61.38,
    "grossProfit" : 29.74,
    "operatingProfitMargin" : 34.41,
    "operatingProfit" : 16.67,
    "netProfitMargin" : 21.38,
    "netProfit" : 10.36
  }, {
    "date" : "2007-09-30",
    "sales" : 58.17,
    "salesGrowthYoY" : 43.06,
    "grossProfitMargin" : 65.38,
    "grossProfit" : 38.03,
    "operatingProfitMargin" : 40.98,
    "operatingProfit" : 23.84,
    "netProfitMargin" : 26.23,
    "netProfit" : 15.26
  }, {
    "date" : "2007-12-31",
    "sales" : 49.31,
    "salesGrowthYoY" : 14.41,
    "grossProfitMargin" : 58.91,
    "grossProfit" : 29.05,
    "operatingProfitMargin" : 37.38,
    "operatingProfit" : 18.43,
    "netProfitMargin" : 23.16,
    "netProfit" : 11.42
  }, {
    "date" : "2008-03-31",
    "sales" : 53.28,
    "salesGrowthYoY" : 14.26,
    "grossProfitMargin" : 58.35,
    "grossProfit" : 31.09,
    "operatingProfitMargin" : 32.88,
    "operatingProfit" : 17.52,
    "netProfitMargin" : 20.51,
    "netProfit" : 10.93
  }, {
    "date" : "2008-06-30",
    "sales" : 51.79,
    "salesGrowthYoY" : 6.89,
    "grossProfitMargin" : 64.57,
    "grossProfit" : 33.44,
    "operatingProfitMargin" : 38.17,
    "operatingProfit" : 19.77,
    "netProfitMargin" : 23.54,
    "netProfit" : 12.19
  }, {
    "date" : "2008-09-30",
    "sales" : 39.33,
    "salesGrowthYoY" : -32.39,
    "grossProfitMargin" : 51.61,
    "grossProfit" : 20.30,
    "operatingProfitMargin" : 30.97,
    "operatingProfit" : 12.18,
    "netProfitMargin" : 18.48,
    "netProfit" : 7.27
  }, {
    "date" : "2008-12-31",
    "sales" : 47.41,
    "salesGrowthYoY" : -3.85,
    "grossProfitMargin" : 59.86,
    "grossProfit" : 28.38,
    "operatingProfitMargin" : 33.45,
    "operatingProfit" : 15.86,
    "netProfitMargin" : 19.32,
    "netProfit" : 9.16
  }, {
    "date" : "2009-03-31",
    "sales" : 50.88,
    "salesGrowthYoY" : -4.50,
    "grossProfitMargin" : 60.93,
    "grossProfit" : 31.00,
    "operatingProfitMargin" : 34.49,
    "operatingProfit" : 17.55,
    "netProfitMargin" : 11.05,
    "netProfit" : 5.62
  }, {
    "date" : "2009-06-30",
    "sales" : 86.17,
    "salesGrowthYoY" : 66.38,
    "grossProfitMargin" : 53.15,
    "grossProfit" : 45.80,
    "operatingProfitMargin" : 33.77,
    "operatingProfit" : 29.10,
    "netProfitMargin" : 13.72,
    "netProfit" : 11.82
  }, {
    "date" : "2009-09-30",
    "sales" : 82.15,
    "salesGrowthYoY" : 108.87,
    "grossProfitMargin" : 56.85,
    "grossProfit" : 46.70,
    "operatingProfitMargin" : 30.13,
    "operatingProfit" : 24.75,
    "netProfitMargin" : 13.35,
    "netProfit" : 10.97
  }, {
    "date" : "2009-12-31",
    "sales" : 59.76,
    "salesGrowthYoY" : 26.05,
    "grossProfitMargin" : 39.86,
    "grossProfit" : 23.82,
    "operatingProfitMargin" : 7.93,
    "operatingProfit" : 4.74,
    "netProfitMargin" : -16.08,
    "netProfit" : -9.61
  }, {
    "date" : "2010-03-31",
    "sales" : 68.33,
    "salesGrowthYoY" : 34.30,
    "grossProfitMargin" : 59.62,
    "grossProfit" : 40.74,
    "operatingProfitMargin" : 22.49,
    "operatingProfit" : 15.37,
    "netProfitMargin" : -12.94,
    "netProfit" : -8.84
  }, {
    "date" : "2010-06-30",
    "sales" : 79.23,
    "salesGrowthYoY" : -8.05,
    "grossProfitMargin" : 54.71,
    "grossProfit" : 43.35,
    "operatingProfitMargin" : 14.00,
    "operatingProfit" : 11.09,
    "netProfitMargin" : -6.02,
    "netProfit" : -4.77
  }, {
    "date" : "2010-09-30",
    "sales" : 70.69,
    "salesGrowthYoY" : -13.95,
    "grossProfitMargin" : 48.80,
    "grossProfit" : 34.50,
    "operatingProfitMargin" : 5.12,
    "operatingProfit" : 3.62,
    "netProfitMargin" : -13.51,
    "netProfit" : -9.55
  }, {
    "date" : "2010-12-31",
    "sales" : 84.30,
    "salesGrowthYoY" : 41.06,
    "grossProfitMargin" : 60.49,
    "grossProfit" : 50.99,
    "operatingProfitMargin" : 22.50,
    "operatingProfit" : 18.97,
    "netProfitMargin" : 2.46,
    "netProfit" : 2.07
  }, {
    "date" : "2011-03-31",
    "sales" : 104.23,
    "salesGrowthYoY" : 52.54,
    "grossProfitMargin" : 65.34,
    "grossProfit" : 68.10,
    "operatingProfitMargin" : 29.36,
    "operatingProfit" : 30.60,
    "netProfitMargin" : 13.66,
    "netProfit" : 14.24
  }, {
    "date" : "2011-06-30",
    "sales" : 134.31,
    "salesGrowthYoY" : 69.52,
    "grossProfitMargin" : 61.46,
    "grossProfit" : 82.55,
    "operatingProfitMargin" : 21.96,
    "operatingProfit" : 29.49,
    "netProfitMargin" : 9.63,
    "netProfit" : 12.93
  }, {
    "date" : "2011-09-30",
    "sales" : 123.54,
    "salesGrowthYoY" : 74.76,
    "grossProfitMargin" : 58.09,
    "grossProfit" : 71.76,
    "operatingProfitMargin" : 21.97,
    "operatingProfit" : 27.14,
    "netProfitMargin" : 5.94,
    "netProfit" : 7.34
  }, {
    "date" : "2011-12-31",
    "sales" : 115.75,
    "salesGrowthYoY" : 37.31,
    "grossProfitMargin" : 58.19,
    "grossProfit" : 67.35,
    "operatingProfitMargin" : 20.54,
    "operatingProfit" : 23.78,
    "netProfitMargin" : 5.80,
    "netProfit" : 6.71
  }, {
    "date" : "2012-03-31",
    "sales" : 136.20,
    "salesGrowthYoY" : 30.67,
    "grossProfitMargin" : 61.55,
    "grossProfit" : 83.83,
    "operatingProfitMargin" : 25.83,
    "operatingProfit" : 35.18,
    "netProfitMargin" : 15.26,
    "netProfit" : 20.78
  }, {
    "date" : "2012-06-30",
    "sales" : 138.03,
    "salesGrowthYoY" : 2.77,
    "grossProfitMargin" : 61.96,
    "grossProfit" : 85.52,
    "operatingProfitMargin" : 16.18,
    "operatingProfit" : 22.33,
    "netProfitMargin" : 3.72,
    "netProfit" : 5.13
  }, {
    "date" : "2012-09-30",
    "sales" : 134.18,
    "salesGrowthYoY" : 8.61,
    "grossProfitMargin" : 56.28,
    "grossProfit" : 75.52,
    "operatingProfitMargin" : 12.57,
    "operatingProfit" : 16.87,
    "netProfitMargin" : 1.54,
    "netProfit" : 2.07
  }, {
    "date" : "2012-12-31",
    "sales" : 115.62,
    "salesGrowthYoY" : -0.11,
    "grossProfitMargin" : 56.93,
    "grossProfit" : 65.82,
    "operatingProfitMargin" : 12.23,
    "operatingProfit" : 14.14,
    "netProfitMargin" : 0.37,
    "netProfit" : 0.43
  }, {
    "date" : "2013-03-31",
    "sales" : 111.31,
    "salesGrowthYoY" : -18.27,
    "grossProfitMargin" : 51.24,
    "grossProfit" : 57.04,
    "operatingProfitMargin" : 10.39,
    "operatingProfit" : 11.57,
    "netProfitMargin" : -0.30,
    "netProfit" : -0.33
  }, {
    "date" : "2013-06-30",
    "sales" : 100.33,
    "salesGrowthYoY" : -27.31,
    "grossProfitMargin" : 54.07,
    "grossProfit" : 54.25,
    "operatingProfitMargin" : 9.79,
    "operatingProfit" : 9.82,
    "netProfitMargin" : -3.04,
    "netProfit" : -3.05
  }, {
    "date" : "2013-09-30",
    "sales" : 100.74,
    "salesGrowthYoY" : -24.92,
    "grossProfitMargin" : 56.63,
    "grossProfit" : 57.05,
    "operatingProfitMargin" : 11.49,
    "operatingProfit" : 11.58,
    "netProfitMargin" : -1.10,
    "netProfit" : -1.11
  }, {
    "date" : "2013-12-31",
    "sales" : 101.03,
    "salesGrowthYoY" : -12.62,
    "grossProfitMargin" : 58.69,
    "grossProfit" : 59.29,
    "operatingProfitMargin" : 16.16,
    "operatingProfit" : 16.33,
    "netProfitMargin" : 3.20,
    "netProfit" : 3.23
  }, {
    "date" : "2014-03-31",
    "sales" : 88.72,
    "salesGrowthYoY" : -20.29,
    "grossProfitMargin" : 58.53,
    "grossProfit" : 51.93,
    "operatingProfitMargin" : 21.56,
    "operatingProfit" : 19.13,
    "netProfitMargin" : 6.72,
    "netProfit" : 5.96
  }, {
    "date" : "2014-06-30",
    "sales" : 78.96,
    "salesGrowthYoY" : -21.30,
    "grossProfitMargin" : 50.61,
    "grossProfit" : 39.96,
    "operatingProfitMargin" : 6.93,
    "operatingProfit" : 5.47,
    "netProfitMargin" : -5.91,
    "netProfit" : -4.67
  }, {
    "date" : "2014-09-30",
    "sales" : 109.84,
    "salesGrowthYoY" : 9.03,
    "grossProfitMargin" : 63.81,
    "grossProfit" : 70.09,
    "operatingProfitMargin" : 15.02,
    "operatingProfit" : 16.50,
    "netProfitMargin" : 4.94,
    "netProfit" : 5.43
  }, {
    "date" : "2014-12-31",
    "sales" : 102.19,
    "salesGrowthYoY" : 1.15,
    "grossProfitMargin" : 59.07,
    "grossProfit" : 60.36,
    "operatingProfitMargin" : 13.81,
    "operatingProfit" : 14.11,
    "netProfitMargin" : 2.25,
    "netProfit" : 2.30
  }, {
    "date" : "2015-03-31",
    "sales" : 147.61,
    "salesGrowthYoY" : 66.38,
    "grossProfitMargin" : 66.74,
    "grossProfit" : 98.51,
    "operatingProfitMargin" : 19.87,
    "operatingProfit" : 29.33,
    "netProfitMargin" : 11.39,
    "netProfit" : 16.81
  }, {
    "date" : "2015-06-30",
    "sales" : 158.76,
    "salesGrowthYoY" : 101.06,
    "grossProfitMargin" : 66.70,
    "grossProfit" : 105.89,
    "operatingProfitMargin" : 17.91,
    "operatingProfit" : 28.43,
    "netProfitMargin" : 8.77,
    "netProfit" : 13.92
  }, {
    "date" : "2015-09-30",
    "sales" : 153.42,
    "salesGrowthYoY" : 39.68,
    "grossProfitMargin" : 68.51,
    "grossProfit" : 105.11,
    "operatingProfitMargin" : 22.57,
    "operatingProfit" : 34.63,
    "netProfitMargin" : 10.06,
    "netProfit" : 15.43
  }, {
    "date" : "2015-12-31",
    "sales" : 125.78,
    "salesGrowthYoY" : 23.08,
    "grossProfitMargin" : 59.61,
    "grossProfit" : 74.98,
    "operatingProfitMargin" : 16.92,
    "operatingProfit" : 21.28,
    "netProfitMargin" : 4.97,
    "netProfit" : 6.25
  }, {
    "date" : "2016-03-31",
    "sales" : 141.11,
    "salesGrowthYoY" : -4.40,
    "grossProfitMargin" : 67.78,
    "grossProfit" : 95.64,
    "operatingProfitMargin" : 21.49,
    "operatingProfit" : 30.32,
    "netProfitMargin" : 7.06,
    "netProfit" : 9.96
  }, {
    "date" : "2016-06-30",
    "sales" : 117.45,
    "salesGrowthYoY" : -26.02,
    "grossProfitMargin" : 60.74,
    "grossProfit" : 71.34,
    "operatingProfitMargin" : 19.96,
    "operatingProfit" : 23.44,
    "netProfitMargin" : 9.64,
    "netProfit" : 11.32
  }, {
    "date" : "2016-09-30",
    "sales" : 129.08,
    "salesGrowthYoY" : -15.86,
    "grossProfitMargin" : 63.19,
    "grossProfit" : 81.57,
    "operatingProfitMargin" : 21.10,
    "operatingProfit" : 27.24,
    "netProfitMargin" : 10.51,
    "netProfit" : 13.57
  }, {
    "date" : "2016-12-31",
    "sales" : 113.85,
    "salesGrowthYoY" : -9.48,
    "grossProfitMargin" : 64.62,
    "grossProfit" : 73.57,
    "operatingProfitMargin" : 20.56,
    "operatingProfit" : 23.41,
    "netProfitMargin" : 9.78,
    "netProfit" : 11.13
  }, {
    "date" : "2017-03-31",
    "sales" : 135.24,
    "salesGrowthYoY" : -4.16,
    "grossProfitMargin" : 60.02,
    "grossProfit" : 81.17,
    "operatingProfitMargin" : 19.11,
    "operatingProfit" : 25.84,
    "netProfitMargin" : 7.99,
    "netProfit" : 10.81
  }, {
    "date" : "2017-06-30",
    "sales" : 135.65,
    "salesGrowthYoY" : 15.50,
    "grossProfitMargin" : 60.74,
    "grossProfit" : 82.39,
    "operatingProfitMargin" : 18.13,
    "operatingProfit" : 24.59,
    "netProfitMargin" : 8.40,
    "netProfit" : 11.39
  }, {
    "date" : "2017-09-30",
    "sales" : 136.20,
    "salesGrowthYoY" : 5.52,
    "grossProfitMargin" : 62.76,
    "grossProfit" : 85.48,
    "operatingProfitMargin" : 15.29,
    "operatingProfit" : 20.82,
    "netProfitMargin" : 6.98,
    "netProfit" : 9.51
  }, {
    "date" : "2017-12-31",
    "sales" : 134.14,
    "salesGrowthYoY" : 17.82,
    "grossProfitMargin" : 58.57,
    "grossProfit" : 78.57,
    "operatingProfitMargin" : 13.58,
    "operatingProfit" : 18.22,
    "netProfitMargin" : 6.67,
    "netProfit" : 8.95
  }, {
    "date" : "2018-03-31",
    "sales" : 163.65,
    "salesGrowthYoY" : 21.01,
    "grossProfitMargin" : 57.82,
    "grossProfit" : 94.62,
    "operatingProfitMargin" : 13.07,
    "operatingProfit" : 21.39,
    "netProfitMargin" : 5.32,
    "netProfit" : 8.71
  }, {
    "date" : "2018-06-30",
    "sales" : 161.72,
    "salesGrowthYoY" : 19.22,
    "grossProfitMargin" : 60.07,
    "grossProfit" : 97.15,
    "operatingProfitMargin" : 14.21,
    "operatingProfit" : 22.98,
    "netProfitMargin" : 7.02,
    "netProfit" : 11.35
  }, {
    "date" : "2018-09-30",
    "sales" : 162.51,
    "salesGrowthYoY" : 19.32,
    "grossProfitMargin" : 56.69,
    "grossProfit" : 92.13,
    "operatingProfitMargin" : 13.09,
    "operatingProfit" : 21.27,
    "netProfitMargin" : 6.26,
    "netProfit" : 10.17
  }, {
    "date" : "2018-12-31",
    "sales" : 173.11,
    "salesGrowthYoY" : 29.05,
    "grossProfitMargin" : 52.35,
    "grossProfit" : 90.62,
    "operatingProfitMargin" : 13.22,
    "operatingProfit" : 22.89,
    "netProfitMargin" : 6.62,
    "netProfit" : 11.46
  }, {
    "date" : "2019-03-31",
    "sales" : 154.07,
    "salesGrowthYoY" : -5.85,
    "grossProfitMargin" : 52.63,
    "grossProfit" : 81.09,
    "operatingProfitMargin" : 18.23,
    "operatingProfit" : 28.09,
    "netProfitMargin" : 8.48,
    "netProfit" : 13.07
  }, {
    "date" : "2019-06-30",
    "sales" : 182.05,
    "salesGrowthYoY" : 12.57,
    "grossProfitMargin" : 60.06,
    "grossProfit" : 109.34,
    "operatingProfitMargin" : 22.20,
    "operatingProfit" : 40.42,
    "netProfitMargin" : 12.82,
    "netProfit" : 23.34
  }, {
    "date" : "2019-09-30",
    "sales" : 134.25,
    "salesGrowthYoY" : -17.39,
    "grossProfitMargin" : 55.72,
    "grossProfit" : 74.80,
    "operatingProfitMargin" : 11.93,
    "operatingProfit" : 16.02,
    "netProfitMargin" : 24.07,
    "netProfit" : 32.31
  }, {
    "date" : "2019-12-31",
    "sales" : 115.77,
    "salesGrowthYoY" : -33.12,
    "grossProfitMargin" : 52.33,
    "grossProfit" : 60.58,
    "operatingProfitMargin" : 9.13,
    "operatingProfit" : 10.57,
    "netProfitMargin" : 3.41,
    "netProfit" : 3.95
  }, {
    "date" : "2020-03-31",
    "sales" : 123.72,
    "salesGrowthYoY" : -19.70,
    "grossProfitMargin" : 54.65,
    "grossProfit" : 67.61,
    "operatingProfitMargin" : 9.14,
    "operatingProfit" : 11.31,
    "netProfitMargin" : 4.91,
    "netProfit" : 6.07
  }, {
    "date" : "2020-06-30",
    "sales" : 138.61,
    "salesGrowthYoY" : -23.86,
    "grossProfitMargin" : 63.57,
    "grossProfit" : 88.11,
    "operatingProfitMargin" : 28.81,
    "operatingProfit" : 39.93,
    "netProfitMargin" : 18.84,
    "netProfit" : 26.11
  }, {
    "date" : "2020-09-30",
    "sales" : 198.06,
    "salesGrowthYoY" : 47.53,
    "grossProfitMargin" : 61.70,
    "grossProfit" : 122.20,
    "operatingProfitMargin" : 25.22,
    "operatingProfit" : 49.95,
    "netProfitMargin" : 17.09,
    "netProfit" : 33.85
  }, {
    "date" : "2020-12-31",
    "sales" : 208.10,
    "salesGrowthYoY" : 79.75,
    "grossProfitMargin" : 61.54,
    "grossProfit" : 128.06,
    "operatingProfitMargin" : 23.52,
    "operatingProfit" : 48.95,
    "netProfitMargin" : 15.90,
    "netProfit" : 33.09
  }, {
    "date" : "2021-03-31",
    "sales" : 213.83,
    "salesGrowthYoY" : 72.83,
    "grossProfitMargin" : 62.39,
    "grossProfit" : 133.41,
    "operatingProfitMargin" : 17.32,
    "operatingProfit" : 37.04,
    "netProfitMargin" : 10.33,
    "netProfit" : 22.09
  }, {
    "date" : "2021-06-30",
    "sales" : 224.24,
    "salesGrowthYoY" : 61.78,
    "grossProfitMargin" : 64.48,
    "grossProfit" : 144.59,
    "operatingProfitMargin" : 24.70,
    "operatingProfit" : 55.39,
    "netProfitMargin" : 16.42,
    "netProfit" : 36.82
  }, {
    "date" : "2021-09-30",
    "sales" : 190.88,
    "salesGrowthYoY" : -3.63,
    "grossProfitMargin" : 63.81,
    "grossProfit" : 121.80,
    "operatingProfitMargin" : 20.26,
    "operatingProfit" : 38.67,
    "netProfitMargin" : 12.23,
    "netProfit" : 23.34
  }, {
    "date" : "2021-12-31",
    "sales" : 190.54,
    "salesGrowthYoY" : -8.44,
    "grossProfitMargin" : 61.40,
    "grossProfit" : 116.99,
    "operatingProfitMargin" : 22.66,
    "operatingProfit" : 43.18,
    "netProfitMargin" : 14.28,
    "netProfit" : 27.21
  }, {
    "date" : "2022-03-31",
    "sales" : 186.19,
    "salesGrowthYoY" : -12.93,
    "grossProfitMargin" : 54.84,
    "grossProfit" : 102.11,
    "operatingProfitMargin" : 12.95,
    "operatingProfit" : 24.11,
    "netProfitMargin" : 9.64,
    "netProfit" : 17.95
  }, {
    "date" : "2022-06-30",
    "sales" : 194.02,
    "salesGrowthYoY" : -13.48,
    "grossProfitMargin" : 59.71,
    "grossProfit" : 115.85,
    "operatingProfitMargin" : 17.94,
    "operatingProfit" : 34.81,
    "netProfitMargin" : 10.66,
    "netProfit" : 20.68
  }, {
    "date" : "2022-09-30",
    "sales" : 180.46,
    "salesGrowthYoY" : -5.46,
    "grossProfitMargin" : 53.12,
    "grossProfit" : 95.86,
    "operatingProfitMargin" : 9.32,
    "operatingProfit" : 16.82,
    "netProfitMargin" : 3.64,
    "netProfit" : 6.57
  }, {
    "date" : "2022-12-31",
    "sales" : 211.13,
    "salesGrowthYoY" : 10.81,
    "grossProfitMargin" : 54.23,
    "grossProfit" : 114.50,
    "operatingProfitMargin" : 11.86,
    "operatingProfit" : 25.04,
    "netProfitMargin" : 5.76,
    "netProfit" : 12.16
  }, {
    "date" : "2023-03-31",
    "sales" : 195.94,
    "salesGrowthYoY" : 5.24,
    "grossProfitMargin" : 54.69,
    "grossProfit" : 107.16,
    "operatingProfitMargin" : 10.47,
    "operatingProfit" : 20.51,
    "netProfitMargin" : 5.05,
    "netProfit" : 9.89
  }, {
    "date" : "2023-06-30",
    "sales" : 192.08,
    "salesGrowthYoY" : -1.00,
    "grossProfitMargin" : 53.43,
    "grossProfit" : 102.63,
    "operatingProfitMargin" : 13.13,
    "operatingProfit" : 25.22,
    "netProfitMargin" : 7.36,
    "netProfit" : 14.14
  }, {
    "date" : "2023-09-30",
    "sales" : 167.25,
    "salesGrowthYoY" : -7.32,
    "grossProfitMargin" : 49.99,
    "grossProfit" : 83.61,
    "operatingProfitMargin" : 8.19,
    "operatingProfit" : 13.70,
    "netProfitMargin" : 2.83,
    "netProfit" : 4.73
  }, {
    "date" : "2023-12-31",
    "sales" : 216.86,
    "salesGrowthYoY" : 2.71,
    "grossProfitMargin" : 50.56,
    "grossProfit" : 109.64,
    "operatingProfitMargin" : 13.18,
    "operatingProfit" : 28.58,
    "netProfitMargin" : 7.10,
    "netProfit" : 15.40
  }, {
    "date" : "2024-03-31",
    "sales" : 223.24,
    "salesGrowthYoY" : 13.93,
    "grossProfitMargin" : 48.86,
    "grossProfit" : 109.08,
    "operatingProfitMargin" : 11.79,
    "operatingProfit" : 26.32,
    "netProfitMargin" : 7.92,
    "netProfit" : 17.68
  }, {
    "date" : "2024-06-30",
    "sales" : 172.15,
    "salesGrowthYoY" : -10.38,
    "grossProfitMargin" : 47.44,
    "grossProfit" : 81.67,
    "operatingProfitMargin" : 6.58,
    "operatingProfit" : 11.33,
    "netProfitMargin" : 1.63,
    "netProfit" : 2.81
  }, {
    "date" : "2024-09-30",
    "sales" : 120.46,
    "salesGrowthYoY" : -27.98,
    "grossProfitMargin" : 43.82,
    "grossProfit" : 52.79,
    "operatingProfitMargin" : 1.82,
    "operatingProfit" : 2.19,
    "netProfitMargin" : -3.35,
    "netProfit" : -4.04
  }, {
    "date" : "2024-12-31",
    "sales" : 115.45,
    "salesGrowthYoY" : -46.76,
    "grossProfitMargin" : 46.68,
    "grossProfit" : 53.89,
    "operatingProfitMargin" : 7.58,
    "operatingProfit" : 8.75,
    "netProfitMargin" : 0.70,
    "netProfit" : 0.81
  }, {
    "date" : "2025-03-31",
    "sales" : 118.92,
    "salesGrowthYoY" : -46.73,
    "grossProfitMargin" : 47.43,
    "grossProfit" : 56.40,
    "operatingProfitMargin" : 11.03,
    "operatingProfit" : 13.12,
    "netProfitMargin" : 6.69,
    "netProfit" : 7.96
  }, {
    "date" : "2025-06-30",
    "sales" : 150.56,
    "salesGrowthYoY" : -12.54,
    "grossProfitMargin" : 54.22,
    "grossProfit" : 81.63,
    "operatingProfitMargin" : 18.52,
    "operatingProfit" : 27.88,
    "netProfitMargin" : 10.20,
    "netProfit" : 15.36
  }, {
    "date" : "2025-09-30",
    "sales" : 140.31,
    "salesGrowthYoY" : 16.48,
    "grossProfitMargin" : 52.36,
    "grossProfit" : 73.47,
    "operatingProfitMargin" : 14.37,
    "operatingProfit" : 20.16,
    "netProfitMargin" : 6.46,
    "netProfit" : 9.06
  } ],
  "latestQuarterlyResult" : {
    "date" : "2025-09-30",
    "sales" : 140.31,
    "salesGrowthYoY" : 16.48,
    "grossProfitMargin" : 52.36,
    "grossProfit" : 73.47,
    "operatingProfitMargin" : 14.37,
    "operatingProfit" : 20.16,
    "netProfitMargin" : 6.46,
    "netProfit" : 9.06
  },
  "companyScore" : {
    "priceHigherThanDma50" : 0.00,
    "priceHigherThanDma100" : 0.00,
    "priceHigherThanDma200" : 0.00,
    "dma50HigherThanDma100" : 0.00,
    "dma50HigherThanDma200" : 5.00,
    "dma100HigherThanDma200" : 5.00,
    "pricePercentageAboveDma50" : 6.12,
    "pricePercentageAboveDma100" : 6.30,
    "pricePercentageAboveDma200" : 5.83,
    "weeklyVolumeHigherThanYearlyVolume" : 0.00,
    "salesGrowthPercentile" : 12.41,
    "operatingProfitMarginPercentile" : 8.43,
    "netProfitMarginPercentile" : 5.33,
    "totalTechnicalScore" : 28.25,
    "totalFundamentalScore" : 26.17,
    "totalScore" : 54.42
  }
}