{
  "metadata" : {
    "screenerCompanyId" : "841",
    "companyCode" : "DLF",
    "companyName" : "DLF",
    "screenerCompanyLink" : "https://www.screener.in/company/DLF/consolidated/",
    "screenerTechnicalHistoryLink" : "https://www.screener.in/api/company/841/chart/?q=Price-DMA50-DMA200-Volume&days=365",
    "screenerQuarterlyResultsLink" : "https://www.screener.in/api/company/841/chart/?q=GPM-OPM-NPM-Quarter+Sales&days=10000",
    "attributes" : {
      "companyCode" : "DLF",
      "companyName" : "DLF",
      "marketCap" : 166181.00,
      "peRatio" : 38.50,
      "description" : "DLF Ltd with its subsidiaries, associates and JVs is engaged in real estate development, from the identification and acquisition of land to planning, execution, construction and marketing of projects. It is also engaged in business of leasing, generation of power, provision of maintenance services, hospitality and recreational services which are related to the overall development of real estate business.[1]"
    },
    "companyScore" : {
      "priceHigherThanDma50" : 0.00,
      "priceHigherThanDma100" : 0.00,
      "priceHigherThanDma200" : 0.00,
      "dma50HigherThanDma100" : 0.00,
      "dma50HigherThanDma200" : 0.00,
      "dma100HigherThanDma200" : 0.00,
      "pricePercentageAboveDma50" : 5.01,
      "pricePercentageAboveDma100" : 5.29,
      "pricePercentageAboveDma200" : 5.38,
      "weeklyVolumeHigherThanYearlyVolume" : 0.00,
      "salesGrowthPercentile" : 4.23,
      "operatingProfitMarginPercentile" : 12.92,
      "netProfitMarginPercentile" : 8.40,
      "totalTechnicalScore" : 15.68,
      "totalFundamentalScore" : 25.55,
      "totalScore" : 41.23
    }
  },
  "attributes" : {
    "companyCode" : "DLF",
    "companyName" : "DLF",
    "marketCap" : 166181.00,
    "peRatio" : 38.50,
    "description" : "DLF Ltd with its subsidiaries, associates and JVs is engaged in real estate development, from the identification and acquisition of land to planning, execution, construction and marketing of projects. It is also engaged in business of leasing, generation of power, provision of maintenance services, hospitality and recreational services which are related to the overall development of real estate business.[1]"
  },
  "technicalHistory" : [ {
    "date" : "2025-02-10",
    "price" : 730.95,
    "dma50" : 777.09,
    "dma100" : null,
    "dma200" : 799.98,
    "volume" : 2152872.00
  }, {
    "date" : "2025-02-11",
    "price" : 709.10,
    "dma50" : 774.42,
    "dma100" : null,
    "dma200" : 799.07,
    "volume" : 3133028.00
  }, {
    "date" : "2025-02-12",
    "price" : 680.05,
    "dma50" : 770.72,
    "dma100" : null,
    "dma200" : 797.89,
    "volume" : 7449921.00
  }, {
    "date" : "2025-02-13",
    "price" : 680.65,
    "dma50" : 767.19,
    "dma100" : null,
    "dma200" : 796.72,
    "volume" : 6768475.00
  }, {
    "date" : "2025-02-14",
    "price" : 673.30,
    "dma50" : 763.51,
    "dma100" : null,
    "dma200" : 795.49,
    "volume" : 3369854.00
  }, {
    "date" : "2025-02-17",
    "price" : 674.75,
    "dma50" : 760.03,
    "dma100" : null,
    "dma200" : 794.29,
    "volume" : 2918050.00
  }, {
    "date" : "2025-02-18",
    "price" : 672.10,
    "dma50" : 756.58,
    "dma100" : null,
    "dma200" : 793.08,
    "volume" : 2943440.00
  }, {
    "date" : "2025-02-19",
    "price" : 690.15,
    "dma50" : 753.97,
    "dma100" : null,
    "dma200" : 792.05,
    "volume" : 3530722.00
  }, {
    "date" : "2025-02-20",
    "price" : 694.90,
    "dma50" : 751.66,
    "dma100" : null,
    "dma200" : 791.09,
    "volume" : 1963463.00
  }, {
    "date" : "2025-02-21",
    "price" : 686.25,
    "dma50" : 749.09,
    "dma100" : null,
    "dma200" : 790.04,
    "volume" : 3115475.00
  }, {
    "date" : "2025-02-24",
    "price" : 673.70,
    "dma50" : 746.13,
    "dma100" : null,
    "dma200" : 788.88,
    "volume" : 2545956.00
  }, {
    "date" : "2025-02-25",
    "price" : 656.80,
    "dma50" : 742.63,
    "dma100" : null,
    "dma200" : 787.57,
    "volume" : 4178620.00
  }, {
    "date" : "2025-02-27",
    "price" : 642.40,
    "dma50" : 738.70,
    "dma100" : null,
    "dma200" : 786.13,
    "volume" : 3260250.00
  }, {
    "date" : "2025-02-28",
    "price" : 635.55,
    "dma50" : 734.66,
    "dma100" : null,
    "dma200" : 784.63,
    "volume" : 6030902.00
  }, {
    "date" : "2025-03-03",
    "price" : 647.30,
    "dma50" : 731.23,
    "dma100" : null,
    "dma200" : 783.26,
    "volume" : 3603477.00
  }, {
    "date" : "2025-03-04",
    "price" : 643.30,
    "dma50" : 727.78,
    "dma100" : null,
    "dma200" : 781.87,
    "volume" : 2320569.00
  }, {
    "date" : "2025-03-05",
    "price" : 661.35,
    "dma50" : 725.18,
    "dma100" : null,
    "dma200" : 780.67,
    "volume" : 2366068.00
  }, {
    "date" : "2025-03-06",
    "price" : 665.30,
    "dma50" : 722.83,
    "dma100" : null,
    "dma200" : 779.52,
    "volume" : 2415081.00
  }, {
    "date" : "2025-03-07",
    "price" : 667.05,
    "dma50" : 720.64,
    "dma100" : null,
    "dma200" : 778.40,
    "volume" : 5504790.00
  }, {
    "date" : "2025-03-10",
    "price" : 647.10,
    "dma50" : 717.76,
    "dma100" : null,
    "dma200" : 777.10,
    "volume" : 2428004.00
  }, {
    "date" : "2025-03-11",
    "price" : 674.10,
    "dma50" : 716.04,
    "dma100" : null,
    "dma200" : 776.07,
    "volume" : 4110594.00
  }, {
    "date" : "2025-03-12",
    "price" : 668.70,
    "dma50" : 714.19,
    "dma100" : null,
    "dma200" : 775.00,
    "volume" : 4172038.00
  }, {
    "date" : "2025-03-13",
    "price" : 658.10,
    "dma50" : 711.99,
    "dma100" : null,
    "dma200" : 773.84,
    "volume" : 2943881.00
  }, {
    "date" : "2025-03-17",
    "price" : 655.55,
    "dma50" : 709.78,
    "dma100" : null,
    "dma200" : 772.66,
    "volume" : 1845815.00
  }, {
    "date" : "2025-03-18",
    "price" : 674.80,
    "dma50" : 708.40,
    "dma100" : null,
    "dma200" : 771.69,
    "volume" : 3920712.00
  }, {
    "date" : "2025-03-19",
    "price" : 697.55,
    "dma50" : 707.98,
    "dma100" : null,
    "dma200" : 770.95,
    "volume" : 3506748.00
  }, {
    "date" : "2025-03-20",
    "price" : 694.30,
    "dma50" : 707.44,
    "dma100" : null,
    "dma200" : 770.19,
    "volume" : 4724722.00
  }, {
    "date" : "2025-03-21",
    "price" : 695.90,
    "dma50" : 706.99,
    "dma100" : null,
    "dma200" : 769.45,
    "volume" : 7241908.00
  }, {
    "date" : "2025-03-24",
    "price" : 706.00,
    "dma50" : 706.95,
    "dma100" : null,
    "dma200" : 768.82,
    "volume" : 6448003.00
  }, {
    "date" : "2025-03-25",
    "price" : 695.20,
    "dma50" : 706.49,
    "dma100" : null,
    "dma200" : 768.09,
    "volume" : 3058979.00
  }, {
    "date" : "2025-03-26",
    "price" : 680.45,
    "dma50" : 705.47,
    "dma100" : null,
    "dma200" : 767.21,
    "volume" : 5644379.00
  }, {
    "date" : "2025-03-27",
    "price" : 688.50,
    "dma50" : 704.80,
    "dma100" : null,
    "dma200" : 766.43,
    "volume" : 2697088.00
  }, {
    "date" : "2025-03-28",
    "price" : 680.50,
    "dma50" : 703.85,
    "dma100" : null,
    "dma200" : 765.58,
    "volume" : 2857392.00
  }, {
    "date" : "2025-04-01",
    "price" : 663.10,
    "dma50" : 702.25,
    "dma100" : null,
    "dma200" : 764.56,
    "volume" : 3649857.00
  }, {
    "date" : "2025-04-02",
    "price" : 683.15,
    "dma50" : 701.50,
    "dma100" : null,
    "dma200" : 763.75,
    "volume" : 3660519.00
  }, {
    "date" : "2025-04-03",
    "price" : 680.05,
    "dma50" : 700.66,
    "dma100" : null,
    "dma200" : 762.91,
    "volume" : 2026634.00
  }, {
    "date" : "2025-04-04",
    "price" : 653.95,
    "dma50" : 698.83,
    "dma100" : null,
    "dma200" : 761.83,
    "volume" : 2928003.00
  }, {
    "date" : "2025-04-07",
    "price" : 608.05,
    "dma50" : 695.27,
    "dma100" : null,
    "dma200" : 760.30,
    "volume" : 4562824.00
  }, {
    "date" : "2025-04-08",
    "price" : 621.55,
    "dma50" : 692.38,
    "dma100" : null,
    "dma200" : 758.92,
    "volume" : 3792927.00
  }, {
    "date" : "2025-04-09",
    "price" : 612.85,
    "dma50" : 689.26,
    "dma100" : null,
    "dma200" : 757.46,
    "volume" : 2471394.00
  }, {
    "date" : "2025-04-11",
    "price" : 623.60,
    "dma50" : 686.69,
    "dma100" : null,
    "dma200" : 756.13,
    "volume" : 2865637.00
  }, {
    "date" : "2025-04-15",
    "price" : 662.80,
    "dma50" : 685.75,
    "dma100" : null,
    "dma200" : 755.20,
    "volume" : 5512237.00
  }, {
    "date" : "2025-04-16",
    "price" : 656.25,
    "dma50" : 684.59,
    "dma100" : null,
    "dma200" : 754.22,
    "volume" : 2238958.00
  }, {
    "date" : "2025-04-17",
    "price" : 669.40,
    "dma50" : 684.00,
    "dma100" : null,
    "dma200" : 753.37,
    "volume" : 3543159.00
  }, {
    "date" : "2025-04-21",
    "price" : 675.90,
    "dma50" : 683.68,
    "dma100" : null,
    "dma200" : 752.60,
    "volume" : 3628918.00
  }, {
    "date" : "2025-04-22",
    "price" : 685.00,
    "dma50" : 683.73,
    "dma100" : null,
    "dma200" : 751.93,
    "volume" : 3875443.00
  }, {
    "date" : "2025-04-23",
    "price" : 687.70,
    "dma50" : 683.89,
    "dma100" : null,
    "dma200" : 751.29,
    "volume" : 3198774.00
  }, {
    "date" : "2025-04-24",
    "price" : 680.50,
    "dma50" : 683.75,
    "dma100" : null,
    "dma200" : 750.59,
    "volume" : 2062533.00
  }, {
    "date" : "2025-04-25",
    "price" : 653.55,
    "dma50" : 682.57,
    "dma100" : null,
    "dma200" : 749.62,
    "volume" : 4661561.00
  }, {
    "date" : "2025-04-28",
    "price" : 663.90,
    "dma50" : 681.84,
    "dma100" : null,
    "dma200" : 748.77,
    "volume" : 3017207.00
  }, {
    "date" : "2025-04-29",
    "price" : 658.85,
    "dma50" : 680.94,
    "dma100" : null,
    "dma200" : 747.87,
    "volume" : 3221571.00
  }, {
    "date" : "2025-04-30",
    "price" : 674.30,
    "dma50" : 680.67,
    "dma100" : null,
    "dma200" : 747.14,
    "volume" : 7641193.00
  }, {
    "date" : "2025-05-02",
    "price" : 687.05,
    "dma50" : 680.92,
    "dma100" : null,
    "dma200" : 746.54,
    "volume" : 3917040.00
  }, {
    "date" : "2025-05-05",
    "price" : 693.75,
    "dma50" : 681.43,
    "dma100" : null,
    "dma200" : 746.02,
    "volume" : 2700593.00
  }, {
    "date" : "2025-05-06",
    "price" : 677.15,
    "dma50" : 681.26,
    "dma100" : null,
    "dma200" : 745.33,
    "volume" : 3403716.00
  }, {
    "date" : "2025-05-07",
    "price" : 679.25,
    "dma50" : 681.18,
    "dma100" : null,
    "dma200" : 744.68,
    "volume" : 2891741.00
  }, {
    "date" : "2025-05-08",
    "price" : 655.05,
    "dma50" : 680.16,
    "dma100" : null,
    "dma200" : 743.78,
    "volume" : 2900795.00
  }, {
    "date" : "2025-05-09",
    "price" : 631.70,
    "dma50" : 678.26,
    "dma100" : null,
    "dma200" : 742.67,
    "volume" : 9969738.00
  }, {
    "date" : "2025-05-12",
    "price" : 680.50,
    "dma50" : 678.34,
    "dma100" : null,
    "dma200" : 742.05,
    "volume" : 5110873.00
  }, {
    "date" : "2025-05-13",
    "price" : 677.85,
    "dma50" : 678.32,
    "dma100" : null,
    "dma200" : 741.41,
    "volume" : 3609229.00
  }, {
    "date" : "2025-05-14",
    "price" : 688.70,
    "dma50" : 678.73,
    "dma100" : null,
    "dma200" : 740.89,
    "volume" : 4225690.00
  }, {
    "date" : "2025-05-15",
    "price" : 709.05,
    "dma50" : 679.92,
    "dma100" : null,
    "dma200" : 740.57,
    "volume" : 3750413.00
  }, {
    "date" : "2025-05-16",
    "price" : 715.90,
    "dma50" : 681.33,
    "dma100" : null,
    "dma200" : 740.33,
    "volume" : 4215053.00
  }, {
    "date" : "2025-05-19",
    "price" : 737.65,
    "dma50" : 683.54,
    "dma100" : null,
    "dma200" : 740.30,
    "volume" : 5315324.00
  }, {
    "date" : "2025-05-20",
    "price" : 753.50,
    "dma50" : 686.28,
    "dma100" : null,
    "dma200" : 740.43,
    "volume" : 24249171.00
  }, {
    "date" : "2025-05-21",
    "price" : 775.15,
    "dma50" : 689.77,
    "dma100" : null,
    "dma200" : 740.78,
    "volume" : 8916315.00
  }, {
    "date" : "2025-05-22",
    "price" : 775.80,
    "dma50" : 693.14,
    "dma100" : null,
    "dma200" : 741.12,
    "volume" : 3700372.00
  }, {
    "date" : "2025-05-23",
    "price" : 776.50,
    "dma50" : 696.41,
    "dma100" : null,
    "dma200" : 741.48,
    "volume" : 3277213.00
  }, {
    "date" : "2025-05-26",
    "price" : 777.80,
    "dma50" : 699.60,
    "dma100" : null,
    "dma200" : 741.84,
    "volume" : 3843786.00
  }, {
    "date" : "2025-05-27",
    "price" : 774.05,
    "dma50" : 702.52,
    "dma100" : null,
    "dma200" : 742.16,
    "volume" : 4278481.00
  }, {
    "date" : "2025-05-28",
    "price" : 772.00,
    "dma50" : 705.25,
    "dma100" : null,
    "dma200" : 742.45,
    "volume" : 2566061.00
  }, {
    "date" : "2025-05-29",
    "price" : 793.75,
    "dma50" : 708.72,
    "dma100" : null,
    "dma200" : 742.97,
    "volume" : 5549285.00
  }, {
    "date" : "2025-05-30",
    "price" : 797.85,
    "dma50" : 712.21,
    "dma100" : null,
    "dma200" : 743.51,
    "volume" : 6809077.00
  }, {
    "date" : "2025-06-02",
    "price" : 810.70,
    "dma50" : 716.08,
    "dma100" : null,
    "dma200" : 744.18,
    "volume" : 3659936.00
  }, {
    "date" : "2025-06-03",
    "price" : 804.55,
    "dma50" : 719.55,
    "dma100" : null,
    "dma200" : 744.78,
    "volume" : 3517184.00
  }, {
    "date" : "2025-06-04",
    "price" : 803.40,
    "dma50" : 722.83,
    "dma100" : null,
    "dma200" : 745.36,
    "volume" : 2258200.00
  }, {
    "date" : "2025-06-05",
    "price" : 825.70,
    "dma50" : 726.87,
    "dma100" : null,
    "dma200" : 746.16,
    "volume" : 5672952.00
  }, {
    "date" : "2025-06-06",
    "price" : 880.35,
    "dma50" : 732.89,
    "dma100" : null,
    "dma200" : 747.50,
    "volume" : 14274343.00
  }, {
    "date" : "2025-06-09",
    "price" : 878.60,
    "dma50" : 738.60,
    "dma100" : null,
    "dma200" : 748.80,
    "volume" : 3092944.00
  }, {
    "date" : "2025-06-10",
    "price" : 868.00,
    "dma50" : 743.68,
    "dma100" : null,
    "dma200" : 749.99,
    "volume" : 2480420.00
  }, {
    "date" : "2025-06-11",
    "price" : 868.55,
    "dma50" : 748.57,
    "dma100" : null,
    "dma200" : 751.17,
    "volume" : 2550922.00
  }, {
    "date" : "2025-06-12",
    "price" : 847.85,
    "dma50" : 752.47,
    "dma100" : null,
    "dma200" : 752.13,
    "volume" : 2840407.00
  }, {
    "date" : "2025-06-13",
    "price" : 851.25,
    "dma50" : 756.34,
    "dma100" : null,
    "dma200" : 753.12,
    "volume" : 4017218.00
  }, {
    "date" : "2025-06-16",
    "price" : 859.00,
    "dma50" : 760.37,
    "dma100" : null,
    "dma200" : 754.17,
    "volume" : 2271190.00
  }, {
    "date" : "2025-06-17",
    "price" : 851.45,
    "dma50" : 763.94,
    "dma100" : null,
    "dma200" : 755.14,
    "volume" : 5458819.00
  }, {
    "date" : "2025-06-18",
    "price" : 844.80,
    "dma50" : 767.11,
    "dma100" : null,
    "dma200" : 756.03,
    "volume" : 4927734.00
  }, {
    "date" : "2025-06-19",
    "price" : 839.90,
    "dma50" : 769.96,
    "dma100" : null,
    "dma200" : 756.87,
    "volume" : 4421324.00
  }, {
    "date" : "2025-06-20",
    "price" : 854.25,
    "dma50" : 773.27,
    "dma100" : null,
    "dma200" : 757.83,
    "volume" : 4436677.00
  }, {
    "date" : "2025-06-23",
    "price" : 852.45,
    "dma50" : 776.37,
    "dma100" : null,
    "dma200" : 758.78,
    "volume" : 2613437.00
  }, {
    "date" : "2025-06-24",
    "price" : 849.50,
    "dma50" : 779.24,
    "dma100" : null,
    "dma200" : 759.68,
    "volume" : 3430832.00
  }, {
    "date" : "2025-06-25",
    "price" : 854.35,
    "dma50" : 782.19,
    "dma100" : null,
    "dma200" : 760.62,
    "volume" : 2785318.00
  }, {
    "date" : "2025-06-26",
    "price" : 847.10,
    "dma50" : 784.73,
    "dma100" : null,
    "dma200" : 761.48,
    "volume" : 5156520.00
  }, {
    "date" : "2025-06-27",
    "price" : 845.80,
    "dma50" : 787.13,
    "dma100" : null,
    "dma200" : 762.32,
    "volume" : 3987610.00
  }, {
    "date" : "2025-06-30",
    "price" : 837.80,
    "dma50" : 789.11,
    "dma100" : null,
    "dma200" : 763.07,
    "volume" : 2253326.00
  }, {
    "date" : "2025-07-01",
    "price" : 843.45,
    "dma50" : 791.25,
    "dma100" : null,
    "dma200" : 763.87,
    "volume" : 3539620.00
  }, {
    "date" : "2025-07-02",
    "price" : 831.90,
    "dma50" : 792.84,
    "dma100" : null,
    "dma200" : 764.55,
    "volume" : 3841466.00
  }, {
    "date" : "2025-07-03",
    "price" : 829.70,
    "dma50" : 794.28,
    "dma100" : null,
    "dma200" : 765.20,
    "volume" : 1560123.00
  }, {
    "date" : "2025-07-04",
    "price" : 836.00,
    "dma50" : 795.92,
    "dma100" : null,
    "dma200" : 765.90,
    "volume" : 1261642.00
  }, {
    "date" : "2025-07-07",
    "price" : 832.50,
    "dma50" : 797.36,
    "dma100" : null,
    "dma200" : 766.56,
    "volume" : 1015772.00
  }, {
    "date" : "2025-07-08",
    "price" : 842.90,
    "dma50" : 799.14,
    "dma100" : null,
    "dma200" : 767.32,
    "volume" : 2476345.00
  }, {
    "date" : "2025-07-09",
    "price" : 829.65,
    "dma50" : 800.34,
    "dma100" : 729.37,
    "dma200" : 767.94,
    "volume" : 2445028.00
  }, {
    "date" : "2025-07-10",
    "price" : 831.55,
    "dma50" : 801.56,
    "dma100" : 730.59,
    "dma200" : 768.58,
    "volume" : 2393672.00
  }, {
    "date" : "2025-07-11",
    "price" : 815.10,
    "dma50" : 802.09,
    "dma100" : 731.94,
    "dma200" : 769.04,
    "volume" : 2043891.00
  }, {
    "date" : "2025-07-14",
    "price" : 826.90,
    "dma50" : 803.07,
    "dma100" : 733.40,
    "dma200" : 769.61,
    "volume" : 3716857.00
  }, {
    "date" : "2025-07-15",
    "price" : 833.50,
    "dma50" : 804.26,
    "dma100" : 735.01,
    "dma200" : 770.25,
    "volume" : 2726676.00
  }, {
    "date" : "2025-07-16",
    "price" : 844.30,
    "dma50" : 805.83,
    "dma100" : 736.70,
    "dma200" : 770.99,
    "volume" : 2183704.00
  }, {
    "date" : "2025-07-17",
    "price" : 847.05,
    "dma50" : 807.45,
    "dma100" : 738.45,
    "dma200" : 771.74,
    "volume" : 3666227.00
  }, {
    "date" : "2025-07-18",
    "price" : 845.20,
    "dma50" : 808.93,
    "dma100" : 740.00,
    "dma200" : 772.47,
    "volume" : 1871901.00
  }, {
    "date" : "2025-07-21",
    "price" : 852.60,
    "dma50" : 810.64,
    "dma100" : 741.58,
    "dma200" : 773.27,
    "volume" : 1608796.00
  }, {
    "date" : "2025-07-22",
    "price" : 845.50,
    "dma50" : 812.01,
    "dma100" : 743.17,
    "dma200" : 773.99,
    "volume" : 2635750.00
  }, {
    "date" : "2025-07-23",
    "price" : 841.95,
    "dma50" : 813.18,
    "dma100" : 744.85,
    "dma200" : 774.67,
    "volume" : 3147570.00
  }, {
    "date" : "2025-07-24",
    "price" : 828.95,
    "dma50" : 813.80,
    "dma100" : 746.58,
    "dma200" : 775.21,
    "volume" : 1771414.00
  }, {
    "date" : "2025-07-25",
    "price" : 826.30,
    "dma50" : 814.29,
    "dma100" : 748.41,
    "dma200" : 775.72,
    "volume" : 2975930.00
  }, {
    "date" : "2025-07-28",
    "price" : 787.20,
    "dma50" : 813.23,
    "dma100" : 749.93,
    "dma200" : 775.83,
    "volume" : 3818508.00
  }, {
    "date" : "2025-07-29",
    "price" : 800.35,
    "dma50" : 812.72,
    "dma100" : 751.46,
    "dma200" : 776.07,
    "volume" : 1777051.00
  }, {
    "date" : "2025-07-30",
    "price" : 788.80,
    "dma50" : 811.78,
    "dma100" : 752.92,
    "dma200" : 776.20,
    "volume" : 1670558.00
  }, {
    "date" : "2025-07-31",
    "price" : 784.25,
    "dma50" : 810.70,
    "dma100" : 754.14,
    "dma200" : 776.28,
    "volume" : 2327807.00
  }, {
    "date" : "2025-08-01",
    "price" : 777.40,
    "dma50" : 809.40,
    "dma100" : 755.27,
    "dma200" : 776.29,
    "volume" : 2632090.00
  }, {
    "date" : "2025-08-04",
    "price" : 792.85,
    "dma50" : 808.75,
    "dma100" : 756.52,
    "dma200" : 776.46,
    "volume" : 1612710.00
  }, {
    "date" : "2025-08-05",
    "price" : 780.95,
    "dma50" : 807.66,
    "dma100" : 757.86,
    "dma200" : 776.50,
    "volume" : 4555122.00
  }, {
    "date" : "2025-08-06",
    "price" : 764.50,
    "dma50" : 805.97,
    "dma100" : 758.77,
    "dma200" : 776.38,
    "volume" : 5007566.00
  }, {
    "date" : "2025-08-07",
    "price" : 759.65,
    "dma50" : 804.15,
    "dma100" : 759.68,
    "dma200" : 776.22,
    "volume" : 3982263.00
  }, {
    "date" : "2025-08-08",
    "price" : 747.20,
    "dma50" : 801.92,
    "dma100" : 760.57,
    "dma200" : 775.93,
    "volume" : 1994684.00
  }, {
    "date" : "2025-08-11",
    "price" : 764.95,
    "dma50" : 800.47,
    "dma100" : 761.66,
    "dma200" : 775.82,
    "volume" : 2689125.00
  }, {
    "date" : "2025-08-12",
    "price" : 757.40,
    "dma50" : 798.78,
    "dma100" : 762.49,
    "dma200" : 775.63,
    "volume" : 2815230.00
  }, {
    "date" : "2025-08-13",
    "price" : 757.65,
    "dma50" : 797.17,
    "dma100" : 763.09,
    "dma200" : 775.45,
    "volume" : 1397730.00
  }, {
    "date" : "2025-08-14",
    "price" : 751.55,
    "dma50" : 795.38,
    "dma100" : 763.66,
    "dma200" : 775.22,
    "volume" : 1464718.00
  }, {
    "date" : "2025-08-18",
    "price" : 768.90,
    "dma50" : 794.34,
    "dma100" : 764.39,
    "dma200" : 775.15,
    "volume" : 3592760.00
  }, {
    "date" : "2025-08-19",
    "price" : 776.10,
    "dma50" : 793.62,
    "dma100" : 765.09,
    "dma200" : 775.16,
    "volume" : 1943508.00
  }, {
    "date" : "2025-08-20",
    "price" : 770.50,
    "dma50" : 792.72,
    "dma100" : 765.84,
    "dma200" : 775.12,
    "volume" : 1780573.00
  }, {
    "date" : "2025-08-21",
    "price" : 773.20,
    "dma50" : 791.95,
    "dma100" : 766.77,
    "dma200" : 775.10,
    "volume" : 2034594.00
  }, {
    "date" : "2025-08-22",
    "price" : 762.55,
    "dma50" : 790.80,
    "dma100" : 767.51,
    "dma200" : 774.97,
    "volume" : 1347330.00
  }, {
    "date" : "2025-08-25",
    "price" : 772.00,
    "dma50" : 790.06,
    "dma100" : 768.43,
    "dma200" : 774.94,
    "volume" : 1770136.00
  }, {
    "date" : "2025-08-26",
    "price" : 754.60,
    "dma50" : 788.67,
    "dma100" : 769.34,
    "dma200" : 774.74,
    "volume" : 2522311.00
  }, {
    "date" : "2025-08-28",
    "price" : 749.45,
    "dma50" : 787.13,
    "dma100" : 770.01,
    "dma200" : 774.49,
    "volume" : 2861131.00
  }, {
    "date" : "2025-08-29",
    "price" : 739.05,
    "dma50" : 785.25,
    "dma100" : 770.60,
    "dma200" : 774.14,
    "volume" : 3092115.00
  }, {
    "date" : "2025-09-01",
    "price" : 748.30,
    "dma50" : 783.80,
    "dma100" : 771.54,
    "dma200" : 773.88,
    "volume" : 1478609.00
  }, {
    "date" : "2025-09-02",
    "price" : 754.80,
    "dma50" : 782.66,
    "dma100" : 773.01,
    "dma200" : 773.69,
    "volume" : 1793773.00
  }, {
    "date" : "2025-09-03",
    "price" : 764.40,
    "dma50" : 781.94,
    "dma100" : 774.43,
    "dma200" : 773.60,
    "volume" : 1491010.00
  }, {
    "date" : "2025-09-04",
    "price" : 758.10,
    "dma50" : 781.01,
    "dma100" : 775.89,
    "dma200" : 773.44,
    "volume" : 2006206.00
  }, {
    "date" : "2025-09-05",
    "price" : 755.55,
    "dma50" : 780.01,
    "dma100" : 777.21,
    "dma200" : 773.27,
    "volume" : 2223312.00
  }, {
    "date" : "2025-09-08",
    "price" : 757.50,
    "dma50" : 779.13,
    "dma100" : 778.15,
    "dma200" : 773.11,
    "volume" : 1341886.00
  }, {
    "date" : "2025-09-09",
    "price" : 751.10,
    "dma50" : 778.03,
    "dma100" : 779.10,
    "dma200" : 772.89,
    "volume" : 1712438.00
  }, {
    "date" : "2025-09-10",
    "price" : 754.30,
    "dma50" : 777.10,
    "dma100" : 779.95,
    "dma200" : 772.70,
    "volume" : 2394861.00
  }, {
    "date" : "2025-09-11",
    "price" : 756.35,
    "dma50" : 776.28,
    "dma100" : 780.76,
    "dma200" : 772.54,
    "volume" : 1531987.00
  }, {
    "date" : "2025-09-12",
    "price" : 758.40,
    "dma50" : 775.58,
    "dma100" : 781.49,
    "dma200" : 772.40,
    "volume" : 1622877.00
  }, {
    "date" : "2025-09-15",
    "price" : 775.70,
    "dma50" : 775.59,
    "dma100" : 782.37,
    "dma200" : 772.43,
    "volume" : 3778337.00
  }, {
    "date" : "2025-09-16",
    "price" : 786.75,
    "dma50" : 776.03,
    "dma100" : 783.43,
    "dma200" : 772.58,
    "volume" : 2956172.00
  }, {
    "date" : "2025-09-17",
    "price" : 786.45,
    "dma50" : 776.43,
    "dma100" : 784.76,
    "dma200" : 772.71,
    "volume" : 2114116.00
  }, {
    "date" : "2025-09-18",
    "price" : 783.10,
    "dma50" : 776.70,
    "dma100" : 785.95,
    "dma200" : 772.82,
    "volume" : 2088371.00
  }, {
    "date" : "2025-09-19",
    "price" : 777.70,
    "dma50" : 776.74,
    "dma100" : 787.14,
    "dma200" : 772.87,
    "volume" : 4166786.00
  }, {
    "date" : "2025-09-22",
    "price" : 773.75,
    "dma50" : 776.62,
    "dma100" : 788.14,
    "dma200" : 772.88,
    "volume" : 1721312.00
  }, {
    "date" : "2025-09-23",
    "price" : 759.40,
    "dma50" : 775.94,
    "dma100" : 788.86,
    "dma200" : 772.74,
    "volume" : 3317834.00
  }, {
    "date" : "2025-09-24",
    "price" : 733.65,
    "dma50" : 774.28,
    "dma100" : 789.26,
    "dma200" : 772.35,
    "volume" : 3795466.00
  }, {
    "date" : "2025-09-25",
    "price" : 721.05,
    "dma50" : 772.20,
    "dma100" : 789.70,
    "dma200" : 771.84,
    "volume" : 4604317.00
  }, {
    "date" : "2025-09-26",
    "price" : 716.05,
    "dma50" : 769.99,
    "dma100" : 790.07,
    "dma200" : 771.29,
    "volume" : 2147359.00
  }, {
    "date" : "2025-09-29",
    "price" : 722.15,
    "dma50" : 768.12,
    "dma100" : 790.74,
    "dma200" : 770.80,
    "volume" : 1980340.00
  }, {
    "date" : "2025-09-30",
    "price" : 713.00,
    "dma50" : 765.96,
    "dma100" : 791.55,
    "dma200" : 770.22,
    "volume" : 3307811.00
  }, {
    "date" : "2025-10-01",
    "price" : 722.30,
    "dma50" : 764.25,
    "dma100" : 791.97,
    "dma200" : 769.75,
    "volume" : 3610706.00
  }, {
    "date" : "2025-10-03",
    "price" : 729.20,
    "dma50" : 762.87,
    "dma100" : 792.48,
    "dma200" : 769.34,
    "volume" : 3401092.00
  }, {
    "date" : "2025-10-06",
    "price" : 735.25,
    "dma50" : 761.79,
    "dma100" : 792.95,
    "dma200" : 769.00,
    "volume" : 1937889.00
  }, {
    "date" : "2025-10-07",
    "price" : 737.15,
    "dma50" : 760.82,
    "dma100" : 793.23,
    "dma200" : 768.69,
    "volume" : 2002006.00
  }, {
    "date" : "2025-10-08",
    "price" : 724.90,
    "dma50" : 759.41,
    "dma100" : 793.32,
    "dma200" : 768.25,
    "volume" : 2243307.00
  }, {
    "date" : "2025-10-09",
    "price" : 729.00,
    "dma50" : 758.22,
    "dma100" : 793.23,
    "dma200" : 767.86,
    "volume" : 2057951.00
  }, {
    "date" : "2025-10-10",
    "price" : 740.20,
    "dma50" : 757.51,
    "dma100" : 793.10,
    "dma200" : 767.58,
    "volume" : 2210996.00
  }, {
    "date" : "2025-10-13",
    "price" : 741.20,
    "dma50" : 756.87,
    "dma100" : 792.76,
    "dma200" : 767.32,
    "volume" : 1462411.00
  }, {
    "date" : "2025-10-14",
    "price" : 740.90,
    "dma50" : 756.25,
    "dma100" : 792.41,
    "dma200" : 767.06,
    "volume" : 2017513.00
  }, {
    "date" : "2025-10-15",
    "price" : 756.30,
    "dma50" : 756.25,
    "dma100" : 792.21,
    "dma200" : 766.95,
    "volume" : 3459198.00
  }, {
    "date" : "2025-10-16",
    "price" : 769.70,
    "dma50" : 756.78,
    "dma100" : 792.13,
    "dma200" : 766.98,
    "volume" : 2645930.00
  }, {
    "date" : "2025-10-17",
    "price" : 767.95,
    "dma50" : 757.21,
    "dma100" : 792.07,
    "dma200" : 766.99,
    "volume" : 3223497.00
  }, {
    "date" : "2025-10-20",
    "price" : 773.95,
    "dma50" : 757.87,
    "dma100" : 792.09,
    "dma200" : 767.06,
    "volume" : 1320109.00
  }, {
    "date" : "2025-10-21",
    "price" : 771.75,
    "dma50" : 758.42,
    "dma100" : 791.87,
    "dma200" : 767.10,
    "volume" : 177691.00
  }, {
    "date" : "2025-10-23",
    "price" : 774.30,
    "dma50" : 759.04,
    "dma100" : 791.63,
    "dma200" : 767.18,
    "volume" : 3243396.00
  }, {
    "date" : "2025-10-24",
    "price" : 772.45,
    "dma50" : 759.56,
    "dma100" : 791.25,
    "dma200" : 767.23,
    "volume" : 1874993.00
  }, {
    "date" : "2025-10-27",
    "price" : 779.50,
    "dma50" : 760.35,
    "dma100" : 791.00,
    "dma200" : 767.35,
    "volume" : 1794058.00
  }, {
    "date" : "2025-10-28",
    "price" : 774.05,
    "dma50" : 760.88,
    "dma100" : 790.70,
    "dma200" : 767.42,
    "volume" : 1810965.00
  }, {
    "date" : "2025-10-29",
    "price" : 778.70,
    "dma50" : 761.58,
    "dma100" : 790.23,
    "dma200" : 767.53,
    "volume" : 2813703.00
  }, {
    "date" : "2025-10-30",
    "price" : 776.55,
    "dma50" : 762.17,
    "dma100" : 789.20,
    "dma200" : 767.62,
    "volume" : 1883812.00
  }, {
    "date" : "2025-10-31",
    "price" : 756.25,
    "dma50" : 761.94,
    "dma100" : 787.97,
    "dma200" : 767.51,
    "volume" : 3651214.00
  }, {
    "date" : "2025-11-03",
    "price" : 777.20,
    "dma50" : 762.54,
    "dma100" : 787.06,
    "dma200" : 767.60,
    "volume" : 3908118.00
  }, {
    "date" : "2025-11-04",
    "price" : 774.60,
    "dma50" : 763.01,
    "dma100" : 786.12,
    "dma200" : 767.67,
    "volume" : 3299332.00
  }, {
    "date" : "2025-11-06",
    "price" : 758.35,
    "dma50" : 762.83,
    "dma100" : 785.23,
    "dma200" : 767.58,
    "volume" : 2794650.00
  }, {
    "date" : "2025-11-07",
    "price" : 759.45,
    "dma50" : 762.69,
    "dma100" : 784.31,
    "dma200" : 767.50,
    "volume" : 2011681.00
  }, {
    "date" : "2025-11-10",
    "price" : 760.00,
    "dma50" : 762.59,
    "dma100" : 783.32,
    "dma200" : 767.42,
    "volume" : 1491545.00
  }, {
    "date" : "2025-11-11",
    "price" : 765.25,
    "dma50" : 762.69,
    "dma100" : 782.46,
    "dma200" : 767.40,
    "volume" : 1524454.00
  }, {
    "date" : "2025-11-12",
    "price" : 761.20,
    "dma50" : 762.63,
    "dma100" : 781.62,
    "dma200" : 767.34,
    "volume" : 2397427.00
  }, {
    "date" : "2025-11-13",
    "price" : 764.80,
    "dma50" : 762.72,
    "dma100" : 780.87,
    "dma200" : 767.32,
    "volume" : 2287212.00
  }, {
    "date" : "2025-11-14",
    "price" : 764.85,
    "dma50" : 762.80,
    "dma100" : 779.98,
    "dma200" : 767.29,
    "volume" : 1201199.00
  }, {
    "date" : "2025-11-17",
    "price" : 768.50,
    "dma50" : 763.03,
    "dma100" : 779.14,
    "dma200" : 767.30,
    "volume" : 1344412.00
  }, {
    "date" : "2025-11-18",
    "price" : 750.35,
    "dma50" : 762.53,
    "dma100" : 778.15,
    "dma200" : 767.13,
    "volume" : 1299277.00
  }, {
    "date" : "2025-11-19",
    "price" : 743.65,
    "dma50" : 761.79,
    "dma100" : 777.04,
    "dma200" : 766.90,
    "volume" : 2666552.00
  }, {
    "date" : "2025-11-20",
    "price" : 741.10,
    "dma50" : 760.98,
    "dma100" : 775.98,
    "dma200" : 766.64,
    "volume" : 1555942.00
  }, {
    "date" : "2025-11-21",
    "price" : 725.35,
    "dma50" : 759.58,
    "dma100" : 774.78,
    "dma200" : 766.23,
    "volume" : 3630014.00
  }, {
    "date" : "2025-11-24",
    "price" : 717.70,
    "dma50" : 757.94,
    "dma100" : 773.57,
    "dma200" : 765.75,
    "volume" : 4852812.00
  }, {
    "date" : "2025-11-25",
    "price" : 721.30,
    "dma50" : 756.50,
    "dma100" : 772.35,
    "dma200" : 765.31,
    "volume" : 2358990.00
  }, {
    "date" : "2025-11-26",
    "price" : 730.75,
    "dma50" : 755.49,
    "dma100" : 771.34,
    "dma200" : 764.96,
    "volume" : 2026553.00
  }, {
    "date" : "2025-11-27",
    "price" : 725.40,
    "dma50" : 754.31,
    "dma100" : 770.30,
    "dma200" : 764.57,
    "volume" : 1106545.00
  }, {
    "date" : "2025-11-28",
    "price" : 723.60,
    "dma50" : 753.11,
    "dma100" : 769.17,
    "dma200" : 764.16,
    "volume" : 1484763.00
  }, {
    "date" : "2025-12-01",
    "price" : 712.50,
    "dma50" : 751.51,
    "dma100" : 767.97,
    "dma200" : 763.65,
    "volume" : 2458450.00
  }, {
    "date" : "2025-12-02",
    "price" : 712.20,
    "dma50" : 749.97,
    "dma100" : 766.67,
    "dma200" : 763.14,
    "volume" : 2462417.00
  }, {
    "date" : "2025-12-03",
    "price" : 708.00,
    "dma50" : 748.33,
    "dma100" : 765.45,
    "dma200" : 762.59,
    "volume" : 1442624.00
  }, {
    "date" : "2025-12-04",
    "price" : 709.35,
    "dma50" : 746.80,
    "dma100" : 764.23,
    "dma200" : 762.06,
    "volume" : 2922371.00
  }, {
    "date" : "2025-12-05",
    "price" : 719.75,
    "dma50" : 745.74,
    "dma100" : 763.28,
    "dma200" : 761.64,
    "volume" : 2372800.00
  }, {
    "date" : "2025-12-08",
    "price" : 687.45,
    "dma50" : 743.45,
    "dma100" : 761.88,
    "dma200" : 760.90,
    "volume" : 3637968.00
  }, {
    "date" : "2025-12-09",
    "price" : 690.05,
    "dma50" : 741.36,
    "dma100" : 760.45,
    "dma200" : 760.19,
    "volume" : 3121966.00
  }, {
    "date" : "2025-12-10",
    "price" : 684.80,
    "dma50" : 739.14,
    "dma100" : 758.85,
    "dma200" : 759.44,
    "volume" : 2408282.00
  }, {
    "date" : "2025-12-11",
    "price" : 693.65,
    "dma50" : 737.36,
    "dma100" : 757.32,
    "dma200" : 758.79,
    "volume" : 1746708.00
  }, {
    "date" : "2025-12-12",
    "price" : 699.40,
    "dma50" : 735.87,
    "dma100" : 755.86,
    "dma200" : 758.20,
    "volume" : 2520845.00
  }, {
    "date" : "2025-12-15",
    "price" : 697.90,
    "dma50" : 734.38,
    "dma100" : 754.31,
    "dma200" : 757.60,
    "volume" : 1568255.00
  }, {
    "date" : "2025-12-16",
    "price" : 691.95,
    "dma50" : 732.71,
    "dma100" : 752.78,
    "dma200" : 756.95,
    "volume" : 1335962.00
  }, {
    "date" : "2025-12-17",
    "price" : 683.10,
    "dma50" : 730.77,
    "dma100" : 751.19,
    "dma200" : 756.21,
    "volume" : 1793008.00
  }, {
    "date" : "2025-12-18",
    "price" : 679.05,
    "dma50" : 728.74,
    "dma100" : 749.69,
    "dma200" : 755.44,
    "volume" : 1643012.00
  }, {
    "date" : "2025-12-19",
    "price" : 691.20,
    "dma50" : 727.27,
    "dma100" : 748.34,
    "dma200" : 754.80,
    "volume" : 1338551.00
  }, {
    "date" : "2025-12-22",
    "price" : 692.05,
    "dma50" : 725.89,
    "dma100" : 747.39,
    "dma200" : 754.18,
    "volume" : 1027962.00
  }, {
    "date" : "2025-12-23",
    "price" : 694.25,
    "dma50" : 724.65,
    "dma100" : 746.33,
    "dma200" : 753.58,
    "volume" : 1863260.00
  }, {
    "date" : "2025-12-24",
    "price" : 694.90,
    "dma50" : 723.48,
    "dma100" : 745.39,
    "dma200" : 753.00,
    "volume" : 2452081.00
  }, {
    "date" : "2025-12-26",
    "price" : 695.00,
    "dma50" : 722.36,
    "dma100" : 744.49,
    "dma200" : 752.42,
    "volume" : 1249425.00
  }, {
    "date" : "2025-12-29",
    "price" : 688.75,
    "dma50" : 721.04,
    "dma100" : 743.61,
    "dma200" : 751.79,
    "volume" : 1291571.00
  }, {
    "date" : "2025-12-30",
    "price" : 680.65,
    "dma50" : 719.46,
    "dma100" : 742.49,
    "dma200" : 751.08,
    "volume" : 1742867.00
  }, {
    "date" : "2025-12-31",
    "price" : 687.40,
    "dma50" : 718.20,
    "dma100" : 741.55,
    "dma200" : 750.45,
    "volume" : 1880805.00
  }, {
    "date" : "2026-01-01",
    "price" : 691.40,
    "dma50" : 717.15,
    "dma100" : 740.82,
    "dma200" : 749.86,
    "volume" : 1659897.00
  }, {
    "date" : "2026-01-02",
    "price" : 698.20,
    "dma50" : 716.41,
    "dma100" : 740.21,
    "dma200" : 749.35,
    "volume" : 4296660.00
  }, {
    "date" : "2026-01-05",
    "price" : 711.35,
    "dma50" : 716.21,
    "dma100" : 739.85,
    "dma200" : 748.97,
    "volume" : 4176981.00
  }, {
    "date" : "2026-01-06",
    "price" : 706.30,
    "dma50" : 715.82,
    "dma100" : 739.26,
    "dma200" : 748.54,
    "volume" : 2506438.00
  }, {
    "date" : "2026-01-07",
    "price" : 703.25,
    "dma50" : 715.33,
    "dma100" : 738.72,
    "dma200" : 748.09,
    "volume" : 2750549.00
  }, {
    "date" : "2026-01-08",
    "price" : 692.40,
    "dma50" : 714.43,
    "dma100" : 738.07,
    "dma200" : 747.54,
    "volume" : 3706733.00
  }, {
    "date" : "2026-01-09",
    "price" : 670.90,
    "dma50" : 712.72,
    "dma100" : 737.26,
    "dma200" : 746.78,
    "volume" : 3906915.00
  }, {
    "date" : "2026-01-12",
    "price" : 659.65,
    "dma50" : 710.64,
    "dma100" : 736.17,
    "dma200" : 745.91,
    "volume" : 5163584.00
  }, {
    "date" : "2026-01-13",
    "price" : 652.40,
    "dma50" : 708.36,
    "dma100" : 734.93,
    "dma200" : 744.98,
    "volume" : 8214664.00
  }, {
    "date" : "2026-01-14",
    "price" : 651.05,
    "dma50" : 706.11,
    "dma100" : 733.74,
    "dma200" : 744.04,
    "volume" : 7210963.00
  }, {
    "date" : "2026-01-16",
    "price" : 649.85,
    "dma50" : 703.90,
    "dma100" : 732.50,
    "dma200" : 743.11,
    "volume" : 5286978.00
  }, {
    "date" : "2026-01-19",
    "price" : 641.85,
    "dma50" : 701.47,
    "dma100" : 731.30,
    "dma200" : 742.10,
    "volume" : 2361493.00
  }, {
    "date" : "2026-01-20",
    "price" : 612.90,
    "dma50" : 698.00,
    "dma100" : 729.70,
    "dma200" : 740.81,
    "volume" : 7190649.00
  }, {
    "date" : "2026-01-21",
    "price" : 617.65,
    "dma50" : 694.85,
    "dma100" : 728.33,
    "dma200" : 739.59,
    "volume" : 5724833.00
  }, {
    "date" : "2026-01-22",
    "price" : 613.30,
    "dma50" : 691.65,
    "dma100" : 726.97,
    "dma200" : 738.33,
    "volume" : 7853603.00
  }, {
    "date" : "2026-01-23",
    "price" : 588.45,
    "dma50" : 687.60,
    "dma100" : 725.47,
    "dma200" : 736.84,
    "volume" : 11086408.00
  }, {
    "date" : "2026-01-27",
    "price" : 609.55,
    "dma50" : 684.54,
    "dma100" : 724.08,
    "dma200" : 735.57,
    "volume" : 9726159.00
  }, {
    "date" : "2026-01-28",
    "price" : 625.55,
    "dma50" : 682.23,
    "dma100" : 722.79,
    "dma200" : 734.48,
    "volume" : 6840460.00
  }, {
    "date" : "2026-01-29",
    "price" : 638.55,
    "dma50" : 680.51,
    "dma100" : 721.53,
    "dma200" : 733.52,
    "volume" : 5074465.00
  }, {
    "date" : "2026-01-30",
    "price" : 635.75,
    "dma50" : 678.76,
    "dma100" : 720.31,
    "dma200" : 732.55,
    "volume" : 3981231.00
  }, {
    "date" : "2026-02-01",
    "price" : 613.35,
    "dma50" : 676.19,
    "dma100" : 718.88,
    "dma200" : 731.36,
    "volume" : 3718869.00
  }, {
    "date" : "2026-02-02",
    "price" : 626.30,
    "dma50" : 674.24,
    "dma100" : 717.57,
    "dma200" : 730.32,
    "volume" : 2506750.00
  }, {
    "date" : "2026-02-03",
    "price" : 650.40,
    "dma50" : 673.30,
    "dma100" : 716.56,
    "dma200" : 729.52,
    "volume" : 5954925.00
  }, {
    "date" : "2026-02-04",
    "price" : 659.85,
    "dma50" : 672.77,
    "dma100" : 715.62,
    "dma200" : 728.83,
    "volume" : 2867829.00
  }, {
    "date" : "2026-02-05",
    "price" : 661.30,
    "dma50" : 672.32,
    "dma100" : 714.67,
    "dma200" : 728.16,
    "volume" : 2249062.00
  }, {
    "date" : "2026-02-06",
    "price" : 663.75,
    "dma50" : 671.99,
    "dma100" : 713.72,
    "dma200" : 727.52,
    "volume" : 2764761.00
  }, {
    "date" : "2026-02-09",
    "price" : 671.15,
    "dma50" : 671.96,
    "dma100" : 712.68,
    "dma200" : 726.96,
    "volume" : 1772971.00
  } ],
  "latestTechnicalAttributes" : {
    "date" : "2026-02-09",
    "price" : 671.15,
    "dma50" : 671.96,
    "dma100" : 712.68,
    "dma200" : 726.96,
    "volume" : 1772971.00
  },
  "quarterlyResults" : [ {
    "date" : "2007-06-30",
    "sales" : 1121.87,
    "salesGrowthYoY" : null,
    "grossProfitMargin" : 100.00,
    "grossProfit" : 1121.87,
    "operatingProfitMargin" : 77.63,
    "operatingProfit" : 870.91,
    "netProfitMargin" : 51.63,
    "netProfit" : 579.22
  }, {
    "date" : "2007-09-30",
    "sales" : 1121.19,
    "salesGrowthYoY" : null,
    "grossProfitMargin" : 100.00,
    "grossProfit" : 1121.19,
    "operatingProfitMargin" : 58.28,
    "operatingProfit" : 653.43,
    "netProfitMargin" : 68.38,
    "netProfit" : 766.67
  }, {
    "date" : "2007-12-31",
    "sales" : 1676.51,
    "salesGrowthYoY" : null,
    "grossProfitMargin" : 100.00,
    "grossProfit" : 1676.51,
    "operatingProfitMargin" : 48.14,
    "operatingProfit" : 807.07,
    "netProfitMargin" : 36.14,
    "netProfit" : 605.89
  }, {
    "date" : "2008-03-31",
    "sales" : 1613.32,
    "salesGrowthYoY" : null,
    "grossProfitMargin" : 100.00,
    "grossProfit" : 1613.32,
    "operatingProfitMargin" : 46.47,
    "operatingProfit" : 749.71,
    "netProfitMargin" : 39.58,
    "netProfit" : 638.55
  }, {
    "date" : "2008-06-30",
    "sales" : 1278.61,
    "salesGrowthYoY" : 13.97,
    "grossProfitMargin" : 100.00,
    "grossProfit" : 1278.61,
    "operatingProfitMargin" : 63.62,
    "operatingProfit" : 813.45,
    "netProfitMargin" : 54.82,
    "netProfit" : 700.93
  }, {
    "date" : "2008-09-30",
    "sales" : 1074.95,
    "salesGrowthYoY" : -4.12,
    "grossProfitMargin" : 100.00,
    "grossProfit" : 1074.95,
    "operatingProfitMargin" : 65.12,
    "operatingProfit" : 700.01,
    "netProfitMargin" : 59.45,
    "netProfit" : 639.06
  }, {
    "date" : "2008-12-31",
    "sales" : 424.41,
    "salesGrowthYoY" : -74.68,
    "grossProfitMargin" : 100.00,
    "grossProfit" : 424.41,
    "operatingProfitMargin" : 36.03,
    "operatingProfit" : 152.91,
    "netProfitMargin" : 41.95,
    "netProfit" : 178.04
  }, {
    "date" : "2009-03-31",
    "sales" : 55.53,
    "salesGrowthYoY" : -96.56,
    "grossProfitMargin" : 100.00,
    "grossProfit" : 55.53,
    "operatingProfitMargin" : 94.60,
    "operatingProfit" : 52.53,
    "netProfitMargin" : 53.77,
    "netProfit" : 29.86
  }, {
    "date" : "2009-06-30",
    "sales" : 417.97,
    "salesGrowthYoY" : -67.31,
    "grossProfitMargin" : 100.00,
    "grossProfit" : 417.97,
    "operatingProfitMargin" : 49.76,
    "operatingProfit" : 207.98,
    "netProfitMargin" : 24.02,
    "netProfit" : 100.40
  }, {
    "date" : "2009-09-30",
    "sales" : 314.19,
    "salesGrowthYoY" : -70.77,
    "grossProfitMargin" : 100.00,
    "grossProfit" : 314.19,
    "operatingProfitMargin" : 39.78,
    "operatingProfit" : 124.98,
    "netProfitMargin" : 10.75,
    "netProfit" : 33.78
  }, {
    "date" : "2009-12-31",
    "sales" : 887.16,
    "salesGrowthYoY" : 109.03,
    "grossProfitMargin" : 100.00,
    "grossProfit" : 887.16,
    "operatingProfitMargin" : 45.05,
    "operatingProfit" : 399.67,
    "netProfitMargin" : 25.30,
    "netProfit" : 224.45
  }, {
    "date" : "2010-03-31",
    "sales" : 781.97,
    "salesGrowthYoY" : 1308.19,
    "grossProfitMargin" : 100.00,
    "grossProfit" : 781.97,
    "operatingProfitMargin" : 47.51,
    "operatingProfit" : 371.51,
    "netProfitMargin" : 52.56,
    "netProfit" : 411.00
  }, {
    "date" : "2010-06-30",
    "sales" : 651.89,
    "salesGrowthYoY" : 55.97,
    "grossProfitMargin" : 78.22,
    "grossProfit" : 509.91,
    "operatingProfitMargin" : 65.95,
    "operatingProfit" : 429.92,
    "netProfitMargin" : 31.46,
    "netProfit" : 205.08
  }, {
    "date" : "2010-09-30",
    "sales" : 542.06,
    "salesGrowthYoY" : 72.53,
    "grossProfitMargin" : 73.23,
    "grossProfit" : 396.95,
    "operatingProfitMargin" : 55.99,
    "operatingProfit" : 303.50,
    "netProfitMargin" : 22.63,
    "netProfit" : 122.67
  }, {
    "date" : "2010-12-31",
    "sales" : 875.17,
    "salesGrowthYoY" : -1.35,
    "grossProfitMargin" : 65.37,
    "grossProfit" : 572.10,
    "operatingProfitMargin" : 56.70,
    "operatingProfit" : 496.22,
    "netProfitMargin" : 23.41,
    "netProfit" : 204.88
  }, {
    "date" : "2011-03-31",
    "sales" : 846.96,
    "salesGrowthYoY" : 8.31,
    "grossProfitMargin" : 69.48,
    "grossProfit" : 588.47,
    "operatingProfitMargin" : 59.04,
    "operatingProfit" : 500.05,
    "netProfitMargin" : 87.01,
    "netProfit" : 736.94
  }, {
    "date" : "2011-06-30",
    "sales" : 685.74,
    "salesGrowthYoY" : 5.19,
    "grossProfitMargin" : 66.98,
    "grossProfit" : 459.31,
    "operatingProfitMargin" : 48.08,
    "operatingProfit" : 329.70,
    "netProfitMargin" : 13.51,
    "netProfit" : 92.64
  }, {
    "date" : "2011-09-30",
    "sales" : 1066.05,
    "salesGrowthYoY" : 96.67,
    "grossProfitMargin" : 72.23,
    "grossProfit" : 770.01,
    "operatingProfitMargin" : 63.90,
    "operatingProfit" : 681.21,
    "netProfitMargin" : 28.38,
    "netProfit" : 302.54
  }, {
    "date" : "2011-12-31",
    "sales" : 753.54,
    "salesGrowthYoY" : -13.90,
    "grossProfitMargin" : 74.11,
    "grossProfit" : 558.45,
    "operatingProfitMargin" : 61.56,
    "operatingProfit" : 463.88,
    "netProfitMargin" : 47.20,
    "netProfit" : 355.67
  }, {
    "date" : "2012-03-31",
    "sales" : 985.99,
    "salesGrowthYoY" : 16.42,
    "grossProfitMargin" : 78.17,
    "grossProfit" : 770.75,
    "operatingProfitMargin" : 63.69,
    "operatingProfit" : 627.98,
    "netProfitMargin" : 29.50,
    "netProfit" : 290.87
  }, {
    "date" : "2012-06-30",
    "sales" : 792.35,
    "salesGrowthYoY" : 15.55,
    "grossProfitMargin" : 100.00,
    "grossProfit" : 792.35,
    "operatingProfitMargin" : 97.27,
    "operatingProfit" : 770.72,
    "netProfitMargin" : 46.34,
    "netProfit" : 367.17
  }, {
    "date" : "2012-09-30",
    "sales" : 356.07,
    "salesGrowthYoY" : -66.60,
    "grossProfitMargin" : 100.00,
    "grossProfit" : 356.07,
    "operatingProfitMargin" : 45.13,
    "operatingProfit" : 160.69,
    "netProfitMargin" : -5.49,
    "netProfit" : -19.55
  }, {
    "date" : "2012-12-31",
    "sales" : 184.43,
    "salesGrowthYoY" : -75.52,
    "grossProfitMargin" : 32.72,
    "grossProfit" : 60.35,
    "operatingProfitMargin" : -44.87,
    "operatingProfit" : -82.75,
    "netProfitMargin" : -22.83,
    "netProfit" : -42.11
  }, {
    "date" : "2013-03-31",
    "sales" : 817.19,
    "salesGrowthYoY" : -17.12,
    "grossProfitMargin" : 79.85,
    "grossProfit" : 652.53,
    "operatingProfitMargin" : 64.34,
    "operatingProfit" : 525.78,
    "netProfitMargin" : 23.99,
    "netProfit" : 196.04
  }, {
    "date" : "2013-06-30",
    "sales" : 766.66,
    "salesGrowthYoY" : -3.24,
    "grossProfitMargin" : 100.00,
    "grossProfit" : 766.66,
    "operatingProfitMargin" : 62.23,
    "operatingProfit" : 477.09,
    "netProfitMargin" : 25.71,
    "netProfit" : 197.11
  }, {
    "date" : "2013-09-30",
    "sales" : 484.22,
    "salesGrowthYoY" : 35.99,
    "grossProfitMargin" : 100.00,
    "grossProfit" : 484.22,
    "operatingProfitMargin" : 16.90,
    "operatingProfit" : 81.83,
    "netProfitMargin" : 5.28,
    "netProfit" : 25.57
  }, {
    "date" : "2013-12-31",
    "sales" : 702.53,
    "salesGrowthYoY" : 280.92,
    "grossProfitMargin" : 72.00,
    "grossProfit" : 505.82,
    "operatingProfitMargin" : 69.35,
    "operatingProfit" : 487.20,
    "netProfitMargin" : 42.09,
    "netProfit" : 295.69
  }, {
    "date" : "2014-03-31",
    "sales" : 432.53,
    "salesGrowthYoY" : -47.07,
    "grossProfitMargin" : 66.62,
    "grossProfit" : 288.15,
    "operatingProfitMargin" : 42.67,
    "operatingProfit" : 184.56,
    "netProfitMargin" : 95.41,
    "netProfit" : 412.68
  }, {
    "date" : "2014-06-30",
    "sales" : 537.90,
    "salesGrowthYoY" : -29.84,
    "grossProfitMargin" : 73.49,
    "grossProfit" : 395.30,
    "operatingProfitMargin" : 55.05,
    "operatingProfit" : 296.11,
    "netProfitMargin" : 17.56,
    "netProfit" : 94.46
  }, {
    "date" : "2014-09-30",
    "sales" : 796.93,
    "salesGrowthYoY" : 64.58,
    "grossProfitMargin" : 81.65,
    "grossProfit" : 650.69,
    "operatingProfitMargin" : 59.66,
    "operatingProfit" : 475.45,
    "netProfitMargin" : 27.70,
    "netProfit" : 220.75
  }, {
    "date" : "2014-12-31",
    "sales" : 864.00,
    "salesGrowthYoY" : 22.98,
    "grossProfitMargin" : 61.05,
    "grossProfit" : 527.47,
    "operatingProfitMargin" : 49.61,
    "operatingProfit" : 428.63,
    "netProfitMargin" : 18.21,
    "netProfit" : 157.33
  }, {
    "date" : "2015-03-31",
    "sales" : 817.86,
    "salesGrowthYoY" : 89.09,
    "grossProfitMargin" : 69.51,
    "grossProfit" : 568.49,
    "operatingProfitMargin" : 52.96,
    "operatingProfit" : 433.14,
    "netProfitMargin" : 59.83,
    "netProfit" : 489.33
  }, {
    "date" : "2015-06-30",
    "sales" : 484.54,
    "salesGrowthYoY" : -9.92,
    "grossProfitMargin" : 52.95,
    "grossProfit" : 256.56,
    "operatingProfitMargin" : 33.07,
    "operatingProfit" : 160.24,
    "netProfitMargin" : 1.08,
    "netProfit" : 5.23
  }, {
    "date" : "2015-09-30",
    "sales" : 991.94,
    "salesGrowthYoY" : 24.47,
    "grossProfitMargin" : 67.87,
    "grossProfit" : 673.23,
    "operatingProfitMargin" : 58.92,
    "operatingProfit" : 584.45,
    "netProfitMargin" : 30.69,
    "netProfit" : 304.43
  }, {
    "date" : "2015-12-31",
    "sales" : 177.33,
    "salesGrowthYoY" : -79.48,
    "grossProfitMargin" : -31.86,
    "grossProfit" : -56.50,
    "operatingProfitMargin" : -126.11,
    "operatingProfit" : -223.63,
    "netProfitMargin" : -102.48,
    "netProfit" : -181.73
  }, {
    "date" : "2016-03-31",
    "sales" : 1968.15,
    "salesGrowthYoY" : 140.65,
    "grossProfitMargin" : 57.61,
    "grossProfit" : 1133.85,
    "operatingProfitMargin" : 50.21,
    "operatingProfit" : 988.21,
    "netProfitMargin" : 48.25,
    "netProfit" : 949.63
  }, {
    "date" : "2016-06-30",
    "sales" : 676.17,
    "salesGrowthYoY" : 39.55,
    "grossProfitMargin" : 43.31,
    "grossProfit" : 292.85,
    "operatingProfitMargin" : 29.64,
    "operatingProfit" : 200.42,
    "netProfitMargin" : 9.98,
    "netProfit" : 67.48
  }, {
    "date" : "2016-09-30",
    "sales" : 730.56,
    "salesGrowthYoY" : -26.35,
    "grossProfitMargin" : 55.75,
    "grossProfit" : 407.29,
    "operatingProfitMargin" : 43.47,
    "operatingProfit" : 317.57,
    "netProfitMargin" : 21.59,
    "netProfit" : 157.73
  }, {
    "date" : "2016-12-31",
    "sales" : 960.69,
    "salesGrowthYoY" : 441.75,
    "grossProfitMargin" : 60.20,
    "grossProfit" : 578.34,
    "operatingProfitMargin" : 43.82,
    "operatingProfit" : 420.97,
    "netProfitMargin" : 17.79,
    "netProfit" : 170.91
  }, {
    "date" : "2017-03-31",
    "sales" : 1335.53,
    "salesGrowthYoY" : -32.14,
    "grossProfitMargin" : 58.33,
    "grossProfit" : 779.01,
    "operatingProfitMargin" : 46.15,
    "operatingProfit" : 616.35,
    "netProfitMargin" : 17.51,
    "netProfit" : 233.85
  }, {
    "date" : "2017-06-30",
    "sales" : 1017.74,
    "salesGrowthYoY" : 50.52,
    "grossProfitMargin" : 60.76,
    "grossProfit" : 618.38,
    "operatingProfitMargin" : 49.50,
    "operatingProfit" : 503.78,
    "netProfitMargin" : 18.15,
    "netProfit" : 184.72
  }, {
    "date" : "2017-09-30",
    "sales" : 467.91,
    "salesGrowthYoY" : -35.95,
    "grossProfitMargin" : 60.65,
    "grossProfit" : 283.79,
    "operatingProfitMargin" : 32.55,
    "operatingProfit" : 152.30,
    "netProfitMargin" : -13.02,
    "netProfit" : -60.92
  }, {
    "date" : "2017-12-31",
    "sales" : 502.94,
    "salesGrowthYoY" : -47.65,
    "grossProfitMargin" : 44.81,
    "grossProfit" : 225.37,
    "operatingProfitMargin" : 7.11,
    "operatingProfit" : 35.76,
    "netProfitMargin" : 12.31,
    "netProfit" : 61.91
  }, {
    "date" : "2018-03-31",
    "sales" : 1067.31,
    "salesGrowthYoY" : -20.08,
    "grossProfitMargin" : 41.31,
    "grossProfit" : 440.91,
    "operatingProfitMargin" : 35.76,
    "operatingProfit" : 381.67,
    "netProfitMargin" : 28.13,
    "netProfit" : 300.23
  }, {
    "date" : "2018-06-30",
    "sales" : 356.27,
    "salesGrowthYoY" : -64.99,
    "grossProfitMargin" : 50.82,
    "grossProfit" : 181.06,
    "operatingProfitMargin" : 21.95,
    "operatingProfit" : 78.20,
    "netProfitMargin" : -6.19,
    "netProfit" : -22.05
  }, {
    "date" : "2018-09-30",
    "sales" : 1071.54,
    "salesGrowthYoY" : 129.01,
    "grossProfitMargin" : 53.36,
    "grossProfit" : 571.77,
    "operatingProfitMargin" : 42.24,
    "operatingProfit" : 452.62,
    "netProfitMargin" : 23.53,
    "netProfit" : 252.13
  }, {
    "date" : "2018-12-31",
    "sales" : 924.34,
    "salesGrowthYoY" : 83.79,
    "grossProfitMargin" : 54.30,
    "grossProfit" : 501.92,
    "operatingProfitMargin" : 40.94,
    "operatingProfit" : 378.42,
    "netProfitMargin" : 22.09,
    "netProfit" : 204.19
  }, {
    "date" : "2019-03-31",
    "sales" : 943.24,
    "salesGrowthYoY" : -11.62,
    "grossProfitMargin" : 47.19,
    "grossProfit" : 445.11,
    "operatingProfitMargin" : 32.64,
    "operatingProfit" : 307.87,
    "netProfitMargin" : 26.86,
    "netProfit" : 253.35
  }, {
    "date" : "2019-06-30",
    "sales" : 504.74,
    "salesGrowthYoY" : 41.67,
    "grossProfitMargin" : 47.87,
    "grossProfit" : 241.62,
    "operatingProfitMargin" : 20.06,
    "operatingProfit" : 101.25,
    "netProfitMargin" : 8.64,
    "netProfit" : 43.61
  }, {
    "date" : "2019-09-30",
    "sales" : 529.26,
    "salesGrowthYoY" : -50.61,
    "grossProfitMargin" : 52.71,
    "grossProfit" : 278.97,
    "operatingProfitMargin" : 19.09,
    "operatingProfit" : 101.04,
    "netProfitMargin" : 372.44,
    "netProfit" : 1971.18
  }, {
    "date" : "2019-12-31",
    "sales" : 451.23,
    "salesGrowthYoY" : -51.18,
    "grossProfitMargin" : 43.51,
    "grossProfit" : 196.33,
    "operatingProfitMargin" : 12.71,
    "operatingProfit" : 57.35,
    "netProfitMargin" : 21.59,
    "netProfit" : 97.42
  }, {
    "date" : "2020-03-31",
    "sales" : 884.72,
    "salesGrowthYoY" : -6.20,
    "grossProfitMargin" : 49.19,
    "grossProfit" : 435.19,
    "operatingProfitMargin" : 24.77,
    "operatingProfit" : 219.15,
    "netProfitMargin" : -352.82,
    "netProfit" : -3121.47
  }, {
    "date" : "2020-06-30",
    "sales" : 270.05,
    "salesGrowthYoY" : -46.50,
    "grossProfitMargin" : 38.14,
    "grossProfit" : 103.00,
    "operatingProfitMargin" : 4.56,
    "operatingProfit" : 12.31,
    "netProfitMargin" : -14.81,
    "netProfit" : -39.99
  }, {
    "date" : "2020-09-30",
    "sales" : 1069.47,
    "salesGrowthYoY" : 102.07,
    "grossProfitMargin" : 57.97,
    "grossProfit" : 619.97,
    "operatingProfitMargin" : 40.79,
    "operatingProfit" : 436.24,
    "netProfitMargin" : 40.71,
    "netProfit" : 435.38
  }, {
    "date" : "2020-12-31",
    "sales" : 1239.05,
    "salesGrowthYoY" : 174.59,
    "grossProfitMargin" : 60.34,
    "grossProfit" : 747.64,
    "operatingProfitMargin" : 41.95,
    "operatingProfit" : 519.78,
    "netProfitMargin" : 24.73,
    "netProfit" : 306.42
  }, {
    "date" : "2021-03-31",
    "sales" : 1320.21,
    "salesGrowthYoY" : 49.22,
    "grossProfitMargin" : 57.91,
    "grossProfit" : 764.53,
    "operatingProfitMargin" : 43.79,
    "operatingProfit" : 578.12,
    "netProfitMargin" : 31.18,
    "netProfit" : 411.64
  }, {
    "date" : "2021-06-30",
    "sales" : 870.37,
    "salesGrowthYoY" : 222.30,
    "grossProfitMargin" : 59.89,
    "grossProfit" : 521.26,
    "operatingProfitMargin" : 47.76,
    "operatingProfit" : 415.69,
    "netProfitMargin" : 30.99,
    "netProfit" : 269.73
  }, {
    "date" : "2021-09-30",
    "sales" : 976.27,
    "salesGrowthYoY" : -8.71,
    "grossProfitMargin" : 60.85,
    "grossProfit" : 594.06,
    "operatingProfitMargin" : 43.84,
    "operatingProfit" : 428.00,
    "netProfitMargin" : 59.09,
    "netProfit" : 576.88
  }, {
    "date" : "2021-12-31",
    "sales" : 1130.76,
    "salesGrowthYoY" : -8.74,
    "grossProfitMargin" : 62.57,
    "grossProfit" : 707.52,
    "operatingProfitMargin" : 47.12,
    "operatingProfit" : 532.81,
    "netProfitMargin" : 32.10,
    "netProfit" : 362.97
  }, {
    "date" : "2022-03-31",
    "sales" : 1069.11,
    "salesGrowthYoY" : -19.02,
    "grossProfitMargin" : 57.60,
    "grossProfit" : 615.81,
    "operatingProfitMargin" : 41.45,
    "operatingProfit" : 443.15,
    "netProfitMargin" : 28.07,
    "netProfit" : 300.10
  }, {
    "date" : "2022-06-30",
    "sales" : 969.45,
    "salesGrowthYoY" : 11.38,
    "grossProfitMargin" : 59.28,
    "grossProfit" : 574.69,
    "operatingProfitMargin" : 39.55,
    "operatingProfit" : 383.42,
    "netProfitMargin" : 25.19,
    "netProfit" : 244.20
  }, {
    "date" : "2022-09-30",
    "sales" : 824.24,
    "salesGrowthYoY" : -15.57,
    "grossProfitMargin" : 68.37,
    "grossProfit" : 563.53,
    "operatingProfitMargin" : 43.56,
    "operatingProfit" : 359.04,
    "netProfitMargin" : 88.17,
    "netProfit" : 726.73
  }, {
    "date" : "2022-12-31",
    "sales" : 925.31,
    "salesGrowthYoY" : -18.17,
    "grossProfitMargin" : 71.82,
    "grossProfit" : 664.56,
    "operatingProfitMargin" : 49.45,
    "operatingProfit" : 457.57,
    "netProfitMargin" : 31.87,
    "netProfit" : 294.90
  }, {
    "date" : "2023-03-31",
    "sales" : 1260.18,
    "salesGrowthYoY" : 17.87,
    "grossProfitMargin" : 76.12,
    "grossProfit" : 959.25,
    "operatingProfitMargin" : 58.81,
    "operatingProfit" : 741.11,
    "netProfitMargin" : 82.93,
    "netProfit" : 1045.07
  }, {
    "date" : "2023-06-30",
    "sales" : 841.14,
    "salesGrowthYoY" : -13.24,
    "grossProfitMargin" : 55.02,
    "grossProfit" : 462.80,
    "operatingProfitMargin" : 31.76,
    "operatingProfit" : 267.15,
    "netProfitMargin" : 20.85,
    "netProfit" : 175.38
  }, {
    "date" : "2023-09-30",
    "sales" : 694.54,
    "salesGrowthYoY" : -15.74,
    "grossProfitMargin" : 55.22,
    "grossProfit" : 383.52,
    "operatingProfitMargin" : 30.29,
    "operatingProfit" : 210.38,
    "netProfitMargin" : 24.36,
    "netProfit" : 169.19
  }, {
    "date" : "2023-12-31",
    "sales" : 797.49,
    "salesGrowthYoY" : -13.81,
    "grossProfitMargin" : 62.78,
    "grossProfit" : 500.66,
    "operatingProfitMargin" : 37.78,
    "operatingProfit" : 301.29,
    "netProfitMargin" : 58.14,
    "netProfit" : 463.66
  }, {
    "date" : "2024-03-31",
    "sales" : 909.41,
    "salesGrowthYoY" : -27.83,
    "grossProfitMargin" : 68.20,
    "grossProfit" : 620.22,
    "operatingProfitMargin" : 29.58,
    "operatingProfit" : 269.00,
    "netProfitMargin" : 48.71,
    "netProfit" : 442.97
  }, {
    "date" : "2024-06-30",
    "sales" : 405.32,
    "salesGrowthYoY" : -51.81,
    "grossProfitMargin" : 61.39,
    "grossProfit" : 248.83,
    "operatingProfitMargin" : -22.32,
    "operatingProfit" : -90.47,
    "netProfitMargin" : 0.94,
    "netProfit" : 3.81
  }, {
    "date" : "2024-09-30",
    "sales" : 903.58,
    "salesGrowthYoY" : 30.10,
    "grossProfitMargin" : 44.48,
    "grossProfit" : 401.91,
    "operatingProfitMargin" : 16.01,
    "operatingProfit" : 144.66,
    "netProfitMargin" : 21.29,
    "netProfit" : 192.37
  }, {
    "date" : "2024-12-31",
    "sales" : 936.74,
    "salesGrowthYoY" : 17.46,
    "grossProfitMargin" : 50.58,
    "grossProfit" : 473.80,
    "operatingProfitMargin" : 22.94,
    "operatingProfit" : 214.89,
    "netProfitMargin" : -17.03,
    "netProfit" : -159.53
  }, {
    "date" : "2025-03-31",
    "sales" : 2235.87,
    "salesGrowthYoY" : 145.86,
    "grossProfitMargin" : 55.75,
    "grossProfit" : 1246.50,
    "operatingProfitMargin" : 44.67,
    "operatingProfit" : 998.76,
    "netProfitMargin" : 69.32,
    "netProfit" : 1549.91
  }, {
    "date" : "2025-06-30",
    "sales" : 467.82,
    "salesGrowthYoY" : 15.42,
    "grossProfitMargin" : 40.99,
    "grossProfit" : 191.76,
    "operatingProfitMargin" : -3.05,
    "operatingProfit" : -14.27,
    "netProfitMargin" : 8.61,
    "netProfit" : 40.28
  }, {
    "date" : "2025-09-30",
    "sales" : 646.53,
    "salesGrowthYoY" : -28.45,
    "grossProfitMargin" : 54.45,
    "grossProfit" : 352.04,
    "operatingProfitMargin" : 16.10,
    "operatingProfit" : 104.09,
    "netProfitMargin" : 126.52,
    "netProfit" : 817.99
  }, {
    "date" : "2025-12-31",
    "sales" : 562.90,
    "salesGrowthYoY" : -39.91,
    "grossProfitMargin" : 59.01,
    "grossProfit" : 332.17,
    "operatingProfitMargin" : 18.23,
    "operatingProfit" : 102.62,
    "netProfitMargin" : 57.85,
    "netProfit" : 325.64
  } ],
  "latestQuarterlyResult" : {
    "date" : "2025-12-31",
    "sales" : 562.90,
    "salesGrowthYoY" : -39.91,
    "grossProfitMargin" : 59.01,
    "grossProfit" : 332.17,
    "operatingProfitMargin" : 18.23,
    "operatingProfit" : 102.62,
    "netProfitMargin" : 57.85,
    "netProfit" : 325.64
  },
  "companyScore" : {
    "priceHigherThanDma50" : 0.00,
    "priceHigherThanDma100" : 0.00,
    "priceHigherThanDma200" : 0.00,
    "dma50HigherThanDma100" : 0.00,
    "dma50HigherThanDma200" : 0.00,
    "dma100HigherThanDma200" : 0.00,
    "pricePercentageAboveDma50" : 5.01,
    "pricePercentageAboveDma100" : 5.29,
    "pricePercentageAboveDma200" : 5.38,
    "weeklyVolumeHigherThanYearlyVolume" : 0.00,
    "salesGrowthPercentile" : 4.23,
    "operatingProfitMarginPercentile" : 12.92,
    "netProfitMarginPercentile" : 8.40,
    "totalTechnicalScore" : 15.68,
    "totalFundamentalScore" : 25.55,
    "totalScore" : 41.23
  }
}