{
  "metadata" : {
    "screenerCompanyId" : "884",
    "companyCode" : "EDELWEISS",
    "companyName" : "Edelweiss.Fin.",
    "screenerCompanyLink" : "https://www.screener.in/company/EDELWEISS/consolidated/",
    "screenerTechnicalHistoryLink" : "https://www.screener.in/api/company/884/chart/?q=Price-DMA50-DMA200-Volume&days=365",
    "screenerQuarterlyResultsLink" : "https://www.screener.in/api/company/884/chart/?q=GPM-OPM-NPM-Quarter+Sales&days=10000",
    "attributes" : {
      "companyCode" : "EDELWEISS",
      "companyName" : "Edelweiss.Fin.",
      "marketCap" : 11493.00,
      "peRatio" : 19.40,
      "description" : "Incorporated in 1995, Edelweiss Financial Services Ltd provides Investment Banking and Advisory Services and holding company activities[1]"
    },
    "companyScore" : {
      "priceHigherThanDma50" : 5.00,
      "priceHigherThanDma100" : 5.00,
      "priceHigherThanDma200" : 5.00,
      "dma50HigherThanDma100" : 0.00,
      "dma50HigherThanDma200" : 5.00,
      "dma100HigherThanDma200" : 5.00,
      "pricePercentageAboveDma50" : 4.39,
      "pricePercentageAboveDma100" : 4.49,
      "pricePercentageAboveDma200" : 4.32,
      "weeklyVolumeHigherThanYearlyVolume" : 5.00,
      "salesGrowthPercentile" : 11.78,
      "operatingProfitMarginPercentile" : 18.97,
      "netProfitMarginPercentile" : 9.35,
      "totalTechnicalScore" : 43.21,
      "totalFundamentalScore" : 40.10,
      "totalScore" : 83.30
    }
  },
  "attributes" : {
    "companyCode" : "EDELWEISS",
    "companyName" : "Edelweiss.Fin.",
    "marketCap" : 11493.00,
    "peRatio" : 19.40,
    "description" : "Incorporated in 1995, Edelweiss Financial Services Ltd provides Investment Banking and Advisory Services and holding company activities[1]"
  },
  "technicalHistory" : [ {
    "date" : "2025-02-11",
    "price" : 109.30,
    "dma50" : 114.81,
    "dma100" : null,
    "dma200" : 103.08,
    "volume" : 3114081.00
  }, {
    "date" : "2025-02-12",
    "price" : 105.60,
    "dma50" : 114.45,
    "dma100" : null,
    "dma200" : 103.11,
    "volume" : 4210197.00
  }, {
    "date" : "2025-02-13",
    "price" : 102.98,
    "dma50" : 114.00,
    "dma100" : null,
    "dma200" : 103.11,
    "volume" : 2256298.00
  }, {
    "date" : "2025-02-14",
    "price" : 98.50,
    "dma50" : 113.39,
    "dma100" : null,
    "dma200" : 103.06,
    "volume" : 2670546.00
  }, {
    "date" : "2025-02-17",
    "price" : 99.42,
    "dma50" : 112.84,
    "dma100" : null,
    "dma200" : 103.02,
    "volume" : 3216429.00
  }, {
    "date" : "2025-02-18",
    "price" : 94.72,
    "dma50" : 112.13,
    "dma100" : null,
    "dma200" : 102.94,
    "volume" : 4189977.00
  }, {
    "date" : "2025-02-19",
    "price" : 97.57,
    "dma50" : 111.56,
    "dma100" : null,
    "dma200" : 102.89,
    "volume" : 8178037.00
  }, {
    "date" : "2025-02-20",
    "price" : 99.22,
    "dma50" : 111.08,
    "dma100" : null,
    "dma200" : 102.85,
    "volume" : 1502737.00
  }, {
    "date" : "2025-02-21",
    "price" : 98.76,
    "dma50" : 110.59,
    "dma100" : null,
    "dma200" : 102.81,
    "volume" : 2263835.00
  }, {
    "date" : "2025-02-24",
    "price" : 96.70,
    "dma50" : 110.05,
    "dma100" : null,
    "dma200" : 102.75,
    "volume" : 2084107.00
  }, {
    "date" : "2025-02-25",
    "price" : 95.05,
    "dma50" : 109.46,
    "dma100" : null,
    "dma200" : 102.67,
    "volume" : 3016476.00
  }, {
    "date" : "2025-02-27",
    "price" : 94.50,
    "dma50" : 108.87,
    "dma100" : null,
    "dma200" : 102.59,
    "volume" : 2521547.00
  }, {
    "date" : "2025-02-28",
    "price" : 89.53,
    "dma50" : 108.11,
    "dma100" : null,
    "dma200" : 102.46,
    "volume" : 5164372.00
  }, {
    "date" : "2025-03-03",
    "price" : 88.79,
    "dma50" : 107.36,
    "dma100" : null,
    "dma200" : 102.33,
    "volume" : 2896368.00
  }, {
    "date" : "2025-03-04",
    "price" : 88.57,
    "dma50" : 106.62,
    "dma100" : null,
    "dma200" : 102.19,
    "volume" : 3558813.00
  }, {
    "date" : "2025-03-05",
    "price" : 90.50,
    "dma50" : 105.99,
    "dma100" : null,
    "dma200" : 102.07,
    "volume" : 3490583.00
  }, {
    "date" : "2025-03-06",
    "price" : 92.76,
    "dma50" : 105.47,
    "dma100" : null,
    "dma200" : 101.98,
    "volume" : 3149151.00
  }, {
    "date" : "2025-03-07",
    "price" : 94.43,
    "dma50" : 105.04,
    "dma100" : null,
    "dma200" : 101.90,
    "volume" : 2195939.00
  }, {
    "date" : "2025-03-10",
    "price" : 92.66,
    "dma50" : 104.55,
    "dma100" : null,
    "dma200" : 101.81,
    "volume" : 2835991.00
  }, {
    "date" : "2025-03-11",
    "price" : 90.84,
    "dma50" : 104.01,
    "dma100" : null,
    "dma200" : 101.70,
    "volume" : 1457808.00
  }, {
    "date" : "2025-03-12",
    "price" : 89.37,
    "dma50" : 103.44,
    "dma100" : null,
    "dma200" : 101.58,
    "volume" : 2150191.00
  }, {
    "date" : "2025-03-13",
    "price" : 86.72,
    "dma50" : 102.78,
    "dma100" : null,
    "dma200" : 101.43,
    "volume" : 2182866.00
  }, {
    "date" : "2025-03-17",
    "price" : 84.84,
    "dma50" : 102.08,
    "dma100" : null,
    "dma200" : 101.27,
    "volume" : 4703403.00
  }, {
    "date" : "2025-03-18",
    "price" : 89.08,
    "dma50" : 101.57,
    "dma100" : null,
    "dma200" : 101.15,
    "volume" : 3412911.00
  }, {
    "date" : "2025-03-19",
    "price" : 89.66,
    "dma50" : 101.10,
    "dma100" : null,
    "dma200" : 101.03,
    "volume" : 4672112.00
  }, {
    "date" : "2025-03-20",
    "price" : 87.99,
    "dma50" : 100.59,
    "dma100" : null,
    "dma200" : 100.90,
    "volume" : 2835886.00
  }, {
    "date" : "2025-03-21",
    "price" : 92.91,
    "dma50" : 100.29,
    "dma100" : null,
    "dma200" : 100.82,
    "volume" : 3489968.00
  }, {
    "date" : "2025-03-24",
    "price" : 90.92,
    "dma50" : 99.92,
    "dma100" : null,
    "dma200" : 100.72,
    "volume" : 4295625.00
  }, {
    "date" : "2025-03-25",
    "price" : 88.53,
    "dma50" : 99.47,
    "dma100" : null,
    "dma200" : 100.60,
    "volume" : 2575106.00
  }, {
    "date" : "2025-03-26",
    "price" : 86.40,
    "dma50" : 98.96,
    "dma100" : null,
    "dma200" : 100.46,
    "volume" : 3055781.00
  }, {
    "date" : "2025-03-27",
    "price" : 91.41,
    "dma50" : 98.66,
    "dma100" : null,
    "dma200" : 100.37,
    "volume" : 7349056.00
  }, {
    "date" : "2025-03-28",
    "price" : 89.99,
    "dma50" : 98.32,
    "dma100" : null,
    "dma200" : 100.27,
    "volume" : 4211195.00
  }, {
    "date" : "2025-04-01",
    "price" : 89.99,
    "dma50" : 98.00,
    "dma100" : null,
    "dma200" : 100.17,
    "volume" : 2192616.00
  }, {
    "date" : "2025-04-02",
    "price" : 90.89,
    "dma50" : 97.72,
    "dma100" : null,
    "dma200" : 100.07,
    "volume" : 2327974.00
  }, {
    "date" : "2025-04-03",
    "price" : 93.10,
    "dma50" : 97.54,
    "dma100" : null,
    "dma200" : 100.00,
    "volume" : 3139906.00
  }, {
    "date" : "2025-04-04",
    "price" : 87.66,
    "dma50" : 97.15,
    "dma100" : null,
    "dma200" : 99.88,
    "volume" : 3969818.00
  }, {
    "date" : "2025-04-07",
    "price" : 78.10,
    "dma50" : 96.40,
    "dma100" : null,
    "dma200" : 99.66,
    "volume" : 6693612.00
  }, {
    "date" : "2025-04-08",
    "price" : 79.37,
    "dma50" : 95.74,
    "dma100" : null,
    "dma200" : 99.46,
    "volume" : 6224063.00
  }, {
    "date" : "2025-04-09",
    "price" : 74.97,
    "dma50" : 94.92,
    "dma100" : null,
    "dma200" : 99.22,
    "volume" : 4632472.00
  }, {
    "date" : "2025-04-11",
    "price" : 79.06,
    "dma50" : 94.30,
    "dma100" : null,
    "dma200" : 99.02,
    "volume" : 13621493.00
  }, {
    "date" : "2025-04-15",
    "price" : 81.40,
    "dma50" : 93.79,
    "dma100" : null,
    "dma200" : 98.84,
    "volume" : 4529939.00
  }, {
    "date" : "2025-04-16",
    "price" : 83.19,
    "dma50" : 93.38,
    "dma100" : null,
    "dma200" : 98.69,
    "volume" : 4275458.00
  }, {
    "date" : "2025-04-17",
    "price" : 83.28,
    "dma50" : 92.98,
    "dma100" : null,
    "dma200" : 98.53,
    "volume" : 3000651.00
  }, {
    "date" : "2025-04-21",
    "price" : 85.91,
    "dma50" : 92.70,
    "dma100" : null,
    "dma200" : 98.41,
    "volume" : 7224676.00
  }, {
    "date" : "2025-04-22",
    "price" : 87.12,
    "dma50" : 92.48,
    "dma100" : null,
    "dma200" : 98.30,
    "volume" : 4888417.00
  }, {
    "date" : "2025-04-23",
    "price" : 85.45,
    "dma50" : 92.21,
    "dma100" : null,
    "dma200" : 98.17,
    "volume" : 4333118.00
  }, {
    "date" : "2025-04-24",
    "price" : 87.02,
    "dma50" : 92.01,
    "dma100" : null,
    "dma200" : 98.06,
    "volume" : 3338296.00
  }, {
    "date" : "2025-04-25",
    "price" : 83.23,
    "dma50" : 91.66,
    "dma100" : null,
    "dma200" : 97.91,
    "volume" : 6300192.00
  }, {
    "date" : "2025-04-28",
    "price" : 81.84,
    "dma50" : 91.28,
    "dma100" : null,
    "dma200" : 97.75,
    "volume" : 2832858.00
  }, {
    "date" : "2025-04-29",
    "price" : 80.78,
    "dma50" : 90.86,
    "dma100" : null,
    "dma200" : 97.58,
    "volume" : 4046089.00
  }, {
    "date" : "2025-04-30",
    "price" : 78.71,
    "dma50" : 90.39,
    "dma100" : null,
    "dma200" : 97.39,
    "volume" : 5068798.00
  }, {
    "date" : "2025-05-02",
    "price" : 79.85,
    "dma50" : 89.97,
    "dma100" : null,
    "dma200" : 97.22,
    "volume" : 3799989.00
  }, {
    "date" : "2025-05-05",
    "price" : 79.51,
    "dma50" : 89.56,
    "dma100" : null,
    "dma200" : 97.04,
    "volume" : 3080799.00
  }, {
    "date" : "2025-05-06",
    "price" : 76.05,
    "dma50" : 89.03,
    "dma100" : null,
    "dma200" : 96.83,
    "volume" : 3891853.00
  }, {
    "date" : "2025-05-07",
    "price" : 76.25,
    "dma50" : 88.53,
    "dma100" : null,
    "dma200" : 96.63,
    "volume" : 4531468.00
  }, {
    "date" : "2025-05-08",
    "price" : 76.43,
    "dma50" : 88.06,
    "dma100" : null,
    "dma200" : 96.43,
    "volume" : 6319929.00
  }, {
    "date" : "2025-05-09",
    "price" : 78.60,
    "dma50" : 87.69,
    "dma100" : null,
    "dma200" : 96.25,
    "volume" : 8326075.00
  }, {
    "date" : "2025-05-12",
    "price" : 80.94,
    "dma50" : 87.42,
    "dma100" : null,
    "dma200" : 96.10,
    "volume" : 9771884.00
  }, {
    "date" : "2025-05-13",
    "price" : 86.44,
    "dma50" : 87.38,
    "dma100" : null,
    "dma200" : 96.00,
    "volume" : 14244614.00
  }, {
    "date" : "2025-05-14",
    "price" : 87.55,
    "dma50" : 87.39,
    "dma100" : null,
    "dma200" : 95.92,
    "volume" : 23491161.00
  }, {
    "date" : "2025-05-15",
    "price" : 85.28,
    "dma50" : 87.31,
    "dma100" : null,
    "dma200" : 95.81,
    "volume" : 5246102.00
  }, {
    "date" : "2025-05-16",
    "price" : 86.88,
    "dma50" : 87.29,
    "dma100" : null,
    "dma200" : 95.72,
    "volume" : 3241596.00
  }, {
    "date" : "2025-05-19",
    "price" : 91.30,
    "dma50" : 87.45,
    "dma100" : null,
    "dma200" : 95.68,
    "volume" : 10020531.00
  }, {
    "date" : "2025-05-20",
    "price" : 93.89,
    "dma50" : 87.70,
    "dma100" : null,
    "dma200" : 95.66,
    "volume" : 37852070.00
  }, {
    "date" : "2025-05-21",
    "price" : 98.13,
    "dma50" : 88.11,
    "dma100" : null,
    "dma200" : 95.69,
    "volume" : 15566439.00
  }, {
    "date" : "2025-05-22",
    "price" : 101.42,
    "dma50" : 88.63,
    "dma100" : null,
    "dma200" : 95.74,
    "volume" : 13954440.00
  }, {
    "date" : "2025-05-23",
    "price" : 100.46,
    "dma50" : 89.10,
    "dma100" : null,
    "dma200" : 95.79,
    "volume" : 6635005.00
  }, {
    "date" : "2025-05-26",
    "price" : 101.09,
    "dma50" : 89.57,
    "dma100" : null,
    "dma200" : 95.84,
    "volume" : 7200123.00
  }, {
    "date" : "2025-05-27",
    "price" : 100.51,
    "dma50" : 90.00,
    "dma100" : null,
    "dma200" : 95.89,
    "volume" : 3715164.00
  }, {
    "date" : "2025-05-28",
    "price" : 105.64,
    "dma50" : 90.61,
    "dma100" : null,
    "dma200" : 95.99,
    "volume" : 10589057.00
  }, {
    "date" : "2025-05-29",
    "price" : 107.99,
    "dma50" : 91.29,
    "dma100" : null,
    "dma200" : 96.11,
    "volume" : 7529531.00
  }, {
    "date" : "2025-05-30",
    "price" : 108.56,
    "dma50" : 91.97,
    "dma100" : null,
    "dma200" : 96.23,
    "volume" : 6190503.00
  }, {
    "date" : "2025-06-02",
    "price" : 109.12,
    "dma50" : 92.64,
    "dma100" : null,
    "dma200" : 96.36,
    "volume" : 3308920.00
  }, {
    "date" : "2025-06-03",
    "price" : 105.91,
    "dma50" : 93.16,
    "dma100" : null,
    "dma200" : 96.45,
    "volume" : 3501588.00
  }, {
    "date" : "2025-06-04",
    "price" : 104.93,
    "dma50" : 93.62,
    "dma100" : null,
    "dma200" : 96.54,
    "volume" : 2909903.00
  }, {
    "date" : "2025-06-05",
    "price" : 107.13,
    "dma50" : 94.15,
    "dma100" : null,
    "dma200" : 96.64,
    "volume" : 4501779.00
  }, {
    "date" : "2025-06-06",
    "price" : 105.60,
    "dma50" : 94.60,
    "dma100" : null,
    "dma200" : 96.73,
    "volume" : 4397521.00
  }, {
    "date" : "2025-06-09",
    "price" : 113.58,
    "dma50" : 95.35,
    "dma100" : null,
    "dma200" : 96.90,
    "volume" : 16527465.00
  }, {
    "date" : "2025-06-10",
    "price" : 110.45,
    "dma50" : 95.94,
    "dma100" : null,
    "dma200" : 97.03,
    "volume" : 5434611.00
  }, {
    "date" : "2025-06-11",
    "price" : 109.29,
    "dma50" : 96.46,
    "dma100" : null,
    "dma200" : 97.16,
    "volume" : 4489117.00
  }, {
    "date" : "2025-06-12",
    "price" : 106.87,
    "dma50" : 96.87,
    "dma100" : null,
    "dma200" : 97.25,
    "volume" : 5580840.00
  }, {
    "date" : "2025-06-13",
    "price" : 107.02,
    "dma50" : 97.27,
    "dma100" : null,
    "dma200" : 97.35,
    "volume" : 5343341.00
  }, {
    "date" : "2025-06-16",
    "price" : 107.09,
    "dma50" : 97.65,
    "dma100" : null,
    "dma200" : 97.45,
    "volume" : 4198617.00
  }, {
    "date" : "2025-06-17",
    "price" : 107.18,
    "dma50" : 98.03,
    "dma100" : null,
    "dma200" : 97.54,
    "volume" : 5536943.00
  }, {
    "date" : "2025-06-18",
    "price" : 106.79,
    "dma50" : 98.37,
    "dma100" : null,
    "dma200" : 97.64,
    "volume" : 5568938.00
  }, {
    "date" : "2025-06-19",
    "price" : 103.27,
    "dma50" : 98.56,
    "dma100" : null,
    "dma200" : 97.69,
    "volume" : 4394284.00
  }, {
    "date" : "2025-06-20",
    "price" : 102.35,
    "dma50" : 98.71,
    "dma100" : null,
    "dma200" : 97.74,
    "volume" : 7467681.00
  }, {
    "date" : "2025-06-23",
    "price" : 102.53,
    "dma50" : 98.86,
    "dma100" : null,
    "dma200" : 97.79,
    "volume" : 4113594.00
  }, {
    "date" : "2025-06-24",
    "price" : 108.94,
    "dma50" : 99.26,
    "dma100" : null,
    "dma200" : 97.90,
    "volume" : 11279228.00
  }, {
    "date" : "2025-06-25",
    "price" : 111.08,
    "dma50" : 99.72,
    "dma100" : null,
    "dma200" : 98.03,
    "volume" : 6466252.00
  }, {
    "date" : "2025-06-26",
    "price" : 109.16,
    "dma50" : 100.09,
    "dma100" : null,
    "dma200" : 98.14,
    "volume" : 3681470.00
  }, {
    "date" : "2025-06-27",
    "price" : 115.20,
    "dma50" : 100.68,
    "dma100" : null,
    "dma200" : 98.31,
    "volume" : 14356231.00
  }, {
    "date" : "2025-06-30",
    "price" : 115.94,
    "dma50" : 101.28,
    "dma100" : null,
    "dma200" : 98.48,
    "volume" : 12277486.00
  }, {
    "date" : "2025-07-01",
    "price" : 117.21,
    "dma50" : 101.91,
    "dma100" : null,
    "dma200" : 98.67,
    "volume" : 4419840.00
  }, {
    "date" : "2025-07-02",
    "price" : 115.34,
    "dma50" : 102.43,
    "dma100" : null,
    "dma200" : 98.84,
    "volume" : 3190279.00
  }, {
    "date" : "2025-07-03",
    "price" : 115.85,
    "dma50" : 102.96,
    "dma100" : null,
    "dma200" : 99.01,
    "volume" : 2948607.00
  }, {
    "date" : "2025-07-04",
    "price" : 115.00,
    "dma50" : 103.43,
    "dma100" : null,
    "dma200" : 99.16,
    "volume" : 2947217.00
  }, {
    "date" : "2025-07-07",
    "price" : 113.72,
    "dma50" : 103.83,
    "dma100" : null,
    "dma200" : 99.31,
    "volume" : 2670017.00
  }, {
    "date" : "2025-07-08",
    "price" : 115.69,
    "dma50" : 104.30,
    "dma100" : null,
    "dma200" : 99.47,
    "volume" : 6521816.00
  }, {
    "date" : "2025-07-09",
    "price" : 114.90,
    "dma50" : 104.71,
    "dma100" : null,
    "dma200" : 99.63,
    "volume" : 5381236.00
  }, {
    "date" : "2025-07-10",
    "price" : 114.76,
    "dma50" : 105.11,
    "dma100" : 95.65,
    "dma200" : 99.78,
    "volume" : 3693008.00
  }, {
    "date" : "2025-07-11",
    "price" : 114.03,
    "dma50" : 105.46,
    "dma100" : 95.73,
    "dma200" : 99.92,
    "volume" : 3543399.00
  }, {
    "date" : "2025-07-14",
    "price" : 113.51,
    "dma50" : 105.77,
    "dma100" : 95.84,
    "dma200" : 100.05,
    "volume" : 3094644.00
  }, {
    "date" : "2025-07-15",
    "price" : 113.75,
    "dma50" : 106.09,
    "dma100" : 95.99,
    "dma200" : 100.19,
    "volume" : 2532813.00
  }, {
    "date" : "2025-07-16",
    "price" : 120.80,
    "dma50" : 106.66,
    "dma100" : 96.20,
    "dma200" : 100.39,
    "volume" : 19513606.00
  }, {
    "date" : "2025-07-17",
    "price" : 121.42,
    "dma50" : 107.24,
    "dma100" : 96.47,
    "dma200" : 100.60,
    "volume" : 13389976.00
  }, {
    "date" : "2025-07-18",
    "price" : 119.09,
    "dma50" : 107.71,
    "dma100" : 96.68,
    "dma200" : 100.79,
    "volume" : 6114264.00
  }, {
    "date" : "2025-07-21",
    "price" : 115.25,
    "dma50" : 108.00,
    "dma100" : 96.85,
    "dma200" : 100.93,
    "volume" : 5780385.00
  }, {
    "date" : "2025-07-22",
    "price" : 112.91,
    "dma50" : 108.20,
    "dma100" : 96.99,
    "dma200" : 101.05,
    "volume" : 5097306.00
  }, {
    "date" : "2025-07-23",
    "price" : 113.16,
    "dma50" : 108.39,
    "dma100" : 97.15,
    "dma200" : 101.17,
    "volume" : 6273409.00
  }, {
    "date" : "2025-07-24",
    "price" : 110.79,
    "dma50" : 108.48,
    "dma100" : 97.31,
    "dma200" : 101.27,
    "volume" : 3863810.00
  }, {
    "date" : "2025-07-25",
    "price" : 107.63,
    "dma50" : 108.45,
    "dma100" : 97.44,
    "dma200" : 101.33,
    "volume" : 5136319.00
  }, {
    "date" : "2025-07-28",
    "price" : 104.25,
    "dma50" : 108.29,
    "dma100" : 97.59,
    "dma200" : 101.36,
    "volume" : 5568585.00
  }, {
    "date" : "2025-07-29",
    "price" : 104.99,
    "dma50" : 108.16,
    "dma100" : 97.75,
    "dma200" : 101.40,
    "volume" : 4506005.00
  }, {
    "date" : "2025-07-30",
    "price" : 103.95,
    "dma50" : 107.99,
    "dma100" : 97.90,
    "dma200" : 101.42,
    "volume" : 3325069.00
  }, {
    "date" : "2025-07-31",
    "price" : 103.35,
    "dma50" : 107.81,
    "dma100" : 98.03,
    "dma200" : 101.44,
    "volume" : 4777822.00
  }, {
    "date" : "2025-08-01",
    "price" : 98.82,
    "dma50" : 107.46,
    "dma100" : 98.09,
    "dma200" : 101.41,
    "volume" : 5511481.00
  }, {
    "date" : "2025-08-04",
    "price" : 99.50,
    "dma50" : 107.15,
    "dma100" : 98.14,
    "dma200" : 101.40,
    "volume" : 6686840.00
  }, {
    "date" : "2025-08-05",
    "price" : 99.60,
    "dma50" : 106.85,
    "dma100" : 98.21,
    "dma200" : 101.38,
    "volume" : 3867669.00
  }, {
    "date" : "2025-08-06",
    "price" : 97.42,
    "dma50" : 106.48,
    "dma100" : 98.28,
    "dma200" : 101.34,
    "volume" : 5287215.00
  }, {
    "date" : "2025-08-07",
    "price" : 96.93,
    "dma50" : 106.11,
    "dma100" : 98.35,
    "dma200" : 101.29,
    "volume" : 3361330.00
  }, {
    "date" : "2025-08-08",
    "price" : 95.49,
    "dma50" : 105.69,
    "dma100" : 98.44,
    "dma200" : 101.24,
    "volume" : 4233805.00
  }, {
    "date" : "2025-08-11",
    "price" : 93.57,
    "dma50" : 105.21,
    "dma100" : 98.53,
    "dma200" : 101.16,
    "volume" : 5239728.00
  }, {
    "date" : "2025-08-12",
    "price" : 94.50,
    "dma50" : 104.79,
    "dma100" : 98.58,
    "dma200" : 101.09,
    "volume" : 10309123.00
  }, {
    "date" : "2025-08-13",
    "price" : 95.80,
    "dma50" : 104.44,
    "dma100" : 98.64,
    "dma200" : 101.04,
    "volume" : 15028330.00
  }, {
    "date" : "2025-08-14",
    "price" : 96.28,
    "dma50" : 104.12,
    "dma100" : 98.73,
    "dma200" : 100.99,
    "volume" : 11088546.00
  }, {
    "date" : "2025-08-18",
    "price" : 95.58,
    "dma50" : 103.79,
    "dma100" : 98.75,
    "dma200" : 100.94,
    "volume" : 5674378.00
  }, {
    "date" : "2025-08-19",
    "price" : 98.28,
    "dma50" : 103.57,
    "dma100" : 98.83,
    "dma200" : 100.91,
    "volume" : 7683118.00
  }, {
    "date" : "2025-08-20",
    "price" : 97.11,
    "dma50" : 103.32,
    "dma100" : 98.91,
    "dma200" : 100.88,
    "volume" : 4347360.00
  }, {
    "date" : "2025-08-21",
    "price" : 96.90,
    "dma50" : 103.06,
    "dma100" : 99.02,
    "dma200" : 100.84,
    "volume" : 11083081.00
  }, {
    "date" : "2025-08-22",
    "price" : 93.86,
    "dma50" : 102.70,
    "dma100" : 99.04,
    "dma200" : 100.77,
    "volume" : 10692562.00
  }, {
    "date" : "2025-08-25",
    "price" : 100.89,
    "dma50" : 102.63,
    "dma100" : 99.15,
    "dma200" : 100.77,
    "volume" : 25728240.00
  }, {
    "date" : "2025-08-26",
    "price" : 107.92,
    "dma50" : 102.84,
    "dma100" : 99.33,
    "dma200" : 100.84,
    "volume" : 49878596.00
  }, {
    "date" : "2025-08-28",
    "price" : 110.66,
    "dma50" : 103.15,
    "dma100" : 99.53,
    "dma200" : 100.94,
    "volume" : 32972113.00
  }, {
    "date" : "2025-08-29",
    "price" : 107.16,
    "dma50" : 103.30,
    "dma100" : 99.67,
    "dma200" : 101.00,
    "volume" : 8621494.00
  }, {
    "date" : "2025-09-01",
    "price" : 109.85,
    "dma50" : 103.56,
    "dma100" : 99.89,
    "dma200" : 101.09,
    "volume" : 13994828.00
  }, {
    "date" : "2025-09-02",
    "price" : 111.15,
    "dma50" : 103.86,
    "dma100" : 100.22,
    "dma200" : 101.19,
    "volume" : 13481389.00
  }, {
    "date" : "2025-09-03",
    "price" : 114.52,
    "dma50" : 104.28,
    "dma100" : 100.57,
    "dma200" : 101.32,
    "volume" : 11406765.00
  }, {
    "date" : "2025-09-04",
    "price" : 112.98,
    "dma50" : 104.62,
    "dma100" : 100.95,
    "dma200" : 101.44,
    "volume" : 5840861.00
  }, {
    "date" : "2025-09-05",
    "price" : 116.28,
    "dma50" : 105.08,
    "dma100" : 101.33,
    "dma200" : 101.58,
    "volume" : 15427092.00
  }, {
    "date" : "2025-09-08",
    "price" : 117.74,
    "dma50" : 105.57,
    "dma100" : 101.69,
    "dma200" : 101.74,
    "volume" : 4894109.00
  }, {
    "date" : "2025-09-09",
    "price" : 115.42,
    "dma50" : 105.96,
    "dma100" : 102.01,
    "dma200" : 101.88,
    "volume" : 6938384.00
  }, {
    "date" : "2025-09-10",
    "price" : 115.03,
    "dma50" : 106.31,
    "dma100" : 102.33,
    "dma200" : 102.01,
    "volume" : 4512299.00
  }, {
    "date" : "2025-09-11",
    "price" : 112.92,
    "dma50" : 106.57,
    "dma100" : 102.60,
    "dma200" : 102.12,
    "volume" : 4833662.00
  }, {
    "date" : "2025-09-12",
    "price" : 115.37,
    "dma50" : 106.92,
    "dma100" : 102.88,
    "dma200" : 102.25,
    "volume" : 9294433.00
  }, {
    "date" : "2025-09-15",
    "price" : 116.22,
    "dma50" : 107.28,
    "dma100" : 103.19,
    "dma200" : 102.39,
    "volume" : 7207407.00
  }, {
    "date" : "2025-09-16",
    "price" : 116.10,
    "dma50" : 107.63,
    "dma100" : 103.48,
    "dma200" : 102.53,
    "volume" : 8100601.00
  }, {
    "date" : "2025-09-17",
    "price" : 115.04,
    "dma50" : 107.92,
    "dma100" : 103.80,
    "dma200" : 102.65,
    "volume" : 5879374.00
  }, {
    "date" : "2025-09-18",
    "price" : 115.37,
    "dma50" : 108.21,
    "dma100" : 104.13,
    "dma200" : 102.78,
    "volume" : 9347643.00
  }, {
    "date" : "2025-09-19",
    "price" : 119.03,
    "dma50" : 108.64,
    "dma100" : 104.52,
    "dma200" : 102.94,
    "volume" : 15416641.00
  }, {
    "date" : "2025-09-22",
    "price" : 118.05,
    "dma50" : 109.00,
    "dma100" : 104.91,
    "dma200" : 103.09,
    "volume" : 10189570.00
  }, {
    "date" : "2025-09-23",
    "price" : 116.86,
    "dma50" : 109.31,
    "dma100" : 105.28,
    "dma200" : 103.23,
    "volume" : 7259006.00
  }, {
    "date" : "2025-09-24",
    "price" : 120.74,
    "dma50" : 109.76,
    "dma100" : 105.69,
    "dma200" : 103.40,
    "volume" : 17075976.00
  }, {
    "date" : "2025-09-25",
    "price" : 115.63,
    "dma50" : 109.99,
    "dma100" : 106.09,
    "dma200" : 103.52,
    "volume" : 10203553.00
  }, {
    "date" : "2025-09-26",
    "price" : 109.33,
    "dma50" : 109.97,
    "dma100" : 106.42,
    "dma200" : 103.58,
    "volume" : 9721981.00
  }, {
    "date" : "2025-09-29",
    "price" : 110.41,
    "dma50" : 109.98,
    "dma100" : 106.76,
    "dma200" : 103.65,
    "volume" : 7531078.00
  }, {
    "date" : "2025-09-30",
    "price" : 107.38,
    "dma50" : 109.88,
    "dma100" : 107.05,
    "dma200" : 103.69,
    "volume" : 7763132.00
  }, {
    "date" : "2025-10-01",
    "price" : 108.67,
    "dma50" : 109.83,
    "dma100" : 107.32,
    "dma200" : 103.74,
    "volume" : 4454348.00
  }, {
    "date" : "2025-10-03",
    "price" : 111.40,
    "dma50" : 109.89,
    "dma100" : 107.57,
    "dma200" : 103.81,
    "volume" : 6933986.00
  }, {
    "date" : "2025-10-06",
    "price" : 110.12,
    "dma50" : 109.90,
    "dma100" : 107.80,
    "dma200" : 103.87,
    "volume" : 3856353.00
  }, {
    "date" : "2025-10-07",
    "price" : 110.91,
    "dma50" : 109.94,
    "dma100" : 108.05,
    "dma200" : 103.94,
    "volume" : 2734660.00
  }, {
    "date" : "2025-10-08",
    "price" : 112.35,
    "dma50" : 110.04,
    "dma100" : 108.31,
    "dma200" : 104.03,
    "volume" : 5301483.00
  }, {
    "date" : "2025-10-09",
    "price" : 113.01,
    "dma50" : 110.15,
    "dma100" : 108.53,
    "dma200" : 104.12,
    "volume" : 4496957.00
  }, {
    "date" : "2025-10-10",
    "price" : 111.07,
    "dma50" : 110.19,
    "dma100" : 108.70,
    "dma200" : 104.19,
    "volume" : 2062131.00
  }, {
    "date" : "2025-10-13",
    "price" : 109.86,
    "dma50" : 110.18,
    "dma100" : 108.82,
    "dma200" : 104.24,
    "volume" : 3667047.00
  }, {
    "date" : "2025-10-14",
    "price" : 107.65,
    "dma50" : 110.08,
    "dma100" : 108.88,
    "dma200" : 104.28,
    "volume" : 2998546.00
  }, {
    "date" : "2025-10-15",
    "price" : 108.85,
    "dma50" : 110.03,
    "dma100" : 108.96,
    "dma200" : 104.32,
    "volume" : 1964881.00
  }, {
    "date" : "2025-10-16",
    "price" : 108.03,
    "dma50" : 109.95,
    "dma100" : 109.03,
    "dma200" : 104.36,
    "volume" : 2705635.00
  }, {
    "date" : "2025-10-17",
    "price" : 108.28,
    "dma50" : 109.89,
    "dma100" : 109.11,
    "dma200" : 104.40,
    "volume" : 3216164.00
  }, {
    "date" : "2025-10-20",
    "price" : 115.54,
    "dma50" : 110.11,
    "dma100" : 109.21,
    "dma200" : 104.51,
    "volume" : 13845879.00
  }, {
    "date" : "2025-10-21",
    "price" : 116.91,
    "dma50" : 110.37,
    "dma100" : 109.30,
    "dma200" : 104.63,
    "volume" : 3118193.00
  }, {
    "date" : "2025-10-23",
    "price" : 117.14,
    "dma50" : 110.64,
    "dma100" : 109.38,
    "dma200" : 104.76,
    "volume" : 7604176.00
  }, {
    "date" : "2025-10-24",
    "price" : 120.61,
    "dma50" : 111.03,
    "dma100" : 109.50,
    "dma200" : 104.91,
    "volume" : 12165480.00
  }, {
    "date" : "2025-10-27",
    "price" : 120.23,
    "dma50" : 111.39,
    "dma100" : 109.64,
    "dma200" : 105.07,
    "volume" : 15849769.00
  }, {
    "date" : "2025-10-28",
    "price" : 119.58,
    "dma50" : 111.71,
    "dma100" : 109.79,
    "dma200" : 105.21,
    "volume" : 6009061.00
  }, {
    "date" : "2025-10-29",
    "price" : 116.54,
    "dma50" : 111.90,
    "dma100" : 109.88,
    "dma200" : 105.32,
    "volume" : 6138800.00
  }, {
    "date" : "2025-10-30",
    "price" : 115.27,
    "dma50" : 112.03,
    "dma100" : 109.98,
    "dma200" : 105.42,
    "volume" : 4117045.00
  }, {
    "date" : "2025-10-31",
    "price" : 113.60,
    "dma50" : 112.10,
    "dma100" : 109.98,
    "dma200" : 105.50,
    "volume" : 5187593.00
  }, {
    "date" : "2025-11-03",
    "price" : 115.42,
    "dma50" : 112.23,
    "dma100" : 110.03,
    "dma200" : 105.60,
    "volume" : 3537133.00
  }, {
    "date" : "2025-11-04",
    "price" : 111.18,
    "dma50" : 112.18,
    "dma100" : 110.05,
    "dma200" : 105.66,
    "volume" : 5538096.00
  }, {
    "date" : "2025-11-06",
    "price" : 110.45,
    "dma50" : 112.12,
    "dma100" : 110.08,
    "dma200" : 105.71,
    "volume" : 3291325.00
  }, {
    "date" : "2025-11-07",
    "price" : 110.03,
    "dma50" : 112.03,
    "dma100" : 110.11,
    "dma200" : 105.75,
    "volume" : 5030838.00
  }, {
    "date" : "2025-11-10",
    "price" : 107.52,
    "dma50" : 111.86,
    "dma100" : 110.12,
    "dma200" : 105.77,
    "volume" : 3828373.00
  }, {
    "date" : "2025-11-11",
    "price" : 108.95,
    "dma50" : 111.74,
    "dma100" : 110.13,
    "dma200" : 105.80,
    "volume" : 12143241.00
  }, {
    "date" : "2025-11-12",
    "price" : 112.45,
    "dma50" : 111.77,
    "dma100" : 110.19,
    "dma200" : 105.86,
    "volume" : 8561151.00
  }, {
    "date" : "2025-11-13",
    "price" : 116.92,
    "dma50" : 111.97,
    "dma100" : 110.33,
    "dma200" : 105.97,
    "volume" : 14151336.00
  }, {
    "date" : "2025-11-14",
    "price" : 116.39,
    "dma50" : 112.15,
    "dma100" : 110.47,
    "dma200" : 106.08,
    "volume" : 7508078.00
  }, {
    "date" : "2025-11-17",
    "price" : 117.05,
    "dma50" : 112.34,
    "dma100" : 110.61,
    "dma200" : 106.19,
    "volume" : 3781095.00
  }, {
    "date" : "2025-11-18",
    "price" : 116.29,
    "dma50" : 112.49,
    "dma100" : 110.69,
    "dma200" : 106.29,
    "volume" : 5128887.00
  }, {
    "date" : "2025-11-19",
    "price" : 116.31,
    "dma50" : 112.64,
    "dma100" : 110.74,
    "dma200" : 106.39,
    "volume" : 7395493.00
  }, {
    "date" : "2025-11-20",
    "price" : 113.52,
    "dma50" : 112.68,
    "dma100" : 110.78,
    "dma200" : 106.46,
    "volume" : 3400199.00
  }, {
    "date" : "2025-11-21",
    "price" : 111.69,
    "dma50" : 112.64,
    "dma100" : 110.75,
    "dma200" : 106.51,
    "volume" : 4229083.00
  }, {
    "date" : "2025-11-24",
    "price" : 110.77,
    "dma50" : 112.57,
    "dma100" : 110.70,
    "dma200" : 106.55,
    "volume" : 4391280.00
  }, {
    "date" : "2025-11-25",
    "price" : 110.69,
    "dma50" : 112.49,
    "dma100" : 110.63,
    "dma200" : 106.59,
    "volume" : 3170950.00
  }, {
    "date" : "2025-11-26",
    "price" : 112.39,
    "dma50" : 112.49,
    "dma100" : 110.60,
    "dma200" : 106.65,
    "volume" : 2695806.00
  }, {
    "date" : "2025-11-27",
    "price" : 111.63,
    "dma50" : 112.45,
    "dma100" : 110.56,
    "dma200" : 106.70,
    "volume" : 2183175.00
  }, {
    "date" : "2025-11-28",
    "price" : 110.24,
    "dma50" : 112.37,
    "dma100" : 110.51,
    "dma200" : 106.74,
    "volume" : 2704859.00
  }, {
    "date" : "2025-12-01",
    "price" : 114.17,
    "dma50" : 112.44,
    "dma100" : 110.52,
    "dma200" : 106.81,
    "volume" : 7125091.00
  }, {
    "date" : "2025-12-02",
    "price" : 110.90,
    "dma50" : 112.38,
    "dma100" : 110.47,
    "dma200" : 106.85,
    "volume" : 2746764.00
  }, {
    "date" : "2025-12-03",
    "price" : 109.16,
    "dma50" : 112.25,
    "dma100" : 110.41,
    "dma200" : 106.87,
    "volume" : 3702951.00
  }, {
    "date" : "2025-12-04",
    "price" : 107.88,
    "dma50" : 112.08,
    "dma100" : 110.34,
    "dma200" : 106.88,
    "volume" : 3166641.00
  }, {
    "date" : "2025-12-05",
    "price" : 105.01,
    "dma50" : 111.80,
    "dma100" : 110.25,
    "dma200" : 106.87,
    "volume" : 4558657.00
  }, {
    "date" : "2025-12-08",
    "price" : 100.43,
    "dma50" : 111.36,
    "dma100" : 110.12,
    "dma200" : 106.80,
    "volume" : 5610911.00
  }, {
    "date" : "2025-12-09",
    "price" : 104.09,
    "dma50" : 111.07,
    "dma100" : 110.02,
    "dma200" : 106.77,
    "volume" : 8856645.00
  }, {
    "date" : "2025-12-10",
    "price" : 102.88,
    "dma50" : 110.75,
    "dma100" : 109.85,
    "dma200" : 106.74,
    "volume" : 3194223.00
  }, {
    "date" : "2025-12-11",
    "price" : 104.42,
    "dma50" : 110.50,
    "dma100" : 109.68,
    "dma200" : 106.71,
    "volume" : 3026939.00
  }, {
    "date" : "2025-12-12",
    "price" : 103.42,
    "dma50" : 110.22,
    "dma100" : 109.52,
    "dma200" : 106.68,
    "volume" : 3258170.00
  }, {
    "date" : "2025-12-15",
    "price" : 108.91,
    "dma50" : 110.17,
    "dma100" : 109.46,
    "dma200" : 106.70,
    "volume" : 5472163.00
  }, {
    "date" : "2025-12-16",
    "price" : 106.44,
    "dma50" : 110.03,
    "dma100" : 109.39,
    "dma200" : 106.70,
    "volume" : 3441714.00
  }, {
    "date" : "2025-12-17",
    "price" : 105.01,
    "dma50" : 109.83,
    "dma100" : 109.31,
    "dma200" : 106.68,
    "volume" : 2391361.00
  }, {
    "date" : "2025-12-18",
    "price" : 104.74,
    "dma50" : 109.63,
    "dma100" : 109.25,
    "dma200" : 106.66,
    "volume" : 2070247.00
  }, {
    "date" : "2025-12-19",
    "price" : 106.82,
    "dma50" : 109.52,
    "dma100" : 109.24,
    "dma200" : 106.67,
    "volume" : 1731338.00
  }, {
    "date" : "2025-12-22",
    "price" : 108.53,
    "dma50" : 109.48,
    "dma100" : 109.28,
    "dma200" : 106.68,
    "volume" : 3610358.00
  }, {
    "date" : "2025-12-23",
    "price" : 109.07,
    "dma50" : 109.47,
    "dma100" : 109.32,
    "dma200" : 106.71,
    "volume" : 4322406.00
  }, {
    "date" : "2025-12-24",
    "price" : 109.34,
    "dma50" : 109.46,
    "dma100" : 109.38,
    "dma200" : 106.73,
    "volume" : 7509771.00
  }, {
    "date" : "2025-12-26",
    "price" : 108.17,
    "dma50" : 109.41,
    "dma100" : 109.43,
    "dma200" : 106.75,
    "volume" : 3361802.00
  }, {
    "date" : "2025-12-29",
    "price" : 108.03,
    "dma50" : 109.36,
    "dma100" : 109.52,
    "dma200" : 106.76,
    "volume" : 2654860.00
  }, {
    "date" : "2025-12-30",
    "price" : 107.12,
    "dma50" : 109.27,
    "dma100" : 109.59,
    "dma200" : 106.76,
    "volume" : 2716922.00
  }, {
    "date" : "2025-12-31",
    "price" : 108.06,
    "dma50" : 109.22,
    "dma100" : 109.68,
    "dma200" : 106.78,
    "volume" : 1541268.00
  }, {
    "date" : "2026-01-01",
    "price" : 108.66,
    "dma50" : 109.20,
    "dma100" : 109.79,
    "dma200" : 106.80,
    "volume" : 1902927.00
  }, {
    "date" : "2026-01-02",
    "price" : 113.92,
    "dma50" : 109.38,
    "dma100" : 109.96,
    "dma200" : 106.87,
    "volume" : 7987875.00
  }, {
    "date" : "2026-01-05",
    "price" : 114.33,
    "dma50" : 109.58,
    "dma100" : 110.15,
    "dma200" : 106.94,
    "volume" : 4096337.00
  }, {
    "date" : "2026-01-06",
    "price" : 114.35,
    "dma50" : 109.76,
    "dma100" : 110.36,
    "dma200" : 107.01,
    "volume" : 6003570.00
  }, {
    "date" : "2026-01-07",
    "price" : 112.23,
    "dma50" : 109.86,
    "dma100" : 110.53,
    "dma200" : 107.07,
    "volume" : 4117079.00
  }, {
    "date" : "2026-01-08",
    "price" : 108.80,
    "dma50" : 109.82,
    "dma100" : 110.66,
    "dma200" : 107.08,
    "volume" : 5541085.00
  }, {
    "date" : "2026-01-09",
    "price" : 106.79,
    "dma50" : 109.70,
    "dma100" : 110.77,
    "dma200" : 107.08,
    "volume" : 4366375.00
  }, {
    "date" : "2026-01-12",
    "price" : 105.34,
    "dma50" : 109.53,
    "dma100" : 110.87,
    "dma200" : 107.06,
    "volume" : 7005944.00
  }, {
    "date" : "2026-01-13",
    "price" : 104.45,
    "dma50" : 109.33,
    "dma100" : 110.93,
    "dma200" : 107.04,
    "volume" : 3291958.00
  }, {
    "date" : "2026-01-14",
    "price" : 105.74,
    "dma50" : 109.19,
    "dma100" : 111.02,
    "dma200" : 107.02,
    "volume" : 2368126.00
  }, {
    "date" : "2026-01-16",
    "price" : 108.14,
    "dma50" : 109.15,
    "dma100" : 111.13,
    "dma200" : 107.04,
    "volume" : 6102399.00
  }, {
    "date" : "2026-01-19",
    "price" : 106.93,
    "dma50" : 109.06,
    "dma100" : 111.26,
    "dma200" : 107.03,
    "volume" : 4088367.00
  }, {
    "date" : "2026-01-20",
    "price" : 102.10,
    "dma50" : 108.79,
    "dma100" : 111.27,
    "dma200" : 106.99,
    "volume" : 3914618.00
  }, {
    "date" : "2026-01-21",
    "price" : 104.10,
    "dma50" : 108.60,
    "dma100" : 111.23,
    "dma200" : 106.96,
    "volume" : 8327956.00
  }, {
    "date" : "2026-01-22",
    "price" : 107.28,
    "dma50" : 108.55,
    "dma100" : 111.20,
    "dma200" : 106.96,
    "volume" : 2970597.00
  }, {
    "date" : "2026-01-23",
    "price" : 104.10,
    "dma50" : 108.38,
    "dma100" : 111.17,
    "dma200" : 106.93,
    "volume" : 2934426.00
  }, {
    "date" : "2026-01-27",
    "price" : 102.93,
    "dma50" : 108.16,
    "dma100" : 111.10,
    "dma200" : 106.89,
    "volume" : 2480137.00
  }, {
    "date" : "2026-01-28",
    "price" : 105.38,
    "dma50" : 108.06,
    "dma100" : 111.04,
    "dma200" : 106.88,
    "volume" : 4419135.00
  }, {
    "date" : "2026-01-29",
    "price" : 106.19,
    "dma50" : 107.98,
    "dma100" : 110.96,
    "dma200" : 106.87,
    "volume" : 3692847.00
  }, {
    "date" : "2026-01-30",
    "price" : 106.79,
    "dma50" : 107.94,
    "dma100" : 110.90,
    "dma200" : 106.87,
    "volume" : 2171226.00
  }, {
    "date" : "2026-02-01",
    "price" : 102.21,
    "dma50" : 107.71,
    "dma100" : 110.76,
    "dma200" : 106.82,
    "volume" : 2297154.00
  }, {
    "date" : "2026-02-02",
    "price" : 103.90,
    "dma50" : 107.56,
    "dma100" : 110.62,
    "dma200" : 106.79,
    "volume" : 2346739.00
  }, {
    "date" : "2026-02-03",
    "price" : 107.02,
    "dma50" : 107.54,
    "dma100" : 110.53,
    "dma200" : 106.80,
    "volume" : 2824900.00
  }, {
    "date" : "2026-02-04",
    "price" : 109.28,
    "dma50" : 107.61,
    "dma100" : 110.48,
    "dma200" : 106.82,
    "volume" : 2298460.00
  }, {
    "date" : "2026-02-05",
    "price" : 107.36,
    "dma50" : 107.60,
    "dma100" : 110.42,
    "dma200" : 106.83,
    "volume" : 3023637.00
  }, {
    "date" : "2026-02-06",
    "price" : 105.32,
    "dma50" : 107.51,
    "dma100" : 110.32,
    "dma200" : 106.81,
    "volume" : 1710948.00
  }, {
    "date" : "2026-02-09",
    "price" : 111.26,
    "dma50" : 107.66,
    "dma100" : 110.27,
    "dma200" : 106.86,
    "volume" : 4787018.00
  }, {
    "date" : "2026-02-10",
    "price" : 121.47,
    "dma50" : 108.20,
    "dma100" : 110.32,
    "dma200" : 107.00,
    "volume" : 58528944.00
  } ],
  "latestTechnicalAttributes" : {
    "date" : "2026-02-10",
    "price" : 121.47,
    "dma50" : 108.20,
    "dma100" : 110.32,
    "dma200" : 107.00,
    "volume" : 58528944.00
  },
  "quarterlyResults" : [ {
    "date" : "2006-12-31",
    "sales" : 19.09,
    "salesGrowthYoY" : null,
    "grossProfitMargin" : 100.00,
    "grossProfit" : 19.09,
    "operatingProfitMargin" : 49.35,
    "operatingProfit" : 9.42,
    "netProfitMargin" : 35.15,
    "netProfit" : 6.71
  }, {
    "date" : "2007-03-31",
    "sales" : 18.54,
    "salesGrowthYoY" : null,
    "grossProfitMargin" : 100.00,
    "grossProfit" : 18.54,
    "operatingProfitMargin" : 41.75,
    "operatingProfit" : 7.74,
    "netProfitMargin" : 28.64,
    "netProfit" : 5.31
  }, {
    "date" : "2007-06-30",
    "sales" : 30.69,
    "salesGrowthYoY" : null,
    "grossProfitMargin" : 100.00,
    "grossProfit" : 30.69,
    "operatingProfitMargin" : 59.01,
    "operatingProfit" : 18.11,
    "netProfitMargin" : 24.57,
    "netProfit" : 7.54
  }, {
    "date" : "2007-09-30",
    "sales" : 39.51,
    "salesGrowthYoY" : null,
    "grossProfitMargin" : 100.00,
    "grossProfit" : 39.51,
    "operatingProfitMargin" : 61.68,
    "operatingProfit" : 24.37,
    "netProfitMargin" : 17.92,
    "netProfit" : 7.08
  }, {
    "date" : "2007-12-31",
    "sales" : 46.15,
    "salesGrowthYoY" : 141.75,
    "grossProfitMargin" : 100.00,
    "grossProfit" : 46.15,
    "operatingProfitMargin" : 69.58,
    "operatingProfit" : 32.11,
    "netProfitMargin" : 8.99,
    "netProfit" : 4.15
  }, {
    "date" : "2008-03-31",
    "sales" : 71.20,
    "salesGrowthYoY" : 284.03,
    "grossProfitMargin" : 100.00,
    "grossProfit" : 71.20,
    "operatingProfitMargin" : 60.76,
    "operatingProfit" : 43.26,
    "netProfitMargin" : 14.06,
    "netProfit" : 10.01
  }, {
    "date" : "2008-06-30",
    "sales" : 56.63,
    "salesGrowthYoY" : 84.52,
    "grossProfitMargin" : 100.00,
    "grossProfit" : 56.63,
    "operatingProfitMargin" : 69.38,
    "operatingProfit" : 39.29,
    "netProfitMargin" : 11.97,
    "netProfit" : 6.78
  }, {
    "date" : "2008-09-30",
    "sales" : 54.62,
    "salesGrowthYoY" : 38.24,
    "grossProfitMargin" : 100.00,
    "grossProfit" : 54.62,
    "operatingProfitMargin" : 71.75,
    "operatingProfit" : 39.19,
    "netProfitMargin" : 8.68,
    "netProfit" : 4.74
  }, {
    "date" : "2008-12-31",
    "sales" : 38.95,
    "salesGrowthYoY" : -15.60,
    "grossProfitMargin" : 100.00,
    "grossProfit" : 38.95,
    "operatingProfitMargin" : 65.88,
    "operatingProfit" : 25.66,
    "netProfitMargin" : 11.30,
    "netProfit" : 4.40
  }, {
    "date" : "2009-03-31",
    "sales" : 41.54,
    "salesGrowthYoY" : -41.66,
    "grossProfitMargin" : 100.00,
    "grossProfit" : 41.54,
    "operatingProfitMargin" : 70.15,
    "operatingProfit" : 29.14,
    "netProfitMargin" : 25.16,
    "netProfit" : 10.45
  }, {
    "date" : "2009-06-30",
    "sales" : 57.49,
    "salesGrowthYoY" : 1.52,
    "grossProfitMargin" : 100.00,
    "grossProfit" : 57.49,
    "operatingProfitMargin" : 71.21,
    "operatingProfit" : 40.94,
    "netProfitMargin" : 19.99,
    "netProfit" : 11.49
  }, {
    "date" : "2009-09-30",
    "sales" : 61.14,
    "salesGrowthYoY" : 11.94,
    "grossProfitMargin" : 100.00,
    "grossProfit" : 61.14,
    "operatingProfitMargin" : 80.86,
    "operatingProfit" : 49.44,
    "netProfitMargin" : 8.28,
    "netProfit" : 5.06
  }, {
    "date" : "2009-12-31",
    "sales" : 53.68,
    "salesGrowthYoY" : 37.82,
    "grossProfitMargin" : 100.00,
    "grossProfit" : 53.68,
    "operatingProfitMargin" : 69.54,
    "operatingProfit" : 37.33,
    "netProfitMargin" : 7.64,
    "netProfit" : 4.10
  }, {
    "date" : "2010-03-31",
    "sales" : 73.22,
    "salesGrowthYoY" : 76.26,
    "grossProfitMargin" : 100.00,
    "grossProfit" : 73.22,
    "operatingProfitMargin" : 73.11,
    "operatingProfit" : 53.53,
    "netProfitMargin" : 18.52,
    "netProfit" : 13.56
  }, {
    "date" : "2010-06-30",
    "sales" : 74.64,
    "salesGrowthYoY" : 29.83,
    "grossProfitMargin" : 100.00,
    "grossProfit" : 74.64,
    "operatingProfitMargin" : 77.65,
    "operatingProfit" : 57.96,
    "netProfitMargin" : 20.55,
    "netProfit" : 15.34
  }, {
    "date" : "2010-09-30",
    "sales" : 98.97,
    "salesGrowthYoY" : 61.87,
    "grossProfitMargin" : 100.00,
    "grossProfit" : 98.97,
    "operatingProfitMargin" : 78.79,
    "operatingProfit" : 77.98,
    "netProfitMargin" : 7.03,
    "netProfit" : 6.96
  }, {
    "date" : "2010-12-31",
    "sales" : 159.11,
    "salesGrowthYoY" : 196.40,
    "grossProfitMargin" : 100.00,
    "grossProfit" : 159.11,
    "operatingProfitMargin" : 88.48,
    "operatingProfit" : 140.78,
    "netProfitMargin" : 14.32,
    "netProfit" : 22.78
  }, {
    "date" : "2011-03-31",
    "sales" : 111.52,
    "salesGrowthYoY" : 52.31,
    "grossProfitMargin" : 100.00,
    "grossProfit" : 111.52,
    "operatingProfitMargin" : 78.22,
    "operatingProfit" : 87.23,
    "netProfitMargin" : 12.22,
    "netProfit" : 13.63
  }, {
    "date" : "2011-06-30",
    "sales" : 54.93,
    "salesGrowthYoY" : -26.41,
    "grossProfitMargin" : 100.00,
    "grossProfit" : 54.93,
    "operatingProfitMargin" : 68.92,
    "operatingProfit" : 37.86,
    "netProfitMargin" : 45.33,
    "netProfit" : 24.90
  }, {
    "date" : "2011-09-30",
    "sales" : 53.21,
    "salesGrowthYoY" : -46.24,
    "grossProfitMargin" : 100.00,
    "grossProfit" : 53.21,
    "operatingProfitMargin" : 63.75,
    "operatingProfit" : 33.92,
    "netProfitMargin" : 33.04,
    "netProfit" : 17.58
  }, {
    "date" : "2011-12-31",
    "sales" : 46.04,
    "salesGrowthYoY" : -71.06,
    "grossProfitMargin" : 100.00,
    "grossProfit" : 46.04,
    "operatingProfitMargin" : 58.77,
    "operatingProfit" : 27.06,
    "netProfitMargin" : 23.07,
    "netProfit" : 10.62
  }, {
    "date" : "2012-03-31",
    "sales" : 52.79,
    "salesGrowthYoY" : -52.66,
    "grossProfitMargin" : 100.00,
    "grossProfit" : 52.79,
    "operatingProfitMargin" : 73.99,
    "operatingProfit" : 39.06,
    "netProfitMargin" : 29.46,
    "netProfit" : 15.55
  }, {
    "date" : "2012-06-30",
    "sales" : 55.36,
    "salesGrowthYoY" : 0.78,
    "grossProfitMargin" : 100.00,
    "grossProfit" : 55.36,
    "operatingProfitMargin" : 55.96,
    "operatingProfit" : 30.98,
    "netProfitMargin" : 30.55,
    "netProfit" : 16.91
  }, {
    "date" : "2012-09-30",
    "sales" : 20.35,
    "salesGrowthYoY" : -61.76,
    "grossProfitMargin" : 100.00,
    "grossProfit" : 20.35,
    "operatingProfitMargin" : 48.26,
    "operatingProfit" : 9.82,
    "netProfitMargin" : 7.67,
    "netProfit" : 1.56
  }, {
    "date" : "2012-12-31",
    "sales" : 33.30,
    "salesGrowthYoY" : -27.67,
    "grossProfitMargin" : 100.00,
    "grossProfit" : 33.30,
    "operatingProfitMargin" : 50.63,
    "operatingProfit" : 16.86,
    "netProfitMargin" : 32.70,
    "netProfit" : 10.89
  }, {
    "date" : "2013-03-31",
    "sales" : 47.80,
    "salesGrowthYoY" : -9.45,
    "grossProfitMargin" : 100.00,
    "grossProfit" : 47.80,
    "operatingProfitMargin" : 63.56,
    "operatingProfit" : 30.38,
    "netProfitMargin" : 36.46,
    "netProfit" : 17.43
  }, {
    "date" : "2013-06-30",
    "sales" : 46.45,
    "salesGrowthYoY" : -16.09,
    "grossProfitMargin" : 100.00,
    "grossProfit" : 46.45,
    "operatingProfitMargin" : 44.80,
    "operatingProfit" : 20.81,
    "netProfitMargin" : 24.71,
    "netProfit" : 11.48
  }, {
    "date" : "2013-09-30",
    "sales" : 23.20,
    "salesGrowthYoY" : 14.00,
    "grossProfitMargin" : 100.00,
    "grossProfit" : 23.20,
    "operatingProfitMargin" : 35.86,
    "operatingProfit" : 8.32,
    "netProfitMargin" : 4.83,
    "netProfit" : 1.12
  }, {
    "date" : "2013-12-31",
    "sales" : 47.48,
    "salesGrowthYoY" : 42.58,
    "grossProfitMargin" : 100.00,
    "grossProfit" : 47.48,
    "operatingProfitMargin" : 79.02,
    "operatingProfit" : 37.52,
    "netProfitMargin" : 28.96,
    "netProfit" : 13.75
  }, {
    "date" : "2014-03-31",
    "sales" : 97.78,
    "salesGrowthYoY" : 104.56,
    "grossProfitMargin" : 100.00,
    "grossProfit" : 97.78,
    "operatingProfitMargin" : 79.11,
    "operatingProfit" : 77.35,
    "netProfitMargin" : 48.02,
    "netProfit" : 46.95
  }, {
    "date" : "2014-06-30",
    "sales" : 46.06,
    "salesGrowthYoY" : -0.84,
    "grossProfitMargin" : 100.00,
    "grossProfit" : 46.06,
    "operatingProfitMargin" : 69.54,
    "operatingProfit" : 32.03,
    "netProfitMargin" : 50.52,
    "netProfit" : 23.27
  }, {
    "date" : "2014-09-30",
    "sales" : 56.31,
    "salesGrowthYoY" : 142.72,
    "grossProfitMargin" : 100.00,
    "grossProfit" : 56.31,
    "operatingProfitMargin" : 67.38,
    "operatingProfit" : 37.94,
    "netProfitMargin" : 42.44,
    "netProfit" : 23.90
  }, {
    "date" : "2014-12-31",
    "sales" : 77.52,
    "salesGrowthYoY" : 63.27,
    "grossProfitMargin" : 100.00,
    "grossProfit" : 77.52,
    "operatingProfitMargin" : 64.56,
    "operatingProfit" : 50.05,
    "netProfitMargin" : 44.67,
    "netProfit" : 34.63
  }, {
    "date" : "2015-03-31",
    "sales" : 67.94,
    "salesGrowthYoY" : -30.52,
    "grossProfitMargin" : 100.00,
    "grossProfit" : 67.94,
    "operatingProfitMargin" : 63.57,
    "operatingProfit" : 43.19,
    "netProfitMargin" : 43.69,
    "netProfit" : 29.68
  }, {
    "date" : "2015-06-30",
    "sales" : 75.08,
    "salesGrowthYoY" : 63.00,
    "grossProfitMargin" : 100.00,
    "grossProfit" : 75.08,
    "operatingProfitMargin" : 59.32,
    "operatingProfit" : 44.54,
    "netProfitMargin" : 39.38,
    "netProfit" : 29.57
  }, {
    "date" : "2015-09-30",
    "sales" : 59.37,
    "salesGrowthYoY" : 5.43,
    "grossProfitMargin" : 100.00,
    "grossProfit" : 59.37,
    "operatingProfitMargin" : 61.14,
    "operatingProfit" : 36.30,
    "netProfitMargin" : 48.05,
    "netProfit" : 28.53
  }, {
    "date" : "2015-12-31",
    "sales" : 105.41,
    "salesGrowthYoY" : 35.98,
    "grossProfitMargin" : 100.00,
    "grossProfit" : 105.41,
    "operatingProfitMargin" : 68.15,
    "operatingProfit" : 71.84,
    "netProfitMargin" : 50.14,
    "netProfit" : 52.85
  }, {
    "date" : "2016-03-31",
    "sales" : 95.50,
    "salesGrowthYoY" : 40.57,
    "grossProfitMargin" : 100.00,
    "grossProfit" : 95.50,
    "operatingProfitMargin" : 57.72,
    "operatingProfit" : 55.12,
    "netProfitMargin" : 46.73,
    "netProfit" : 44.63
  }, {
    "date" : "2016-06-30",
    "sales" : 92.88,
    "salesGrowthYoY" : 23.71,
    "grossProfitMargin" : 100.00,
    "grossProfit" : 92.88,
    "operatingProfitMargin" : 58.30,
    "operatingProfit" : 54.15,
    "netProfitMargin" : 12.40,
    "netProfit" : 11.52
  }, {
    "date" : "2016-09-30",
    "sales" : 93.41,
    "salesGrowthYoY" : 57.34,
    "grossProfitMargin" : 100.00,
    "grossProfit" : 93.41,
    "operatingProfitMargin" : 49.27,
    "operatingProfit" : 46.02,
    "netProfitMargin" : 9.44,
    "netProfit" : 8.82
  }, {
    "date" : "2016-12-31",
    "sales" : 136.29,
    "salesGrowthYoY" : 29.30,
    "grossProfitMargin" : 100.00,
    "grossProfit" : 136.29,
    "operatingProfitMargin" : 74.11,
    "operatingProfit" : 101.00,
    "netProfitMargin" : 49.43,
    "netProfit" : 67.37
  }, {
    "date" : "2017-03-31",
    "sales" : 127.85,
    "salesGrowthYoY" : 33.87,
    "grossProfitMargin" : 100.00,
    "grossProfit" : 127.85,
    "operatingProfitMargin" : 67.06,
    "operatingProfit" : 85.74,
    "netProfitMargin" : 32.30,
    "netProfit" : 41.30
  }, {
    "date" : "2017-06-30",
    "sales" : 105.36,
    "salesGrowthYoY" : 13.44,
    "grossProfitMargin" : 100.00,
    "grossProfit" : 105.36,
    "operatingProfitMargin" : 55.87,
    "operatingProfit" : 58.86,
    "netProfitMargin" : 26.84,
    "netProfit" : 28.28
  }, {
    "date" : "2017-09-30",
    "sales" : 106.12,
    "salesGrowthYoY" : 13.61,
    "grossProfitMargin" : 100.00,
    "grossProfit" : 106.12,
    "operatingProfitMargin" : 58.00,
    "operatingProfit" : 61.55,
    "netProfitMargin" : 24.58,
    "netProfit" : 26.08
  }, {
    "date" : "2017-12-31",
    "sales" : 104.49,
    "salesGrowthYoY" : -23.33,
    "grossProfitMargin" : 100.00,
    "grossProfit" : 104.49,
    "operatingProfitMargin" : 50.62,
    "operatingProfit" : 52.89,
    "netProfitMargin" : 22.95,
    "netProfit" : 23.98
  }, {
    "date" : "2018-03-31",
    "sales" : 117.96,
    "salesGrowthYoY" : -7.74,
    "grossProfitMargin" : 100.00,
    "grossProfit" : 117.96,
    "operatingProfitMargin" : 61.38,
    "operatingProfit" : 72.40,
    "netProfitMargin" : 50.81,
    "netProfit" : 59.94
  }, {
    "date" : "2018-06-30",
    "sales" : 91.54,
    "salesGrowthYoY" : -13.12,
    "grossProfitMargin" : 100.00,
    "grossProfit" : 91.54,
    "operatingProfitMargin" : 35.62,
    "operatingProfit" : 32.61,
    "netProfitMargin" : 35.81,
    "netProfit" : 32.78
  }, {
    "date" : "2018-09-30",
    "sales" : 75.12,
    "salesGrowthYoY" : -29.21,
    "grossProfitMargin" : 100.00,
    "grossProfit" : 75.12,
    "operatingProfitMargin" : 39.78,
    "operatingProfit" : 29.88,
    "netProfitMargin" : 33.61,
    "netProfit" : 25.25
  }, {
    "date" : "2018-12-31",
    "sales" : 72.57,
    "salesGrowthYoY" : -30.55,
    "grossProfitMargin" : 100.00,
    "grossProfit" : 72.57,
    "operatingProfitMargin" : 34.74,
    "operatingProfit" : 25.21,
    "netProfitMargin" : 31.05,
    "netProfit" : 22.53
  }, {
    "date" : "2019-03-31",
    "sales" : 70.44,
    "salesGrowthYoY" : -40.28,
    "grossProfitMargin" : 100.00,
    "grossProfit" : 70.44,
    "operatingProfitMargin" : 39.48,
    "operatingProfit" : 27.81,
    "netProfitMargin" : 31.69,
    "netProfit" : 22.32
  }, {
    "date" : "2019-06-30",
    "sales" : 157.41,
    "salesGrowthYoY" : 71.96,
    "grossProfitMargin" : 100.00,
    "grossProfit" : 157.41,
    "operatingProfitMargin" : 77.68,
    "operatingProfit" : 122.28,
    "netProfitMargin" : 61.07,
    "netProfit" : 96.13
  }, {
    "date" : "2019-09-30",
    "sales" : 35.38,
    "salesGrowthYoY" : -52.90,
    "grossProfitMargin" : 100.00,
    "grossProfit" : 35.38,
    "operatingProfitMargin" : 12.27,
    "operatingProfit" : 4.34,
    "netProfitMargin" : 3.53,
    "netProfit" : 1.25
  }, {
    "date" : "2019-12-31",
    "sales" : 3.12,
    "salesGrowthYoY" : -95.70,
    "grossProfitMargin" : 100.00,
    "grossProfit" : 3.12,
    "operatingProfitMargin" : -600.00,
    "operatingProfit" : -18.72,
    "netProfitMargin" : -419.23,
    "netProfit" : -13.08
  }, {
    "date" : "2020-03-31",
    "sales" : 58.46,
    "salesGrowthYoY" : -17.01,
    "grossProfitMargin" : 100.00,
    "grossProfit" : 58.46,
    "operatingProfitMargin" : -25.90,
    "operatingProfit" : -15.14,
    "netProfitMargin" : -2.93,
    "netProfit" : -1.71
  }, {
    "date" : "2020-06-30",
    "sales" : 68.04,
    "salesGrowthYoY" : -56.78,
    "grossProfitMargin" : 100.00,
    "grossProfit" : 68.04,
    "operatingProfitMargin" : -4.76,
    "operatingProfit" : -3.24,
    "netProfitMargin" : -189.86,
    "netProfit" : -129.18
  }, {
    "date" : "2020-09-30",
    "sales" : 40.59,
    "salesGrowthYoY" : 14.73,
    "grossProfitMargin" : 100.00,
    "grossProfit" : 40.59,
    "operatingProfitMargin" : 53.76,
    "operatingProfit" : 21.82,
    "netProfitMargin" : 20.05,
    "netProfit" : 8.14
  }, {
    "date" : "2020-12-31",
    "sales" : 63.72,
    "salesGrowthYoY" : 1942.31,
    "grossProfitMargin" : 100.00,
    "grossProfit" : 63.72,
    "operatingProfitMargin" : 60.97,
    "operatingProfit" : 38.85,
    "netProfitMargin" : -0.35,
    "netProfit" : -0.22
  }, {
    "date" : "2021-03-31",
    "sales" : 165.97,
    "salesGrowthYoY" : 183.90,
    "grossProfitMargin" : 100.00,
    "grossProfit" : 165.97,
    "operatingProfitMargin" : -415.42,
    "operatingProfit" : -689.47,
    "netProfitMargin" : 504.60,
    "netProfit" : 837.48
  }, {
    "date" : "2021-06-30",
    "sales" : 106.00,
    "salesGrowthYoY" : 55.79,
    "grossProfitMargin" : 100.00,
    "grossProfit" : 106.00,
    "operatingProfitMargin" : 27.56,
    "operatingProfit" : 29.21,
    "netProfitMargin" : 67.56,
    "netProfit" : 71.61
  }, {
    "date" : "2021-09-30",
    "sales" : 124.55,
    "salesGrowthYoY" : 206.85,
    "grossProfitMargin" : 100.00,
    "grossProfit" : 124.55,
    "operatingProfitMargin" : 34.41,
    "operatingProfit" : 42.86,
    "netProfitMargin" : 151.69,
    "netProfit" : 188.93
  }, {
    "date" : "2021-12-31",
    "sales" : 197.10,
    "salesGrowthYoY" : 209.32,
    "grossProfitMargin" : 100.00,
    "grossProfit" : 197.10,
    "operatingProfitMargin" : 45.69,
    "operatingProfit" : 90.05,
    "netProfitMargin" : 169.08,
    "netProfit" : 333.26
  }, {
    "date" : "2022-03-31",
    "sales" : 428.57,
    "salesGrowthYoY" : 158.22,
    "grossProfitMargin" : 100.00,
    "grossProfit" : 428.57,
    "operatingProfitMargin" : 96.15,
    "operatingProfit" : 412.07,
    "netProfitMargin" : 79.23,
    "netProfit" : 339.56
  }, {
    "date" : "2022-06-30",
    "sales" : 127.13,
    "salesGrowthYoY" : 19.93,
    "grossProfitMargin" : 100.00,
    "grossProfit" : 127.13,
    "operatingProfitMargin" : 66.26,
    "operatingProfit" : 84.24,
    "netProfitMargin" : 0.98,
    "netProfit" : 1.25
  }, {
    "date" : "2022-09-30",
    "sales" : 56.60,
    "salesGrowthYoY" : -54.56,
    "grossProfitMargin" : 100.00,
    "grossProfit" : 56.60,
    "operatingProfitMargin" : -340.19,
    "operatingProfit" : -192.55,
    "netProfitMargin" : 258.29,
    "netProfit" : 146.19
  }, {
    "date" : "2022-12-31",
    "sales" : 82.27,
    "salesGrowthYoY" : -58.26,
    "grossProfitMargin" : 100.00,
    "grossProfit" : 82.27,
    "operatingProfitMargin" : 8.59,
    "operatingProfit" : 7.07,
    "netProfitMargin" : -78.52,
    "netProfit" : -64.60
  }, {
    "date" : "2023-03-31",
    "sales" : 2143.07,
    "salesGrowthYoY" : 400.05,
    "grossProfitMargin" : 100.00,
    "grossProfit" : 2143.07,
    "operatingProfitMargin" : 95.16,
    "operatingProfit" : 2039.35,
    "netProfitMargin" : 107.57,
    "netProfit" : 2305.30
  }, {
    "date" : "2023-06-30",
    "sales" : 98.04,
    "salesGrowthYoY" : -22.88,
    "grossProfitMargin" : 100.00,
    "grossProfit" : 98.04,
    "operatingProfitMargin" : 33.77,
    "operatingProfit" : 33.11,
    "netProfitMargin" : 1.06,
    "netProfit" : 1.04
  }, {
    "date" : "2023-09-30",
    "sales" : 7.49,
    "salesGrowthYoY" : -86.77,
    "grossProfitMargin" : 100.00,
    "grossProfit" : 7.49,
    "operatingProfitMargin" : -456.61,
    "operatingProfit" : -34.20,
    "netProfitMargin" : 2104.67,
    "netProfit" : 157.64
  }, {
    "date" : "2023-12-31",
    "sales" : -143.23,
    "salesGrowthYoY" : -274.10,
    "grossProfitMargin" : 0.00,
    "grossProfit" : -0.00,
    "operatingProfitMargin" : 0.00,
    "operatingProfit" : -0.00,
    "netProfitMargin" : 0.00,
    "netProfit" : -0.00
  }, {
    "date" : "2024-03-31",
    "sales" : -101.43,
    "salesGrowthYoY" : -104.73,
    "grossProfitMargin" : 0.00,
    "grossProfit" : -0.00,
    "operatingProfitMargin" : 0.00,
    "operatingProfit" : -0.00,
    "netProfitMargin" : 0.00,
    "netProfit" : -0.00
  }, {
    "date" : "2024-06-30",
    "sales" : -25.44,
    "salesGrowthYoY" : -125.95,
    "grossProfitMargin" : 0.00,
    "grossProfit" : -0.00,
    "operatingProfitMargin" : 0.00,
    "operatingProfit" : -0.00,
    "netProfitMargin" : 0.00,
    "netProfit" : -0.00
  }, {
    "date" : "2024-09-30",
    "sales" : 148.27,
    "salesGrowthYoY" : 1879.57,
    "grossProfitMargin" : 100.00,
    "grossProfit" : 148.27,
    "operatingProfitMargin" : 73.00,
    "operatingProfit" : 108.24,
    "netProfitMargin" : 19.67,
    "netProfit" : 29.16
  }, {
    "date" : "2024-12-31",
    "sales" : 105.19,
    "salesGrowthYoY" : -173.44,
    "grossProfitMargin" : 100.00,
    "grossProfit" : 105.19,
    "operatingProfitMargin" : 80.23,
    "operatingProfit" : 84.39,
    "netProfitMargin" : 8.77,
    "netProfit" : 9.23
  }, {
    "date" : "2025-03-31",
    "sales" : 110.35,
    "salesGrowthYoY" : -208.79,
    "grossProfitMargin" : 100.00,
    "grossProfit" : 110.35,
    "operatingProfitMargin" : 83.74,
    "operatingProfit" : 92.41,
    "netProfitMargin" : -1.50,
    "netProfit" : -1.66
  }, {
    "date" : "2025-06-30",
    "sales" : 165.50,
    "salesGrowthYoY" : -750.55,
    "grossProfitMargin" : 100.00,
    "grossProfit" : 165.50,
    "operatingProfitMargin" : 95.21,
    "operatingProfit" : 157.57,
    "netProfitMargin" : 39.48,
    "netProfit" : 65.34
  }, {
    "date" : "2025-09-30",
    "sales" : 122.12,
    "salesGrowthYoY" : -17.64,
    "grossProfitMargin" : 100.00,
    "grossProfit" : 122.12,
    "operatingProfitMargin" : 80.74,
    "operatingProfit" : 98.60,
    "netProfitMargin" : 26.88,
    "netProfit" : 32.83
  }, {
    "date" : "2025-12-31",
    "sales" : 129.44,
    "salesGrowthYoY" : 23.05,
    "grossProfitMargin" : 100.00,
    "grossProfit" : 129.44,
    "operatingProfitMargin" : 60.21,
    "operatingProfit" : 77.94,
    "netProfitMargin" : 145.06,
    "netProfit" : 187.77
  } ],
  "latestQuarterlyResult" : {
    "date" : "2025-12-31",
    "sales" : 129.44,
    "salesGrowthYoY" : 23.05,
    "grossProfitMargin" : 100.00,
    "grossProfit" : 129.44,
    "operatingProfitMargin" : 60.21,
    "operatingProfit" : 77.94,
    "netProfitMargin" : 145.06,
    "netProfit" : 187.77
  },
  "companyScore" : {
    "priceHigherThanDma50" : 5.00,
    "priceHigherThanDma100" : 5.00,
    "priceHigherThanDma200" : 5.00,
    "dma50HigherThanDma100" : 0.00,
    "dma50HigherThanDma200" : 5.00,
    "dma100HigherThanDma200" : 5.00,
    "pricePercentageAboveDma50" : 4.39,
    "pricePercentageAboveDma100" : 4.49,
    "pricePercentageAboveDma200" : 4.32,
    "weeklyVolumeHigherThanYearlyVolume" : 5.00,
    "salesGrowthPercentile" : 11.78,
    "operatingProfitMarginPercentile" : 18.97,
    "netProfitMarginPercentile" : 9.35,
    "totalTechnicalScore" : 43.21,
    "totalFundamentalScore" : 40.10,
    "totalScore" : 83.30
  }
}