{
  "metadata" : {
    "screenerCompanyId" : "892",
    "companyCode" : "EIMCOELECO",
    "companyName" : "Eimco Elecon(I)",
    "screenerCompanyLink" : "https://www.screener.in/company/EIMCOELECO/",
    "screenerTechnicalHistoryLink" : "https://www.screener.in/api/company/892/chart/?q=Price-DMA50-DMA200-Volume&days=365",
    "screenerQuarterlyResultsLink" : "https://www.screener.in/api/company/892/chart/?q=GPM-OPM-NPM-Quarter+Sales&days=10000",
    "attributes" : {
      "companyCode" : "EIMCOELECO",
      "companyName" : "Eimco Elecon(I)",
      "marketCap" : 1017.00,
      "peRatio" : 21.50,
      "description" : "Eimco Elecon (India) Limited, incorporated in 1974, is in the business of Manufacturing and Marketing Equipment for Underground and Opencast mines. The Co is situated at Vallabh Vidyanagar, Gujarat. It was the first Co. to introduce the intermediate technology of Side Dump Loaders, Load Haul Dumpers and Rocker Shovel Loaders in India. [1]"
    },
    "companyScore" : {
      "priceHigherThanDma50" : 5.00,
      "priceHigherThanDma100" : 5.00,
      "priceHigherThanDma200" : 0.00,
      "dma50HigherThanDma100" : 0.00,
      "dma50HigherThanDma200" : 0.00,
      "dma100HigherThanDma200" : 0.00,
      "pricePercentageAboveDma50" : 4.63,
      "pricePercentageAboveDma100" : 4.96,
      "pricePercentageAboveDma200" : 5.30,
      "weeklyVolumeHigherThanYearlyVolume" : 0.00,
      "salesGrowthPercentile" : 16.25,
      "operatingProfitMarginPercentile" : 15.96,
      "netProfitMarginPercentile" : 8.93,
      "totalTechnicalScore" : 24.89,
      "totalFundamentalScore" : 41.14,
      "totalScore" : 66.03
    }
  },
  "attributes" : {
    "companyCode" : "EIMCOELECO",
    "companyName" : "Eimco Elecon(I)",
    "marketCap" : 1017.00,
    "peRatio" : 21.50,
    "description" : "Eimco Elecon (India) Limited, incorporated in 1974, is in the business of Manufacturing and Marketing Equipment for Underground and Opencast mines. The Co is situated at Vallabh Vidyanagar, Gujarat. It was the first Co. to introduce the intermediate technology of Side Dump Loaders, Load Haul Dumpers and Rocker Shovel Loaders in India. [1]"
  },
  "technicalHistory" : [ {
    "date" : "2025-02-01",
    "price" : 1609.50,
    "dma50" : 2080.87,
    "dma100" : null,
    "dma200" : 2258.93,
    "volume" : 5339.00
  }, {
    "date" : "2025-02-03",
    "price" : 1511.35,
    "dma50" : 2058.54,
    "dma100" : null,
    "dma200" : 2251.49,
    "volume" : 12616.00
  }, {
    "date" : "2025-02-04",
    "price" : 1586.00,
    "dma50" : 2040.01,
    "dma100" : null,
    "dma200" : 2244.87,
    "volume" : 8080.00
  }, {
    "date" : "2025-02-05",
    "price" : 1628.45,
    "dma50" : 2023.87,
    "dma100" : null,
    "dma200" : 2238.74,
    "volume" : 6480.00
  }, {
    "date" : "2025-02-06",
    "price" : 1672.75,
    "dma50" : 2010.10,
    "dma100" : null,
    "dma200" : 2233.10,
    "volume" : 5829.00
  }, {
    "date" : "2025-02-07",
    "price" : 1660.70,
    "dma50" : 1996.40,
    "dma100" : null,
    "dma200" : 2227.41,
    "volume" : 6421.00
  }, {
    "date" : "2025-02-10",
    "price" : 1655.60,
    "dma50" : 1983.03,
    "dma100" : null,
    "dma200" : 2221.72,
    "volume" : 7490.00
  }, {
    "date" : "2025-02-11",
    "price" : 1567.95,
    "dma50" : 1966.76,
    "dma100" : null,
    "dma200" : 2215.21,
    "volume" : 11997.00
  }, {
    "date" : "2025-02-12",
    "price" : 1516.80,
    "dma50" : 1949.11,
    "dma100" : null,
    "dma200" : 2208.26,
    "volume" : 9736.00
  }, {
    "date" : "2025-02-13",
    "price" : 1537.20,
    "dma50" : 1932.96,
    "dma100" : null,
    "dma200" : 2201.59,
    "volume" : 3844.00
  }, {
    "date" : "2025-02-14",
    "price" : 1479.10,
    "dma50" : 1915.16,
    "dma100" : null,
    "dma200" : 2194.40,
    "volume" : 3525.00
  }, {
    "date" : "2025-02-17",
    "price" : 1418.55,
    "dma50" : 1895.68,
    "dma100" : null,
    "dma200" : 2186.68,
    "volume" : 9553.00
  }, {
    "date" : "2025-02-18",
    "price" : 1377.35,
    "dma50" : 1875.36,
    "dma100" : null,
    "dma200" : 2178.62,
    "volume" : 6197.00
  }, {
    "date" : "2025-02-19",
    "price" : 1458.15,
    "dma50" : 1859.00,
    "dma100" : null,
    "dma200" : 2171.46,
    "volume" : 34357.00
  }, {
    "date" : "2025-02-20",
    "price" : 1521.20,
    "dma50" : 1845.75,
    "dma100" : null,
    "dma200" : 2164.99,
    "volume" : 7658.00
  }, {
    "date" : "2025-02-21",
    "price" : 1503.90,
    "dma50" : 1832.34,
    "dma100" : null,
    "dma200" : 2158.41,
    "volume" : 5709.00
  }, {
    "date" : "2025-02-24",
    "price" : 1518.80,
    "dma50" : 1820.05,
    "dma100" : null,
    "dma200" : 2152.04,
    "volume" : 4367.00
  }, {
    "date" : "2025-02-25",
    "price" : 1495.90,
    "dma50" : 1807.34,
    "dma100" : null,
    "dma200" : 2145.51,
    "volume" : 3356.00
  }, {
    "date" : "2025-02-27",
    "price" : 1477.95,
    "dma50" : 1794.42,
    "dma100" : null,
    "dma200" : 2138.87,
    "volume" : 5998.00
  }, {
    "date" : "2025-02-28",
    "price" : 1449.05,
    "dma50" : 1780.87,
    "dma100" : null,
    "dma200" : 2132.01,
    "volume" : 7229.00
  }, {
    "date" : "2025-03-03",
    "price" : 1430.95,
    "dma50" : 1767.15,
    "dma100" : null,
    "dma200" : 2125.03,
    "volume" : 11131.00
  }, {
    "date" : "2025-03-04",
    "price" : 1429.50,
    "dma50" : 1753.91,
    "dma100" : null,
    "dma200" : 2118.11,
    "volume" : 7738.00
  }, {
    "date" : "2025-03-05",
    "price" : 1544.70,
    "dma50" : 1745.71,
    "dma100" : null,
    "dma200" : 2112.41,
    "volume" : 10500.00
  }, {
    "date" : "2025-03-06",
    "price" : 1595.60,
    "dma50" : 1739.82,
    "dma100" : null,
    "dma200" : 2107.26,
    "volume" : 8615.00
  }, {
    "date" : "2025-03-07",
    "price" : 1556.05,
    "dma50" : 1732.61,
    "dma100" : null,
    "dma200" : 2101.78,
    "volume" : 4528.00
  }, {
    "date" : "2025-03-10",
    "price" : 1457.90,
    "dma50" : 1721.84,
    "dma100" : null,
    "dma200" : 2095.37,
    "volume" : 44725.00
  }, {
    "date" : "2025-03-11",
    "price" : 1422.85,
    "dma50" : 1710.12,
    "dma100" : null,
    "dma200" : 2088.68,
    "volume" : 11324.00
  }, {
    "date" : "2025-03-12",
    "price" : 1353.35,
    "dma50" : 1696.12,
    "dma100" : null,
    "dma200" : 2081.36,
    "volume" : 21190.00
  }, {
    "date" : "2025-03-13",
    "price" : 1366.25,
    "dma50" : 1683.19,
    "dma100" : null,
    "dma200" : 2074.25,
    "volume" : 40758.00
  }, {
    "date" : "2025-03-17",
    "price" : 1389.60,
    "dma50" : 1671.67,
    "dma100" : null,
    "dma200" : 2067.44,
    "volume" : 16869.00
  }, {
    "date" : "2025-03-18",
    "price" : 1467.00,
    "dma50" : 1663.65,
    "dma100" : null,
    "dma200" : 2061.46,
    "volume" : 19374.00
  }, {
    "date" : "2025-03-19",
    "price" : 1552.05,
    "dma50" : 1659.27,
    "dma100" : null,
    "dma200" : 2056.39,
    "volume" : 17309.00
  }, {
    "date" : "2025-03-20",
    "price" : 1546.10,
    "dma50" : 1654.83,
    "dma100" : null,
    "dma200" : 2051.32,
    "volume" : 28280.00
  }, {
    "date" : "2025-03-21",
    "price" : 1543.50,
    "dma50" : 1650.47,
    "dma100" : null,
    "dma200" : 2046.26,
    "volume" : 9003.00
  }, {
    "date" : "2025-03-24",
    "price" : 1574.80,
    "dma50" : 1647.50,
    "dma100" : null,
    "dma200" : 2041.57,
    "volume" : 13548.00
  }, {
    "date" : "2025-03-25",
    "price" : 1500.40,
    "dma50" : 1641.73,
    "dma100" : null,
    "dma200" : 2036.19,
    "volume" : 21251.00
  }, {
    "date" : "2025-03-26",
    "price" : 1468.40,
    "dma50" : 1634.93,
    "dma100" : null,
    "dma200" : 2030.54,
    "volume" : 14108.00
  }, {
    "date" : "2025-03-27",
    "price" : 1459.80,
    "dma50" : 1628.07,
    "dma100" : null,
    "dma200" : 2024.86,
    "volume" : 21044.00
  }, {
    "date" : "2025-03-28",
    "price" : 1413.50,
    "dma50" : 1619.65,
    "dma100" : null,
    "dma200" : 2018.77,
    "volume" : 18650.00
  }, {
    "date" : "2025-04-01",
    "price" : 1445.25,
    "dma50" : 1612.81,
    "dma100" : null,
    "dma200" : 2013.07,
    "volume" : 23900.00
  }, {
    "date" : "2025-04-02",
    "price" : 1464.40,
    "dma50" : 1606.99,
    "dma100" : null,
    "dma200" : 2007.61,
    "volume" : 5873.00
  }, {
    "date" : "2025-04-03",
    "price" : 1478.15,
    "dma50" : 1601.94,
    "dma100" : null,
    "dma200" : 2002.34,
    "volume" : 10507.00
  }, {
    "date" : "2025-04-04",
    "price" : 1486.50,
    "dma50" : 1597.41,
    "dma100" : null,
    "dma200" : 1997.21,
    "volume" : 5064.00
  }, {
    "date" : "2025-04-07",
    "price" : 1468.40,
    "dma50" : 1592.35,
    "dma100" : null,
    "dma200" : 1991.95,
    "volume" : 8269.00
  }, {
    "date" : "2025-04-08",
    "price" : 1455.50,
    "dma50" : 1586.99,
    "dma100" : null,
    "dma200" : 1986.61,
    "volume" : 2378.00
  }, {
    "date" : "2025-04-09",
    "price" : 1442.80,
    "dma50" : 1581.33,
    "dma100" : null,
    "dma200" : 1981.20,
    "volume" : 2289.00
  }, {
    "date" : "2025-04-11",
    "price" : 1465.65,
    "dma50" : 1576.80,
    "dma100" : null,
    "dma200" : 1976.07,
    "volume" : 7460.00
  }, {
    "date" : "2025-04-15",
    "price" : 1758.80,
    "dma50" : 1583.93,
    "dma100" : null,
    "dma200" : 1973.91,
    "volume" : 52505.00
  }, {
    "date" : "2025-04-16",
    "price" : 1765.40,
    "dma50" : 1591.05,
    "dma100" : null,
    "dma200" : 1971.83,
    "volume" : 65140.00
  }, {
    "date" : "2025-04-17",
    "price" : 1777.10,
    "dma50" : 1598.35,
    "dma100" : null,
    "dma200" : 1969.89,
    "volume" : 11434.00
  }, {
    "date" : "2025-04-21",
    "price" : 1794.30,
    "dma50" : 1606.03,
    "dma100" : null,
    "dma200" : 1968.15,
    "volume" : 14624.00
  }, {
    "date" : "2025-04-22",
    "price" : 1781.90,
    "dma50" : 1612.93,
    "dma100" : null,
    "dma200" : 1966.29,
    "volume" : 11063.00
  }, {
    "date" : "2025-04-23",
    "price" : 1841.80,
    "dma50" : 1621.90,
    "dma100" : null,
    "dma200" : 1965.05,
    "volume" : 124087.00
  }, {
    "date" : "2025-04-24",
    "price" : 1802.80,
    "dma50" : 1629.00,
    "dma100" : null,
    "dma200" : 1963.44,
    "volume" : 18885.00
  }, {
    "date" : "2025-04-25",
    "price" : 1711.10,
    "dma50" : 1632.22,
    "dma100" : null,
    "dma200" : 1960.93,
    "volume" : 20567.00
  }, {
    "date" : "2025-04-28",
    "price" : 1764.80,
    "dma50" : 1637.42,
    "dma100" : null,
    "dma200" : 1958.98,
    "volume" : 11386.00
  }, {
    "date" : "2025-04-29",
    "price" : 1725.80,
    "dma50" : 1640.88,
    "dma100" : null,
    "dma200" : 1956.66,
    "volume" : 2993.00
  }, {
    "date" : "2025-04-30",
    "price" : 1739.70,
    "dma50" : 1644.76,
    "dma100" : null,
    "dma200" : 1954.50,
    "volume" : 11535.00
  }, {
    "date" : "2025-05-02",
    "price" : 1716.50,
    "dma50" : 1647.57,
    "dma100" : null,
    "dma200" : 1952.13,
    "volume" : 3874.00
  }, {
    "date" : "2025-05-05",
    "price" : 1816.60,
    "dma50" : 1654.20,
    "dma100" : null,
    "dma200" : 1950.78,
    "volume" : 15030.00
  }, {
    "date" : "2025-05-06",
    "price" : 1842.70,
    "dma50" : 1661.59,
    "dma100" : null,
    "dma200" : 1949.71,
    "volume" : 18782.00
  }, {
    "date" : "2025-05-07",
    "price" : 1823.70,
    "dma50" : 1667.95,
    "dma100" : null,
    "dma200" : 1948.45,
    "volume" : 5934.00
  }, {
    "date" : "2025-05-08",
    "price" : 1873.50,
    "dma50" : 1676.01,
    "dma100" : null,
    "dma200" : 1947.71,
    "volume" : 15714.00
  }, {
    "date" : "2025-05-09",
    "price" : 1859.10,
    "dma50" : 1683.19,
    "dma100" : null,
    "dma200" : 1946.82,
    "volume" : 6082.00
  }, {
    "date" : "2025-05-12",
    "price" : 1967.00,
    "dma50" : 1694.32,
    "dma100" : null,
    "dma200" : 1947.03,
    "volume" : 20725.00
  }, {
    "date" : "2025-05-13",
    "price" : 2105.30,
    "dma50" : 1710.44,
    "dma100" : null,
    "dma200" : 1948.60,
    "volume" : 20349.00
  }, {
    "date" : "2025-05-14",
    "price" : 2091.00,
    "dma50" : 1725.36,
    "dma100" : null,
    "dma200" : 1950.02,
    "volume" : 18763.00
  }, {
    "date" : "2025-05-15",
    "price" : 2077.20,
    "dma50" : 1739.16,
    "dma100" : null,
    "dma200" : 1951.28,
    "volume" : 4371.00
  }, {
    "date" : "2025-05-16",
    "price" : 2031.40,
    "dma50" : 1750.62,
    "dma100" : null,
    "dma200" : 1952.08,
    "volume" : 5372.00
  }, {
    "date" : "2025-05-19",
    "price" : 2015.10,
    "dma50" : 1760.99,
    "dma100" : null,
    "dma200" : 1952.71,
    "volume" : 23417.00
  }, {
    "date" : "2025-05-20",
    "price" : 1914.40,
    "dma50" : 1767.01,
    "dma100" : null,
    "dma200" : 1952.33,
    "volume" : 42358.00
  }, {
    "date" : "2025-05-21",
    "price" : 1961.10,
    "dma50" : 1774.62,
    "dma100" : null,
    "dma200" : 1952.41,
    "volume" : 5057.00
  }, {
    "date" : "2025-05-22",
    "price" : 1978.90,
    "dma50" : 1782.63,
    "dma100" : null,
    "dma200" : 1952.68,
    "volume" : 9428.00
  }, {
    "date" : "2025-05-23",
    "price" : 1992.70,
    "dma50" : 1790.87,
    "dma100" : null,
    "dma200" : 1953.07,
    "volume" : 4604.00
  }, {
    "date" : "2025-05-26",
    "price" : 2155.50,
    "dma50" : 1805.17,
    "dma100" : null,
    "dma200" : 1955.09,
    "volume" : 21945.00
  }, {
    "date" : "2025-05-27",
    "price" : 2265.60,
    "dma50" : 1823.22,
    "dma100" : null,
    "dma200" : 1958.18,
    "volume" : 30397.00
  }, {
    "date" : "2025-05-28",
    "price" : 2386.50,
    "dma50" : 1845.31,
    "dma100" : null,
    "dma200" : 1962.44,
    "volume" : 34607.00
  }, {
    "date" : "2025-05-29",
    "price" : 2380.10,
    "dma50" : 1866.28,
    "dma100" : null,
    "dma200" : 1966.60,
    "volume" : 13691.00
  }, {
    "date" : "2025-05-30",
    "price" : 2432.00,
    "dma50" : 1888.47,
    "dma100" : null,
    "dma200" : 1971.23,
    "volume" : 18993.00
  }, {
    "date" : "2025-06-02",
    "price" : 2357.00,
    "dma50" : 1906.84,
    "dma100" : null,
    "dma200" : 1975.07,
    "volume" : 8294.00
  }, {
    "date" : "2025-06-03",
    "price" : 2266.40,
    "dma50" : 1920.94,
    "dma100" : null,
    "dma200" : 1977.96,
    "volume" : 8532.00
  }, {
    "date" : "2025-06-04",
    "price" : 2321.30,
    "dma50" : 1936.64,
    "dma100" : null,
    "dma200" : 1981.38,
    "volume" : 9051.00
  }, {
    "date" : "2025-06-05",
    "price" : 2562.40,
    "dma50" : 1961.18,
    "dma100" : null,
    "dma200" : 1987.16,
    "volume" : 107041.00
  }, {
    "date" : "2025-06-06",
    "price" : 2588.40,
    "dma50" : 1985.78,
    "dma100" : null,
    "dma200" : 1993.14,
    "volume" : 46499.00
  }, {
    "date" : "2025-06-09",
    "price" : 2646.30,
    "dma50" : 2011.68,
    "dma100" : null,
    "dma200" : 1999.64,
    "volume" : 25165.00
  }, {
    "date" : "2025-06-10",
    "price" : 2539.50,
    "dma50" : 2032.38,
    "dma100" : null,
    "dma200" : 2005.02,
    "volume" : 20923.00
  }, {
    "date" : "2025-06-11",
    "price" : 2524.80,
    "dma50" : 2051.69,
    "dma100" : null,
    "dma200" : 2010.19,
    "volume" : 10292.00
  }, {
    "date" : "2025-06-12",
    "price" : 2481.90,
    "dma50" : 2068.56,
    "dma100" : null,
    "dma200" : 2014.88,
    "volume" : 6198.00
  }, {
    "date" : "2025-06-13",
    "price" : 2434.80,
    "dma50" : 2082.92,
    "dma100" : null,
    "dma200" : 2019.06,
    "volume" : 18866.00
  }, {
    "date" : "2025-06-16",
    "price" : 2461.70,
    "dma50" : 2097.78,
    "dma100" : null,
    "dma200" : 2023.46,
    "volume" : 6998.00
  }, {
    "date" : "2025-06-17",
    "price" : 2461.50,
    "dma50" : 2112.04,
    "dma100" : null,
    "dma200" : 2027.82,
    "volume" : 7349.00
  }, {
    "date" : "2025-06-18",
    "price" : 2432.80,
    "dma50" : 2124.62,
    "dma100" : null,
    "dma200" : 2031.85,
    "volume" : 6205.00
  }, {
    "date" : "2025-06-19",
    "price" : 2335.80,
    "dma50" : 2132.90,
    "dma100" : null,
    "dma200" : 2034.88,
    "volume" : 17098.00
  }, {
    "date" : "2025-06-20",
    "price" : 2362.20,
    "dma50" : 2141.89,
    "dma100" : null,
    "dma200" : 2038.13,
    "volume" : 6423.00
  }, {
    "date" : "2025-06-23",
    "price" : 2398.80,
    "dma50" : 2151.97,
    "dma100" : null,
    "dma200" : 2041.72,
    "volume" : 8856.00
  }, {
    "date" : "2025-06-24",
    "price" : 2402.10,
    "dma50" : 2161.78,
    "dma100" : null,
    "dma200" : 2045.31,
    "volume" : 8679.00
  }, {
    "date" : "2025-06-25",
    "price" : 2448.00,
    "dma50" : 2173.00,
    "dma100" : null,
    "dma200" : 2049.31,
    "volume" : 7472.00
  }, {
    "date" : "2025-06-26",
    "price" : 2472.00,
    "dma50" : 2184.73,
    "dma100" : null,
    "dma200" : 2053.52,
    "volume" : 7834.00
  }, {
    "date" : "2025-06-27",
    "price" : 2433.10,
    "dma50" : 2194.47,
    "dma100" : null,
    "dma200" : 2057.30,
    "volume" : 7037.00
  }, {
    "date" : "2025-06-30",
    "price" : 2570.80,
    "dma50" : 2209.23,
    "dma100" : null,
    "dma200" : 2062.41,
    "volume" : 13962.00
  }, {
    "date" : "2025-07-01",
    "price" : 2641.80,
    "dma50" : 2226.19,
    "dma100" : 1851.08,
    "dma200" : 2068.17,
    "volume" : 15422.00
  }, {
    "date" : "2025-07-02",
    "price" : 2603.70,
    "dma50" : 2240.99,
    "dma100" : 1862.01,
    "dma200" : 2073.50,
    "volume" : 10377.00
  }, {
    "date" : "2025-07-03",
    "price" : 2621.90,
    "dma50" : 2255.93,
    "dma100" : 1872.37,
    "dma200" : 2078.96,
    "volume" : 9057.00
  }, {
    "date" : "2025-07-04",
    "price" : 2941.10,
    "dma50" : 2282.80,
    "dma100" : 1885.49,
    "dma200" : 2087.54,
    "volume" : 121734.00
  }, {
    "date" : "2025-07-07",
    "price" : 2830.80,
    "dma50" : 2304.29,
    "dma100" : 1897.07,
    "dma200" : 2094.93,
    "volume" : 44257.00
  }, {
    "date" : "2025-07-08",
    "price" : 2761.40,
    "dma50" : 2322.22,
    "dma100" : 1908.08,
    "dma200" : 2101.56,
    "volume" : 27900.00
  }, {
    "date" : "2025-07-09",
    "price" : 2752.90,
    "dma50" : 2339.11,
    "dma100" : 1919.05,
    "dma200" : 2108.04,
    "volume" : 23756.00
  }, {
    "date" : "2025-07-10",
    "price" : 2492.10,
    "dma50" : 2345.11,
    "dma100" : 1928.30,
    "dma200" : 2111.87,
    "volume" : 165740.00
  }, {
    "date" : "2025-07-11",
    "price" : 2564.40,
    "dma50" : 2353.71,
    "dma100" : 1938.77,
    "dma200" : 2116.37,
    "volume" : 53779.00
  }, {
    "date" : "2025-07-14",
    "price" : 2516.60,
    "dma50" : 2360.09,
    "dma100" : 1948.57,
    "dma200" : 2120.35,
    "volume" : 16936.00
  }, {
    "date" : "2025-07-15",
    "price" : 2501.60,
    "dma50" : 2365.64,
    "dma100" : 1958.79,
    "dma200" : 2124.14,
    "volume" : 7112.00
  }, {
    "date" : "2025-07-16",
    "price" : 2420.10,
    "dma50" : 2367.78,
    "dma100" : 1968.81,
    "dma200" : 2127.09,
    "volume" : 13019.00
  }, {
    "date" : "2025-07-17",
    "price" : 2382.30,
    "dma50" : 2368.35,
    "dma100" : 1978.86,
    "dma200" : 2129.63,
    "volume" : 9485.00
  }, {
    "date" : "2025-07-18",
    "price" : 2428.00,
    "dma50" : 2370.69,
    "dma100" : 1988.55,
    "dma200" : 2132.60,
    "volume" : 13521.00
  }, {
    "date" : "2025-07-21",
    "price" : 2432.50,
    "dma50" : 2373.11,
    "dma100" : 1997.67,
    "dma200" : 2135.58,
    "volume" : 14842.00
  }, {
    "date" : "2025-07-22",
    "price" : 2362.10,
    "dma50" : 2372.68,
    "dma100" : 2006.25,
    "dma200" : 2137.84,
    "volume" : 7854.00
  }, {
    "date" : "2025-07-23",
    "price" : 2302.20,
    "dma50" : 2369.92,
    "dma100" : 2014.08,
    "dma200" : 2139.47,
    "volume" : 12996.00
  }, {
    "date" : "2025-07-24",
    "price" : 2255.50,
    "dma50" : 2365.43,
    "dma100" : 2021.68,
    "dma200" : 2140.63,
    "volume" : 16835.00
  }, {
    "date" : "2025-07-25",
    "price" : 2352.70,
    "dma50" : 2364.93,
    "dma100" : 2030.43,
    "dma200" : 2142.74,
    "volume" : 18593.00
  }, {
    "date" : "2025-07-28",
    "price" : 2400.20,
    "dma50" : 2366.31,
    "dma100" : 2039.94,
    "dma200" : 2145.30,
    "volume" : 24815.00
  }, {
    "date" : "2025-07-29",
    "price" : 2369.60,
    "dma50" : 2366.44,
    "dma100" : 2049.32,
    "dma200" : 2147.53,
    "volume" : 5494.00
  }, {
    "date" : "2025-07-30",
    "price" : 2297.50,
    "dma50" : 2363.74,
    "dma100" : 2058.00,
    "dma200" : 2149.02,
    "volume" : 13879.00
  }, {
    "date" : "2025-07-31",
    "price" : 2255.40,
    "dma50" : 2359.49,
    "dma100" : 2065.11,
    "dma200" : 2150.08,
    "volume" : 6005.00
  }, {
    "date" : "2025-08-01",
    "price" : 2391.00,
    "dma50" : 2360.73,
    "dma100" : 2073.07,
    "dma200" : 2152.48,
    "volume" : 88613.00
  }, {
    "date" : "2025-08-04",
    "price" : 2388.00,
    "dma50" : 2361.79,
    "dma100" : 2081.39,
    "dma200" : 2154.82,
    "volume" : 4229.00
  }, {
    "date" : "2025-08-05",
    "price" : 2338.40,
    "dma50" : 2360.88,
    "dma100" : 2090.19,
    "dma200" : 2156.65,
    "volume" : 5621.00
  }, {
    "date" : "2025-08-06",
    "price" : 2369.70,
    "dma50" : 2361.22,
    "dma100" : 2099.66,
    "dma200" : 2158.77,
    "volume" : 22808.00
  }, {
    "date" : "2025-08-07",
    "price" : 2425.40,
    "dma50" : 2363.74,
    "dma100" : 2110.38,
    "dma200" : 2161.42,
    "volume" : 9519.00
  }, {
    "date" : "2025-08-08",
    "price" : 2337.20,
    "dma50" : 2362.70,
    "dma100" : 2120.09,
    "dma200" : 2163.17,
    "volume" : 9984.00
  }, {
    "date" : "2025-08-11",
    "price" : 2306.70,
    "dma50" : 2360.50,
    "dma100" : 2129.26,
    "dma200" : 2164.60,
    "volume" : 2978.00
  }, {
    "date" : "2025-08-12",
    "price" : 2315.50,
    "dma50" : 2358.74,
    "dma100" : 2137.74,
    "dma200" : 2166.10,
    "volume" : 3380.00
  }, {
    "date" : "2025-08-13",
    "price" : 2300.70,
    "dma50" : 2356.46,
    "dma100" : 2145.23,
    "dma200" : 2167.44,
    "volume" : 4086.00
  }, {
    "date" : "2025-08-14",
    "price" : 2293.60,
    "dma50" : 2354.00,
    "dma100" : 2152.71,
    "dma200" : 2168.69,
    "volume" : 2609.00
  }, {
    "date" : "2025-08-18",
    "price" : 2306.50,
    "dma50" : 2352.13,
    "dma100" : 2160.34,
    "dma200" : 2170.07,
    "volume" : 4473.00
  }, {
    "date" : "2025-08-19",
    "price" : 2263.10,
    "dma50" : 2348.64,
    "dma100" : 2167.22,
    "dma200" : 2170.99,
    "volume" : 8375.00
  }, {
    "date" : "2025-08-20",
    "price" : 2287.40,
    "dma50" : 2346.24,
    "dma100" : 2175.09,
    "dma200" : 2172.15,
    "volume" : 7034.00
  }, {
    "date" : "2025-08-21",
    "price" : 2260.00,
    "dma50" : 2342.86,
    "dma100" : 2183.01,
    "dma200" : 2173.02,
    "volume" : 10130.00
  }, {
    "date" : "2025-08-22",
    "price" : 2237.10,
    "dma50" : 2338.71,
    "dma100" : 2190.78,
    "dma200" : 2173.66,
    "volume" : 11505.00
  }, {
    "date" : "2025-08-25",
    "price" : 2208.30,
    "dma50" : 2333.60,
    "dma100" : 2198.73,
    "dma200" : 2174.01,
    "volume" : 4912.00
  }, {
    "date" : "2025-08-26",
    "price" : 2203.30,
    "dma50" : 2328.49,
    "dma100" : 2206.31,
    "dma200" : 2174.30,
    "volume" : 7394.00
  }, {
    "date" : "2025-08-28",
    "price" : 2219.40,
    "dma50" : 2324.21,
    "dma100" : 2213.86,
    "dma200" : 2174.75,
    "volume" : 8033.00
  }, {
    "date" : "2025-08-29",
    "price" : 2245.20,
    "dma50" : 2321.11,
    "dma100" : 2221.53,
    "dma200" : 2175.45,
    "volume" : 3564.00
  }, {
    "date" : "2025-09-01",
    "price" : 2281.00,
    "dma50" : 2319.54,
    "dma100" : 2229.47,
    "dma200" : 2176.50,
    "volume" : 4117.00
  }, {
    "date" : "2025-09-02",
    "price" : 2023.10,
    "dma50" : 2307.91,
    "dma100" : 2235.02,
    "dma200" : 2174.97,
    "volume" : 59031.00
  }, {
    "date" : "2025-09-03",
    "price" : 2056.00,
    "dma50" : 2298.03,
    "dma100" : 2241.02,
    "dma200" : 2173.79,
    "volume" : 14941.00
  }, {
    "date" : "2025-09-04",
    "price" : 2010.40,
    "dma50" : 2286.75,
    "dma100" : 2246.70,
    "dma200" : 2172.16,
    "volume" : 7470.00
  }, {
    "date" : "2025-09-05",
    "price" : 1924.50,
    "dma50" : 2272.55,
    "dma100" : 2251.29,
    "dma200" : 2169.70,
    "volume" : 16067.00
  }, {
    "date" : "2025-09-08",
    "price" : 2011.80,
    "dma50" : 2262.32,
    "dma100" : 2253.82,
    "dma200" : 2168.13,
    "volume" : 14669.00
  }, {
    "date" : "2025-09-09",
    "price" : 2042.40,
    "dma50" : 2253.70,
    "dma100" : 2256.59,
    "dma200" : 2166.87,
    "volume" : 11296.00
  }, {
    "date" : "2025-09-10",
    "price" : 2076.20,
    "dma50" : 2246.74,
    "dma100" : 2259.58,
    "dma200" : 2165.97,
    "volume" : 11415.00
  }, {
    "date" : "2025-09-11",
    "price" : 2148.00,
    "dma50" : 2242.87,
    "dma100" : 2263.12,
    "dma200" : 2165.79,
    "volume" : 12732.00
  }, {
    "date" : "2025-09-12",
    "price" : 2194.90,
    "dma50" : 2240.99,
    "dma100" : 2267.25,
    "dma200" : 2166.08,
    "volume" : 10329.00
  }, {
    "date" : "2025-09-15",
    "price" : 2267.60,
    "dma50" : 2242.03,
    "dma100" : 2271.51,
    "dma200" : 2167.09,
    "volume" : 13649.00
  }, {
    "date" : "2025-09-16",
    "price" : 2322.80,
    "dma50" : 2245.20,
    "dma100" : 2276.71,
    "dma200" : 2168.64,
    "volume" : 10026.00
  }, {
    "date" : "2025-09-17",
    "price" : 2230.30,
    "dma50" : 2244.61,
    "dma100" : 2281.90,
    "dma200" : 2169.26,
    "volume" : 29804.00
  }, {
    "date" : "2025-09-18",
    "price" : 2164.50,
    "dma50" : 2241.47,
    "dma100" : 2285.89,
    "dma200" : 2169.21,
    "volume" : 14436.00
  }, {
    "date" : "2025-09-19",
    "price" : 2050.90,
    "dma50" : 2234.00,
    "dma100" : 2289.15,
    "dma200" : 2168.03,
    "volume" : 61179.00
  }, {
    "date" : "2025-09-22",
    "price" : 2042.50,
    "dma50" : 2226.49,
    "dma100" : 2292.17,
    "dma200" : 2166.78,
    "volume" : 14137.00
  }, {
    "date" : "2025-09-23",
    "price" : 2031.20,
    "dma50" : 2218.83,
    "dma100" : 2295.32,
    "dma200" : 2165.43,
    "volume" : 11013.00
  }, {
    "date" : "2025-09-24",
    "price" : 1723.50,
    "dma50" : 2199.40,
    "dma100" : 2294.39,
    "dma200" : 2161.04,
    "volume" : 825947.00
  }, {
    "date" : "2025-09-25",
    "price" : 1810.50,
    "dma50" : 2184.15,
    "dma100" : 2294.07,
    "dma200" : 2157.55,
    "volume" : 1276723.00
  }, {
    "date" : "2025-09-26",
    "price" : 1767.40,
    "dma50" : 2167.81,
    "dma100" : 2293.50,
    "dma200" : 2153.67,
    "volume" : 290336.00
  }, {
    "date" : "2025-09-29",
    "price" : 1737.70,
    "dma50" : 2150.94,
    "dma100" : 2292.15,
    "dma200" : 2149.53,
    "volume" : 114980.00
  }, {
    "date" : "2025-09-30",
    "price" : 1722.20,
    "dma50" : 2134.13,
    "dma100" : 2290.78,
    "dma200" : 2145.28,
    "volume" : 57885.00
  }, {
    "date" : "2025-10-01",
    "price" : 1808.70,
    "dma50" : 2121.37,
    "dma100" : 2289.19,
    "dma200" : 2141.93,
    "volume" : 132977.00
  }, {
    "date" : "2025-10-03",
    "price" : 1811.00,
    "dma50" : 2109.20,
    "dma100" : 2286.25,
    "dma200" : 2138.63,
    "volume" : 62659.00
  }, {
    "date" : "2025-10-06",
    "price" : 1826.70,
    "dma50" : 2098.12,
    "dma100" : 2283.61,
    "dma200" : 2135.53,
    "volume" : 71270.00
  }, {
    "date" : "2025-10-07",
    "price" : 1917.50,
    "dma50" : 2091.03,
    "dma100" : 2282.01,
    "dma200" : 2133.36,
    "volume" : 181541.00
  }, {
    "date" : "2025-10-08",
    "price" : 2301.00,
    "dma50" : 2099.27,
    "dma100" : 2284.71,
    "dma200" : 2135.03,
    "volume" : 1904247.00
  }, {
    "date" : "2025-10-09",
    "price" : 2031.10,
    "dma50" : 2096.60,
    "dma100" : 2284.87,
    "dma200" : 2133.99,
    "volume" : 1977214.00
  }, {
    "date" : "2025-10-10",
    "price" : 1938.80,
    "dma50" : 2090.41,
    "dma100" : 2285.11,
    "dma200" : 2132.05,
    "volume" : 426809.00
  }, {
    "date" : "2025-10-13",
    "price" : 1909.10,
    "dma50" : 2083.30,
    "dma100" : 2284.59,
    "dma200" : 2129.83,
    "volume" : 166095.00
  }, {
    "date" : "2025-10-14",
    "price" : 1870.10,
    "dma50" : 2074.94,
    "dma100" : 2283.50,
    "dma200" : 2127.25,
    "volume" : 82495.00
  }, {
    "date" : "2025-10-15",
    "price" : 1895.70,
    "dma50" : 2067.91,
    "dma100" : 2282.53,
    "dma200" : 2124.95,
    "volume" : 73602.00
  }, {
    "date" : "2025-10-16",
    "price" : 1832.40,
    "dma50" : 2058.67,
    "dma100" : 2279.30,
    "dma200" : 2122.03,
    "volume" : 83472.00
  }, {
    "date" : "2025-10-17",
    "price" : 1805.20,
    "dma50" : 2048.73,
    "dma100" : 2274.70,
    "dma200" : 2118.88,
    "volume" : 52433.00
  }, {
    "date" : "2025-10-20",
    "price" : 1822.50,
    "dma50" : 2039.86,
    "dma100" : 2269.06,
    "dma200" : 2115.93,
    "volume" : 41532.00
  }, {
    "date" : "2025-10-21",
    "price" : 1855.00,
    "dma50" : 2032.61,
    "dma100" : 2263.81,
    "dma200" : 2113.34,
    "volume" : 16917.00
  }, {
    "date" : "2025-10-23",
    "price" : 1856.20,
    "dma50" : 2025.69,
    "dma100" : 2258.05,
    "dma200" : 2110.78,
    "volume" : 39712.00
  }, {
    "date" : "2025-10-24",
    "price" : 1848.00,
    "dma50" : 2018.72,
    "dma100" : 2252.96,
    "dma200" : 2108.16,
    "volume" : 23292.00
  }, {
    "date" : "2025-10-27",
    "price" : 1860.20,
    "dma50" : 2012.51,
    "dma100" : 2248.90,
    "dma200" : 2105.70,
    "volume" : 24303.00
  }, {
    "date" : "2025-10-28",
    "price" : 1841.80,
    "dma50" : 2005.81,
    "dma100" : 2244.10,
    "dma200" : 2103.07,
    "volume" : 17972.00
  }, {
    "date" : "2025-10-29",
    "price" : 1873.20,
    "dma50" : 2000.61,
    "dma100" : 2237.21,
    "dma200" : 2100.78,
    "volume" : 26998.00
  }, {
    "date" : "2025-10-30",
    "price" : 1887.60,
    "dma50" : 1996.18,
    "dma100" : 2230.20,
    "dma200" : 2098.66,
    "volume" : 25881.00
  }, {
    "date" : "2025-10-31",
    "price" : 1864.00,
    "dma50" : 1991.00,
    "dma100" : 2222.38,
    "dma200" : 2096.33,
    "volume" : 18728.00
  }, {
    "date" : "2025-11-03",
    "price" : 1793.80,
    "dma50" : 1983.26,
    "dma100" : 2214.92,
    "dma200" : 2093.32,
    "volume" : 39226.00
  }, {
    "date" : "2025-11-04",
    "price" : 1745.60,
    "dma50" : 1973.94,
    "dma100" : 2207.13,
    "dma200" : 2089.86,
    "volume" : 34631.00
  }, {
    "date" : "2025-11-06",
    "price" : 1685.40,
    "dma50" : 1962.63,
    "dma100" : 2199.17,
    "dma200" : 2085.83,
    "volume" : 69172.00
  }, {
    "date" : "2025-11-07",
    "price" : 1705.90,
    "dma50" : 1952.56,
    "dma100" : 2191.88,
    "dma200" : 2082.05,
    "volume" : 37668.00
  }, {
    "date" : "2025-11-10",
    "price" : 1698.50,
    "dma50" : 1942.60,
    "dma100" : 2184.24,
    "dma200" : 2078.24,
    "volume" : 22089.00
  }, {
    "date" : "2025-11-11",
    "price" : 1711.60,
    "dma50" : 1933.54,
    "dma100" : 2176.75,
    "dma200" : 2074.59,
    "volume" : 14675.00
  }, {
    "date" : "2025-11-12",
    "price" : 1710.00,
    "dma50" : 1924.77,
    "dma100" : 2169.52,
    "dma200" : 2070.96,
    "volume" : 16470.00
  }, {
    "date" : "2025-11-13",
    "price" : 1701.70,
    "dma50" : 1916.02,
    "dma100" : 2163.18,
    "dma200" : 2067.28,
    "volume" : 18442.00
  }, {
    "date" : "2025-11-14",
    "price" : 1762.90,
    "dma50" : 1910.02,
    "dma100" : 2157.18,
    "dma200" : 2064.26,
    "volume" : 40777.00
  }, {
    "date" : "2025-11-17",
    "price" : 1712.90,
    "dma50" : 1902.29,
    "dma100" : 2150.32,
    "dma200" : 2060.76,
    "volume" : 24630.00
  }, {
    "date" : "2025-11-18",
    "price" : 1717.30,
    "dma50" : 1895.04,
    "dma100" : 2143.48,
    "dma200" : 2057.34,
    "volume" : 15462.00
  }, {
    "date" : "2025-11-19",
    "price" : 1704.80,
    "dma50" : 1887.57,
    "dma100" : 2136.04,
    "dma200" : 2053.83,
    "volume" : 13954.00
  }, {
    "date" : "2025-11-20",
    "price" : 1693.30,
    "dma50" : 1879.96,
    "dma100" : 2128.26,
    "dma200" : 2050.25,
    "volume" : 10501.00
  }, {
    "date" : "2025-11-21",
    "price" : 1655.50,
    "dma50" : 1871.15,
    "dma100" : 2120.48,
    "dma200" : 2046.32,
    "volume" : 20464.00
  }, {
    "date" : "2025-11-24",
    "price" : 1573.80,
    "dma50" : 1859.49,
    "dma100" : 2110.51,
    "dma200" : 2041.62,
    "volume" : 49346.00
  }, {
    "date" : "2025-11-25",
    "price" : 1592.80,
    "dma50" : 1849.03,
    "dma100" : 2100.02,
    "dma200" : 2037.15,
    "volume" : 22307.00
  }, {
    "date" : "2025-11-26",
    "price" : 1628.30,
    "dma50" : 1840.38,
    "dma100" : 2090.27,
    "dma200" : 2033.08,
    "volume" : 20736.00
  }, {
    "date" : "2025-11-27",
    "price" : 1628.40,
    "dma50" : 1832.07,
    "dma100" : 2080.33,
    "dma200" : 2029.06,
    "volume" : 13099.00
  }, {
    "date" : "2025-11-28",
    "price" : 1632.40,
    "dma50" : 1824.24,
    "dma100" : 2067.25,
    "dma200" : 2025.11,
    "volume" : 8953.00
  }, {
    "date" : "2025-12-01",
    "price" : 1616.30,
    "dma50" : 1816.08,
    "dma100" : 2055.10,
    "dma200" : 2021.04,
    "volume" : 8505.00
  }, {
    "date" : "2025-12-02",
    "price" : 1608.20,
    "dma50" : 1807.93,
    "dma100" : 2043.57,
    "dma200" : 2016.93,
    "volume" : 10784.00
  }, {
    "date" : "2025-12-03",
    "price" : 1584.90,
    "dma50" : 1799.18,
    "dma100" : 2031.89,
    "dma200" : 2012.64,
    "volume" : 9848.00
  }, {
    "date" : "2025-12-04",
    "price" : 1609.70,
    "dma50" : 1791.75,
    "dma100" : 2023.06,
    "dma200" : 2008.63,
    "volume" : 15261.00
  }, {
    "date" : "2025-12-05",
    "price" : 1630.80,
    "dma50" : 1785.44,
    "dma100" : 2013.73,
    "dma200" : 2004.87,
    "volume" : 24513.00
  }, {
    "date" : "2025-12-08",
    "price" : 1566.80,
    "dma50" : 1776.87,
    "dma100" : 2004.23,
    "dma200" : 2000.51,
    "volume" : 17083.00
  }, {
    "date" : "2025-12-09",
    "price" : 1609.00,
    "dma50" : 1770.28,
    "dma100" : 1995.30,
    "dma200" : 1996.61,
    "volume" : 53310.00
  }, {
    "date" : "2025-12-10",
    "price" : 1514.20,
    "dma50" : 1760.24,
    "dma100" : 1986.25,
    "dma200" : 1991.81,
    "volume" : 46859.00
  }, {
    "date" : "2025-12-11",
    "price" : 1505.60,
    "dma50" : 1750.25,
    "dma100" : 1977.48,
    "dma200" : 1986.97,
    "volume" : 31453.00
  }, {
    "date" : "2025-12-12",
    "price" : 1531.70,
    "dma50" : 1741.68,
    "dma100" : 1968.52,
    "dma200" : 1982.44,
    "volume" : 20081.00
  }, {
    "date" : "2025-12-15",
    "price" : 1591.10,
    "dma50" : 1735.78,
    "dma100" : 1960.10,
    "dma200" : 1978.55,
    "volume" : 42130.00
  }, {
    "date" : "2025-12-16",
    "price" : 1569.10,
    "dma50" : 1729.24,
    "dma100" : 1952.17,
    "dma200" : 1974.48,
    "volume" : 26474.00
  }, {
    "date" : "2025-12-17",
    "price" : 1523.60,
    "dma50" : 1721.18,
    "dma100" : 1944.39,
    "dma200" : 1969.99,
    "volume" : 58711.00
  }, {
    "date" : "2025-12-18",
    "price" : 1544.20,
    "dma50" : 1714.24,
    "dma100" : 1937.27,
    "dma200" : 1965.75,
    "volume" : 13889.00
  }, {
    "date" : "2025-12-19",
    "price" : 1564.80,
    "dma50" : 1708.38,
    "dma100" : 1929.39,
    "dma200" : 1961.76,
    "volume" : 7372.00
  }, {
    "date" : "2025-12-22",
    "price" : 1575.70,
    "dma50" : 1703.17,
    "dma100" : 1921.15,
    "dma200" : 1957.92,
    "volume" : 20829.00
  }, {
    "date" : "2025-12-23",
    "price" : 1546.00,
    "dma50" : 1697.01,
    "dma100" : 1912.91,
    "dma200" : 1953.82,
    "volume" : 17643.00
  }, {
    "date" : "2025-12-24",
    "price" : 1513.90,
    "dma50" : 1689.83,
    "dma100" : 1905.08,
    "dma200" : 1949.45,
    "volume" : 18425.00
  }, {
    "date" : "2025-12-26",
    "price" : 1530.10,
    "dma50" : 1683.57,
    "dma100" : 1897.82,
    "dma200" : 1945.27,
    "volume" : 8391.00
  }, {
    "date" : "2025-12-29",
    "price" : 1540.50,
    "dma50" : 1677.96,
    "dma100" : 1889.32,
    "dma200" : 1941.25,
    "volume" : 11491.00
  }, {
    "date" : "2025-12-30",
    "price" : 1551.80,
    "dma50" : 1673.01,
    "dma100" : 1880.96,
    "dma200" : 1937.37,
    "volume" : 12860.00
  }, {
    "date" : "2025-12-31",
    "price" : 1598.90,
    "dma50" : 1670.10,
    "dma100" : 1873.56,
    "dma200" : 1934.00,
    "volume" : 25764.00
  }, {
    "date" : "2026-01-01",
    "price" : 1624.90,
    "dma50" : 1668.33,
    "dma100" : 1866.11,
    "dma200" : 1930.93,
    "volume" : 15485.00
  }, {
    "date" : "2026-01-02",
    "price" : 1625.30,
    "dma50" : 1666.64,
    "dma100" : 1858.11,
    "dma200" : 1927.89,
    "volume" : 14228.00
  }, {
    "date" : "2026-01-05",
    "price" : 1611.70,
    "dma50" : 1664.49,
    "dma100" : 1850.86,
    "dma200" : 1924.74,
    "volume" : 15950.00
  }, {
    "date" : "2026-01-06",
    "price" : 1596.20,
    "dma50" : 1661.81,
    "dma100" : 1843.75,
    "dma200" : 1921.47,
    "volume" : 38516.00
  }, {
    "date" : "2026-01-07",
    "price" : 1624.80,
    "dma50" : 1660.36,
    "dma100" : 1836.85,
    "dma200" : 1918.52,
    "volume" : 34896.00
  }, {
    "date" : "2026-01-08",
    "price" : 1765.70,
    "dma50" : 1664.49,
    "dma100" : 1831.50,
    "dma200" : 1917.00,
    "volume" : 2516349.00
  }, {
    "date" : "2026-01-09",
    "price" : 1618.90,
    "dma50" : 1662.70,
    "dma100" : 1824.75,
    "dma200" : 1914.03,
    "volume" : 437665.00
  }, {
    "date" : "2026-01-12",
    "price" : 1532.30,
    "dma50" : 1657.59,
    "dma100" : 1817.01,
    "dma200" : 1910.23,
    "volume" : 205639.00
  }, {
    "date" : "2026-01-13",
    "price" : 1556.80,
    "dma50" : 1653.64,
    "dma100" : 1809.94,
    "dma200" : 1906.72,
    "volume" : 109566.00
  }, {
    "date" : "2026-01-14",
    "price" : 1558.90,
    "dma50" : 1649.92,
    "dma100" : 1802.66,
    "dma200" : 1903.26,
    "volume" : 47926.00
  }, {
    "date" : "2026-01-16",
    "price" : 1546.30,
    "dma50" : 1645.86,
    "dma100" : 1795.52,
    "dma200" : 1899.70,
    "volume" : 36150.00
  }, {
    "date" : "2026-01-19",
    "price" : 1558.80,
    "dma50" : 1642.44,
    "dma100" : 1788.74,
    "dma200" : 1896.31,
    "volume" : 41537.00
  }, {
    "date" : "2026-01-20",
    "price" : 1532.80,
    "dma50" : 1638.14,
    "dma100" : 1781.98,
    "dma200" : 1892.70,
    "volume" : 58078.00
  }, {
    "date" : "2026-01-21",
    "price" : 1568.40,
    "dma50" : 1635.41,
    "dma100" : 1775.63,
    "dma200" : 1889.47,
    "volume" : 67879.00
  }, {
    "date" : "2026-01-22",
    "price" : 1635.90,
    "dma50" : 1635.43,
    "dma100" : 1769.80,
    "dma200" : 1886.95,
    "volume" : 60352.00
  }, {
    "date" : "2026-01-23",
    "price" : 1588.40,
    "dma50" : 1633.58,
    "dma100" : 1763.23,
    "dma200" : 1883.97,
    "volume" : 46848.00
  }, {
    "date" : "2026-01-27",
    "price" : 1582.50,
    "dma50" : 1631.58,
    "dma100" : 1756.25,
    "dma200" : 1880.98,
    "volume" : 42295.00
  }, {
    "date" : "2026-01-28",
    "price" : 1693.70,
    "dma50" : 1634.02,
    "dma100" : 1752.95,
    "dma200" : 1879.11,
    "volume" : 77838.00
  }, {
    "date" : "2026-01-29",
    "price" : 1692.80,
    "dma50" : 1636.32,
    "dma100" : 1749.32,
    "dma200" : 1877.26,
    "volume" : 27399.00
  }, {
    "date" : "2026-01-30",
    "price" : 1762.00,
    "dma50" : 1641.25,
    "dma100" : 1746.84,
    "dma200" : 1876.11,
    "volume" : 62650.00
  } ],
  "latestTechnicalAttributes" : {
    "date" : "2026-01-30",
    "price" : 1762.00,
    "dma50" : 1641.25,
    "dma100" : 1746.84,
    "dma200" : 1876.11,
    "volume" : 62650.00
  },
  "quarterlyResults" : [ {
    "date" : "2005-03-31",
    "sales" : 38.03,
    "salesGrowthYoY" : null,
    "grossProfitMargin" : 39.97,
    "grossProfit" : 15.20,
    "operatingProfitMargin" : 14.20,
    "operatingProfit" : 5.40,
    "netProfitMargin" : 5.73,
    "netProfit" : 2.18
  }, {
    "date" : "2005-06-30",
    "sales" : 16.24,
    "salesGrowthYoY" : null,
    "grossProfitMargin" : 67.61,
    "grossProfit" : 10.98,
    "operatingProfitMargin" : 27.09,
    "operatingProfit" : 4.40,
    "netProfitMargin" : 10.53,
    "netProfit" : 1.71
  }, {
    "date" : "2005-09-30",
    "sales" : 25.38,
    "salesGrowthYoY" : null,
    "grossProfitMargin" : 54.49,
    "grossProfit" : 13.83,
    "operatingProfitMargin" : 22.77,
    "operatingProfit" : 5.78,
    "netProfitMargin" : 10.24,
    "netProfit" : 2.60
  }, {
    "date" : "2005-12-31",
    "sales" : 20.93,
    "salesGrowthYoY" : null,
    "grossProfitMargin" : 50.55,
    "grossProfit" : 10.58,
    "operatingProfitMargin" : 18.06,
    "operatingProfit" : 3.78,
    "netProfitMargin" : 5.97,
    "netProfit" : 1.25
  }, {
    "date" : "2006-03-31",
    "sales" : 28.63,
    "salesGrowthYoY" : -24.72,
    "grossProfitMargin" : 52.36,
    "grossProfit" : 14.99,
    "operatingProfitMargin" : 20.68,
    "operatingProfit" : 5.92,
    "netProfitMargin" : 9.40,
    "netProfit" : 2.69
  }, {
    "date" : "2006-06-30",
    "sales" : 20.94,
    "salesGrowthYoY" : 28.94,
    "grossProfitMargin" : 59.17,
    "grossProfit" : 12.39,
    "operatingProfitMargin" : 25.93,
    "operatingProfit" : 5.43,
    "netProfitMargin" : 13.66,
    "netProfit" : 2.86
  }, {
    "date" : "2006-09-30",
    "sales" : 24.32,
    "salesGrowthYoY" : -4.18,
    "grossProfitMargin" : 51.44,
    "grossProfit" : 12.51,
    "operatingProfitMargin" : 22.74,
    "operatingProfit" : 5.53,
    "netProfitMargin" : 7.03,
    "netProfit" : 1.71
  }, {
    "date" : "2006-12-31",
    "sales" : 24.45,
    "salesGrowthYoY" : 16.82,
    "grossProfitMargin" : 43.44,
    "grossProfit" : 10.62,
    "operatingProfitMargin" : 17.42,
    "operatingProfit" : 4.26,
    "netProfitMargin" : 6.09,
    "netProfit" : 1.49
  }, {
    "date" : "2007-03-31",
    "sales" : 26.22,
    "salesGrowthYoY" : -8.42,
    "grossProfitMargin" : 57.44,
    "grossProfit" : 15.06,
    "operatingProfitMargin" : 19.15,
    "operatingProfit" : 5.02,
    "netProfitMargin" : 9.99,
    "netProfit" : 2.62
  }, {
    "date" : "2007-06-30",
    "sales" : 33.13,
    "salesGrowthYoY" : 58.21,
    "grossProfitMargin" : 45.00,
    "grossProfit" : 14.91,
    "operatingProfitMargin" : 22.31,
    "operatingProfit" : 7.39,
    "netProfitMargin" : 12.35,
    "netProfit" : 4.09
  }, {
    "date" : "2007-09-30",
    "sales" : 26.01,
    "salesGrowthYoY" : 6.95,
    "grossProfitMargin" : 56.98,
    "grossProfit" : 14.82,
    "operatingProfitMargin" : 26.61,
    "operatingProfit" : 6.92,
    "netProfitMargin" : 13.03,
    "netProfit" : 3.39
  }, {
    "date" : "2007-12-31",
    "sales" : 20.16,
    "salesGrowthYoY" : -17.55,
    "grossProfitMargin" : 55.11,
    "grossProfit" : 11.11,
    "operatingProfitMargin" : 17.96,
    "operatingProfit" : 3.62,
    "netProfitMargin" : 7.29,
    "netProfit" : 1.47
  }, {
    "date" : "2008-03-31",
    "sales" : 37.55,
    "salesGrowthYoY" : 43.21,
    "grossProfitMargin" : 47.80,
    "grossProfit" : 17.95,
    "operatingProfitMargin" : 21.15,
    "operatingProfit" : 7.94,
    "netProfitMargin" : 10.33,
    "netProfit" : 3.88
  }, {
    "date" : "2008-06-30",
    "sales" : 28.71,
    "salesGrowthYoY" : -13.34,
    "grossProfitMargin" : 53.54,
    "grossProfit" : 15.37,
    "operatingProfitMargin" : 25.53,
    "operatingProfit" : 7.33,
    "netProfitMargin" : 12.37,
    "netProfit" : 3.55
  }, {
    "date" : "2008-09-30",
    "sales" : 30.38,
    "salesGrowthYoY" : 16.80,
    "grossProfitMargin" : 52.96,
    "grossProfit" : 16.09,
    "operatingProfitMargin" : 19.29,
    "operatingProfit" : 5.86,
    "netProfitMargin" : 8.23,
    "netProfit" : 2.50
  }, {
    "date" : "2008-12-31",
    "sales" : 34.63,
    "salesGrowthYoY" : 71.78,
    "grossProfitMargin" : 47.62,
    "grossProfit" : 16.49,
    "operatingProfitMargin" : 14.18,
    "operatingProfit" : 4.91,
    "netProfitMargin" : 7.80,
    "netProfit" : 2.70
  }, {
    "date" : "2009-03-31",
    "sales" : 52.21,
    "salesGrowthYoY" : 39.04,
    "grossProfitMargin" : 46.58,
    "grossProfit" : 24.32,
    "operatingProfitMargin" : 21.85,
    "operatingProfit" : 11.41,
    "netProfitMargin" : 12.39,
    "netProfit" : 6.47
  }, {
    "date" : "2009-06-30",
    "sales" : 27.99,
    "salesGrowthYoY" : -2.51,
    "grossProfitMargin" : 51.70,
    "grossProfit" : 14.47,
    "operatingProfitMargin" : 19.90,
    "operatingProfit" : 5.57,
    "netProfitMargin" : 8.75,
    "netProfit" : 2.45
  }, {
    "date" : "2009-09-30",
    "sales" : 39.12,
    "salesGrowthYoY" : 28.77,
    "grossProfitMargin" : 40.54,
    "grossProfit" : 15.86,
    "operatingProfitMargin" : 12.78,
    "operatingProfit" : 5.00,
    "netProfitMargin" : 5.37,
    "netProfit" : 2.10
  }, {
    "date" : "2009-12-31",
    "sales" : 38.30,
    "salesGrowthYoY" : 10.60,
    "grossProfitMargin" : 38.85,
    "grossProfit" : 14.88,
    "operatingProfitMargin" : 11.64,
    "operatingProfit" : 4.46,
    "netProfitMargin" : 5.12,
    "netProfit" : 1.96
  }, {
    "date" : "2010-03-31",
    "sales" : 58.72,
    "salesGrowthYoY" : 12.47,
    "grossProfitMargin" : 43.19,
    "grossProfit" : 25.36,
    "operatingProfitMargin" : 19.58,
    "operatingProfit" : 11.50,
    "netProfitMargin" : 10.52,
    "netProfit" : 6.18
  }, {
    "date" : "2010-06-30",
    "sales" : 43.14,
    "salesGrowthYoY" : 54.13,
    "grossProfitMargin" : 44.11,
    "grossProfit" : 19.03,
    "operatingProfitMargin" : 17.73,
    "operatingProfit" : 7.65,
    "netProfitMargin" : 8.81,
    "netProfit" : 3.80
  }, {
    "date" : "2010-09-30",
    "sales" : 48.98,
    "salesGrowthYoY" : 25.20,
    "grossProfitMargin" : 43.16,
    "grossProfit" : 21.14,
    "operatingProfitMargin" : 16.41,
    "operatingProfit" : 8.04,
    "netProfitMargin" : 8.25,
    "netProfit" : 4.04
  }, {
    "date" : "2010-12-31",
    "sales" : 39.79,
    "salesGrowthYoY" : 3.89,
    "grossProfitMargin" : 42.65,
    "grossProfit" : 16.97,
    "operatingProfitMargin" : 11.41,
    "operatingProfit" : 4.54,
    "netProfitMargin" : 5.08,
    "netProfit" : 2.02
  }, {
    "date" : "2011-03-31",
    "sales" : 55.47,
    "salesGrowthYoY" : -5.53,
    "grossProfitMargin" : 37.08,
    "grossProfit" : 20.57,
    "operatingProfitMargin" : 10.98,
    "operatingProfit" : 6.09,
    "netProfitMargin" : 6.38,
    "netProfit" : 3.54
  }, {
    "date" : "2011-06-30",
    "sales" : 34.01,
    "salesGrowthYoY" : -21.16,
    "grossProfitMargin" : 47.63,
    "grossProfit" : 16.20,
    "operatingProfitMargin" : 16.61,
    "operatingProfit" : 5.65,
    "netProfitMargin" : 8.91,
    "netProfit" : 3.03
  }, {
    "date" : "2011-09-30",
    "sales" : 41.89,
    "salesGrowthYoY" : -14.48,
    "grossProfitMargin" : 36.69,
    "grossProfit" : 15.37,
    "operatingProfitMargin" : 7.19,
    "operatingProfit" : 3.01,
    "netProfitMargin" : 4.46,
    "netProfit" : 1.87
  }, {
    "date" : "2011-12-31",
    "sales" : 43.52,
    "salesGrowthYoY" : 9.37,
    "grossProfitMargin" : 38.97,
    "grossProfit" : 16.96,
    "operatingProfitMargin" : 8.62,
    "operatingProfit" : 3.75,
    "netProfitMargin" : 5.63,
    "netProfit" : 2.45
  }, {
    "date" : "2012-03-31",
    "sales" : 58.56,
    "salesGrowthYoY" : 5.57,
    "grossProfitMargin" : 37.50,
    "grossProfit" : 21.96,
    "operatingProfitMargin" : 12.33,
    "operatingProfit" : 7.22,
    "netProfitMargin" : 10.35,
    "netProfit" : 6.06
  }, {
    "date" : "2012-06-30",
    "sales" : 38.07,
    "salesGrowthYoY" : 11.94,
    "grossProfitMargin" : 46.57,
    "grossProfit" : 17.73,
    "operatingProfitMargin" : 15.60,
    "operatingProfit" : 5.94,
    "netProfitMargin" : 10.85,
    "netProfit" : 4.13
  }, {
    "date" : "2012-09-30",
    "sales" : 49.18,
    "salesGrowthYoY" : 17.40,
    "grossProfitMargin" : 47.89,
    "grossProfit" : 23.55,
    "operatingProfitMargin" : 18.67,
    "operatingProfit" : 9.18,
    "netProfitMargin" : 14.15,
    "netProfit" : 6.96
  }, {
    "date" : "2012-12-31",
    "sales" : 35.86,
    "salesGrowthYoY" : -17.60,
    "grossProfitMargin" : 43.59,
    "grossProfit" : 15.63,
    "operatingProfitMargin" : 8.14,
    "operatingProfit" : 2.92,
    "netProfitMargin" : 4.46,
    "netProfit" : 1.60
  }, {
    "date" : "2013-03-31",
    "sales" : 48.47,
    "salesGrowthYoY" : -17.23,
    "grossProfitMargin" : 50.79,
    "grossProfit" : 24.62,
    "operatingProfitMargin" : 7.74,
    "operatingProfit" : 3.75,
    "netProfitMargin" : 5.03,
    "netProfit" : 2.44
  }, {
    "date" : "2013-06-30",
    "sales" : 26.70,
    "salesGrowthYoY" : -29.87,
    "grossProfitMargin" : 59.59,
    "grossProfit" : 15.91,
    "operatingProfitMargin" : 17.53,
    "operatingProfit" : 4.68,
    "netProfitMargin" : 11.84,
    "netProfit" : 3.16
  }, {
    "date" : "2013-09-30",
    "sales" : 37.40,
    "salesGrowthYoY" : -23.95,
    "grossProfitMargin" : 49.65,
    "grossProfit" : 18.57,
    "operatingProfitMargin" : 16.87,
    "operatingProfit" : 6.31,
    "netProfitMargin" : 10.64,
    "netProfit" : 3.98
  }, {
    "date" : "2013-12-31",
    "sales" : 43.24,
    "salesGrowthYoY" : 20.58,
    "grossProfitMargin" : 44.63,
    "grossProfit" : 19.30,
    "operatingProfitMargin" : 14.82,
    "operatingProfit" : 6.41,
    "netProfitMargin" : 10.41,
    "netProfit" : 4.50
  }, {
    "date" : "2014-03-31",
    "sales" : 86.06,
    "salesGrowthYoY" : 77.55,
    "grossProfitMargin" : 38.23,
    "grossProfit" : 32.90,
    "operatingProfitMargin" : 13.53,
    "operatingProfit" : 11.64,
    "netProfitMargin" : 9.90,
    "netProfit" : 8.52
  }, {
    "date" : "2014-06-30",
    "sales" : 20.55,
    "salesGrowthYoY" : -23.03,
    "grossProfitMargin" : 62.43,
    "grossProfit" : 12.83,
    "operatingProfitMargin" : 12.02,
    "operatingProfit" : 2.47,
    "netProfitMargin" : 6.76,
    "netProfit" : 1.39
  }, {
    "date" : "2014-09-30",
    "sales" : 49.69,
    "salesGrowthYoY" : 32.86,
    "grossProfitMargin" : 41.34,
    "grossProfit" : 20.54,
    "operatingProfitMargin" : 9.36,
    "operatingProfit" : 4.65,
    "netProfitMargin" : 6.78,
    "netProfit" : 3.37
  }, {
    "date" : "2014-12-31",
    "sales" : 48.10,
    "salesGrowthYoY" : 11.24,
    "grossProfitMargin" : 39.73,
    "grossProfit" : 19.11,
    "operatingProfitMargin" : 10.67,
    "operatingProfit" : 5.13,
    "netProfitMargin" : 9.67,
    "netProfit" : 4.65
  }, {
    "date" : "2015-03-31",
    "sales" : 78.06,
    "salesGrowthYoY" : -9.30,
    "grossProfitMargin" : 46.82,
    "grossProfit" : 36.55,
    "operatingProfitMargin" : 21.98,
    "operatingProfit" : 17.16,
    "netProfitMargin" : 15.53,
    "netProfit" : 12.12
  }, {
    "date" : "2015-06-30",
    "sales" : 27.62,
    "salesGrowthYoY" : 34.40,
    "grossProfitMargin" : 44.17,
    "grossProfit" : 12.20,
    "operatingProfitMargin" : 8.25,
    "operatingProfit" : 2.28,
    "netProfitMargin" : 5.29,
    "netProfit" : 1.46
  }, {
    "date" : "2015-09-30",
    "sales" : 36.09,
    "salesGrowthYoY" : -27.37,
    "grossProfitMargin" : 53.95,
    "grossProfit" : 19.47,
    "operatingProfitMargin" : 15.57,
    "operatingProfit" : 5.62,
    "netProfitMargin" : 12.08,
    "netProfit" : 4.36
  }, {
    "date" : "2015-12-31",
    "sales" : 34.37,
    "salesGrowthYoY" : -28.54,
    "grossProfitMargin" : 47.02,
    "grossProfit" : 16.16,
    "operatingProfitMargin" : 9.31,
    "operatingProfit" : 3.20,
    "netProfitMargin" : 7.04,
    "netProfit" : 2.42
  }, {
    "date" : "2016-03-31",
    "sales" : 43.72,
    "salesGrowthYoY" : -43.99,
    "grossProfitMargin" : 61.71,
    "grossProfit" : 26.98,
    "operatingProfitMargin" : 26.51,
    "operatingProfit" : 11.59,
    "netProfitMargin" : 21.09,
    "netProfit" : 9.22
  }, {
    "date" : "2016-06-30",
    "sales" : 30.89,
    "salesGrowthYoY" : 11.84,
    "grossProfitMargin" : 42.83,
    "grossProfit" : 13.23,
    "operatingProfitMargin" : 4.69,
    "operatingProfit" : 1.45,
    "netProfitMargin" : 6.99,
    "netProfit" : 2.16
  }, {
    "date" : "2016-09-30",
    "sales" : 35.60,
    "salesGrowthYoY" : -1.36,
    "grossProfitMargin" : 45.76,
    "grossProfit" : 16.29,
    "operatingProfitMargin" : 5.81,
    "operatingProfit" : 2.07,
    "netProfitMargin" : 8.34,
    "netProfit" : 2.97
  }, {
    "date" : "2016-12-31",
    "sales" : 52.35,
    "salesGrowthYoY" : 52.31,
    "grossProfitMargin" : 44.45,
    "grossProfit" : 23.27,
    "operatingProfitMargin" : 10.60,
    "operatingProfit" : 5.55,
    "netProfitMargin" : 9.00,
    "netProfit" : 4.71
  }, {
    "date" : "2017-03-31",
    "sales" : 52.36,
    "salesGrowthYoY" : 19.76,
    "grossProfitMargin" : 54.20,
    "grossProfit" : 28.38,
    "operatingProfitMargin" : 24.45,
    "operatingProfit" : 12.80,
    "netProfitMargin" : 29.13,
    "netProfit" : 15.25
  }, {
    "date" : "2017-06-30",
    "sales" : 25.22,
    "salesGrowthYoY" : -18.36,
    "grossProfitMargin" : 52.18,
    "grossProfit" : 13.16,
    "operatingProfitMargin" : 6.15,
    "operatingProfit" : 1.55,
    "netProfitMargin" : 8.45,
    "netProfit" : 2.13
  }, {
    "date" : "2017-09-30",
    "sales" : 13.13,
    "salesGrowthYoY" : -63.12,
    "grossProfitMargin" : 57.12,
    "grossProfit" : 7.50,
    "operatingProfitMargin" : -13.33,
    "operatingProfit" : -1.75,
    "netProfitMargin" : -1.60,
    "netProfit" : -0.21
  }, {
    "date" : "2017-12-31",
    "sales" : 35.29,
    "salesGrowthYoY" : -32.59,
    "grossProfitMargin" : 57.18,
    "grossProfit" : 20.18,
    "operatingProfitMargin" : 18.08,
    "operatingProfit" : 6.38,
    "netProfitMargin" : 16.46,
    "netProfit" : 5.81
  }, {
    "date" : "2018-03-31",
    "sales" : 66.45,
    "salesGrowthYoY" : 26.91,
    "grossProfitMargin" : 40.99,
    "grossProfit" : 27.24,
    "operatingProfitMargin" : 13.80,
    "operatingProfit" : 9.17,
    "netProfitMargin" : 13.11,
    "netProfit" : 8.71
  }, {
    "date" : "2018-06-30",
    "sales" : 33.63,
    "salesGrowthYoY" : 33.35,
    "grossProfitMargin" : 48.74,
    "grossProfit" : 16.39,
    "operatingProfitMargin" : 12.58,
    "operatingProfit" : 4.23,
    "netProfitMargin" : 10.50,
    "netProfit" : 3.53
  }, {
    "date" : "2018-09-30",
    "sales" : 55.72,
    "salesGrowthYoY" : 324.37,
    "grossProfitMargin" : 39.99,
    "grossProfit" : 22.28,
    "operatingProfitMargin" : 9.35,
    "operatingProfit" : 5.21,
    "netProfitMargin" : 8.00,
    "netProfit" : 4.46
  }, {
    "date" : "2018-12-31",
    "sales" : 37.63,
    "salesGrowthYoY" : 6.63,
    "grossProfitMargin" : 53.26,
    "grossProfit" : 20.04,
    "operatingProfitMargin" : 19.98,
    "operatingProfit" : 7.52,
    "netProfitMargin" : 19.48,
    "netProfit" : 7.33
  }, {
    "date" : "2019-03-31",
    "sales" : 57.76,
    "salesGrowthYoY" : -13.08,
    "grossProfitMargin" : 45.53,
    "grossProfit" : 26.30,
    "operatingProfitMargin" : 14.37,
    "operatingProfit" : 8.30,
    "netProfitMargin" : 13.68,
    "netProfit" : 7.90
  }, {
    "date" : "2019-06-30",
    "sales" : 18.93,
    "salesGrowthYoY" : -43.71,
    "grossProfitMargin" : 59.17,
    "grossProfit" : 11.20,
    "operatingProfitMargin" : 8.14,
    "operatingProfit" : 1.54,
    "netProfitMargin" : 5.07,
    "netProfit" : 0.96
  }, {
    "date" : "2019-09-30",
    "sales" : 20.51,
    "salesGrowthYoY" : -63.19,
    "grossProfitMargin" : 66.26,
    "grossProfit" : 13.59,
    "operatingProfitMargin" : 13.55,
    "operatingProfit" : 2.78,
    "netProfitMargin" : 21.70,
    "netProfit" : 4.45
  }, {
    "date" : "2019-12-31",
    "sales" : 36.78,
    "salesGrowthYoY" : -2.26,
    "grossProfitMargin" : 37.77,
    "grossProfit" : 13.89,
    "operatingProfitMargin" : 5.76,
    "operatingProfit" : 2.12,
    "netProfitMargin" : 7.75,
    "netProfit" : 2.85
  }, {
    "date" : "2020-03-31",
    "sales" : 31.70,
    "salesGrowthYoY" : -45.12,
    "grossProfitMargin" : 44.38,
    "grossProfit" : 14.07,
    "operatingProfitMargin" : -1.83,
    "operatingProfit" : -0.58,
    "netProfitMargin" : 3.60,
    "netProfit" : 1.14
  }, {
    "date" : "2020-06-30",
    "sales" : 22.26,
    "salesGrowthYoY" : 17.59,
    "grossProfitMargin" : 54.58,
    "grossProfit" : 12.15,
    "operatingProfitMargin" : 13.21,
    "operatingProfit" : 2.94,
    "netProfitMargin" : 22.82,
    "netProfit" : 5.08
  }, {
    "date" : "2020-09-30",
    "sales" : 33.48,
    "salesGrowthYoY" : 63.24,
    "grossProfitMargin" : 46.62,
    "grossProfit" : 15.61,
    "operatingProfitMargin" : 9.86,
    "operatingProfit" : 3.30,
    "netProfitMargin" : 8.33,
    "netProfit" : 2.79
  }, {
    "date" : "2020-12-31",
    "sales" : 32.05,
    "salesGrowthYoY" : -12.86,
    "grossProfitMargin" : 48.74,
    "grossProfit" : 15.62,
    "operatingProfitMargin" : 9.86,
    "operatingProfit" : 3.16,
    "netProfitMargin" : 9.86,
    "netProfit" : 3.16
  }, {
    "date" : "2021-03-31",
    "sales" : 38.08,
    "salesGrowthYoY" : 20.13,
    "grossProfitMargin" : 41.75,
    "grossProfit" : 15.90,
    "operatingProfitMargin" : 3.83,
    "operatingProfit" : 1.46,
    "netProfitMargin" : 0.60,
    "netProfit" : 0.23
  }, {
    "date" : "2021-06-30",
    "sales" : 14.96,
    "salesGrowthYoY" : -32.79,
    "grossProfitMargin" : 63.90,
    "grossProfit" : 9.56,
    "operatingProfitMargin" : 4.08,
    "operatingProfit" : 0.61,
    "netProfitMargin" : 11.36,
    "netProfit" : 1.70
  }, {
    "date" : "2021-09-30",
    "sales" : 10.85,
    "salesGrowthYoY" : -67.59,
    "grossProfitMargin" : 53.18,
    "grossProfit" : 5.77,
    "operatingProfitMargin" : 8.76,
    "operatingProfit" : 0.95,
    "netProfitMargin" : 11.34,
    "netProfit" : 1.23
  }, {
    "date" : "2021-12-31",
    "sales" : 22.63,
    "salesGrowthYoY" : -29.39,
    "grossProfitMargin" : 65.71,
    "grossProfit" : 14.87,
    "operatingProfitMargin" : 13.70,
    "operatingProfit" : 3.10,
    "netProfitMargin" : 8.00,
    "netProfit" : 1.81
  }, {
    "date" : "2022-03-31",
    "sales" : 36.00,
    "salesGrowthYoY" : -5.46,
    "grossProfitMargin" : 50.67,
    "grossProfit" : 18.24,
    "operatingProfitMargin" : 12.53,
    "operatingProfit" : 4.51,
    "netProfitMargin" : 10.50,
    "netProfit" : 3.78
  }, {
    "date" : "2022-06-30",
    "sales" : 33.48,
    "salesGrowthYoY" : 123.80,
    "grossProfitMargin" : 34.92,
    "grossProfit" : 11.69,
    "operatingProfitMargin" : -4.24,
    "operatingProfit" : -1.42,
    "netProfitMargin" : -3.82,
    "netProfit" : -1.28
  }, {
    "date" : "2022-09-30",
    "sales" : 36.89,
    "salesGrowthYoY" : 240.00,
    "grossProfitMargin" : 52.64,
    "grossProfit" : 19.42,
    "operatingProfitMargin" : 17.00,
    "operatingProfit" : 6.27,
    "netProfitMargin" : 20.30,
    "netProfit" : 7.49
  }, {
    "date" : "2022-12-31",
    "sales" : 38.09,
    "salesGrowthYoY" : 68.32,
    "grossProfitMargin" : 52.95,
    "grossProfit" : 20.17,
    "operatingProfitMargin" : 15.67,
    "operatingProfit" : 5.97,
    "netProfitMargin" : 12.84,
    "netProfit" : 4.89
  }, {
    "date" : "2023-03-31",
    "sales" : 64.24,
    "salesGrowthYoY" : 78.44,
    "grossProfitMargin" : 48.94,
    "grossProfit" : 31.44,
    "operatingProfitMargin" : 20.97,
    "operatingProfit" : 13.47,
    "netProfitMargin" : 15.21,
    "netProfit" : 9.77
  }, {
    "date" : "2023-06-30",
    "sales" : 43.78,
    "salesGrowthYoY" : 30.76,
    "grossProfitMargin" : 40.11,
    "grossProfit" : 17.56,
    "operatingProfitMargin" : 5.69,
    "operatingProfit" : 2.49,
    "netProfitMargin" : 14.21,
    "netProfit" : 6.22
  }, {
    "date" : "2023-09-30",
    "sales" : 51.15,
    "salesGrowthYoY" : 38.66,
    "grossProfitMargin" : 56.72,
    "grossProfit" : 29.01,
    "operatingProfitMargin" : 25.10,
    "operatingProfit" : 12.84,
    "netProfitMargin" : 23.07,
    "netProfit" : 11.80
  }, {
    "date" : "2023-12-31",
    "sales" : 48.26,
    "salesGrowthYoY" : 26.70,
    "grossProfitMargin" : 53.17,
    "grossProfit" : 25.66,
    "operatingProfitMargin" : 16.37,
    "operatingProfit" : 7.90,
    "netProfitMargin" : 15.64,
    "netProfit" : 7.55
  }, {
    "date" : "2024-03-31",
    "sales" : 84.30,
    "salesGrowthYoY" : 31.23,
    "grossProfitMargin" : 46.76,
    "grossProfit" : 39.42,
    "operatingProfitMargin" : 19.83,
    "operatingProfit" : 16.72,
    "netProfitMargin" : 17.60,
    "netProfit" : 14.84
  }, {
    "date" : "2024-06-30",
    "sales" : 69.72,
    "salesGrowthYoY" : 59.25,
    "grossProfitMargin" : 51.97,
    "grossProfit" : 36.23,
    "operatingProfitMargin" : 21.62,
    "operatingProfit" : 15.07,
    "netProfitMargin" : 21.20,
    "netProfit" : 14.78
  }, {
    "date" : "2024-09-30",
    "sales" : 66.63,
    "salesGrowthYoY" : 30.26,
    "grossProfitMargin" : 53.65,
    "grossProfit" : 35.75,
    "operatingProfitMargin" : 22.65,
    "operatingProfit" : 15.09,
    "netProfitMargin" : 19.60,
    "netProfit" : 13.06
  }, {
    "date" : "2024-12-31",
    "sales" : 45.84,
    "salesGrowthYoY" : -5.01,
    "grossProfitMargin" : 62.33,
    "grossProfit" : 28.57,
    "operatingProfitMargin" : 17.12,
    "operatingProfit" : 7.85,
    "netProfitMargin" : 13.50,
    "netProfit" : 6.19
  }, {
    "date" : "2025-03-31",
    "sales" : 64.29,
    "salesGrowthYoY" : -23.74,
    "grossProfitMargin" : 62.17,
    "grossProfit" : 39.97,
    "operatingProfitMargin" : 28.23,
    "operatingProfit" : 18.15,
    "netProfitMargin" : 23.13,
    "netProfit" : 14.87
  }, {
    "date" : "2025-06-30",
    "sales" : 67.57,
    "salesGrowthYoY" : -3.08,
    "grossProfitMargin" : 58.25,
    "grossProfit" : 39.36,
    "operatingProfitMargin" : 18.22,
    "operatingProfit" : 12.31,
    "netProfitMargin" : 21.43,
    "netProfit" : 14.48
  }, {
    "date" : "2025-09-30",
    "sales" : 33.24,
    "salesGrowthYoY" : -50.11,
    "grossProfitMargin" : 71.75,
    "grossProfit" : 23.85,
    "operatingProfitMargin" : 15.70,
    "operatingProfit" : 5.22,
    "netProfitMargin" : 16.10,
    "netProfit" : 5.35
  }, {
    "date" : "2025-12-31",
    "sales" : 63.06,
    "salesGrowthYoY" : 37.57,
    "grossProfitMargin" : 55.15,
    "grossProfit" : 34.78,
    "operatingProfitMargin" : 19.84,
    "operatingProfit" : 12.51,
    "netProfitMargin" : 19.85,
    "netProfit" : 12.52
  } ],
  "latestQuarterlyResult" : {
    "date" : "2025-12-31",
    "sales" : 63.06,
    "salesGrowthYoY" : 37.57,
    "grossProfitMargin" : 55.15,
    "grossProfit" : 34.78,
    "operatingProfitMargin" : 19.84,
    "operatingProfit" : 12.51,
    "netProfitMargin" : 19.85,
    "netProfit" : 12.52
  },
  "companyScore" : {
    "priceHigherThanDma50" : 5.00,
    "priceHigherThanDma100" : 5.00,
    "priceHigherThanDma200" : 0.00,
    "dma50HigherThanDma100" : 0.00,
    "dma50HigherThanDma200" : 0.00,
    "dma100HigherThanDma200" : 0.00,
    "pricePercentageAboveDma50" : 4.63,
    "pricePercentageAboveDma100" : 4.96,
    "pricePercentageAboveDma200" : 5.30,
    "weeklyVolumeHigherThanYearlyVolume" : 0.00,
    "salesGrowthPercentile" : 16.25,
    "operatingProfitMarginPercentile" : 15.96,
    "netProfitMarginPercentile" : 8.93,
    "totalTechnicalScore" : 24.89,
    "totalFundamentalScore" : 41.14,
    "totalScore" : 66.03
  }
}