{
  "metadata" : {
    "screenerCompanyId" : "953",
    "companyCode" : "ESABINDIA",
    "companyName" : "Esab India",
    "screenerCompanyLink" : "https://www.screener.in/company/ESABINDIA/",
    "screenerTechnicalHistoryLink" : "https://www.screener.in/api/company/953/chart/?q=Price-DMA50-DMA200-Volume&days=365",
    "screenerQuarterlyResultsLink" : "https://www.screener.in/api/company/953/chart/?q=GPM-OPM-NPM-Quarter+Sales&days=10000",
    "attributes" : {
      "companyCode" : "ESABINDIA",
      "companyName" : "Esab India",
      "marketCap" : 8846.00,
      "peRatio" : 45.20,
      "description" : "ESAB India Ltd is a leading supplier of welding and cutting products in India. It is a subsidiary of ESAB Group which was ultimately owned by the Colfax Corporation of USA.[1]"
    },
    "companyScore" : {
      "priceHigherThanDma50" : 5.00,
      "priceHigherThanDma100" : 5.00,
      "priceHigherThanDma200" : 5.00,
      "dma50HigherThanDma100" : 5.00,
      "dma50HigherThanDma200" : 5.00,
      "dma100HigherThanDma200" : 5.00,
      "pricePercentageAboveDma50" : 4.96,
      "pricePercentageAboveDma100" : 4.76,
      "pricePercentageAboveDma200" : 4.72,
      "weeklyVolumeHigherThanYearlyVolume" : 0.00,
      "salesGrowthPercentile" : 11.50,
      "operatingProfitMarginPercentile" : 15.48,
      "netProfitMarginPercentile" : 7.62,
      "totalTechnicalScore" : 44.44,
      "totalFundamentalScore" : 34.60,
      "totalScore" : 79.04
    }
  },
  "attributes" : {
    "companyCode" : "ESABINDIA",
    "companyName" : "Esab India",
    "marketCap" : 8846.00,
    "peRatio" : 45.20,
    "description" : "ESAB India Ltd is a leading supplier of welding and cutting products in India. It is a subsidiary of ESAB Group which was ultimately owned by the Colfax Corporation of USA.[1]"
  },
  "technicalHistory" : [ {
    "date" : "2025-02-11",
    "price" : 4666.10,
    "dma50" : 5382.38,
    "dma100" : null,
    "dma200" : 5721.65,
    "volume" : 21269.00
  }, {
    "date" : "2025-02-12",
    "price" : 4929.15,
    "dma50" : 5364.60,
    "dma100" : null,
    "dma200" : 5713.76,
    "volume" : 10740.00
  }, {
    "date" : "2025-02-13",
    "price" : 4798.10,
    "dma50" : 5342.39,
    "dma100" : null,
    "dma200" : 5704.65,
    "volume" : 7501.00
  }, {
    "date" : "2025-02-14",
    "price" : 4808.50,
    "dma50" : 5321.45,
    "dma100" : null,
    "dma200" : 5695.73,
    "volume" : 4540.00
  }, {
    "date" : "2025-02-17",
    "price" : 4802.25,
    "dma50" : 5301.09,
    "dma100" : null,
    "dma200" : 5686.84,
    "volume" : 5638.00
  }, {
    "date" : "2025-02-18",
    "price" : 4809.75,
    "dma50" : 5281.82,
    "dma100" : null,
    "dma200" : 5678.12,
    "volume" : 5689.00
  }, {
    "date" : "2025-02-19",
    "price" : 4685.70,
    "dma50" : 5258.44,
    "dma100" : null,
    "dma200" : 5668.24,
    "volume" : 6923.00
  }, {
    "date" : "2025-02-20",
    "price" : 4745.90,
    "dma50" : 5238.34,
    "dma100" : null,
    "dma200" : 5659.06,
    "volume" : 38109.00
  }, {
    "date" : "2025-02-21",
    "price" : 4719.45,
    "dma50" : 5218.00,
    "dma100" : null,
    "dma200" : 5649.71,
    "volume" : 7418.00
  }, {
    "date" : "2025-02-24",
    "price" : 4658.75,
    "dma50" : 5196.06,
    "dma100" : null,
    "dma200" : 5639.85,
    "volume" : 4963.00
  }, {
    "date" : "2025-02-25",
    "price" : 4660.00,
    "dma50" : 5175.04,
    "dma100" : null,
    "dma200" : 5630.10,
    "volume" : 2583.00
  }, {
    "date" : "2025-02-27",
    "price" : 4602.25,
    "dma50" : 5152.58,
    "dma100" : null,
    "dma200" : 5619.88,
    "volume" : 2784.00
  }, {
    "date" : "2025-02-28",
    "price" : 4524.35,
    "dma50" : 5127.94,
    "dma100" : null,
    "dma200" : 5608.98,
    "volume" : 11374.00
  }, {
    "date" : "2025-03-03",
    "price" : 4627.90,
    "dma50" : 5108.33,
    "dma100" : null,
    "dma200" : 5599.21,
    "volume" : 6028.00
  }, {
    "date" : "2025-03-04",
    "price" : 4609.30,
    "dma50" : 5088.76,
    "dma100" : null,
    "dma200" : 5589.36,
    "volume" : 6919.00
  }, {
    "date" : "2025-03-05",
    "price" : 4581.20,
    "dma50" : 5068.86,
    "dma100" : null,
    "dma200" : 5579.33,
    "volume" : 6409.00
  }, {
    "date" : "2025-03-06",
    "price" : 4605.75,
    "dma50" : 5050.70,
    "dma100" : null,
    "dma200" : 5569.65,
    "volume" : 3944.00
  }, {
    "date" : "2025-03-07",
    "price" : 4664.45,
    "dma50" : 5035.55,
    "dma100" : null,
    "dma200" : 5560.64,
    "volume" : 3936.00
  }, {
    "date" : "2025-03-10",
    "price" : 4490.20,
    "dma50" : 5014.17,
    "dma100" : null,
    "dma200" : 5549.99,
    "volume" : 3894.00
  }, {
    "date" : "2025-03-11",
    "price" : 4433.80,
    "dma50" : 4991.41,
    "dma100" : null,
    "dma200" : 5538.88,
    "volume" : 7775.00
  }, {
    "date" : "2025-03-12",
    "price" : 4336.15,
    "dma50" : 4965.71,
    "dma100" : null,
    "dma200" : 5526.91,
    "volume" : 7226.00
  }, {
    "date" : "2025-03-13",
    "price" : 4353.05,
    "dma50" : 4941.68,
    "dma100" : null,
    "dma200" : 5515.23,
    "volume" : 6741.00
  }, {
    "date" : "2025-03-17",
    "price" : 4421.30,
    "dma50" : 4921.28,
    "dma100" : null,
    "dma200" : 5504.35,
    "volume" : 8579.00
  }, {
    "date" : "2025-03-18",
    "price" : 4605.55,
    "dma50" : 4908.90,
    "dma100" : null,
    "dma200" : 5495.41,
    "volume" : 4793.00
  }, {
    "date" : "2025-03-19",
    "price" : 4588.05,
    "dma50" : 4896.31,
    "dma100" : null,
    "dma200" : 5486.38,
    "volume" : 7659.00
  }, {
    "date" : "2025-03-20",
    "price" : 4607.05,
    "dma50" : 4884.97,
    "dma100" : null,
    "dma200" : 5477.63,
    "volume" : 4322.00
  }, {
    "date" : "2025-03-21",
    "price" : 4625.20,
    "dma50" : 4874.78,
    "dma100" : null,
    "dma200" : 5469.15,
    "volume" : 5674.00
  }, {
    "date" : "2025-03-24",
    "price" : 4692.75,
    "dma50" : 4867.64,
    "dma100" : null,
    "dma200" : 5461.42,
    "volume" : 8919.00
  }, {
    "date" : "2025-03-25",
    "price" : 4673.30,
    "dma50" : 4860.02,
    "dma100" : null,
    "dma200" : 5453.58,
    "volume" : 4538.00
  }, {
    "date" : "2025-03-26",
    "price" : 4560.60,
    "dma50" : 4848.28,
    "dma100" : null,
    "dma200" : 5444.69,
    "volume" : 3458.00
  }, {
    "date" : "2025-03-27",
    "price" : 4529.30,
    "dma50" : 4835.77,
    "dma100" : null,
    "dma200" : 5435.58,
    "volume" : 5612.00
  }, {
    "date" : "2025-03-28",
    "price" : 4528.55,
    "dma50" : 4823.72,
    "dma100" : null,
    "dma200" : 5426.56,
    "volume" : 5882.00
  }, {
    "date" : "2025-04-01",
    "price" : 4595.85,
    "dma50" : 4814.79,
    "dma100" : null,
    "dma200" : 5418.29,
    "volume" : 3658.00
  }, {
    "date" : "2025-04-02",
    "price" : 4619.00,
    "dma50" : 4807.11,
    "dma100" : null,
    "dma200" : 5410.34,
    "volume" : 2819.00
  }, {
    "date" : "2025-04-03",
    "price" : 4553.90,
    "dma50" : 4797.18,
    "dma100" : null,
    "dma200" : 5401.82,
    "volume" : 3767.00
  }, {
    "date" : "2025-04-04",
    "price" : 4330.65,
    "dma50" : 4778.88,
    "dma100" : null,
    "dma200" : 5391.16,
    "volume" : 7685.00
  }, {
    "date" : "2025-04-07",
    "price" : 4353.85,
    "dma50" : 4762.22,
    "dma100" : null,
    "dma200" : 5380.84,
    "volume" : 10002.00
  }, {
    "date" : "2025-04-08",
    "price" : 4658.95,
    "dma50" : 4758.17,
    "dma100" : null,
    "dma200" : 5373.66,
    "volume" : 23837.00
  }, {
    "date" : "2025-04-09",
    "price" : 4605.65,
    "dma50" : 4752.19,
    "dma100" : null,
    "dma200" : 5366.01,
    "volume" : 7468.00
  }, {
    "date" : "2025-04-11",
    "price" : 4676.05,
    "dma50" : 4749.20,
    "dma100" : null,
    "dma200" : 5359.15,
    "volume" : 6047.00
  }, {
    "date" : "2025-04-15",
    "price" : 4674.60,
    "dma50" : 4746.27,
    "dma100" : null,
    "dma200" : 5352.34,
    "volume" : 3452.00
  }, {
    "date" : "2025-04-16",
    "price" : 4641.00,
    "dma50" : 4742.15,
    "dma100" : null,
    "dma200" : 5345.26,
    "volume" : 2750.00
  }, {
    "date" : "2025-04-17",
    "price" : 4613.50,
    "dma50" : 4737.10,
    "dma100" : null,
    "dma200" : 5337.98,
    "volume" : 3197.00
  }, {
    "date" : "2025-04-21",
    "price" : 4667.40,
    "dma50" : 4734.37,
    "dma100" : null,
    "dma200" : 5331.31,
    "volume" : 3551.00
  }, {
    "date" : "2025-04-22",
    "price" : 4670.10,
    "dma50" : 4731.85,
    "dma100" : null,
    "dma200" : 5324.73,
    "volume" : 3122.00
  }, {
    "date" : "2025-04-23",
    "price" : 4650.30,
    "dma50" : 4728.65,
    "dma100" : null,
    "dma200" : 5318.02,
    "volume" : 6997.00
  }, {
    "date" : "2025-04-24",
    "price" : 4658.60,
    "dma50" : 4725.90,
    "dma100" : null,
    "dma200" : 5311.45,
    "volume" : 2374.00
  }, {
    "date" : "2025-04-25",
    "price" : 4604.50,
    "dma50" : 4721.14,
    "dma100" : null,
    "dma200" : 5304.42,
    "volume" : 27234.00
  }, {
    "date" : "2025-04-28",
    "price" : 4645.20,
    "dma50" : 4718.16,
    "dma100" : null,
    "dma200" : 5297.86,
    "volume" : 6156.00
  }, {
    "date" : "2025-04-29",
    "price" : 4699.30,
    "dma50" : 4717.42,
    "dma100" : null,
    "dma200" : 5291.90,
    "volume" : 3722.00
  }, {
    "date" : "2025-04-30",
    "price" : 4665.00,
    "dma50" : 4715.37,
    "dma100" : null,
    "dma200" : 5285.67,
    "volume" : 6431.00
  }, {
    "date" : "2025-05-02",
    "price" : 4572.10,
    "dma50" : 4709.75,
    "dma100" : null,
    "dma200" : 5278.57,
    "volume" : 3643.00
  }, {
    "date" : "2025-05-05",
    "price" : 4687.20,
    "dma50" : 4708.87,
    "dma100" : null,
    "dma200" : 5272.68,
    "volume" : 5287.00
  }, {
    "date" : "2025-05-06",
    "price" : 4659.10,
    "dma50" : 4706.91,
    "dma100" : null,
    "dma200" : 5266.58,
    "volume" : 5904.00
  }, {
    "date" : "2025-05-07",
    "price" : 4595.70,
    "dma50" : 4702.55,
    "dma100" : null,
    "dma200" : 5259.90,
    "volume" : 2329.00
  }, {
    "date" : "2025-05-08",
    "price" : 4621.50,
    "dma50" : 4699.37,
    "dma100" : null,
    "dma200" : 5253.55,
    "volume" : 3253.00
  }, {
    "date" : "2025-05-09",
    "price" : 4611.60,
    "dma50" : 4695.93,
    "dma100" : null,
    "dma200" : 5247.16,
    "volume" : 2700.00
  }, {
    "date" : "2025-05-12",
    "price" : 4747.50,
    "dma50" : 4697.95,
    "dma100" : null,
    "dma200" : 5242.19,
    "volume" : 2833.00
  }, {
    "date" : "2025-05-13",
    "price" : 4916.00,
    "dma50" : 4706.50,
    "dma100" : null,
    "dma200" : 5238.94,
    "volume" : 6214.00
  }, {
    "date" : "2025-05-14",
    "price" : 5011.40,
    "dma50" : 4718.46,
    "dma100" : null,
    "dma200" : 5236.68,
    "volume" : 4930.00
  }, {
    "date" : "2025-05-15",
    "price" : 5106.70,
    "dma50" : 4733.69,
    "dma100" : null,
    "dma200" : 5235.39,
    "volume" : 3881.00
  }, {
    "date" : "2025-05-16",
    "price" : 5096.90,
    "dma50" : 4747.93,
    "dma100" : null,
    "dma200" : 5234.01,
    "volume" : 2899.00
  }, {
    "date" : "2025-05-19",
    "price" : 5112.10,
    "dma50" : 4762.21,
    "dma100" : null,
    "dma200" : 5232.80,
    "volume" : 3061.00
  }, {
    "date" : "2025-05-20",
    "price" : 5132.20,
    "dma50" : 4776.72,
    "dma100" : null,
    "dma200" : 5231.80,
    "volume" : 6813.00
  }, {
    "date" : "2025-05-21",
    "price" : 5176.40,
    "dma50" : 4792.39,
    "dma100" : null,
    "dma200" : 5231.24,
    "volume" : 5375.00
  }, {
    "date" : "2025-05-22",
    "price" : 5170.80,
    "dma50" : 4807.23,
    "dma100" : null,
    "dma200" : 5230.64,
    "volume" : 1650.00
  }, {
    "date" : "2025-05-23",
    "price" : 5198.00,
    "dma50" : 4822.56,
    "dma100" : null,
    "dma200" : 5230.32,
    "volume" : 2199.00
  }, {
    "date" : "2025-05-26",
    "price" : 5196.80,
    "dma50" : 4837.23,
    "dma100" : null,
    "dma200" : 5229.98,
    "volume" : 2708.00
  }, {
    "date" : "2025-05-27",
    "price" : 5246.00,
    "dma50" : 4853.26,
    "dma100" : null,
    "dma200" : 5230.14,
    "volume" : 3339.00
  }, {
    "date" : "2025-05-28",
    "price" : 5224.90,
    "dma50" : 4867.84,
    "dma100" : null,
    "dma200" : 5230.09,
    "volume" : 11336.00
  }, {
    "date" : "2025-05-29",
    "price" : 5138.10,
    "dma50" : 4878.44,
    "dma100" : null,
    "dma200" : 5229.18,
    "volume" : 6749.00
  }, {
    "date" : "2025-05-30",
    "price" : 5027.80,
    "dma50" : 4884.29,
    "dma100" : null,
    "dma200" : 5227.17,
    "volume" : 4700.00
  }, {
    "date" : "2025-06-02",
    "price" : 5029.00,
    "dma50" : 4889.97,
    "dma100" : null,
    "dma200" : 5225.20,
    "volume" : 6538.00
  }, {
    "date" : "2025-06-03",
    "price" : 4989.00,
    "dma50" : 4893.85,
    "dma100" : null,
    "dma200" : 5222.85,
    "volume" : 8430.00
  }, {
    "date" : "2025-06-04",
    "price" : 5063.50,
    "dma50" : 4900.51,
    "dma100" : null,
    "dma200" : 5221.26,
    "volume" : 2751.00
  }, {
    "date" : "2025-06-05",
    "price" : 5206.50,
    "dma50" : 4912.50,
    "dma100" : null,
    "dma200" : 5221.12,
    "volume" : 7284.00
  }, {
    "date" : "2025-06-06",
    "price" : 5220.50,
    "dma50" : 4924.58,
    "dma100" : null,
    "dma200" : 5221.11,
    "volume" : 4460.00
  }, {
    "date" : "2025-06-09",
    "price" : 5273.00,
    "dma50" : 4938.25,
    "dma100" : null,
    "dma200" : 5221.63,
    "volume" : 3115.00
  }, {
    "date" : "2025-06-10",
    "price" : 5242.00,
    "dma50" : 4950.16,
    "dma100" : null,
    "dma200" : 5221.83,
    "volume" : 2132.00
  }, {
    "date" : "2025-06-11",
    "price" : 5168.50,
    "dma50" : 4958.72,
    "dma100" : null,
    "dma200" : 5221.30,
    "volume" : 5840.00
  }, {
    "date" : "2025-06-12",
    "price" : 5173.00,
    "dma50" : 4967.12,
    "dma100" : null,
    "dma200" : 5220.82,
    "volume" : 4484.00
  }, {
    "date" : "2025-06-13",
    "price" : 5126.50,
    "dma50" : 4973.37,
    "dma100" : null,
    "dma200" : 5219.88,
    "volume" : 3909.00
  }, {
    "date" : "2025-06-16",
    "price" : 5151.50,
    "dma50" : 4980.36,
    "dma100" : null,
    "dma200" : 5219.20,
    "volume" : 2167.00
  }, {
    "date" : "2025-06-17",
    "price" : 5119.00,
    "dma50" : 4985.80,
    "dma100" : null,
    "dma200" : 5218.20,
    "volume" : 1989.00
  }, {
    "date" : "2025-06-18",
    "price" : 5136.00,
    "dma50" : 4991.69,
    "dma100" : null,
    "dma200" : 5217.39,
    "volume" : 2969.00
  }, {
    "date" : "2025-06-19",
    "price" : 5015.00,
    "dma50" : 4992.60,
    "dma100" : null,
    "dma200" : 5215.37,
    "volume" : 2475.00
  }, {
    "date" : "2025-06-20",
    "price" : 5037.00,
    "dma50" : 4994.34,
    "dma100" : null,
    "dma200" : 5213.60,
    "volume" : 2280.00
  }, {
    "date" : "2025-06-23",
    "price" : 5085.00,
    "dma50" : 4997.90,
    "dma100" : null,
    "dma200" : 5212.32,
    "volume" : 1751.00
  }, {
    "date" : "2025-06-24",
    "price" : 5090.00,
    "dma50" : 5001.51,
    "dma100" : null,
    "dma200" : 5211.10,
    "volume" : 2204.00
  }, {
    "date" : "2025-06-25",
    "price" : 5149.50,
    "dma50" : 5007.31,
    "dma100" : null,
    "dma200" : 5210.49,
    "volume" : 2373.00
  }, {
    "date" : "2025-06-26",
    "price" : 5086.50,
    "dma50" : 5010.42,
    "dma100" : null,
    "dma200" : 5209.25,
    "volume" : 3622.00
  }, {
    "date" : "2025-06-27",
    "price" : 5127.50,
    "dma50" : 5015.01,
    "dma100" : null,
    "dma200" : 5208.44,
    "volume" : 1454.00
  }, {
    "date" : "2025-06-30",
    "price" : 5157.00,
    "dma50" : 5020.58,
    "dma100" : null,
    "dma200" : 5207.93,
    "volume" : 2273.00
  }, {
    "date" : "2025-07-01",
    "price" : 5149.00,
    "dma50" : 5025.61,
    "dma100" : null,
    "dma200" : 5207.34,
    "volume" : 1761.00
  }, {
    "date" : "2025-07-02",
    "price" : 5155.00,
    "dma50" : 5030.69,
    "dma100" : null,
    "dma200" : 5206.82,
    "volume" : 1694.00
  }, {
    "date" : "2025-07-03",
    "price" : 5229.00,
    "dma50" : 5038.46,
    "dma100" : null,
    "dma200" : 5207.04,
    "volume" : 4750.00
  }, {
    "date" : "2025-07-04",
    "price" : 5296.00,
    "dma50" : 5048.56,
    "dma100" : null,
    "dma200" : 5207.93,
    "volume" : 7906.00
  }, {
    "date" : "2025-07-07",
    "price" : 5305.00,
    "dma50" : 5058.62,
    "dma100" : null,
    "dma200" : 5208.89,
    "volume" : 6023.00
  }, {
    "date" : "2025-07-08",
    "price" : 5324.00,
    "dma50" : 5069.03,
    "dma100" : null,
    "dma200" : 5210.04,
    "volume" : 3833.00
  }, {
    "date" : "2025-07-09",
    "price" : 5318.50,
    "dma50" : 5078.81,
    "dma100" : null,
    "dma200" : 5211.12,
    "volume" : 2332.00
  }, {
    "date" : "2025-07-10",
    "price" : 5316.00,
    "dma50" : 5088.11,
    "dma100" : 4848.48,
    "dma200" : 5212.16,
    "volume" : 1929.00
  }, {
    "date" : "2025-07-11",
    "price" : 5241.00,
    "dma50" : 5094.11,
    "dma100" : 4851.60,
    "dma200" : 5212.45,
    "volume" : 2420.00
  }, {
    "date" : "2025-07-14",
    "price" : 5157.50,
    "dma50" : 5096.59,
    "dma100" : 4855.19,
    "dma200" : 5211.90,
    "volume" : 3894.00
  }, {
    "date" : "2025-07-15",
    "price" : 5256.50,
    "dma50" : 5102.86,
    "dma100" : 4859.67,
    "dma200" : 5212.34,
    "volume" : 2048.00
  }, {
    "date" : "2025-07-16",
    "price" : 5443.50,
    "dma50" : 5116.22,
    "dma100" : 4866.08,
    "dma200" : 5214.64,
    "volume" : 10229.00
  }, {
    "date" : "2025-07-17",
    "price" : 5566.00,
    "dma50" : 5133.86,
    "dma100" : 4873.65,
    "dma200" : 5218.14,
    "volume" : 13489.00
  }, {
    "date" : "2025-07-18",
    "price" : 5565.00,
    "dma50" : 5150.77,
    "dma100" : 4882.44,
    "dma200" : 5221.59,
    "volume" : 5194.00
  }, {
    "date" : "2025-07-21",
    "price" : 5708.50,
    "dma50" : 5172.64,
    "dma100" : 4892.06,
    "dma200" : 5226.44,
    "volume" : 13550.00
  }, {
    "date" : "2025-07-22",
    "price" : 5756.50,
    "dma50" : 5195.54,
    "dma100" : 4902.44,
    "dma200" : 5231.71,
    "volume" : 9574.00
  }, {
    "date" : "2025-07-23",
    "price" : 5780.50,
    "dma50" : 5218.48,
    "dma100" : 4913.65,
    "dma200" : 5237.17,
    "volume" : 4395.00
  }, {
    "date" : "2025-07-24",
    "price" : 5596.50,
    "dma50" : 5233.30,
    "dma100" : 4923.02,
    "dma200" : 5240.75,
    "volume" : 3744.00
  }, {
    "date" : "2025-07-25",
    "price" : 5415.50,
    "dma50" : 5240.45,
    "dma100" : 4931.15,
    "dma200" : 5242.49,
    "volume" : 5064.00
  }, {
    "date" : "2025-07-28",
    "price" : 5369.50,
    "dma50" : 5245.51,
    "dma100" : 4939.60,
    "dma200" : 5243.75,
    "volume" : 3275.00
  }, {
    "date" : "2025-07-29",
    "price" : 5368.50,
    "dma50" : 5250.33,
    "dma100" : 4947.01,
    "dma200" : 5244.99,
    "volume" : 2172.00
  }, {
    "date" : "2025-07-30",
    "price" : 5411.00,
    "dma50" : 5256.63,
    "dma100" : 4955.02,
    "dma200" : 5246.64,
    "volume" : 1366.00
  }, {
    "date" : "2025-07-31",
    "price" : 5328.50,
    "dma50" : 5259.45,
    "dma100" : 4962.50,
    "dma200" : 5247.46,
    "volume" : 3224.00
  }, {
    "date" : "2025-08-01",
    "price" : 5264.50,
    "dma50" : 5259.65,
    "dma100" : 4969.09,
    "dma200" : 5247.63,
    "volume" : 2546.00
  }, {
    "date" : "2025-08-04",
    "price" : 5281.00,
    "dma50" : 5260.48,
    "dma100" : 4975.25,
    "dma200" : 5247.96,
    "volume" : 3244.00
  }, {
    "date" : "2025-08-05",
    "price" : 5229.00,
    "dma50" : 5259.25,
    "dma100" : 4982.64,
    "dma200" : 5247.77,
    "volume" : 2675.00
  }, {
    "date" : "2025-08-06",
    "price" : 5208.00,
    "dma50" : 5257.24,
    "dma100" : 4990.38,
    "dma200" : 5247.38,
    "volume" : 2621.00
  }, {
    "date" : "2025-08-07",
    "price" : 5147.00,
    "dma50" : 5252.92,
    "dma100" : 4998.49,
    "dma200" : 5246.38,
    "volume" : 2050.00
  }, {
    "date" : "2025-08-08",
    "price" : 5188.00,
    "dma50" : 5250.37,
    "dma100" : 5006.84,
    "dma200" : 5245.80,
    "volume" : 2492.00
  }, {
    "date" : "2025-08-11",
    "price" : 5172.00,
    "dma50" : 5247.30,
    "dma100" : 5014.35,
    "dma200" : 5245.06,
    "volume" : 2064.00
  }, {
    "date" : "2025-08-12",
    "price" : 5072.00,
    "dma50" : 5240.42,
    "dma100" : 5019.01,
    "dma200" : 5243.34,
    "volume" : 3077.00
  }, {
    "date" : "2025-08-13",
    "price" : 5076.00,
    "dma50" : 5233.98,
    "dma100" : 5023.89,
    "dma200" : 5241.67,
    "volume" : 1380.00
  }, {
    "date" : "2025-08-14",
    "price" : 5009.50,
    "dma50" : 5225.17,
    "dma100" : 5027.91,
    "dma200" : 5239.36,
    "volume" : 1790.00
  }, {
    "date" : "2025-08-18",
    "price" : 5002.50,
    "dma50" : 5216.44,
    "dma100" : 5031.69,
    "dma200" : 5237.01,
    "volume" : 8314.00
  }, {
    "date" : "2025-08-19",
    "price" : 5246.50,
    "dma50" : 5217.62,
    "dma100" : 5037.22,
    "dma200" : 5237.10,
    "volume" : 6797.00
  }, {
    "date" : "2025-08-20",
    "price" : 5411.00,
    "dma50" : 5225.20,
    "dma100" : 5044.60,
    "dma200" : 5238.83,
    "volume" : 9213.00
  }, {
    "date" : "2025-08-21",
    "price" : 5485.50,
    "dma50" : 5235.41,
    "dma100" : 5053.85,
    "dma200" : 5241.29,
    "volume" : 6139.00
  }, {
    "date" : "2025-08-22",
    "price" : 5426.50,
    "dma50" : 5242.90,
    "dma100" : 5062.82,
    "dma200" : 5243.13,
    "volume" : 2864.00
  }, {
    "date" : "2025-08-25",
    "price" : 5413.50,
    "dma50" : 5249.59,
    "dma100" : 5071.67,
    "dma200" : 5244.82,
    "volume" : 3230.00
  }, {
    "date" : "2025-08-26",
    "price" : 5352.50,
    "dma50" : 5253.63,
    "dma100" : 5079.24,
    "dma200" : 5245.90,
    "volume" : 3032.00
  }, {
    "date" : "2025-08-28",
    "price" : 5231.00,
    "dma50" : 5252.74,
    "dma100" : 5085.36,
    "dma200" : 5245.75,
    "volume" : 2639.00
  }, {
    "date" : "2025-08-29",
    "price" : 5140.50,
    "dma50" : 5248.34,
    "dma100" : 5091.22,
    "dma200" : 5244.70,
    "volume" : 1865.00
  }, {
    "date" : "2025-09-01",
    "price" : 5121.50,
    "dma50" : 5243.37,
    "dma100" : 5099.13,
    "dma200" : 5243.47,
    "volume" : 4111.00
  }, {
    "date" : "2025-09-02",
    "price" : 5108.00,
    "dma50" : 5238.06,
    "dma100" : 5106.67,
    "dma200" : 5242.13,
    "volume" : 2053.00
  }, {
    "date" : "2025-09-03",
    "price" : 5111.50,
    "dma50" : 5233.09,
    "dma100" : 5111.20,
    "dma200" : 5240.83,
    "volume" : 1859.00
  }, {
    "date" : "2025-09-04",
    "price" : 5140.50,
    "dma50" : 5229.46,
    "dma100" : 5116.55,
    "dma200" : 5239.83,
    "volume" : 2173.00
  }, {
    "date" : "2025-09-05",
    "price" : 5123.50,
    "dma50" : 5225.31,
    "dma100" : 5121.02,
    "dma200" : 5238.67,
    "volume" : 1121.00
  }, {
    "date" : "2025-09-08",
    "price" : 5097.50,
    "dma50" : 5220.30,
    "dma100" : 5125.25,
    "dma200" : 5237.27,
    "volume" : 2121.00
  }, {
    "date" : "2025-09-09",
    "price" : 5105.00,
    "dma50" : 5215.77,
    "dma100" : 5129.89,
    "dma200" : 5235.95,
    "volume" : 1399.00
  }, {
    "date" : "2025-09-10",
    "price" : 5137.00,
    "dma50" : 5212.69,
    "dma100" : 5135.13,
    "dma200" : 5234.97,
    "volume" : 2199.00
  }, {
    "date" : "2025-09-11",
    "price" : 5146.50,
    "dma50" : 5210.09,
    "dma100" : 5139.92,
    "dma200" : 5234.09,
    "volume" : 2737.00
  }, {
    "date" : "2025-09-12",
    "price" : 5101.50,
    "dma50" : 5205.83,
    "dma100" : 5144.23,
    "dma200" : 5232.77,
    "volume" : 1525.00
  }, {
    "date" : "2025-09-15",
    "price" : 5090.50,
    "dma50" : 5201.31,
    "dma100" : 5148.63,
    "dma200" : 5231.35,
    "volume" : 3164.00
  }, {
    "date" : "2025-09-16",
    "price" : 5096.00,
    "dma50" : 5197.18,
    "dma100" : 5153.01,
    "dma200" : 5230.00,
    "volume" : 1199.00
  }, {
    "date" : "2025-09-17",
    "price" : 5020.00,
    "dma50" : 5190.23,
    "dma100" : 5157.16,
    "dma200" : 5227.91,
    "volume" : 6033.00
  }, {
    "date" : "2025-09-18",
    "price" : 5050.50,
    "dma50" : 5184.75,
    "dma100" : 5161.22,
    "dma200" : 5226.15,
    "volume" : 2199.00
  }, {
    "date" : "2025-09-19",
    "price" : 5055.00,
    "dma50" : 5179.66,
    "dma100" : 5164.77,
    "dma200" : 5224.45,
    "volume" : 1914.00
  }, {
    "date" : "2025-09-22",
    "price" : 5059.00,
    "dma50" : 5174.93,
    "dma100" : 5168.71,
    "dma200" : 5222.80,
    "volume" : 1885.00
  }, {
    "date" : "2025-09-23",
    "price" : 5039.00,
    "dma50" : 5169.60,
    "dma100" : 5173.38,
    "dma200" : 5220.97,
    "volume" : 1271.00
  }, {
    "date" : "2025-09-24",
    "price" : 5029.00,
    "dma50" : 5164.09,
    "dma100" : 5176.80,
    "dma200" : 5219.06,
    "volume" : 1130.00
  }, {
    "date" : "2025-09-25",
    "price" : 4998.50,
    "dma50" : 5157.59,
    "dma100" : 5180.19,
    "dma200" : 5216.87,
    "volume" : 1169.00
  }, {
    "date" : "2025-09-26",
    "price" : 4994.00,
    "dma50" : 5151.18,
    "dma100" : 5184.18,
    "dma200" : 5214.65,
    "volume" : 1475.00
  }, {
    "date" : "2025-09-29",
    "price" : 4944.50,
    "dma50" : 5143.07,
    "dma100" : 5187.41,
    "dma200" : 5211.96,
    "volume" : 2208.00
  }, {
    "date" : "2025-09-30",
    "price" : 4931.50,
    "dma50" : 5134.78,
    "dma100" : 5190.61,
    "dma200" : 5209.17,
    "volume" : 1423.00
  }, {
    "date" : "2025-10-01",
    "price" : 4946.10,
    "dma50" : 5127.38,
    "dma100" : 5192.59,
    "dma200" : 5206.55,
    "volume" : 1729.00
  }, {
    "date" : "2025-10-03",
    "price" : 4970.50,
    "dma50" : 5121.22,
    "dma100" : 5193.14,
    "dma200" : 5204.20,
    "volume" : 1434.00
  }, {
    "date" : "2025-10-06",
    "price" : 4923.50,
    "dma50" : 5113.47,
    "dma100" : 5192.26,
    "dma200" : 5201.41,
    "volume" : 1790.00
  }, {
    "date" : "2025-10-07",
    "price" : 4898.30,
    "dma50" : 5105.03,
    "dma100" : 5190.17,
    "dma200" : 5198.39,
    "volume" : 88465.00
  }, {
    "date" : "2025-10-08",
    "price" : 4972.20,
    "dma50" : 5099.82,
    "dma100" : 5188.93,
    "dma200" : 5196.14,
    "volume" : 2105.00
  }, {
    "date" : "2025-10-09",
    "price" : 4969.80,
    "dma50" : 5094.72,
    "dma100" : 5187.50,
    "dma200" : 5193.89,
    "volume" : 1295.00
  }, {
    "date" : "2025-10-10",
    "price" : 4916.10,
    "dma50" : 5087.72,
    "dma100" : 5185.34,
    "dma200" : 5191.13,
    "volume" : 2252.00
  }, {
    "date" : "2025-10-13",
    "price" : 4905.70,
    "dma50" : 5080.58,
    "dma100" : 5182.64,
    "dma200" : 5188.29,
    "volume" : 1106.00
  }, {
    "date" : "2025-10-14",
    "price" : 4889.30,
    "dma50" : 5073.08,
    "dma100" : 5179.82,
    "dma200" : 5185.31,
    "volume" : 1327.00
  }, {
    "date" : "2025-10-15",
    "price" : 4870.20,
    "dma50" : 5065.12,
    "dma100" : 5176.54,
    "dma200" : 5182.18,
    "volume" : 2673.00
  }, {
    "date" : "2025-10-16",
    "price" : 4890.70,
    "dma50" : 5058.28,
    "dma100" : 5173.48,
    "dma200" : 5179.28,
    "volume" : 1397.00
  }, {
    "date" : "2025-10-17",
    "price" : 4987.60,
    "dma50" : 5055.51,
    "dma100" : 5170.90,
    "dma200" : 5177.37,
    "volume" : 2947.00
  }, {
    "date" : "2025-10-20",
    "price" : 4991.40,
    "dma50" : 5053.00,
    "dma100" : 5168.56,
    "dma200" : 5175.52,
    "volume" : 973.00
  }, {
    "date" : "2025-10-21",
    "price" : 4994.70,
    "dma50" : 5050.71,
    "dma100" : 5167.13,
    "dma200" : 5173.72,
    "volume" : 674.00
  }, {
    "date" : "2025-10-23",
    "price" : 4967.80,
    "dma50" : 5047.46,
    "dma100" : 5166.53,
    "dma200" : 5171.67,
    "volume" : 4620.00
  }, {
    "date" : "2025-10-24",
    "price" : 5025.30,
    "dma50" : 5046.59,
    "dma100" : 5166.49,
    "dma200" : 5170.21,
    "volume" : 1802.00
  }, {
    "date" : "2025-10-27",
    "price" : 4945.20,
    "dma50" : 5042.62,
    "dma100" : 5166.05,
    "dma200" : 5167.98,
    "volume" : 2109.00
  }, {
    "date" : "2025-10-28",
    "price" : 4985.60,
    "dma50" : 5040.38,
    "dma100" : 5165.28,
    "dma200" : 5166.16,
    "volume" : 1291.00
  }, {
    "date" : "2025-10-29",
    "price" : 4986.80,
    "dma50" : 5038.28,
    "dma100" : 5163.08,
    "dma200" : 5164.38,
    "volume" : 1321.00
  }, {
    "date" : "2025-10-30",
    "price" : 4984.00,
    "dma50" : 5036.15,
    "dma100" : 5160.71,
    "dma200" : 5162.58,
    "volume" : 1903.00
  }, {
    "date" : "2025-10-31",
    "price" : 4910.60,
    "dma50" : 5031.23,
    "dma100" : 5157.09,
    "dma200" : 5160.07,
    "volume" : 2428.00
  }, {
    "date" : "2025-11-03",
    "price" : 4880.10,
    "dma50" : 5025.30,
    "dma100" : 5153.47,
    "dma200" : 5157.29,
    "volume" : 1906.00
  }, {
    "date" : "2025-11-04",
    "price" : 4882.20,
    "dma50" : 5019.69,
    "dma100" : 5150.61,
    "dma200" : 5154.55,
    "volume" : 3232.00
  }, {
    "date" : "2025-11-06",
    "price" : 4782.60,
    "dma50" : 5010.39,
    "dma100" : 5146.70,
    "dma200" : 5150.85,
    "volume" : 3094.00
  }, {
    "date" : "2025-11-07",
    "price" : 4761.80,
    "dma50" : 5000.64,
    "dma100" : 5143.06,
    "dma200" : 5146.98,
    "volume" : 2263.00
  }, {
    "date" : "2025-11-10",
    "price" : 4850.20,
    "dma50" : 4994.74,
    "dma100" : 5140.04,
    "dma200" : 5144.03,
    "volume" : 1709.00
  }, {
    "date" : "2025-11-11",
    "price" : 5259.20,
    "dma50" : 5005.11,
    "dma100" : 5141.44,
    "dma200" : 5145.17,
    "volume" : 336204.00
  }, {
    "date" : "2025-11-12",
    "price" : 5181.90,
    "dma50" : 5012.05,
    "dma100" : 5141.90,
    "dma200" : 5145.54,
    "volume" : 26279.00
  }, {
    "date" : "2025-11-13",
    "price" : 5319.50,
    "dma50" : 5024.10,
    "dma100" : 5144.95,
    "dma200" : 5147.27,
    "volume" : 17817.00
  }, {
    "date" : "2025-11-14",
    "price" : 5305.90,
    "dma50" : 5035.15,
    "dma100" : 5147.64,
    "dma200" : 5148.85,
    "volume" : 3404.00
  }, {
    "date" : "2025-11-17",
    "price" : 5413.20,
    "dma50" : 5049.98,
    "dma100" : 5150.92,
    "dma200" : 5151.48,
    "volume" : 9457.00
  }, {
    "date" : "2025-11-18",
    "price" : 5463.80,
    "dma50" : 5066.21,
    "dma100" : 5154.66,
    "dma200" : 5154.58,
    "volume" : 10308.00
  }, {
    "date" : "2025-11-19",
    "price" : 5553.60,
    "dma50" : 5085.32,
    "dma100" : 5158.70,
    "dma200" : 5158.55,
    "volume" : 11696.00
  }, {
    "date" : "2025-11-20",
    "price" : 5716.80,
    "dma50" : 5110.08,
    "dma100" : 5165.00,
    "dma200" : 5164.11,
    "volume" : 16070.00
  }, {
    "date" : "2025-11-21",
    "price" : 5656.10,
    "dma50" : 5131.50,
    "dma100" : 5170.29,
    "dma200" : 5169.01,
    "volume" : 13950.00
  }, {
    "date" : "2025-11-24",
    "price" : 5700.70,
    "dma50" : 5153.82,
    "dma100" : 5175.73,
    "dma200" : 5174.30,
    "volume" : 22723.00
  }, {
    "date" : "2025-11-25",
    "price" : 5721.60,
    "dma50" : 5176.08,
    "dma100" : 5181.45,
    "dma200" : 5179.74,
    "volume" : 10441.00
  }, {
    "date" : "2025-11-26",
    "price" : 5619.60,
    "dma50" : 5193.48,
    "dma100" : 5186.10,
    "dma200" : 5184.12,
    "volume" : 7341.00
  }, {
    "date" : "2025-11-27",
    "price" : 5686.60,
    "dma50" : 5212.82,
    "dma100" : 5190.67,
    "dma200" : 5189.12,
    "volume" : 8437.00
  }, {
    "date" : "2025-11-28",
    "price" : 5660.10,
    "dma50" : 5230.36,
    "dma100" : 5194.31,
    "dma200" : 5193.80,
    "volume" : 3512.00
  }, {
    "date" : "2025-12-01",
    "price" : 5647.50,
    "dma50" : 5246.71,
    "dma100" : 5197.74,
    "dma200" : 5198.32,
    "volume" : 4482.00
  }, {
    "date" : "2025-12-02",
    "price" : 5689.00,
    "dma50" : 5264.06,
    "dma100" : 5201.39,
    "dma200" : 5203.20,
    "volume" : 2954.00
  }, {
    "date" : "2025-12-03",
    "price" : 5770.00,
    "dma50" : 5283.90,
    "dma100" : 5205.90,
    "dma200" : 5208.84,
    "volume" : 5187.00
  }, {
    "date" : "2025-12-04",
    "price" : 5778.00,
    "dma50" : 5303.28,
    "dma100" : 5210.52,
    "dma200" : 5214.50,
    "volume" : 10969.00
  }, {
    "date" : "2025-12-05",
    "price" : 5744.00,
    "dma50" : 5320.56,
    "dma100" : 5215.55,
    "dma200" : 5219.77,
    "volume" : 3749.00
  }, {
    "date" : "2025-12-08",
    "price" : 5676.50,
    "dma50" : 5334.52,
    "dma100" : 5220.74,
    "dma200" : 5224.32,
    "volume" : 5967.00
  }, {
    "date" : "2025-12-09",
    "price" : 5839.50,
    "dma50" : 5354.32,
    "dma100" : 5226.57,
    "dma200" : 5230.44,
    "volume" : 6382.00
  }, {
    "date" : "2025-12-10",
    "price" : 6160.00,
    "dma50" : 5385.92,
    "dma100" : 5233.74,
    "dma200" : 5239.69,
    "volume" : 55500.00
  }, {
    "date" : "2025-12-11",
    "price" : 6361.50,
    "dma50" : 5424.17,
    "dma100" : 5241.69,
    "dma200" : 5250.85,
    "volume" : 28296.00
  }, {
    "date" : "2025-12-12",
    "price" : 6194.00,
    "dma50" : 5454.36,
    "dma100" : 5247.98,
    "dma200" : 5260.23,
    "volume" : 18268.00
  }, {
    "date" : "2025-12-15",
    "price" : 6257.50,
    "dma50" : 5485.86,
    "dma100" : 5253.47,
    "dma200" : 5270.16,
    "volume" : 12050.00
  }, {
    "date" : "2025-12-16",
    "price" : 6049.00,
    "dma50" : 5507.94,
    "dma100" : 5256.40,
    "dma200" : 5277.91,
    "volume" : 6062.00
  }, {
    "date" : "2025-12-17",
    "price" : 6052.50,
    "dma50" : 5529.30,
    "dma100" : 5259.12,
    "dma200" : 5285.61,
    "volume" : 6261.00
  }, {
    "date" : "2025-12-18",
    "price" : 6167.00,
    "dma50" : 5554.31,
    "dma100" : 5264.82,
    "dma200" : 5294.38,
    "volume" : 16104.00
  }, {
    "date" : "2025-12-19",
    "price" : 6156.00,
    "dma50" : 5577.90,
    "dma100" : 5272.23,
    "dma200" : 5302.96,
    "volume" : 7434.00
  }, {
    "date" : "2025-12-22",
    "price" : 6243.50,
    "dma50" : 5604.00,
    "dma100" : 5280.97,
    "dma200" : 5312.32,
    "volume" : 7993.00
  }, {
    "date" : "2025-12-23",
    "price" : 6191.50,
    "dma50" : 5627.04,
    "dma100" : 5289.20,
    "dma200" : 5321.06,
    "volume" : 3701.00
  }, {
    "date" : "2025-12-24",
    "price" : 6127.50,
    "dma50" : 5646.67,
    "dma100" : 5296.36,
    "dma200" : 5329.09,
    "volume" : 2931.00
  }, {
    "date" : "2025-12-26",
    "price" : 6093.50,
    "dma50" : 5664.19,
    "dma100" : 5304.01,
    "dma200" : 5336.70,
    "volume" : 3063.00
  }, {
    "date" : "2025-12-29",
    "price" : 6117.50,
    "dma50" : 5681.97,
    "dma100" : 5312.54,
    "dma200" : 5344.46,
    "volume" : 8899.00
  }, {
    "date" : "2025-12-30",
    "price" : 6088.00,
    "dma50" : 5697.89,
    "dma100" : 5320.61,
    "dma200" : 5351.86,
    "volume" : 2080.00
  }, {
    "date" : "2025-12-31",
    "price" : 6091.00,
    "dma50" : 5713.31,
    "dma100" : 5329.23,
    "dma200" : 5359.22,
    "volume" : 3375.00
  }, {
    "date" : "2026-01-01",
    "price" : 6145.50,
    "dma50" : 5730.26,
    "dma100" : 5338.61,
    "dma200" : 5367.04,
    "volume" : 2359.00
  }, {
    "date" : "2026-01-02",
    "price" : 6167.50,
    "dma50" : 5747.40,
    "dma100" : 5348.81,
    "dma200" : 5375.01,
    "volume" : 4430.00
  }, {
    "date" : "2026-01-05",
    "price" : 6091.50,
    "dma50" : 5760.90,
    "dma100" : 5357.85,
    "dma200" : 5382.14,
    "volume" : 7502.00
  }, {
    "date" : "2026-01-06",
    "price" : 6107.50,
    "dma50" : 5774.49,
    "dma100" : 5367.20,
    "dma200" : 5389.35,
    "volume" : 2828.00
  }, {
    "date" : "2026-01-07",
    "price" : 6081.00,
    "dma50" : 5786.51,
    "dma100" : 5377.29,
    "dma200" : 5396.23,
    "volume" : 3287.00
  }, {
    "date" : "2026-01-08",
    "price" : 5843.50,
    "dma50" : 5788.74,
    "dma100" : 5384.97,
    "dma200" : 5400.69,
    "volume" : 7731.00
  }, {
    "date" : "2026-01-09",
    "price" : 5673.00,
    "dma50" : 5784.21,
    "dma100" : 5391.60,
    "dma200" : 5403.39,
    "volume" : 4616.00
  }, {
    "date" : "2026-01-12",
    "price" : 5633.00,
    "dma50" : 5778.28,
    "dma100" : 5397.91,
    "dma200" : 5405.68,
    "volume" : 10743.00
  }, {
    "date" : "2026-01-13",
    "price" : 5628.00,
    "dma50" : 5772.38,
    "dma100" : 5401.72,
    "dma200" : 5407.89,
    "volume" : 3319.00
  }, {
    "date" : "2026-01-14",
    "price" : 5680.50,
    "dma50" : 5768.78,
    "dma100" : 5404.42,
    "dma200" : 5410.60,
    "volume" : 6142.00
  }, {
    "date" : "2026-01-16",
    "price" : 5810.50,
    "dma50" : 5770.42,
    "dma100" : 5407.67,
    "dma200" : 5414.58,
    "volume" : 9215.00
  }, {
    "date" : "2026-01-19",
    "price" : 5780.00,
    "dma50" : 5770.79,
    "dma100" : 5411.20,
    "dma200" : 5418.22,
    "volume" : 2301.00
  }, {
    "date" : "2026-01-20",
    "price" : 5575.00,
    "dma50" : 5763.11,
    "dma100" : 5412.82,
    "dma200" : 5419.78,
    "volume" : 2482.00
  }, {
    "date" : "2026-01-21",
    "price" : 5471.00,
    "dma50" : 5751.66,
    "dma100" : 5414.00,
    "dma200" : 5420.29,
    "volume" : 4204.00
  }, {
    "date" : "2026-01-22",
    "price" : 5621.00,
    "dma50" : 5746.53,
    "dma100" : 5417.90,
    "dma200" : 5422.29,
    "volume" : 1332.00
  }, {
    "date" : "2026-01-23",
    "price" : 5442.00,
    "dma50" : 5734.59,
    "dma100" : 5420.92,
    "dma200" : 5422.48,
    "volume" : 2215.00
  }, {
    "date" : "2026-01-27",
    "price" : 5442.50,
    "dma50" : 5723.14,
    "dma100" : 5424.13,
    "dma200" : 5422.68,
    "volume" : 2962.00
  }, {
    "date" : "2026-01-28",
    "price" : 5599.00,
    "dma50" : 5718.27,
    "dma100" : 5429.04,
    "dma200" : 5424.44,
    "volume" : 2167.00
  }, {
    "date" : "2026-01-29",
    "price" : 5422.00,
    "dma50" : 5706.65,
    "dma100" : 5432.14,
    "dma200" : 5424.41,
    "volume" : 2277.00
  }, {
    "date" : "2026-01-30",
    "price" : 5572.50,
    "dma50" : 5701.39,
    "dma100" : 5436.46,
    "dma200" : 5425.88,
    "volume" : 4431.00
  }, {
    "date" : "2026-02-01",
    "price" : 5536.50,
    "dma50" : 5694.92,
    "dma100" : 5440.59,
    "dma200" : 5426.99,
    "volume" : 1045.00
  }, {
    "date" : "2026-02-02",
    "price" : 5582.50,
    "dma50" : 5690.51,
    "dma100" : 5445.44,
    "dma200" : 5428.53,
    "volume" : 6313.00
  }, {
    "date" : "2026-02-03",
    "price" : 5740.50,
    "dma50" : 5692.47,
    "dma100" : 5451.80,
    "dma200" : 5431.64,
    "volume" : 5251.00
  }, {
    "date" : "2026-02-04",
    "price" : 5781.50,
    "dma50" : 5695.97,
    "dma100" : 5458.24,
    "dma200" : 5435.12,
    "volume" : 2616.00
  }, {
    "date" : "2026-02-05",
    "price" : 5763.50,
    "dma50" : 5698.61,
    "dma100" : 5464.41,
    "dma200" : 5438.39,
    "volume" : 4339.00
  }, {
    "date" : "2026-02-06",
    "price" : 5693.00,
    "dma50" : 5698.39,
    "dma100" : 5470.33,
    "dma200" : 5440.92,
    "volume" : 1988.00
  }, {
    "date" : "2026-02-09",
    "price" : 5657.50,
    "dma50" : 5696.79,
    "dma100" : 5476.00,
    "dma200" : 5443.07,
    "volume" : 3301.00
  }, {
    "date" : "2026-02-10",
    "price" : 5747.00,
    "dma50" : 5698.76,
    "dma100" : 5482.51,
    "dma200" : 5446.10,
    "volume" : 7667.00
  } ],
  "latestTechnicalAttributes" : {
    "date" : "2026-02-10",
    "price" : 5747.00,
    "dma50" : 5698.76,
    "dma100" : 5482.51,
    "dma200" : 5446.10,
    "volume" : 7667.00
  },
  "quarterlyResults" : [ {
    "date" : "2005-03-31",
    "sales" : 54.10,
    "salesGrowthYoY" : null,
    "grossProfitMargin" : 45.49,
    "grossProfit" : 24.61,
    "operatingProfitMargin" : 22.03,
    "operatingProfit" : 11.92,
    "netProfitMargin" : 13.88,
    "netProfit" : 7.51
  }, {
    "date" : "2005-06-30",
    "sales" : 60.38,
    "salesGrowthYoY" : null,
    "grossProfitMargin" : 45.69,
    "grossProfit" : 27.59,
    "operatingProfitMargin" : 25.27,
    "operatingProfit" : 15.26,
    "netProfitMargin" : 16.58,
    "netProfit" : 10.01
  }, {
    "date" : "2005-09-30",
    "sales" : 64.27,
    "salesGrowthYoY" : null,
    "grossProfitMargin" : 45.12,
    "grossProfit" : 29.00,
    "operatingProfitMargin" : 25.52,
    "operatingProfit" : 16.40,
    "netProfitMargin" : 16.91,
    "netProfit" : 10.87
  }, {
    "date" : "2005-12-31",
    "sales" : 59.41,
    "salesGrowthYoY" : null,
    "grossProfitMargin" : 40.08,
    "grossProfit" : 23.81,
    "operatingProfitMargin" : 16.65,
    "operatingProfit" : 9.89,
    "netProfitMargin" : 13.97,
    "netProfit" : 8.30
  }, {
    "date" : "2006-03-31",
    "sales" : 62.91,
    "salesGrowthYoY" : 16.28,
    "grossProfitMargin" : 41.47,
    "grossProfit" : 26.09,
    "operatingProfitMargin" : 21.89,
    "operatingProfit" : 13.77,
    "netProfitMargin" : 14.16,
    "netProfit" : 8.91
  }, {
    "date" : "2006-06-30",
    "sales" : 64.66,
    "salesGrowthYoY" : 7.09,
    "grossProfitMargin" : 44.17,
    "grossProfit" : 28.56,
    "operatingProfitMargin" : 24.88,
    "operatingProfit" : 16.09,
    "netProfitMargin" : 16.15,
    "netProfit" : 10.44
  }, {
    "date" : "2006-09-30",
    "sales" : 80.97,
    "salesGrowthYoY" : 25.98,
    "grossProfitMargin" : 41.55,
    "grossProfit" : 33.64,
    "operatingProfitMargin" : 25.38,
    "operatingProfit" : 20.55,
    "netProfitMargin" : 16.33,
    "netProfit" : 13.22
  }, {
    "date" : "2006-12-31",
    "sales" : 78.67,
    "salesGrowthYoY" : 32.42,
    "grossProfitMargin" : 37.68,
    "grossProfit" : 29.64,
    "operatingProfitMargin" : 18.36,
    "operatingProfit" : 14.44,
    "netProfitMargin" : 12.84,
    "netProfit" : 10.10
  }, {
    "date" : "2007-03-31",
    "sales" : 81.17,
    "salesGrowthYoY" : 29.03,
    "grossProfitMargin" : 42.63,
    "grossProfit" : 34.60,
    "operatingProfitMargin" : 24.12,
    "operatingProfit" : 19.58,
    "netProfitMargin" : 15.18,
    "netProfit" : 12.32
  }, {
    "date" : "2007-06-30",
    "sales" : 87.31,
    "salesGrowthYoY" : 35.03,
    "grossProfitMargin" : 42.84,
    "grossProfit" : 37.40,
    "operatingProfitMargin" : 24.83,
    "operatingProfit" : 21.68,
    "netProfitMargin" : 16.17,
    "netProfit" : 14.12
  }, {
    "date" : "2007-09-30",
    "sales" : 86.72,
    "salesGrowthYoY" : 7.10,
    "grossProfitMargin" : 40.90,
    "grossProfit" : 35.47,
    "operatingProfitMargin" : 22.45,
    "operatingProfit" : 19.47,
    "netProfitMargin" : 15.79,
    "netProfit" : 13.69
  }, {
    "date" : "2007-12-31",
    "sales" : 87.75,
    "salesGrowthYoY" : 11.54,
    "grossProfitMargin" : 41.19,
    "grossProfit" : 36.14,
    "operatingProfitMargin" : 21.93,
    "operatingProfit" : 19.24,
    "netProfitMargin" : 15.12,
    "netProfit" : 13.27
  }, {
    "date" : "2008-03-31",
    "sales" : 101.53,
    "salesGrowthYoY" : 25.08,
    "grossProfitMargin" : 42.84,
    "grossProfit" : 43.50,
    "operatingProfitMargin" : 24.53,
    "operatingProfit" : 24.91,
    "netProfitMargin" : 15.18,
    "netProfit" : 15.41
  }, {
    "date" : "2008-06-30",
    "sales" : 115.97,
    "salesGrowthYoY" : 32.83,
    "grossProfitMargin" : 44.05,
    "grossProfit" : 51.08,
    "operatingProfitMargin" : 25.60,
    "operatingProfit" : 29.69,
    "netProfitMargin" : 15.94,
    "netProfit" : 18.49
  }, {
    "date" : "2008-09-30",
    "sales" : 118.13,
    "salesGrowthYoY" : 36.22,
    "grossProfitMargin" : 40.24,
    "grossProfit" : 47.54,
    "operatingProfitMargin" : 24.29,
    "operatingProfit" : 28.69,
    "netProfitMargin" : 15.30,
    "netProfit" : 18.07
  }, {
    "date" : "2008-12-31",
    "sales" : 91.82,
    "salesGrowthYoY" : 4.64,
    "grossProfitMargin" : 34.40,
    "grossProfit" : 31.59,
    "operatingProfitMargin" : 13.22,
    "operatingProfit" : 12.14,
    "netProfitMargin" : 10.03,
    "netProfit" : 9.21
  }, {
    "date" : "2009-03-31",
    "sales" : 105.93,
    "salesGrowthYoY" : 4.33,
    "grossProfitMargin" : 42.51,
    "grossProfit" : 45.03,
    "operatingProfitMargin" : 24.63,
    "operatingProfit" : 26.09,
    "netProfitMargin" : 15.42,
    "netProfit" : 16.33
  }, {
    "date" : "2009-06-30",
    "sales" : 105.91,
    "salesGrowthYoY" : -8.67,
    "grossProfitMargin" : 42.87,
    "grossProfit" : 45.40,
    "operatingProfitMargin" : 24.33,
    "operatingProfit" : 25.77,
    "netProfitMargin" : 15.33,
    "netProfit" : 16.24
  }, {
    "date" : "2009-09-30",
    "sales" : 105.76,
    "salesGrowthYoY" : -10.47,
    "grossProfitMargin" : 47.11,
    "grossProfit" : 49.82,
    "operatingProfitMargin" : 27.98,
    "operatingProfit" : 29.59,
    "netProfitMargin" : 17.89,
    "netProfit" : 18.92
  }, {
    "date" : "2009-12-31",
    "sales" : 107.68,
    "salesGrowthYoY" : 17.27,
    "grossProfitMargin" : 40.13,
    "grossProfit" : 43.21,
    "operatingProfitMargin" : 22.27,
    "operatingProfit" : 23.98,
    "netProfitMargin" : 13.64,
    "netProfit" : 14.69
  }, {
    "date" : "2010-03-31",
    "sales" : 114.61,
    "salesGrowthYoY" : 8.19,
    "grossProfitMargin" : 41.17,
    "grossProfit" : 47.18,
    "operatingProfitMargin" : 20.64,
    "operatingProfit" : 23.66,
    "netProfitMargin" : 12.56,
    "netProfit" : 14.40
  }, {
    "date" : "2010-06-30",
    "sales" : 123.23,
    "salesGrowthYoY" : 16.35,
    "grossProfitMargin" : 39.96,
    "grossProfit" : 49.24,
    "operatingProfitMargin" : 21.09,
    "operatingProfit" : 25.99,
    "netProfitMargin" : 13.42,
    "netProfit" : 16.54
  }, {
    "date" : "2010-09-30",
    "sales" : 125.21,
    "salesGrowthYoY" : 18.39,
    "grossProfitMargin" : 39.71,
    "grossProfit" : 49.72,
    "operatingProfitMargin" : 19.79,
    "operatingProfit" : 24.78,
    "netProfitMargin" : 12.89,
    "netProfit" : 16.14
  }, {
    "date" : "2010-12-31",
    "sales" : 146.24,
    "salesGrowthYoY" : 35.81,
    "grossProfitMargin" : 34.66,
    "grossProfit" : 50.69,
    "operatingProfitMargin" : 13.67,
    "operatingProfit" : 19.99,
    "netProfitMargin" : 8.13,
    "netProfit" : 11.89
  }, {
    "date" : "2011-03-31",
    "sales" : 135.64,
    "salesGrowthYoY" : 18.35,
    "grossProfitMargin" : 38.17,
    "grossProfit" : 51.77,
    "operatingProfitMargin" : 16.38,
    "operatingProfit" : 22.22,
    "netProfitMargin" : 9.86,
    "netProfit" : 13.37
  }, {
    "date" : "2011-06-30",
    "sales" : 137.47,
    "salesGrowthYoY" : 11.56,
    "grossProfitMargin" : 37.43,
    "grossProfit" : 51.46,
    "operatingProfitMargin" : 16.06,
    "operatingProfit" : 22.08,
    "netProfitMargin" : 9.78,
    "netProfit" : 13.44
  }, {
    "date" : "2011-09-30",
    "sales" : 130.73,
    "salesGrowthYoY" : 4.41,
    "grossProfitMargin" : 40.81,
    "grossProfit" : 53.35,
    "operatingProfitMargin" : 15.91,
    "operatingProfit" : 20.80,
    "netProfitMargin" : 9.03,
    "netProfit" : 11.80
  }, {
    "date" : "2011-12-31",
    "sales" : 140.73,
    "salesGrowthYoY" : -3.77,
    "grossProfitMargin" : 34.13,
    "grossProfit" : 48.03,
    "operatingProfitMargin" : 10.48,
    "operatingProfit" : 14.75,
    "netProfitMargin" : 6.27,
    "netProfit" : 8.82
  }, {
    "date" : "2012-03-31",
    "sales" : 134.69,
    "salesGrowthYoY" : -0.70,
    "grossProfitMargin" : 35.53,
    "grossProfit" : 47.86,
    "operatingProfitMargin" : 10.29,
    "operatingProfit" : 13.86,
    "netProfitMargin" : 6.07,
    "netProfit" : 8.18
  }, {
    "date" : "2012-06-30",
    "sales" : 127.44,
    "salesGrowthYoY" : -7.30,
    "grossProfitMargin" : 35.21,
    "grossProfit" : 44.87,
    "operatingProfitMargin" : 11.39,
    "operatingProfit" : 14.52,
    "netProfitMargin" : 7.01,
    "netProfit" : 8.93
  }, {
    "date" : "2012-09-30",
    "sales" : 116.31,
    "salesGrowthYoY" : -11.03,
    "grossProfitMargin" : 36.69,
    "grossProfit" : 42.67,
    "operatingProfitMargin" : 13.72,
    "operatingProfit" : 15.96,
    "netProfitMargin" : 8.68,
    "netProfit" : 10.10
  }, {
    "date" : "2012-12-31",
    "sales" : 125.08,
    "salesGrowthYoY" : -11.12,
    "grossProfitMargin" : 36.83,
    "grossProfit" : 46.07,
    "operatingProfitMargin" : 13.38,
    "operatingProfit" : 16.74,
    "netProfitMargin" : 8.45,
    "netProfit" : 10.57
  }, {
    "date" : "2013-03-31",
    "sales" : 111.02,
    "salesGrowthYoY" : -17.57,
    "grossProfitMargin" : 37.07,
    "grossProfit" : 41.16,
    "operatingProfitMargin" : 12.51,
    "operatingProfit" : 13.89,
    "netProfitMargin" : 8.28,
    "netProfit" : 9.19
  }, {
    "date" : "2013-06-30",
    "sales" : 107.80,
    "salesGrowthYoY" : -15.41,
    "grossProfitMargin" : 38.27,
    "grossProfit" : 41.26,
    "operatingProfitMargin" : 12.84,
    "operatingProfit" : 13.84,
    "netProfitMargin" : 7.99,
    "netProfit" : 8.61
  }, {
    "date" : "2013-09-30",
    "sales" : 105.66,
    "salesGrowthYoY" : -9.16,
    "grossProfitMargin" : 37.37,
    "grossProfit" : 39.49,
    "operatingProfitMargin" : 12.57,
    "operatingProfit" : 13.28,
    "netProfitMargin" : 7.82,
    "netProfit" : 8.26
  }, {
    "date" : "2013-12-31",
    "sales" : 111.07,
    "salesGrowthYoY" : -11.20,
    "grossProfitMargin" : 33.40,
    "grossProfit" : 37.10,
    "operatingProfitMargin" : 9.55,
    "operatingProfit" : 10.61,
    "netProfitMargin" : 6.36,
    "netProfit" : 7.06
  }, {
    "date" : "2014-03-31",
    "sales" : 111.06,
    "salesGrowthYoY" : 0.04,
    "grossProfitMargin" : 35.98,
    "grossProfit" : 39.96,
    "operatingProfitMargin" : 11.88,
    "operatingProfit" : 13.19,
    "netProfitMargin" : 7.61,
    "netProfit" : 8.45
  }, {
    "date" : "2014-06-30",
    "sales" : 113.89,
    "salesGrowthYoY" : 5.65,
    "grossProfitMargin" : 37.50,
    "grossProfit" : 42.71,
    "operatingProfitMargin" : 11.86,
    "operatingProfit" : 13.51,
    "netProfitMargin" : 7.92,
    "netProfit" : 9.02
  }, {
    "date" : "2014-09-30",
    "sales" : 108.81,
    "salesGrowthYoY" : 2.98,
    "grossProfitMargin" : 35.05,
    "grossProfit" : 38.14,
    "operatingProfitMargin" : 7.30,
    "operatingProfit" : 7.94,
    "netProfitMargin" : 4.95,
    "netProfit" : 5.39
  }, {
    "date" : "2014-12-31",
    "sales" : 111.50,
    "salesGrowthYoY" : 0.39,
    "grossProfitMargin" : 33.43,
    "grossProfit" : 37.27,
    "operatingProfitMargin" : 6.35,
    "operatingProfit" : 7.08,
    "netProfitMargin" : 4.57,
    "netProfit" : 5.10
  }, {
    "date" : "2015-03-31",
    "sales" : 106.59,
    "salesGrowthYoY" : -4.02,
    "grossProfitMargin" : 33.12,
    "grossProfit" : 35.30,
    "operatingProfitMargin" : 6.47,
    "operatingProfit" : 6.90,
    "netProfitMargin" : 9.62,
    "netProfit" : 10.25
  }, {
    "date" : "2015-06-30",
    "sales" : 108.97,
    "salesGrowthYoY" : -4.32,
    "grossProfitMargin" : 38.29,
    "grossProfit" : 41.72,
    "operatingProfitMargin" : 11.24,
    "operatingProfit" : 12.25,
    "netProfitMargin" : 7.17,
    "netProfit" : 7.81
  }, {
    "date" : "2015-09-30",
    "sales" : 116.48,
    "salesGrowthYoY" : 7.05,
    "grossProfitMargin" : 36.91,
    "grossProfit" : 42.99,
    "operatingProfitMargin" : 10.44,
    "operatingProfit" : 12.16,
    "netProfitMargin" : 7.02,
    "netProfit" : 8.18
  }, {
    "date" : "2015-12-31",
    "sales" : 111.10,
    "salesGrowthYoY" : -0.36,
    "grossProfitMargin" : 37.31,
    "grossProfit" : 41.45,
    "operatingProfitMargin" : 7.54,
    "operatingProfit" : 8.38,
    "netProfitMargin" : 4.65,
    "netProfit" : 5.17
  }, {
    "date" : "2016-03-31",
    "sales" : 114.65,
    "salesGrowthYoY" : 7.56,
    "grossProfitMargin" : 38.44,
    "grossProfit" : 44.07,
    "operatingProfitMargin" : 11.65,
    "operatingProfit" : 13.36,
    "netProfitMargin" : 8.40,
    "netProfit" : 9.63
  }, {
    "date" : "2016-06-30",
    "sales" : 125.69,
    "salesGrowthYoY" : 15.34,
    "grossProfitMargin" : 42.68,
    "grossProfit" : 53.64,
    "operatingProfitMargin" : 10.07,
    "operatingProfit" : 12.66,
    "netProfitMargin" : 7.34,
    "netProfit" : 9.23
  }, {
    "date" : "2016-09-30",
    "sales" : 130.82,
    "salesGrowthYoY" : 12.31,
    "grossProfitMargin" : 42.41,
    "grossProfit" : 55.48,
    "operatingProfitMargin" : 10.92,
    "operatingProfit" : 14.29,
    "netProfitMargin" : 8.35,
    "netProfit" : 10.92
  }, {
    "date" : "2016-12-31",
    "sales" : 121.25,
    "salesGrowthYoY" : 9.14,
    "grossProfitMargin" : 39.55,
    "grossProfit" : 47.95,
    "operatingProfitMargin" : 6.19,
    "operatingProfit" : 7.51,
    "netProfitMargin" : 4.89,
    "netProfit" : 5.93
  }, {
    "date" : "2017-03-31",
    "sales" : 132.33,
    "salesGrowthYoY" : 15.42,
    "grossProfitMargin" : 41.77,
    "grossProfit" : 55.27,
    "operatingProfitMargin" : 7.01,
    "operatingProfit" : 9.28,
    "netProfitMargin" : 6.93,
    "netProfit" : 9.17
  }, {
    "date" : "2017-06-30",
    "sales" : 136.66,
    "salesGrowthYoY" : 8.73,
    "grossProfitMargin" : 42.73,
    "grossProfit" : 58.39,
    "operatingProfitMargin" : 9.84,
    "operatingProfit" : 13.45,
    "netProfitMargin" : 7.08,
    "netProfit" : 9.68
  }, {
    "date" : "2017-09-30",
    "sales" : 126.92,
    "salesGrowthYoY" : -2.98,
    "grossProfitMargin" : 30.90,
    "grossProfit" : 39.22,
    "operatingProfitMargin" : 10.81,
    "operatingProfit" : 13.72,
    "netProfitMargin" : 7.46,
    "netProfit" : 9.47
  }, {
    "date" : "2017-12-31",
    "sales" : 126.39,
    "salesGrowthYoY" : 4.24,
    "grossProfitMargin" : 35.03,
    "grossProfit" : 44.27,
    "operatingProfitMargin" : 11.58,
    "operatingProfit" : 14.64,
    "netProfitMargin" : 7.60,
    "netProfit" : 9.61
  }, {
    "date" : "2018-03-31",
    "sales" : 153.59,
    "salesGrowthYoY" : 16.07,
    "grossProfitMargin" : 34.24,
    "grossProfit" : 52.59,
    "operatingProfitMargin" : 7.02,
    "operatingProfit" : 10.78,
    "netProfitMargin" : 6.37,
    "netProfit" : 9.78
  }, {
    "date" : "2018-06-30",
    "sales" : 171.67,
    "salesGrowthYoY" : 25.62,
    "grossProfitMargin" : 36.06,
    "grossProfit" : 61.90,
    "operatingProfitMargin" : 12.96,
    "operatingProfit" : 22.25,
    "netProfitMargin" : 9.23,
    "netProfit" : 15.85
  }, {
    "date" : "2018-09-30",
    "sales" : 166.42,
    "salesGrowthYoY" : 31.12,
    "grossProfitMargin" : 36.12,
    "grossProfit" : 60.11,
    "operatingProfitMargin" : 11.20,
    "operatingProfit" : 18.64,
    "netProfitMargin" : 8.59,
    "netProfit" : 14.30
  }, {
    "date" : "2018-12-31",
    "sales" : 152.45,
    "salesGrowthYoY" : 20.62,
    "grossProfitMargin" : 34.59,
    "grossProfit" : 52.73,
    "operatingProfitMargin" : 8.81,
    "operatingProfit" : 13.43,
    "netProfitMargin" : 7.58,
    "netProfit" : 11.56
  }, {
    "date" : "2019-03-31",
    "sales" : 180.90,
    "salesGrowthYoY" : 17.78,
    "grossProfitMargin" : 36.20,
    "grossProfit" : 65.49,
    "operatingProfitMargin" : 13.43,
    "operatingProfit" : 24.29,
    "netProfitMargin" : 9.04,
    "netProfit" : 16.35
  }, {
    "date" : "2019-06-30",
    "sales" : 181.26,
    "salesGrowthYoY" : 5.59,
    "grossProfitMargin" : 36.19,
    "grossProfit" : 65.60,
    "operatingProfitMargin" : 14.07,
    "operatingProfit" : 25.50,
    "netProfitMargin" : 9.23,
    "netProfit" : 16.73
  }, {
    "date" : "2019-09-30",
    "sales" : 172.53,
    "salesGrowthYoY" : 3.67,
    "grossProfitMargin" : 36.57,
    "grossProfit" : 63.09,
    "operatingProfitMargin" : 13.33,
    "operatingProfit" : 23.00,
    "netProfitMargin" : 10.93,
    "netProfit" : 18.86
  }, {
    "date" : "2019-12-31",
    "sales" : 169.19,
    "salesGrowthYoY" : 10.98,
    "grossProfitMargin" : 38.31,
    "grossProfit" : 64.82,
    "operatingProfitMargin" : 13.81,
    "operatingProfit" : 23.37,
    "netProfitMargin" : 10.50,
    "netProfit" : 17.76
  }, {
    "date" : "2020-03-31",
    "sales" : 174.98,
    "salesGrowthYoY" : -3.27,
    "grossProfitMargin" : 39.21,
    "grossProfit" : 68.61,
    "operatingProfitMargin" : 14.25,
    "operatingProfit" : 24.93,
    "netProfitMargin" : 10.33,
    "netProfit" : 18.08
  }, {
    "date" : "2020-06-30",
    "sales" : 124.31,
    "salesGrowthYoY" : -31.42,
    "grossProfitMargin" : 33.50,
    "grossProfit" : 41.64,
    "operatingProfitMargin" : 7.90,
    "operatingProfit" : 9.82,
    "netProfitMargin" : 5.77,
    "netProfit" : 7.17
  }, {
    "date" : "2020-09-30",
    "sales" : 165.94,
    "salesGrowthYoY" : -3.82,
    "grossProfitMargin" : 37.07,
    "grossProfit" : 61.51,
    "operatingProfitMargin" : 14.01,
    "operatingProfit" : 23.25,
    "netProfitMargin" : 10.66,
    "netProfit" : 17.69
  }, {
    "date" : "2020-12-31",
    "sales" : 183.93,
    "salesGrowthYoY" : 8.71,
    "grossProfitMargin" : 34.70,
    "grossProfit" : 63.82,
    "operatingProfitMargin" : 10.68,
    "operatingProfit" : 19.64,
    "netProfitMargin" : 8.00,
    "netProfit" : 14.71
  }, {
    "date" : "2021-03-31",
    "sales" : 206.98,
    "salesGrowthYoY" : 18.29,
    "grossProfitMargin" : 36.25,
    "grossProfit" : 75.03,
    "operatingProfitMargin" : 13.89,
    "operatingProfit" : 28.75,
    "netProfitMargin" : 9.53,
    "netProfit" : 19.73
  }, {
    "date" : "2021-06-30",
    "sales" : 181.18,
    "salesGrowthYoY" : 45.75,
    "grossProfitMargin" : 40.66,
    "grossProfit" : 73.67,
    "operatingProfitMargin" : 15.51,
    "operatingProfit" : 28.10,
    "netProfitMargin" : 11.23,
    "netProfit" : 20.35
  }, {
    "date" : "2021-09-30",
    "sales" : 221.21,
    "salesGrowthYoY" : 33.31,
    "grossProfitMargin" : 37.50,
    "grossProfit" : 82.95,
    "operatingProfitMargin" : 14.55,
    "operatingProfit" : 32.19,
    "netProfitMargin" : 10.70,
    "netProfit" : 23.67
  }, {
    "date" : "2021-12-31",
    "sales" : 226.58,
    "salesGrowthYoY" : 23.19,
    "grossProfitMargin" : 35.58,
    "grossProfit" : 80.62,
    "operatingProfitMargin" : 12.01,
    "operatingProfit" : 27.21,
    "netProfitMargin" : 8.37,
    "netProfit" : 18.96
  }, {
    "date" : "2022-03-31",
    "sales" : 264.71,
    "salesGrowthYoY" : 27.89,
    "grossProfitMargin" : 34.83,
    "grossProfit" : 92.20,
    "operatingProfitMargin" : 11.47,
    "operatingProfit" : 30.36,
    "netProfitMargin" : 8.06,
    "netProfit" : 21.34
  }, {
    "date" : "2022-06-30",
    "sales" : 243.47,
    "salesGrowthYoY" : 34.38,
    "grossProfitMargin" : 37.54,
    "grossProfit" : 91.40,
    "operatingProfitMargin" : 14.72,
    "operatingProfit" : 35.84,
    "netProfitMargin" : 10.51,
    "netProfit" : 25.59
  }, {
    "date" : "2022-09-30",
    "sales" : 277.38,
    "salesGrowthYoY" : 25.39,
    "grossProfitMargin" : 36.80,
    "grossProfit" : 102.08,
    "operatingProfitMargin" : 16.16,
    "operatingProfit" : 44.82,
    "netProfitMargin" : 11.50,
    "netProfit" : 31.90
  }, {
    "date" : "2022-12-31",
    "sales" : 267.39,
    "salesGrowthYoY" : 18.01,
    "grossProfitMargin" : 39.63,
    "grossProfit" : 105.97,
    "operatingProfitMargin" : 18.11,
    "operatingProfit" : 48.42,
    "netProfitMargin" : 13.58,
    "netProfit" : 36.31
  }, {
    "date" : "2023-03-31",
    "sales" : 301.68,
    "salesGrowthYoY" : 13.97,
    "grossProfitMargin" : 39.30,
    "grossProfit" : 118.56,
    "operatingProfitMargin" : 18.80,
    "operatingProfit" : 56.72,
    "netProfitMargin" : 13.88,
    "netProfit" : 41.87
  }, {
    "date" : "2023-06-30",
    "sales" : 298.25,
    "salesGrowthYoY" : 22.50,
    "grossProfitMargin" : 39.60,
    "grossProfit" : 118.11,
    "operatingProfitMargin" : 19.38,
    "operatingProfit" : 57.80,
    "netProfitMargin" : 14.21,
    "netProfit" : 42.38
  }, {
    "date" : "2023-09-30",
    "sales" : 302.69,
    "salesGrowthYoY" : 9.12,
    "grossProfitMargin" : 39.61,
    "grossProfit" : 119.90,
    "operatingProfitMargin" : 17.82,
    "operatingProfit" : 53.94,
    "netProfitMargin" : 12.69,
    "netProfit" : 38.41
  }, {
    "date" : "2023-12-31",
    "sales" : 301.45,
    "salesGrowthYoY" : 12.74,
    "grossProfitMargin" : 41.03,
    "grossProfit" : 123.68,
    "operatingProfitMargin" : 17.81,
    "operatingProfit" : 53.69,
    "netProfitMargin" : 12.59,
    "netProfit" : 37.95
  }, {
    "date" : "2024-03-31",
    "sales" : 340.93,
    "salesGrowthYoY" : 13.01,
    "grossProfitMargin" : 40.37,
    "grossProfit" : 137.63,
    "operatingProfitMargin" : 18.26,
    "operatingProfit" : 62.25,
    "netProfitMargin" : 12.98,
    "netProfit" : 44.25
  }, {
    "date" : "2024-06-30",
    "sales" : 329.61,
    "salesGrowthYoY" : 10.51,
    "grossProfitMargin" : 41.60,
    "grossProfit" : 137.12,
    "operatingProfitMargin" : 18.83,
    "operatingProfit" : 62.07,
    "netProfitMargin" : 13.49,
    "netProfit" : 44.46
  }, {
    "date" : "2024-09-30",
    "sales" : 338.65,
    "salesGrowthYoY" : 11.88,
    "grossProfitMargin" : 40.50,
    "grossProfit" : 137.15,
    "operatingProfitMargin" : 18.15,
    "operatingProfit" : 61.46,
    "netProfitMargin" : 12.74,
    "netProfit" : 43.14
  }, {
    "date" : "2024-12-31",
    "sales" : 337.49,
    "salesGrowthYoY" : 11.96,
    "grossProfitMargin" : 39.54,
    "grossProfit" : 133.44,
    "operatingProfitMargin" : 16.37,
    "operatingProfit" : 55.25,
    "netProfitMargin" : 11.96,
    "netProfit" : 40.36
  }, {
    "date" : "2025-03-31",
    "sales" : 367.72,
    "salesGrowthYoY" : 7.86,
    "grossProfitMargin" : 41.00,
    "grossProfit" : 150.77,
    "operatingProfitMargin" : 17.88,
    "operatingProfit" : 65.75,
    "netProfitMargin" : 12.90,
    "netProfit" : 47.44
  }, {
    "date" : "2025-06-30",
    "sales" : 352.02,
    "salesGrowthYoY" : 6.80,
    "grossProfitMargin" : 41.52,
    "grossProfit" : 146.16,
    "operatingProfitMargin" : 16.80,
    "operatingProfit" : 59.14,
    "netProfitMargin" : 11.63,
    "netProfit" : 40.94
  }, {
    "date" : "2025-09-30",
    "sales" : 381.55,
    "salesGrowthYoY" : 12.67,
    "grossProfitMargin" : 41.23,
    "grossProfit" : 157.31,
    "operatingProfitMargin" : 18.93,
    "operatingProfit" : 72.23,
    "netProfitMargin" : 14.41,
    "netProfit" : 54.98
  }, {
    "date" : "2025-12-31",
    "sales" : 378.83,
    "salesGrowthYoY" : 12.25,
    "grossProfitMargin" : 43.40,
    "grossProfit" : 164.41,
    "operatingProfitMargin" : 19.99,
    "operatingProfit" : 75.73,
    "netProfitMargin" : 13.82,
    "netProfit" : 52.35
  } ],
  "latestQuarterlyResult" : {
    "date" : "2025-12-31",
    "sales" : 378.83,
    "salesGrowthYoY" : 12.25,
    "grossProfitMargin" : 43.40,
    "grossProfit" : 164.41,
    "operatingProfitMargin" : 19.99,
    "operatingProfit" : 75.73,
    "netProfitMargin" : 13.82,
    "netProfit" : 52.35
  },
  "companyScore" : {
    "priceHigherThanDma50" : 5.00,
    "priceHigherThanDma100" : 5.00,
    "priceHigherThanDma200" : 5.00,
    "dma50HigherThanDma100" : 5.00,
    "dma50HigherThanDma200" : 5.00,
    "dma100HigherThanDma200" : 5.00,
    "pricePercentageAboveDma50" : 4.96,
    "pricePercentageAboveDma100" : 4.76,
    "pricePercentageAboveDma200" : 4.72,
    "weeklyVolumeHigherThanYearlyVolume" : 0.00,
    "salesGrowthPercentile" : 11.50,
    "operatingProfitMarginPercentile" : 15.48,
    "netProfitMarginPercentile" : 7.62,
    "totalTechnicalScore" : 44.44,
    "totalFundamentalScore" : 34.60,
    "totalScore" : 79.04
  }
}