{
  "metadata" : {
    "screenerCompanyId" : "982",
    "companyCode" : "EXIDEIND",
    "companyName" : "Exide Inds.",
    "screenerCompanyLink" : "https://www.screener.in/company/EXIDEIND/consolidated/",
    "screenerTechnicalHistoryLink" : "https://www.screener.in/api/company/982/chart/?q=Price-DMA50-DMA200-Volume&days=365",
    "screenerQuarterlyResultsLink" : "https://www.screener.in/api/company/982/chart/?q=GPM-OPM-NPM-Quarter+Sales&days=10000",
    "attributes" : {
      "companyCode" : "EXIDEIND",
      "companyName" : "Exide Inds.",
      "marketCap" : 28811.00,
      "peRatio" : 34.60,
      "description" : "Exide Industries Ltd is primarily engaged in the manufacturing of storage batteries and allied products in India. [1]"
    },
    "companyScore" : {
      "priceHigherThanDma50" : 0.00,
      "priceHigherThanDma100" : 0.00,
      "priceHigherThanDma200" : 0.00,
      "dma50HigherThanDma100" : 0.00,
      "dma50HigherThanDma200" : 0.00,
      "dma100HigherThanDma200" : 0.00,
      "pricePercentageAboveDma50" : 5.15,
      "pricePercentageAboveDma100" : 5.43,
      "pricePercentageAboveDma200" : 5.49,
      "weeklyVolumeHigherThanYearlyVolume" : 5.00,
      "salesGrowthPercentile" : 9.34,
      "operatingProfitMarginPercentile" : 4.34,
      "netProfitMarginPercentile" : 2.86,
      "totalTechnicalScore" : 21.07,
      "totalFundamentalScore" : 16.54,
      "totalScore" : 37.61
    }
  },
  "attributes" : {
    "companyCode" : "EXIDEIND",
    "companyName" : "Exide Inds.",
    "marketCap" : 28811.00,
    "peRatio" : 34.60,
    "description" : "Exide Industries Ltd is primarily engaged in the manufacturing of storage batteries and allied products in India. [1]"
  },
  "technicalHistory" : [ {
    "date" : "2025-02-11",
    "price" : 362.90,
    "dma50" : 398.97,
    "dma100" : null,
    "dma200" : 427.84,
    "volume" : 2225096.00
  }, {
    "date" : "2025-02-12",
    "price" : 365.70,
    "dma50" : 397.67,
    "dma100" : null,
    "dma200" : 427.22,
    "volume" : 2391597.00
  }, {
    "date" : "2025-02-13",
    "price" : 366.95,
    "dma50" : 396.46,
    "dma100" : null,
    "dma200" : 426.62,
    "volume" : 1721301.00
  }, {
    "date" : "2025-02-14",
    "price" : 358.55,
    "dma50" : 394.98,
    "dma100" : null,
    "dma200" : 425.94,
    "volume" : 2195661.00
  }, {
    "date" : "2025-02-17",
    "price" : 361.80,
    "dma50" : 393.68,
    "dma100" : null,
    "dma200" : 425.31,
    "volume" : 2469104.00
  }, {
    "date" : "2025-02-18",
    "price" : 360.55,
    "dma50" : 392.38,
    "dma100" : null,
    "dma200" : 424.66,
    "volume" : 1748269.00
  }, {
    "date" : "2025-02-19",
    "price" : 364.05,
    "dma50" : 391.27,
    "dma100" : null,
    "dma200" : 424.06,
    "volume" : 1245633.00
  }, {
    "date" : "2025-02-20",
    "price" : 374.95,
    "dma50" : 390.63,
    "dma100" : null,
    "dma200" : 423.57,
    "volume" : 2057440.00
  }, {
    "date" : "2025-02-21",
    "price" : 365.30,
    "dma50" : 389.63,
    "dma100" : null,
    "dma200" : 422.99,
    "volume" : 2430556.00
  }, {
    "date" : "2025-02-24",
    "price" : 364.50,
    "dma50" : 388.65,
    "dma100" : null,
    "dma200" : 422.41,
    "volume" : 1699804.00
  }, {
    "date" : "2025-02-25",
    "price" : 363.85,
    "dma50" : 387.68,
    "dma100" : null,
    "dma200" : 421.82,
    "volume" : 1859499.00
  }, {
    "date" : "2025-02-27",
    "price" : 354.50,
    "dma50" : 386.37,
    "dma100" : null,
    "dma200" : 421.15,
    "volume" : 2098312.00
  }, {
    "date" : "2025-02-28",
    "price" : 347.80,
    "dma50" : 384.86,
    "dma100" : null,
    "dma200" : 420.42,
    "volume" : 2665588.00
  }, {
    "date" : "2025-03-03",
    "price" : 346.30,
    "dma50" : 383.35,
    "dma100" : null,
    "dma200" : 419.69,
    "volume" : 1921209.00
  }, {
    "date" : "2025-03-04",
    "price" : 345.70,
    "dma50" : 381.87,
    "dma100" : null,
    "dma200" : 418.95,
    "volume" : 1076387.00
  }, {
    "date" : "2025-03-05",
    "price" : 356.40,
    "dma50" : 380.87,
    "dma100" : null,
    "dma200" : 418.33,
    "volume" : 2604734.00
  }, {
    "date" : "2025-03-06",
    "price" : 355.50,
    "dma50" : 379.88,
    "dma100" : null,
    "dma200" : 417.70,
    "volume" : 1858468.00
  }, {
    "date" : "2025-03-07",
    "price" : 355.85,
    "dma50" : 378.94,
    "dma100" : null,
    "dma200" : 417.09,
    "volume" : 2454648.00
  }, {
    "date" : "2025-03-10",
    "price" : 346.90,
    "dma50" : 377.68,
    "dma100" : null,
    "dma200" : 416.39,
    "volume" : 1809158.00
  }, {
    "date" : "2025-03-11",
    "price" : 344.60,
    "dma50" : 376.38,
    "dma100" : null,
    "dma200" : 415.68,
    "volume" : 1799018.00
  }, {
    "date" : "2025-03-12",
    "price" : 340.65,
    "dma50" : 374.98,
    "dma100" : null,
    "dma200" : 414.93,
    "volume" : 1786311.00
  }, {
    "date" : "2025-03-13",
    "price" : 333.00,
    "dma50" : 373.34,
    "dma100" : null,
    "dma200" : 414.11,
    "volume" : 1850178.00
  }, {
    "date" : "2025-03-17",
    "price" : 334.15,
    "dma50" : 371.80,
    "dma100" : null,
    "dma200" : 413.32,
    "volume" : 2035462.00
  }, {
    "date" : "2025-03-18",
    "price" : 342.75,
    "dma50" : 370.66,
    "dma100" : null,
    "dma200" : 412.62,
    "volume" : 2855032.00
  }, {
    "date" : "2025-03-19",
    "price" : 350.15,
    "dma50" : 369.86,
    "dma100" : null,
    "dma200" : 411.99,
    "volume" : 2930881.00
  }, {
    "date" : "2025-03-20",
    "price" : 355.65,
    "dma50" : 369.30,
    "dma100" : null,
    "dma200" : 411.43,
    "volume" : 1994212.00
  }, {
    "date" : "2025-03-21",
    "price" : 358.65,
    "dma50" : 368.88,
    "dma100" : null,
    "dma200" : 410.91,
    "volume" : 3598867.00
  }, {
    "date" : "2025-03-24",
    "price" : 366.00,
    "dma50" : 368.77,
    "dma100" : null,
    "dma200" : 410.46,
    "volume" : 2095036.00
  }, {
    "date" : "2025-03-25",
    "price" : 360.20,
    "dma50" : 368.43,
    "dma100" : null,
    "dma200" : 409.96,
    "volume" : 2716123.00
  }, {
    "date" : "2025-03-26",
    "price" : 359.10,
    "dma50" : 368.07,
    "dma100" : null,
    "dma200" : 409.46,
    "volume" : 10887831.00
  }, {
    "date" : "2025-03-27",
    "price" : 360.05,
    "dma50" : 367.75,
    "dma100" : null,
    "dma200" : 408.96,
    "volume" : 2598470.00
  }, {
    "date" : "2025-03-28",
    "price" : 360.45,
    "dma50" : 367.46,
    "dma100" : null,
    "dma200" : 408.48,
    "volume" : 3607875.00
  }, {
    "date" : "2025-04-01",
    "price" : 364.80,
    "dma50" : 367.36,
    "dma100" : null,
    "dma200" : 408.05,
    "volume" : 2108739.00
  }, {
    "date" : "2025-04-02",
    "price" : 371.60,
    "dma50" : 367.53,
    "dma100" : null,
    "dma200" : 407.68,
    "volume" : 2320286.00
  }, {
    "date" : "2025-04-03",
    "price" : 372.20,
    "dma50" : 367.71,
    "dma100" : null,
    "dma200" : 407.33,
    "volume" : 1397671.00
  }, {
    "date" : "2025-04-04",
    "price" : 364.40,
    "dma50" : 367.58,
    "dma100" : null,
    "dma200" : 406.90,
    "volume" : 2665279.00
  }, {
    "date" : "2025-04-07",
    "price" : 353.40,
    "dma50" : 367.02,
    "dma100" : null,
    "dma200" : 406.37,
    "volume" : 4410101.00
  }, {
    "date" : "2025-04-08",
    "price" : 357.65,
    "dma50" : 366.66,
    "dma100" : null,
    "dma200" : 405.89,
    "volume" : 1907536.00
  }, {
    "date" : "2025-04-09",
    "price" : 364.35,
    "dma50" : 366.57,
    "dma100" : null,
    "dma200" : 405.47,
    "volume" : 2535710.00
  }, {
    "date" : "2025-04-11",
    "price" : 369.30,
    "dma50" : 366.67,
    "dma100" : null,
    "dma200" : 405.11,
    "volume" : 1558802.00
  }, {
    "date" : "2025-04-15",
    "price" : 379.70,
    "dma50" : 367.18,
    "dma100" : null,
    "dma200" : 404.86,
    "volume" : 2254816.00
  }, {
    "date" : "2025-04-16",
    "price" : 377.00,
    "dma50" : 367.57,
    "dma100" : null,
    "dma200" : 404.58,
    "volume" : 3206503.00
  }, {
    "date" : "2025-04-17",
    "price" : 375.30,
    "dma50" : 367.87,
    "dma100" : null,
    "dma200" : 404.29,
    "volume" : 4470009.00
  }, {
    "date" : "2025-04-21",
    "price" : 383.90,
    "dma50" : 368.50,
    "dma100" : null,
    "dma200" : 404.09,
    "volume" : 4302453.00
  }, {
    "date" : "2025-04-22",
    "price" : 380.95,
    "dma50" : 368.99,
    "dma100" : null,
    "dma200" : 403.86,
    "volume" : 2628654.00
  }, {
    "date" : "2025-04-23",
    "price" : 380.80,
    "dma50" : 369.45,
    "dma100" : null,
    "dma200" : 403.63,
    "volume" : 1637593.00
  }, {
    "date" : "2025-04-24",
    "price" : 382.45,
    "dma50" : 369.96,
    "dma100" : null,
    "dma200" : 403.42,
    "volume" : 1888642.00
  }, {
    "date" : "2025-04-25",
    "price" : 370.50,
    "dma50" : 369.98,
    "dma100" : null,
    "dma200" : 403.09,
    "volume" : 2861057.00
  }, {
    "date" : "2025-04-28",
    "price" : 377.30,
    "dma50" : 370.27,
    "dma100" : null,
    "dma200" : 402.83,
    "volume" : 3437295.00
  }, {
    "date" : "2025-04-29",
    "price" : 369.95,
    "dma50" : 370.26,
    "dma100" : null,
    "dma200" : 402.51,
    "volume" : 4584468.00
  }, {
    "date" : "2025-04-30",
    "price" : 351.75,
    "dma50" : 369.53,
    "dma100" : null,
    "dma200" : 402.00,
    "volume" : 8225944.00
  }, {
    "date" : "2025-05-02",
    "price" : 355.15,
    "dma50" : 368.97,
    "dma100" : null,
    "dma200" : 401.54,
    "volume" : 3689199.00
  }, {
    "date" : "2025-05-05",
    "price" : 366.15,
    "dma50" : 368.86,
    "dma100" : null,
    "dma200" : 401.18,
    "volume" : 3548370.00
  }, {
    "date" : "2025-05-06",
    "price" : 370.25,
    "dma50" : 368.91,
    "dma100" : null,
    "dma200" : 400.88,
    "volume" : 5201312.00
  }, {
    "date" : "2025-05-07",
    "price" : 376.05,
    "dma50" : 369.19,
    "dma100" : null,
    "dma200" : 400.63,
    "volume" : 3065296.00
  }, {
    "date" : "2025-05-08",
    "price" : 360.85,
    "dma50" : 368.86,
    "dma100" : null,
    "dma200" : 400.23,
    "volume" : 2420211.00
  }, {
    "date" : "2025-05-09",
    "price" : 360.95,
    "dma50" : 368.55,
    "dma100" : null,
    "dma200" : 399.84,
    "volume" : 1903645.00
  }, {
    "date" : "2025-05-12",
    "price" : 378.05,
    "dma50" : 368.93,
    "dma100" : null,
    "dma200" : 399.63,
    "volume" : 2389352.00
  }, {
    "date" : "2025-05-13",
    "price" : 375.10,
    "dma50" : 369.17,
    "dma100" : null,
    "dma200" : 399.38,
    "volume" : 1471528.00
  }, {
    "date" : "2025-05-14",
    "price" : 382.85,
    "dma50" : 369.71,
    "dma100" : null,
    "dma200" : 399.22,
    "volume" : 2328160.00
  }, {
    "date" : "2025-05-15",
    "price" : 383.85,
    "dma50" : 370.26,
    "dma100" : null,
    "dma200" : 399.06,
    "volume" : 2367381.00
  }, {
    "date" : "2025-05-16",
    "price" : 393.05,
    "dma50" : 371.15,
    "dma100" : null,
    "dma200" : 399.00,
    "volume" : 3240801.00
  }, {
    "date" : "2025-05-19",
    "price" : 392.80,
    "dma50" : 372.00,
    "dma100" : null,
    "dma200" : 398.94,
    "volume" : 2459516.00
  }, {
    "date" : "2025-05-20",
    "price" : 383.35,
    "dma50" : 372.45,
    "dma100" : null,
    "dma200" : 398.79,
    "volume" : 2366049.00
  }, {
    "date" : "2025-05-21",
    "price" : 384.80,
    "dma50" : 372.93,
    "dma100" : null,
    "dma200" : 398.65,
    "volume" : 1476640.00
  }, {
    "date" : "2025-05-22",
    "price" : 382.40,
    "dma50" : 373.30,
    "dma100" : null,
    "dma200" : 398.49,
    "volume" : 1846255.00
  }, {
    "date" : "2025-05-23",
    "price" : 382.15,
    "dma50" : 373.65,
    "dma100" : null,
    "dma200" : 398.32,
    "volume" : 2065082.00
  }, {
    "date" : "2025-05-26",
    "price" : 386.80,
    "dma50" : 374.17,
    "dma100" : null,
    "dma200" : 398.21,
    "volume" : 1315739.00
  }, {
    "date" : "2025-05-27",
    "price" : 385.20,
    "dma50" : 374.60,
    "dma100" : null,
    "dma200" : 398.08,
    "volume" : 3083674.00
  }, {
    "date" : "2025-05-28",
    "price" : 386.70,
    "dma50" : 375.07,
    "dma100" : null,
    "dma200" : 397.97,
    "volume" : 1873749.00
  }, {
    "date" : "2025-05-29",
    "price" : 388.80,
    "dma50" : 375.61,
    "dma100" : null,
    "dma200" : 397.88,
    "volume" : 1863236.00
  }, {
    "date" : "2025-05-30",
    "price" : 386.85,
    "dma50" : 376.05,
    "dma100" : null,
    "dma200" : 397.77,
    "volume" : 2054738.00
  }, {
    "date" : "2025-06-02",
    "price" : 387.35,
    "dma50" : 376.50,
    "dma100" : null,
    "dma200" : 397.66,
    "volume" : 1612493.00
  }, {
    "date" : "2025-06-03",
    "price" : 386.20,
    "dma50" : 376.88,
    "dma100" : null,
    "dma200" : 397.55,
    "volume" : 1524296.00
  }, {
    "date" : "2025-06-04",
    "price" : 388.90,
    "dma50" : 377.35,
    "dma100" : null,
    "dma200" : 397.46,
    "volume" : 2183442.00
  }, {
    "date" : "2025-06-05",
    "price" : 391.15,
    "dma50" : 377.89,
    "dma100" : null,
    "dma200" : 397.40,
    "volume" : 2494512.00
  }, {
    "date" : "2025-06-06",
    "price" : 393.30,
    "dma50" : 378.49,
    "dma100" : null,
    "dma200" : 397.36,
    "volume" : 1933886.00
  }, {
    "date" : "2025-06-09",
    "price" : 400.80,
    "dma50" : 379.37,
    "dma100" : null,
    "dma200" : 397.39,
    "volume" : 3826838.00
  }, {
    "date" : "2025-06-10",
    "price" : 403.80,
    "dma50" : 380.33,
    "dma100" : null,
    "dma200" : 397.46,
    "volume" : 5411105.00
  }, {
    "date" : "2025-06-11",
    "price" : 405.55,
    "dma50" : 381.32,
    "dma100" : null,
    "dma200" : 397.54,
    "volume" : 3778772.00
  }, {
    "date" : "2025-06-12",
    "price" : 394.35,
    "dma50" : 381.83,
    "dma100" : null,
    "dma200" : 397.50,
    "volume" : 3101566.00
  }, {
    "date" : "2025-06-13",
    "price" : 384.85,
    "dma50" : 381.94,
    "dma100" : null,
    "dma200" : 397.38,
    "volume" : 1882223.00
  }, {
    "date" : "2025-06-16",
    "price" : 384.30,
    "dma50" : 382.04,
    "dma100" : null,
    "dma200" : 397.25,
    "volume" : 2451419.00
  }, {
    "date" : "2025-06-17",
    "price" : 382.95,
    "dma50" : 382.07,
    "dma100" : null,
    "dma200" : 397.11,
    "volume" : 1339990.00
  }, {
    "date" : "2025-06-18",
    "price" : 378.15,
    "dma50" : 381.92,
    "dma100" : null,
    "dma200" : 396.92,
    "volume" : 1102204.00
  }, {
    "date" : "2025-06-19",
    "price" : 374.75,
    "dma50" : 381.64,
    "dma100" : null,
    "dma200" : 396.70,
    "volume" : 2740457.00
  }, {
    "date" : "2025-06-20",
    "price" : 380.25,
    "dma50" : 381.58,
    "dma100" : null,
    "dma200" : 396.53,
    "volume" : 3132915.00
  }, {
    "date" : "2025-06-23",
    "price" : 378.30,
    "dma50" : 381.45,
    "dma100" : null,
    "dma200" : 396.35,
    "volume" : 4133450.00
  }, {
    "date" : "2025-06-24",
    "price" : 384.60,
    "dma50" : 381.58,
    "dma100" : null,
    "dma200" : 396.24,
    "volume" : 2149402.00
  }, {
    "date" : "2025-06-25",
    "price" : 385.80,
    "dma50" : 381.74,
    "dma100" : null,
    "dma200" : 396.13,
    "volume" : 2754855.00
  }, {
    "date" : "2025-06-26",
    "price" : 388.85,
    "dma50" : 382.02,
    "dma100" : null,
    "dma200" : 396.06,
    "volume" : 2545425.00
  }, {
    "date" : "2025-06-27",
    "price" : 388.45,
    "dma50" : 382.27,
    "dma100" : null,
    "dma200" : 395.98,
    "volume" : 2577381.00
  }, {
    "date" : "2025-06-30",
    "price" : 387.75,
    "dma50" : 382.49,
    "dma100" : null,
    "dma200" : 395.90,
    "volume" : 2311578.00
  }, {
    "date" : "2025-07-01",
    "price" : 385.85,
    "dma50" : 382.62,
    "dma100" : null,
    "dma200" : 395.80,
    "volume" : 840991.00
  }, {
    "date" : "2025-07-02",
    "price" : 382.85,
    "dma50" : 382.63,
    "dma100" : null,
    "dma200" : 395.67,
    "volume" : 2247276.00
  }, {
    "date" : "2025-07-03",
    "price" : 382.90,
    "dma50" : 382.64,
    "dma100" : null,
    "dma200" : 395.55,
    "volume" : 2495596.00
  }, {
    "date" : "2025-07-04",
    "price" : 383.45,
    "dma50" : 382.67,
    "dma100" : null,
    "dma200" : 395.43,
    "volume" : 2428814.00
  }, {
    "date" : "2025-07-07",
    "price" : 386.15,
    "dma50" : 382.81,
    "dma100" : null,
    "dma200" : 395.33,
    "volume" : 1389070.00
  }, {
    "date" : "2025-07-08",
    "price" : 388.70,
    "dma50" : 383.04,
    "dma100" : null,
    "dma200" : 395.27,
    "volume" : 1397940.00
  }, {
    "date" : "2025-07-09",
    "price" : 387.50,
    "dma50" : 383.21,
    "dma100" : null,
    "dma200" : 395.19,
    "volume" : 1849201.00
  }, {
    "date" : "2025-07-10",
    "price" : 388.95,
    "dma50" : 383.44,
    "dma100" : 372.67,
    "dma200" : 395.13,
    "volume" : 1320121.00
  }, {
    "date" : "2025-07-11",
    "price" : 380.65,
    "dma50" : 383.33,
    "dma100" : 372.82,
    "dma200" : 394.98,
    "volume" : 1312321.00
  }, {
    "date" : "2025-07-14",
    "price" : 383.35,
    "dma50" : 383.33,
    "dma100" : 372.98,
    "dma200" : 394.87,
    "volume" : 970176.00
  }, {
    "date" : "2025-07-15",
    "price" : 386.50,
    "dma50" : 383.46,
    "dma100" : 373.26,
    "dma200" : 394.78,
    "volume" : 972269.00
  }, {
    "date" : "2025-07-16",
    "price" : 385.95,
    "dma50" : 383.55,
    "dma100" : 373.50,
    "dma200" : 394.70,
    "volume" : 2417024.00
  }, {
    "date" : "2025-07-17",
    "price" : 383.55,
    "dma50" : 383.55,
    "dma100" : 373.73,
    "dma200" : 394.59,
    "volume" : 2181590.00
  }, {
    "date" : "2025-07-18",
    "price" : 384.05,
    "dma50" : 383.57,
    "dma100" : 373.93,
    "dma200" : 394.48,
    "volume" : 2051126.00
  }, {
    "date" : "2025-07-21",
    "price" : 389.10,
    "dma50" : 383.79,
    "dma100" : 374.07,
    "dma200" : 394.43,
    "volume" : 2596512.00
  }, {
    "date" : "2025-07-22",
    "price" : 394.25,
    "dma50" : 384.20,
    "dma100" : 374.36,
    "dma200" : 394.43,
    "volume" : 3264329.00
  }, {
    "date" : "2025-07-23",
    "price" : 391.75,
    "dma50" : 384.50,
    "dma100" : 374.64,
    "dma200" : 394.40,
    "volume" : 2067666.00
  }, {
    "date" : "2025-07-24",
    "price" : 391.20,
    "dma50" : 384.76,
    "dma100" : 374.91,
    "dma200" : 394.37,
    "volume" : 1899796.00
  }, {
    "date" : "2025-07-25",
    "price" : 380.60,
    "dma50" : 384.60,
    "dma100" : 375.17,
    "dma200" : 394.23,
    "volume" : 1598411.00
  }, {
    "date" : "2025-07-28",
    "price" : 382.10,
    "dma50" : 384.50,
    "dma100" : 375.51,
    "dma200" : 394.11,
    "volume" : 1552656.00
  }, {
    "date" : "2025-07-29",
    "price" : 391.70,
    "dma50" : 384.78,
    "dma100" : 375.97,
    "dma200" : 394.09,
    "volume" : 2294797.00
  }, {
    "date" : "2025-07-30",
    "price" : 391.05,
    "dma50" : 385.03,
    "dma100" : 376.42,
    "dma200" : 394.06,
    "volume" : 1052513.00
  }, {
    "date" : "2025-07-31",
    "price" : 384.30,
    "dma50" : 385.00,
    "dma100" : 376.70,
    "dma200" : 393.96,
    "volume" : 1422418.00
  }, {
    "date" : "2025-08-01",
    "price" : 379.25,
    "dma50" : 384.77,
    "dma100" : 376.94,
    "dma200" : 393.81,
    "volume" : 2248638.00
  }, {
    "date" : "2025-08-04",
    "price" : 390.80,
    "dma50" : 385.01,
    "dma100" : 377.29,
    "dma200" : 393.78,
    "volume" : 2280270.00
  }, {
    "date" : "2025-08-05",
    "price" : 384.75,
    "dma50" : 385.00,
    "dma100" : 377.66,
    "dma200" : 393.69,
    "volume" : 6940884.00
  }, {
    "date" : "2025-08-06",
    "price" : 381.55,
    "dma50" : 384.86,
    "dma100" : 378.03,
    "dma200" : 393.57,
    "volume" : 4640423.00
  }, {
    "date" : "2025-08-07",
    "price" : 379.90,
    "dma50" : 384.67,
    "dma100" : 378.43,
    "dma200" : 393.44,
    "volume" : 2638815.00
  }, {
    "date" : "2025-08-08",
    "price" : 375.65,
    "dma50" : 384.31,
    "dma100" : 378.85,
    "dma200" : 393.26,
    "volume" : 1765200.00
  }, {
    "date" : "2025-08-11",
    "price" : 377.65,
    "dma50" : 384.05,
    "dma100" : 379.29,
    "dma200" : 393.10,
    "volume" : 2444620.00
  }, {
    "date" : "2025-08-12",
    "price" : 376.40,
    "dma50" : 383.75,
    "dma100" : 379.62,
    "dma200" : 392.94,
    "volume" : 2028958.00
  }, {
    "date" : "2025-08-13",
    "price" : 375.70,
    "dma50" : 383.44,
    "dma100" : 379.88,
    "dma200" : 392.77,
    "volume" : 2051295.00
  }, {
    "date" : "2025-08-14",
    "price" : 374.45,
    "dma50" : 383.08,
    "dma100" : 380.07,
    "dma200" : 392.58,
    "volume" : 1292194.00
  }, {
    "date" : "2025-08-18",
    "price" : 376.30,
    "dma50" : 382.82,
    "dma100" : 380.24,
    "dma200" : 392.42,
    "volume" : 3261765.00
  }, {
    "date" : "2025-08-19",
    "price" : 392.80,
    "dma50" : 383.21,
    "dma100" : 380.51,
    "dma200" : 392.42,
    "volume" : 24929372.00
  }, {
    "date" : "2025-08-20",
    "price" : 396.30,
    "dma50" : 383.72,
    "dma100" : 380.87,
    "dma200" : 392.46,
    "volume" : 4492821.00
  }, {
    "date" : "2025-08-21",
    "price" : 400.45,
    "dma50" : 384.38,
    "dma100" : 381.29,
    "dma200" : 392.54,
    "volume" : 4272948.00
  }, {
    "date" : "2025-08-22",
    "price" : 396.05,
    "dma50" : 384.84,
    "dma100" : 381.65,
    "dma200" : 392.58,
    "volume" : 1933687.00
  }, {
    "date" : "2025-08-25",
    "price" : 400.25,
    "dma50" : 385.44,
    "dma100" : 382.05,
    "dma200" : 392.65,
    "volume" : 2625889.00
  }, {
    "date" : "2025-08-26",
    "price" : 396.80,
    "dma50" : 385.89,
    "dma100" : 382.37,
    "dma200" : 392.70,
    "volume" : 2638027.00
  }, {
    "date" : "2025-08-28",
    "price" : 394.00,
    "dma50" : 386.21,
    "dma100" : 382.59,
    "dma200" : 392.71,
    "volume" : 2580786.00
  }, {
    "date" : "2025-08-29",
    "price" : 396.25,
    "dma50" : 386.60,
    "dma100" : 382.83,
    "dma200" : 392.74,
    "volume" : 2322657.00
  }, {
    "date" : "2025-09-01",
    "price" : 412.25,
    "dma50" : 387.61,
    "dma100" : 383.31,
    "dma200" : 392.94,
    "volume" : 5116341.00
  }, {
    "date" : "2025-09-02",
    "price" : 416.20,
    "dma50" : 388.73,
    "dma100" : 383.94,
    "dma200" : 393.17,
    "volume" : 5276233.00
  }, {
    "date" : "2025-09-03",
    "price" : 419.10,
    "dma50" : 389.92,
    "dma100" : 384.55,
    "dma200" : 393.43,
    "volume" : 2336612.00
  }, {
    "date" : "2025-09-04",
    "price" : 405.65,
    "dma50" : 390.53,
    "dma100" : 384.96,
    "dma200" : 393.55,
    "volume" : 3431369.00
  }, {
    "date" : "2025-09-05",
    "price" : 412.75,
    "dma50" : 391.41,
    "dma100" : 385.40,
    "dma200" : 393.74,
    "volume" : 1982577.00
  }, {
    "date" : "2025-09-08",
    "price" : 427.35,
    "dma50" : 392.82,
    "dma100" : 385.87,
    "dma200" : 394.07,
    "volume" : 4693810.00
  }, {
    "date" : "2025-09-09",
    "price" : 426.75,
    "dma50" : 394.15,
    "dma100" : 386.37,
    "dma200" : 394.40,
    "volume" : 2517342.00
  }, {
    "date" : "2025-09-10",
    "price" : 422.25,
    "dma50" : 395.25,
    "dma100" : 386.84,
    "dma200" : 394.68,
    "volume" : 2666622.00
  }, {
    "date" : "2025-09-11",
    "price" : 422.70,
    "dma50" : 396.32,
    "dma100" : 387.23,
    "dma200" : 394.96,
    "volume" : 1568260.00
  }, {
    "date" : "2025-09-12",
    "price" : 418.55,
    "dma50" : 397.20,
    "dma100" : 387.61,
    "dma200" : 395.19,
    "volume" : 1961580.00
  }, {
    "date" : "2025-09-15",
    "price" : 415.65,
    "dma50" : 397.92,
    "dma100" : 387.95,
    "dma200" : 395.39,
    "volume" : 1105589.00
  }, {
    "date" : "2025-09-16",
    "price" : 418.20,
    "dma50" : 398.72,
    "dma100" : 388.31,
    "dma200" : 395.62,
    "volume" : 1656618.00
  }, {
    "date" : "2025-09-17",
    "price" : 418.80,
    "dma50" : 399.50,
    "dma100" : 388.79,
    "dma200" : 395.85,
    "volume" : 1100609.00
  }, {
    "date" : "2025-09-18",
    "price" : 425.15,
    "dma50" : 400.51,
    "dma100" : 389.27,
    "dma200" : 396.14,
    "volume" : 2216109.00
  }, {
    "date" : "2025-09-19",
    "price" : 414.50,
    "dma50" : 401.06,
    "dma100" : 389.72,
    "dma200" : 396.33,
    "volume" : 4120212.00
  }, {
    "date" : "2025-09-22",
    "price" : 403.85,
    "dma50" : 401.17,
    "dma100" : 390.24,
    "dma200" : 396.40,
    "volume" : 2706569.00
  }, {
    "date" : "2025-09-23",
    "price" : 403.25,
    "dma50" : 401.25,
    "dma100" : 390.72,
    "dma200" : 396.47,
    "volume" : 2231508.00
  }, {
    "date" : "2025-09-24",
    "price" : 399.60,
    "dma50" : 401.18,
    "dma100" : 391.06,
    "dma200" : 396.50,
    "volume" : 1735573.00
  }, {
    "date" : "2025-09-25",
    "price" : 393.15,
    "dma50" : 400.87,
    "dma100" : 391.28,
    "dma200" : 396.47,
    "volume" : 2664557.00
  }, {
    "date" : "2025-09-26",
    "price" : 388.80,
    "dma50" : 400.40,
    "dma100" : 391.41,
    "dma200" : 396.39,
    "volume" : 2440267.00
  }, {
    "date" : "2025-09-29",
    "price" : 388.55,
    "dma50" : 399.93,
    "dma100" : 391.69,
    "dma200" : 396.31,
    "volume" : 1455911.00
  }, {
    "date" : "2025-09-30",
    "price" : 390.75,
    "dma50" : 399.57,
    "dma100" : 391.99,
    "dma200" : 396.26,
    "volume" : 1856198.00
  }, {
    "date" : "2025-10-01",
    "price" : 395.05,
    "dma50" : 399.39,
    "dma100" : 392.16,
    "dma200" : 396.24,
    "volume" : 1485410.00
  }, {
    "date" : "2025-10-03",
    "price" : 398.05,
    "dma50" : 399.34,
    "dma100" : 392.39,
    "dma200" : 396.26,
    "volume" : 1809841.00
  }, {
    "date" : "2025-10-06",
    "price" : 399.95,
    "dma50" : 399.36,
    "dma100" : 392.56,
    "dma200" : 396.30,
    "volume" : 1426684.00
  }, {
    "date" : "2025-10-07",
    "price" : 402.85,
    "dma50" : 399.50,
    "dma100" : 392.75,
    "dma200" : 396.36,
    "volume" : 2023140.00
  }, {
    "date" : "2025-10-08",
    "price" : 398.35,
    "dma50" : 399.46,
    "dma100" : 392.80,
    "dma200" : 396.38,
    "volume" : 1179099.00
  }, {
    "date" : "2025-10-09",
    "price" : 397.60,
    "dma50" : 399.38,
    "dma100" : 392.85,
    "dma200" : 396.40,
    "volume" : 1776369.00
  }, {
    "date" : "2025-10-10",
    "price" : 400.65,
    "dma50" : 399.43,
    "dma100" : 393.02,
    "dma200" : 396.44,
    "volume" : 1896213.00
  }, {
    "date" : "2025-10-13",
    "price" : 398.50,
    "dma50" : 399.40,
    "dma100" : 393.16,
    "dma200" : 396.46,
    "volume" : 1164783.00
  }, {
    "date" : "2025-10-14",
    "price" : 393.15,
    "dma50" : 399.15,
    "dma100" : 393.27,
    "dma200" : 396.43,
    "volume" : 1870582.00
  }, {
    "date" : "2025-10-15",
    "price" : 390.60,
    "dma50" : 398.82,
    "dma100" : 393.35,
    "dma200" : 396.37,
    "volume" : 1652657.00
  }, {
    "date" : "2025-10-16",
    "price" : 397.85,
    "dma50" : 398.78,
    "dma100" : 393.46,
    "dma200" : 396.38,
    "volume" : 1584384.00
  }, {
    "date" : "2025-10-17",
    "price" : 400.95,
    "dma50" : 398.86,
    "dma100" : 393.62,
    "dma200" : 396.43,
    "volume" : 3316029.00
  }, {
    "date" : "2025-10-20",
    "price" : 398.85,
    "dma50" : 398.86,
    "dma100" : 393.74,
    "dma200" : 396.45,
    "volume" : 1134465.00
  }, {
    "date" : "2025-10-21",
    "price" : 399.35,
    "dma50" : 398.88,
    "dma100" : 393.85,
    "dma200" : 396.48,
    "volume" : 410100.00
  }, {
    "date" : "2025-10-23",
    "price" : 392.15,
    "dma50" : 398.62,
    "dma100" : 393.90,
    "dma200" : 396.44,
    "volume" : 1994597.00
  }, {
    "date" : "2025-10-24",
    "price" : 388.70,
    "dma50" : 398.23,
    "dma100" : 393.91,
    "dma200" : 396.36,
    "volume" : 3065227.00
  }, {
    "date" : "2025-10-27",
    "price" : 379.95,
    "dma50" : 397.51,
    "dma100" : 393.85,
    "dma200" : 396.20,
    "volume" : 4413261.00
  }, {
    "date" : "2025-10-28",
    "price" : 380.70,
    "dma50" : 396.85,
    "dma100" : 393.77,
    "dma200" : 396.04,
    "volume" : 4383761.00
  }, {
    "date" : "2025-10-29",
    "price" : 384.60,
    "dma50" : 396.37,
    "dma100" : 393.70,
    "dma200" : 395.93,
    "volume" : 2445599.00
  }, {
    "date" : "2025-10-30",
    "price" : 383.05,
    "dma50" : 395.85,
    "dma100" : 393.60,
    "dma200" : 395.80,
    "volume" : 4031245.00
  }, {
    "date" : "2025-10-31",
    "price" : 381.90,
    "dma50" : 395.30,
    "dma100" : 393.41,
    "dma200" : 395.66,
    "volume" : 1922984.00
  }, {
    "date" : "2025-11-03",
    "price" : 383.30,
    "dma50" : 394.83,
    "dma100" : 393.21,
    "dma200" : 395.54,
    "volume" : 1236331.00
  }, {
    "date" : "2025-11-04",
    "price" : 379.70,
    "dma50" : 394.24,
    "dma100" : 392.95,
    "dma200" : 395.38,
    "volume" : 2232428.00
  }, {
    "date" : "2025-11-06",
    "price" : 379.85,
    "dma50" : 393.67,
    "dma100" : 392.80,
    "dma200" : 395.23,
    "volume" : 1577235.00
  }, {
    "date" : "2025-11-07",
    "price" : 377.35,
    "dma50" : 393.03,
    "dma100" : 392.73,
    "dma200" : 395.05,
    "volume" : 1659870.00
  }, {
    "date" : "2025-11-10",
    "price" : 379.10,
    "dma50" : 392.49,
    "dma100" : 392.67,
    "dma200" : 394.89,
    "volume" : 1209223.00
  }, {
    "date" : "2025-11-11",
    "price" : 377.00,
    "dma50" : 391.88,
    "dma100" : 392.62,
    "dma200" : 394.71,
    "volume" : 1350782.00
  }, {
    "date" : "2025-11-12",
    "price" : 380.40,
    "dma50" : 391.43,
    "dma100" : 392.64,
    "dma200" : 394.57,
    "volume" : 1427606.00
  }, {
    "date" : "2025-11-13",
    "price" : 379.70,
    "dma50" : 390.97,
    "dma100" : 392.69,
    "dma200" : 394.42,
    "volume" : 1569782.00
  }, {
    "date" : "2025-11-14",
    "price" : 381.00,
    "dma50" : 390.58,
    "dma100" : 392.69,
    "dma200" : 394.29,
    "volume" : 1803324.00
  }, {
    "date" : "2025-11-17",
    "price" : 382.70,
    "dma50" : 390.27,
    "dma100" : 392.74,
    "dma200" : 394.17,
    "volume" : 3798502.00
  }, {
    "date" : "2025-11-18",
    "price" : 381.50,
    "dma50" : 389.93,
    "dma100" : 392.71,
    "dma200" : 394.05,
    "volume" : 1821363.00
  }, {
    "date" : "2025-11-19",
    "price" : 380.90,
    "dma50" : 389.57,
    "dma100" : 392.66,
    "dma200" : 393.92,
    "volume" : 1480793.00
  }, {
    "date" : "2025-11-20",
    "price" : 380.80,
    "dma50" : 389.23,
    "dma100" : 392.58,
    "dma200" : 393.79,
    "volume" : 1303172.00
  }, {
    "date" : "2025-11-21",
    "price" : 375.35,
    "dma50" : 388.68,
    "dma100" : 392.45,
    "dma200" : 393.60,
    "volume" : 1717820.00
  }, {
    "date" : "2025-11-24",
    "price" : 363.45,
    "dma50" : 387.69,
    "dma100" : 392.20,
    "dma200" : 393.30,
    "volume" : 2386647.00
  }, {
    "date" : "2025-11-25",
    "price" : 361.85,
    "dma50" : 386.68,
    "dma100" : 391.96,
    "dma200" : 392.99,
    "volume" : 1868491.00
  }, {
    "date" : "2025-11-26",
    "price" : 365.15,
    "dma50" : 385.84,
    "dma100" : 391.79,
    "dma200" : 392.71,
    "volume" : 3686787.00
  }, {
    "date" : "2025-11-27",
    "price" : 368.35,
    "dma50" : 385.15,
    "dma100" : 391.64,
    "dma200" : 392.47,
    "volume" : 1608921.00
  }, {
    "date" : "2025-11-28",
    "price" : 374.80,
    "dma50" : 384.75,
    "dma100" : 391.56,
    "dma200" : 392.30,
    "volume" : 1836149.00
  }, {
    "date" : "2025-12-01",
    "price" : 380.15,
    "dma50" : 384.56,
    "dma100" : 391.50,
    "dma200" : 392.17,
    "volume" : 2090924.00
  }, {
    "date" : "2025-12-02",
    "price" : 378.45,
    "dma50" : 384.33,
    "dma100" : 391.39,
    "dma200" : 392.04,
    "volume" : 1351435.00
  }, {
    "date" : "2025-12-03",
    "price" : 372.65,
    "dma50" : 383.87,
    "dma100" : 391.24,
    "dma200" : 391.84,
    "volume" : 2386720.00
  }, {
    "date" : "2025-12-04",
    "price" : 380.35,
    "dma50" : 383.73,
    "dma100" : 391.16,
    "dma200" : 391.73,
    "volume" : 2398667.00
  }, {
    "date" : "2025-12-05",
    "price" : 380.15,
    "dma50" : 383.59,
    "dma100" : 391.15,
    "dma200" : 391.62,
    "volume" : 990246.00
  }, {
    "date" : "2025-12-08",
    "price" : 373.25,
    "dma50" : 383.18,
    "dma100" : 391.05,
    "dma200" : 391.43,
    "volume" : 2546697.00
  }, {
    "date" : "2025-12-09",
    "price" : 373.40,
    "dma50" : 382.80,
    "dma100" : 390.92,
    "dma200" : 391.25,
    "volume" : 1272112.00
  }, {
    "date" : "2025-12-10",
    "price" : 370.40,
    "dma50" : 382.31,
    "dma100" : 390.77,
    "dma200" : 391.05,
    "volume" : 1233160.00
  }, {
    "date" : "2025-12-11",
    "price" : 374.60,
    "dma50" : 382.01,
    "dma100" : 390.68,
    "dma200" : 390.88,
    "volume" : 1007923.00
  }, {
    "date" : "2025-12-12",
    "price" : 373.75,
    "dma50" : 381.69,
    "dma100" : 390.57,
    "dma200" : 390.71,
    "volume" : 1065517.00
  }, {
    "date" : "2025-12-15",
    "price" : 372.45,
    "dma50" : 381.32,
    "dma100" : 390.41,
    "dma200" : 390.53,
    "volume" : 732616.00
  }, {
    "date" : "2025-12-16",
    "price" : 366.25,
    "dma50" : 380.73,
    "dma100" : 390.13,
    "dma200" : 390.29,
    "volume" : 1450168.00
  }, {
    "date" : "2025-12-17",
    "price" : 363.80,
    "dma50" : 380.07,
    "dma100" : 389.85,
    "dma200" : 390.02,
    "volume" : 990424.00
  }, {
    "date" : "2025-12-18",
    "price" : 359.05,
    "dma50" : 379.25,
    "dma100" : 389.53,
    "dma200" : 389.72,
    "volume" : 1107291.00
  }, {
    "date" : "2025-12-19",
    "price" : 363.25,
    "dma50" : 378.62,
    "dma100" : 389.35,
    "dma200" : 389.45,
    "volume" : 1765793.00
  }, {
    "date" : "2025-12-22",
    "price" : 366.25,
    "dma50" : 378.13,
    "dma100" : 389.19,
    "dma200" : 389.22,
    "volume" : 1369379.00
  }, {
    "date" : "2025-12-23",
    "price" : 370.05,
    "dma50" : 377.82,
    "dma100" : 388.98,
    "dma200" : 389.03,
    "volume" : 1302056.00
  }, {
    "date" : "2025-12-24",
    "price" : 367.15,
    "dma50" : 377.40,
    "dma100" : 388.74,
    "dma200" : 388.81,
    "volume" : 754082.00
  }, {
    "date" : "2025-12-26",
    "price" : 365.15,
    "dma50" : 376.92,
    "dma100" : 388.55,
    "dma200" : 388.58,
    "volume" : 494243.00
  }, {
    "date" : "2025-12-29",
    "price" : 361.90,
    "dma50" : 376.33,
    "dma100" : 388.37,
    "dma200" : 388.31,
    "volume" : 617735.00
  }, {
    "date" : "2025-12-30",
    "price" : 357.85,
    "dma50" : 375.60,
    "dma100" : 388.04,
    "dma200" : 388.01,
    "volume" : 770130.00
  }, {
    "date" : "2025-12-31",
    "price" : 362.20,
    "dma50" : 375.08,
    "dma100" : 387.82,
    "dma200" : 387.75,
    "volume" : 757394.00
  }, {
    "date" : "2026-01-01",
    "price" : 363.25,
    "dma50" : 374.61,
    "dma100" : 387.64,
    "dma200" : 387.51,
    "volume" : 647360.00
  }, {
    "date" : "2026-01-02",
    "price" : 367.70,
    "dma50" : 374.34,
    "dma100" : 387.51,
    "dma200" : 387.31,
    "volume" : 1137634.00
  }, {
    "date" : "2026-01-05",
    "price" : 367.30,
    "dma50" : 374.07,
    "dma100" : 387.43,
    "dma200" : 387.11,
    "volume" : 2696822.00
  }, {
    "date" : "2026-01-06",
    "price" : 363.80,
    "dma50" : 373.66,
    "dma100" : 387.29,
    "dma200" : 386.88,
    "volume" : 1002588.00
  }, {
    "date" : "2026-01-07",
    "price" : 359.40,
    "dma50" : 373.11,
    "dma100" : 387.12,
    "dma200" : 386.61,
    "volume" : 1178201.00
  }, {
    "date" : "2026-01-08",
    "price" : 352.80,
    "dma50" : 372.31,
    "dma100" : 386.89,
    "dma200" : 386.27,
    "volume" : 1450034.00
  }, {
    "date" : "2026-01-09",
    "price" : 346.45,
    "dma50" : 371.29,
    "dma100" : 386.61,
    "dma200" : 385.87,
    "volume" : 1247857.00
  }, {
    "date" : "2026-01-12",
    "price" : 349.70,
    "dma50" : 370.45,
    "dma100" : 386.35,
    "dma200" : 385.51,
    "volume" : 2172562.00
  }, {
    "date" : "2026-01-13",
    "price" : 346.00,
    "dma50" : 369.49,
    "dma100" : 385.88,
    "dma200" : 385.12,
    "volume" : 1009635.00
  }, {
    "date" : "2026-01-14",
    "price" : 345.35,
    "dma50" : 368.54,
    "dma100" : 385.37,
    "dma200" : 384.73,
    "volume" : 1079006.00
  }, {
    "date" : "2026-01-16",
    "price" : 344.10,
    "dma50" : 367.58,
    "dma100" : 384.81,
    "dma200" : 384.32,
    "volume" : 999989.00
  }, {
    "date" : "2026-01-19",
    "price" : 342.30,
    "dma50" : 366.59,
    "dma100" : 384.27,
    "dma200" : 383.90,
    "volume" : 909364.00
  }, {
    "date" : "2026-01-20",
    "price" : 330.50,
    "dma50" : 365.18,
    "dma100" : 383.57,
    "dma200" : 383.37,
    "volume" : 1328618.00
  }, {
    "date" : "2026-01-21",
    "price" : 325.95,
    "dma50" : 363.64,
    "dma100" : 382.86,
    "dma200" : 382.80,
    "volume" : 2939996.00
  }, {
    "date" : "2026-01-22",
    "price" : 334.25,
    "dma50" : 362.49,
    "dma100" : 382.26,
    "dma200" : 382.32,
    "volume" : 1397950.00
  }, {
    "date" : "2026-01-23",
    "price" : 325.20,
    "dma50" : 361.02,
    "dma100" : 381.55,
    "dma200" : 381.75,
    "volume" : 1221690.00
  }, {
    "date" : "2026-01-27",
    "price" : 323.25,
    "dma50" : 359.54,
    "dma100" : 380.66,
    "dma200" : 381.17,
    "volume" : 1651922.00
  }, {
    "date" : "2026-01-28",
    "price" : 321.15,
    "dma50" : 358.04,
    "dma100" : 379.71,
    "dma200" : 380.57,
    "volume" : 2541186.00
  }, {
    "date" : "2026-01-29",
    "price" : 320.85,
    "dma50" : 356.58,
    "dma100" : 378.73,
    "dma200" : 379.98,
    "volume" : 4624479.00
  }, {
    "date" : "2026-01-30",
    "price" : 321.60,
    "dma50" : 355.21,
    "dma100" : 377.89,
    "dma200" : 379.39,
    "volume" : 3853300.00
  }, {
    "date" : "2026-02-01",
    "price" : 316.65,
    "dma50" : 353.70,
    "dma100" : 376.93,
    "dma200" : 378.77,
    "volume" : 1743350.00
  }, {
    "date" : "2026-02-02",
    "price" : 321.20,
    "dma50" : 352.42,
    "dma100" : 375.87,
    "dma200" : 378.20,
    "volume" : 2087622.00
  }, {
    "date" : "2026-02-03",
    "price" : 328.00,
    "dma50" : 351.46,
    "dma100" : 374.88,
    "dma200" : 377.70,
    "volume" : 3219873.00
  }, {
    "date" : "2026-02-04",
    "price" : 341.50,
    "dma50" : 351.07,
    "dma100" : 374.07,
    "dma200" : 377.34,
    "volume" : 9000214.00
  }, {
    "date" : "2026-02-05",
    "price" : 336.80,
    "dma50" : 350.51,
    "dma100" : 373.21,
    "dma200" : 376.93,
    "volume" : 1160108.00
  }, {
    "date" : "2026-02-06",
    "price" : 332.65,
    "dma50" : 349.81,
    "dma100" : 372.35,
    "dma200" : 376.49,
    "volume" : 1533344.00
  }, {
    "date" : "2026-02-09",
    "price" : 340.45,
    "dma50" : 349.44,
    "dma100" : 371.60,
    "dma200" : 376.14,
    "volume" : 1475898.00
  }, {
    "date" : "2026-02-10",
    "price" : 338.80,
    "dma50" : 349.03,
    "dma100" : 370.81,
    "dma200" : 375.76,
    "volume" : 1473711.00
  } ],
  "latestTechnicalAttributes" : {
    "date" : "2026-02-10",
    "price" : 338.80,
    "dma50" : 349.03,
    "dma100" : 370.81,
    "dma200" : 375.76,
    "volume" : 1473711.00
  },
  "quarterlyResults" : [ {
    "date" : "2005-03-31",
    "sales" : 310.96,
    "salesGrowthYoY" : null,
    "grossProfitMargin" : 40.48,
    "grossProfit" : 125.88,
    "operatingProfitMargin" : 13.09,
    "operatingProfit" : 40.70,
    "netProfitMargin" : 5.86,
    "netProfit" : 18.22
  }, {
    "date" : "2005-06-30",
    "sales" : 327.38,
    "salesGrowthYoY" : null,
    "grossProfitMargin" : 42.20,
    "grossProfit" : 138.15,
    "operatingProfitMargin" : 16.11,
    "operatingProfit" : 52.74,
    "netProfitMargin" : 7.40,
    "netProfit" : 24.23
  }, {
    "date" : "2005-09-30",
    "sales" : 336.42,
    "salesGrowthYoY" : null,
    "grossProfitMargin" : 46.57,
    "grossProfit" : 156.67,
    "operatingProfitMargin" : 18.11,
    "operatingProfit" : 60.93,
    "netProfitMargin" : 8.64,
    "netProfit" : 29.07
  }, {
    "date" : "2005-12-31",
    "sales" : 338.14,
    "salesGrowthYoY" : null,
    "grossProfitMargin" : 43.72,
    "grossProfit" : 147.83,
    "operatingProfitMargin" : 15.43,
    "operatingProfit" : 52.18,
    "netProfitMargin" : 6.37,
    "netProfit" : 21.54
  }, {
    "date" : "2006-03-31",
    "sales" : 383.73,
    "salesGrowthYoY" : 23.40,
    "grossProfitMargin" : 38.31,
    "grossProfit" : 147.01,
    "operatingProfitMargin" : 14.76,
    "operatingProfit" : 56.64,
    "netProfitMargin" : 6.75,
    "netProfit" : 25.90
  }, {
    "date" : "2006-06-30",
    "sales" : 438.45,
    "salesGrowthYoY" : 33.93,
    "grossProfitMargin" : 39.78,
    "grossProfit" : 174.42,
    "operatingProfitMargin" : 18.21,
    "operatingProfit" : 79.84,
    "netProfitMargin" : 8.69,
    "netProfit" : 38.10
  }, {
    "date" : "2006-09-30",
    "sales" : 451.19,
    "salesGrowthYoY" : 34.12,
    "grossProfitMargin" : 42.27,
    "grossProfit" : 190.72,
    "operatingProfitMargin" : 18.57,
    "operatingProfit" : 83.79,
    "netProfitMargin" : 9.69,
    "netProfit" : 43.72
  }, {
    "date" : "2006-12-31",
    "sales" : 451.79,
    "salesGrowthYoY" : 33.61,
    "grossProfitMargin" : 38.96,
    "grossProfit" : 176.02,
    "operatingProfitMargin" : 15.10,
    "operatingProfit" : 68.22,
    "netProfitMargin" : 7.71,
    "netProfit" : 34.83
  }, {
    "date" : "2007-03-31",
    "sales" : 528.89,
    "salesGrowthYoY" : 37.83,
    "grossProfitMargin" : 36.36,
    "grossProfit" : 192.30,
    "operatingProfitMargin" : 14.35,
    "operatingProfit" : 75.90,
    "netProfitMargin" : 7.28,
    "netProfit" : 38.50
  }, {
    "date" : "2007-06-30",
    "sales" : 663.92,
    "salesGrowthYoY" : 51.42,
    "grossProfitMargin" : 38.37,
    "grossProfit" : 254.75,
    "operatingProfitMargin" : 20.18,
    "operatingProfit" : 133.98,
    "netProfitMargin" : 10.84,
    "netProfit" : 71.97
  }, {
    "date" : "2007-09-30",
    "sales" : 667.75,
    "salesGrowthYoY" : 48.00,
    "grossProfitMargin" : 35.66,
    "grossProfit" : 238.12,
    "operatingProfitMargin" : 17.55,
    "operatingProfit" : 117.19,
    "netProfitMargin" : 9.32,
    "netProfit" : 62.23
  }, {
    "date" : "2007-12-31",
    "sales" : 721.92,
    "salesGrowthYoY" : 59.79,
    "grossProfitMargin" : 31.01,
    "grossProfit" : 223.87,
    "operatingProfitMargin" : 14.39,
    "operatingProfit" : 103.88,
    "netProfitMargin" : 7.64,
    "netProfit" : 55.15
  }, {
    "date" : "2008-03-31",
    "sales" : 795.59,
    "salesGrowthYoY" : 50.43,
    "grossProfitMargin" : 31.84,
    "grossProfit" : 253.32,
    "operatingProfitMargin" : 14.65,
    "operatingProfit" : 116.55,
    "netProfitMargin" : 7.90,
    "netProfit" : 62.85
  }, {
    "date" : "2008-06-30",
    "sales" : 908.45,
    "salesGrowthYoY" : 36.83,
    "grossProfitMargin" : 31.93,
    "grossProfit" : 290.07,
    "operatingProfitMargin" : 16.71,
    "operatingProfit" : 151.80,
    "netProfitMargin" : 9.05,
    "netProfit" : 82.21
  }, {
    "date" : "2008-09-30",
    "sales" : 900.83,
    "salesGrowthYoY" : 34.91,
    "grossProfitMargin" : 33.74,
    "grossProfit" : 303.94,
    "operatingProfitMargin" : 16.47,
    "operatingProfit" : 148.37,
    "netProfitMargin" : 8.64,
    "netProfit" : 77.83
  }, {
    "date" : "2008-12-31",
    "sales" : 789.23,
    "salesGrowthYoY" : 9.32,
    "grossProfitMargin" : 33.51,
    "grossProfit" : 264.47,
    "operatingProfitMargin" : 14.55,
    "operatingProfit" : 114.83,
    "netProfitMargin" : 7.11,
    "netProfit" : 56.11
  }, {
    "date" : "2009-03-31",
    "sales" : 799.50,
    "salesGrowthYoY" : 0.49,
    "grossProfitMargin" : 36.43,
    "grossProfit" : 291.26,
    "operatingProfitMargin" : 16.77,
    "operatingProfit" : 134.08,
    "netProfitMargin" : 8.53,
    "netProfit" : 68.20
  }, {
    "date" : "2009-06-30",
    "sales" : 903.46,
    "salesGrowthYoY" : -0.55,
    "grossProfitMargin" : 41.82,
    "grossProfit" : 377.83,
    "operatingProfitMargin" : 23.18,
    "operatingProfit" : 209.42,
    "netProfitMargin" : 13.55,
    "netProfit" : 122.42
  }, {
    "date" : "2009-09-30",
    "sales" : 950.70,
    "salesGrowthYoY" : 5.54,
    "grossProfitMargin" : 45.57,
    "grossProfit" : 433.23,
    "operatingProfitMargin" : 25.99,
    "operatingProfit" : 247.09,
    "netProfitMargin" : 15.74,
    "netProfit" : 149.64
  }, {
    "date" : "2009-12-31",
    "sales" : 913.35,
    "salesGrowthYoY" : 15.73,
    "grossProfitMargin" : 43.86,
    "grossProfit" : 400.60,
    "operatingProfitMargin" : 23.99,
    "operatingProfit" : 219.11,
    "netProfitMargin" : 14.29,
    "netProfit" : 130.52
  }, {
    "date" : "2010-03-31",
    "sales" : 1029.84,
    "salesGrowthYoY" : 28.81,
    "grossProfitMargin" : 41.16,
    "grossProfit" : 423.88,
    "operatingProfitMargin" : 21.08,
    "operatingProfit" : 217.09,
    "netProfitMargin" : 13.06,
    "netProfit" : 134.50
  }, {
    "date" : "2010-06-30",
    "sales" : 1152.08,
    "salesGrowthYoY" : 27.52,
    "grossProfitMargin" : 40.57,
    "grossProfit" : 467.40,
    "operatingProfitMargin" : 22.84,
    "operatingProfit" : 263.14,
    "netProfitMargin" : 14.35,
    "netProfit" : 165.32
  }, {
    "date" : "2010-09-30",
    "sales" : 1127.20,
    "salesGrowthYoY" : 18.57,
    "grossProfitMargin" : 40.82,
    "grossProfit" : 460.12,
    "operatingProfitMargin" : 21.78,
    "operatingProfit" : 245.50,
    "netProfitMargin" : 15.83,
    "netProfit" : 178.44
  }, {
    "date" : "2010-12-31",
    "sales" : 1050.17,
    "salesGrowthYoY" : 14.98,
    "grossProfitMargin" : 35.11,
    "grossProfit" : 368.71,
    "operatingProfitMargin" : 15.25,
    "operatingProfit" : 160.15,
    "netProfitMargin" : 11.85,
    "netProfit" : 124.45
  }, {
    "date" : "2011-03-31",
    "sales" : 1245.80,
    "salesGrowthYoY" : 20.97,
    "grossProfitMargin" : 37.51,
    "grossProfit" : 467.30,
    "operatingProfitMargin" : 18.78,
    "operatingProfit" : 233.96,
    "netProfitMargin" : 13.14,
    "netProfit" : 163.70
  }, {
    "date" : "2011-06-30",
    "sales" : 1248.17,
    "salesGrowthYoY" : 8.34,
    "grossProfitMargin" : 36.38,
    "grossProfit" : 454.08,
    "operatingProfitMargin" : 17.83,
    "operatingProfit" : 222.55,
    "netProfitMargin" : 13.08,
    "netProfit" : 163.26
  }, {
    "date" : "2011-09-30",
    "sales" : 1172.73,
    "salesGrowthYoY" : 4.04,
    "grossProfitMargin" : 28.87,
    "grossProfit" : 338.57,
    "operatingProfitMargin" : 7.68,
    "operatingProfit" : 90.07,
    "netProfitMargin" : 4.36,
    "netProfit" : 51.13
  }, {
    "date" : "2011-12-31",
    "sales" : 1246.73,
    "salesGrowthYoY" : 18.72,
    "grossProfitMargin" : 33.26,
    "grossProfit" : 414.66,
    "operatingProfitMargin" : 13.04,
    "operatingProfit" : 162.57,
    "netProfitMargin" : 8.37,
    "netProfit" : 104.35
  }, {
    "date" : "2012-03-31",
    "sales" : 1454.11,
    "salesGrowthYoY" : 16.72,
    "grossProfitMargin" : 33.05,
    "grossProfit" : 480.58,
    "operatingProfitMargin" : 14.62,
    "operatingProfit" : 212.59,
    "netProfitMargin" : 9.80,
    "netProfit" : 142.50
  }, {
    "date" : "2012-06-30",
    "sales" : 1553.70,
    "salesGrowthYoY" : 24.48,
    "grossProfitMargin" : 34.84,
    "grossProfit" : 541.31,
    "operatingProfitMargin" : 14.92,
    "operatingProfit" : 231.81,
    "netProfitMargin" : 9.79,
    "netProfit" : 152.11
  }, {
    "date" : "2012-09-30",
    "sales" : 1531.07,
    "salesGrowthYoY" : 30.56,
    "grossProfitMargin" : 34.29,
    "grossProfit" : 525.00,
    "operatingProfitMargin" : 12.32,
    "operatingProfit" : 188.63,
    "netProfitMargin" : 7.85,
    "netProfit" : 120.19
  }, {
    "date" : "2012-12-31",
    "sales" : 1463.07,
    "salesGrowthYoY" : 17.35,
    "grossProfitMargin" : 32.77,
    "grossProfit" : 479.45,
    "operatingProfitMargin" : 11.25,
    "operatingProfit" : 164.60,
    "netProfitMargin" : 7.11,
    "netProfit" : 104.02
  }, {
    "date" : "2013-03-31",
    "sales" : 1542.95,
    "salesGrowthYoY" : 6.11,
    "grossProfitMargin" : 32.81,
    "grossProfit" : 506.24,
    "operatingProfitMargin" : 13.25,
    "operatingProfit" : 204.44,
    "netProfitMargin" : 9.49,
    "netProfit" : 146.43
  }, {
    "date" : "2013-06-30",
    "sales" : 1627.47,
    "salesGrowthYoY" : 4.75,
    "grossProfitMargin" : 35.38,
    "grossProfit" : 575.80,
    "operatingProfitMargin" : 16.13,
    "operatingProfit" : 262.51,
    "netProfitMargin" : 9.76,
    "netProfit" : 158.84
  }, {
    "date" : "2013-09-30",
    "sales" : 1432.07,
    "salesGrowthYoY" : -6.47,
    "grossProfitMargin" : 34.42,
    "grossProfit" : 492.92,
    "operatingProfitMargin" : 14.06,
    "operatingProfit" : 201.35,
    "netProfitMargin" : 8.28,
    "netProfit" : 118.58
  }, {
    "date" : "2013-12-31",
    "sales" : 1303.93,
    "salesGrowthYoY" : -10.88,
    "grossProfitMargin" : 34.69,
    "grossProfit" : 452.33,
    "operatingProfitMargin" : 10.94,
    "operatingProfit" : 142.65,
    "netProfitMargin" : 5.95,
    "netProfit" : 77.58
  }, {
    "date" : "2014-03-31",
    "sales" : 1615.28,
    "salesGrowthYoY" : 4.69,
    "grossProfitMargin" : 32.79,
    "grossProfit" : 529.65,
    "operatingProfitMargin" : 13.55,
    "operatingProfit" : 218.87,
    "netProfitMargin" : 8.18,
    "netProfit" : 132.13
  }, {
    "date" : "2014-06-30",
    "sales" : 1909.34,
    "salesGrowthYoY" : 17.32,
    "grossProfitMargin" : 33.64,
    "grossProfit" : 642.30,
    "operatingProfitMargin" : 15.25,
    "operatingProfit" : 291.17,
    "netProfitMargin" : 9.70,
    "netProfit" : 185.21
  }, {
    "date" : "2014-09-30",
    "sales" : 1762.75,
    "salesGrowthYoY" : 23.09,
    "grossProfitMargin" : 32.82,
    "grossProfit" : 578.53,
    "operatingProfitMargin" : 11.78,
    "operatingProfit" : 207.65,
    "netProfitMargin" : 7.13,
    "netProfit" : 125.68
  }, {
    "date" : "2014-12-31",
    "sales" : 1557.48,
    "salesGrowthYoY" : 19.45,
    "grossProfitMargin" : 32.86,
    "grossProfit" : 511.79,
    "operatingProfitMargin" : 11.57,
    "operatingProfit" : 180.20,
    "netProfitMargin" : 6.24,
    "netProfit" : 97.19
  }, {
    "date" : "2015-03-31",
    "sales" : 1647.38,
    "salesGrowthYoY" : 1.99,
    "grossProfitMargin" : 35.98,
    "grossProfit" : 592.73,
    "operatingProfitMargin" : 14.46,
    "operatingProfit" : 238.21,
    "netProfitMargin" : 8.35,
    "netProfit" : 137.56
  }, {
    "date" : "2015-06-30",
    "sales" : 1810.58,
    "salesGrowthYoY" : -5.17,
    "grossProfitMargin" : 35.85,
    "grossProfit" : 649.09,
    "operatingProfitMargin" : 14.66,
    "operatingProfit" : 265.43,
    "netProfitMargin" : 8.60,
    "netProfit" : 155.71
  }, {
    "date" : "2015-09-30",
    "sales" : 1745.81,
    "salesGrowthYoY" : -0.96,
    "grossProfitMargin" : 37.82,
    "grossProfit" : 660.27,
    "operatingProfitMargin" : 14.62,
    "operatingProfit" : 255.24,
    "netProfitMargin" : 8.88,
    "netProfit" : 155.03
  }, {
    "date" : "2015-12-31",
    "sales" : 1536.28,
    "salesGrowthYoY" : -1.36,
    "grossProfitMargin" : 40.27,
    "grossProfit" : 618.66,
    "operatingProfitMargin" : 15.57,
    "operatingProfit" : 239.20,
    "netProfitMargin" : 9.01,
    "netProfit" : 138.42
  }, {
    "date" : "2016-03-31",
    "sales" : 1770.45,
    "salesGrowthYoY" : 7.47,
    "grossProfitMargin" : 39.19,
    "grossProfit" : 693.84,
    "operatingProfitMargin" : 15.00,
    "operatingProfit" : 265.57,
    "netProfitMargin" : 9.90,
    "netProfit" : 175.27
  }, {
    "date" : "2016-06-30",
    "sales" : 2010.34,
    "salesGrowthYoY" : 11.03,
    "grossProfitMargin" : 37.61,
    "grossProfit" : 756.09,
    "operatingProfitMargin" : 15.63,
    "operatingProfit" : 314.22,
    "netProfitMargin" : 9.75,
    "netProfit" : 196.01
  }, {
    "date" : "2016-09-30",
    "sales" : 1925.26,
    "salesGrowthYoY" : 10.28,
    "grossProfitMargin" : 38.76,
    "grossProfit" : 746.23,
    "operatingProfitMargin" : 15.02,
    "operatingProfit" : 289.17,
    "netProfitMargin" : 9.44,
    "netProfit" : 181.74
  }, {
    "date" : "2016-12-31",
    "sales" : 1715.08,
    "salesGrowthYoY" : 11.64,
    "grossProfitMargin" : 39.50,
    "grossProfit" : 677.46,
    "operatingProfitMargin" : 13.25,
    "operatingProfit" : 227.25,
    "netProfitMargin" : 8.83,
    "netProfit" : 151.44
  }, {
    "date" : "2017-03-31",
    "sales" : 1954.59,
    "salesGrowthYoY" : 10.40,
    "grossProfitMargin" : 36.61,
    "grossProfit" : 715.58,
    "operatingProfitMargin" : 12.89,
    "operatingProfit" : 251.95,
    "netProfitMargin" : 8.40,
    "netProfit" : 164.19
  }, {
    "date" : "2017-06-30",
    "sales" : 2090.24,
    "salesGrowthYoY" : 3.97,
    "grossProfitMargin" : 36.60,
    "grossProfit" : 765.03,
    "operatingProfitMargin" : 15.51,
    "operatingProfit" : 324.20,
    "netProfitMargin" : 9.04,
    "netProfit" : 188.96
  }, {
    "date" : "2017-09-30",
    "sales" : 2358.37,
    "salesGrowthYoY" : 22.50,
    "grossProfitMargin" : 32.57,
    "grossProfit" : 768.12,
    "operatingProfitMargin" : 12.55,
    "operatingProfit" : 295.98,
    "netProfitMargin" : 6.91,
    "netProfit" : 162.96
  }, {
    "date" : "2017-12-31",
    "sales" : 2278.29,
    "salesGrowthYoY" : 32.84,
    "grossProfitMargin" : 34.51,
    "grossProfit" : 786.24,
    "operatingProfitMargin" : 12.40,
    "operatingProfit" : 282.51,
    "netProfitMargin" : 6.77,
    "netProfit" : 154.24
  }, {
    "date" : "2018-03-31",
    "sales" : 2459.41,
    "salesGrowthYoY" : 25.83,
    "grossProfitMargin" : 34.81,
    "grossProfit" : 856.12,
    "operatingProfitMargin" : 13.74,
    "operatingProfit" : 337.92,
    "netProfitMargin" : 7.71,
    "netProfit" : 189.62
  }, {
    "date" : "2018-06-30",
    "sales" : 2772.46,
    "salesGrowthYoY" : 32.64,
    "grossProfitMargin" : 33.56,
    "grossProfit" : 930.44,
    "operatingProfitMargin" : 14.10,
    "operatingProfit" : 390.92,
    "netProfitMargin" : 7.57,
    "netProfit" : 209.88
  }, {
    "date" : "2018-09-30",
    "sales" : 2720.35,
    "salesGrowthYoY" : 15.35,
    "grossProfitMargin" : 33.07,
    "grossProfit" : 899.62,
    "operatingProfitMargin" : 12.23,
    "operatingProfit" : 332.70,
    "netProfitMargin" : 7.01,
    "netProfit" : 190.70
  }, {
    "date" : "2018-12-31",
    "sales" : 2496.84,
    "salesGrowthYoY" : 9.59,
    "grossProfitMargin" : 35.10,
    "grossProfit" : 876.39,
    "operatingProfitMargin" : 12.52,
    "operatingProfit" : 312.60,
    "netProfitMargin" : 6.21,
    "netProfit" : 155.05
  }, {
    "date" : "2019-03-31",
    "sales" : 2598.66,
    "salesGrowthYoY" : 5.66,
    "grossProfitMargin" : 35.07,
    "grossProfit" : 911.35,
    "operatingProfitMargin" : 14.36,
    "operatingProfit" : 373.17,
    "netProfitMargin" : 8.11,
    "netProfit" : 210.75
  }, {
    "date" : "2019-06-30",
    "sales" : 2779.25,
    "salesGrowthYoY" : 0.24,
    "grossProfitMargin" : 35.52,
    "grossProfit" : 987.19,
    "operatingProfitMargin" : 14.67,
    "operatingProfit" : 407.72,
    "netProfitMargin" : 8.07,
    "netProfit" : 224.29
  }, {
    "date" : "2019-09-30",
    "sales" : 2610.86,
    "salesGrowthYoY" : -4.02,
    "grossProfitMargin" : 36.23,
    "grossProfit" : 945.91,
    "operatingProfitMargin" : 14.07,
    "operatingProfit" : 367.35,
    "netProfitMargin" : 9.09,
    "netProfit" : 237.33
  }, {
    "date" : "2019-12-31",
    "sales" : 2411.46,
    "salesGrowthYoY" : -3.42,
    "grossProfitMargin" : 36.17,
    "grossProfit" : 872.23,
    "operatingProfitMargin" : 13.26,
    "operatingProfit" : 319.76,
    "netProfitMargin" : 8.82,
    "netProfit" : 212.69
  }, {
    "date" : "2020-03-31",
    "sales" : 2055.09,
    "salesGrowthYoY" : -20.92,
    "grossProfitMargin" : 38.19,
    "grossProfit" : 784.84,
    "operatingProfitMargin" : 13.15,
    "operatingProfit" : 270.24,
    "netProfitMargin" : 8.17,
    "netProfit" : 167.90
  }, {
    "date" : "2020-06-30",
    "sales" : 1547.62,
    "salesGrowthYoY" : -44.32,
    "grossProfitMargin" : 31.24,
    "grossProfit" : 483.48,
    "operatingProfitMargin" : 9.59,
    "operatingProfit" : 148.42,
    "netProfitMargin" : 2.84,
    "netProfit" : 43.95
  }, {
    "date" : "2020-09-30",
    "sales" : 2753.38,
    "salesGrowthYoY" : 5.46,
    "grossProfitMargin" : 35.02,
    "grossProfit" : 964.23,
    "operatingProfitMargin" : 14.24,
    "operatingProfit" : 392.08,
    "netProfitMargin" : 8.31,
    "netProfit" : 228.81
  }, {
    "date" : "2020-12-31",
    "sales" : 2801.00,
    "salesGrowthYoY" : 16.15,
    "grossProfitMargin" : 35.90,
    "grossProfit" : 1005.56,
    "operatingProfitMargin" : 14.38,
    "operatingProfit" : 402.78,
    "netProfitMargin" : 8.62,
    "netProfit" : 241.45
  }, {
    "date" : "2021-03-31",
    "sales" : 2938.84,
    "salesGrowthYoY" : 43.00,
    "grossProfitMargin" : 34.31,
    "grossProfit" : 1008.32,
    "operatingProfitMargin" : 14.03,
    "operatingProfit" : 412.32,
    "netProfitMargin" : 8.31,
    "netProfit" : 244.22
  }, {
    "date" : "2021-06-30",
    "sales" : 2486.40,
    "salesGrowthYoY" : 60.66,
    "grossProfitMargin" : 31.46,
    "grossProfit" : 782.22,
    "operatingProfitMargin" : 10.48,
    "operatingProfit" : 260.57,
    "netProfitMargin" : 5.04,
    "netProfit" : 125.31
  }, {
    "date" : "2021-09-30",
    "sales" : 3290.00,
    "salesGrowthYoY" : 19.49,
    "grossProfitMargin" : 32.78,
    "grossProfit" : 1078.46,
    "operatingProfitMargin" : 12.56,
    "operatingProfit" : 413.22,
    "netProfitMargin" : 7.12,
    "netProfit" : 234.25
  }, {
    "date" : "2021-12-31",
    "sales" : 3196.65,
    "salesGrowthYoY" : 14.13,
    "grossProfitMargin" : 31.05,
    "grossProfit" : 992.56,
    "operatingProfitMargin" : 11.66,
    "operatingProfit" : 372.73,
    "netProfitMargin" : 6.38,
    "netProfit" : 203.95
  }, {
    "date" : "2022-03-31",
    "sales" : 3416.53,
    "salesGrowthYoY" : 16.25,
    "grossProfitMargin" : 28.08,
    "grossProfit" : 959.36,
    "operatingProfitMargin" : 10.25,
    "operatingProfit" : 350.19,
    "netProfitMargin" : 7.48,
    "netProfit" : 255.56
  }, {
    "date" : "2022-06-30",
    "sales" : 3906.78,
    "salesGrowthYoY" : 57.13,
    "grossProfitMargin" : 27.99,
    "grossProfit" : 1093.51,
    "operatingProfitMargin" : 9.91,
    "operatingProfit" : 387.16,
    "netProfitMargin" : 5.79,
    "netProfit" : 226.20
  }, {
    "date" : "2022-09-30",
    "sales" : 3718.89,
    "salesGrowthYoY" : 13.04,
    "grossProfitMargin" : 30.50,
    "grossProfit" : 1134.26,
    "operatingProfitMargin" : 11.09,
    "operatingProfit" : 412.42,
    "netProfitMargin" : 6.62,
    "netProfit" : 246.19
  }, {
    "date" : "2022-12-31",
    "sales" : 3412.13,
    "salesGrowthYoY" : 6.74,
    "grossProfitMargin" : 32.32,
    "grossProfit" : 1102.80,
    "operatingProfitMargin" : 11.75,
    "operatingProfit" : 400.93,
    "netProfitMargin" : 6.54,
    "netProfit" : 223.15
  }, {
    "date" : "2023-03-31",
    "sales" : 3542.96,
    "salesGrowthYoY" : 3.70,
    "grossProfitMargin" : 29.84,
    "grossProfit" : 1057.22,
    "operatingProfitMargin" : 10.36,
    "operatingProfit" : 367.05,
    "netProfitMargin" : 5.87,
    "netProfit" : 207.97
  }, {
    "date" : "2023-06-30",
    "sales" : 4072.61,
    "salesGrowthYoY" : 4.24,
    "grossProfitMargin" : 28.25,
    "grossProfit" : 1150.51,
    "operatingProfitMargin" : 10.61,
    "operatingProfit" : 432.10,
    "netProfitMargin" : 5.94,
    "netProfit" : 241.91
  }, {
    "date" : "2023-09-30",
    "sales" : 4106.66,
    "salesGrowthYoY" : 10.43,
    "grossProfitMargin" : 31.11,
    "grossProfit" : 1277.58,
    "operatingProfitMargin" : 11.76,
    "operatingProfit" : 482.94,
    "netProfitMargin" : 6.99,
    "netProfit" : 287.06
  }, {
    "date" : "2023-12-31",
    "sales" : 3840.53,
    "salesGrowthYoY" : 12.56,
    "grossProfitMargin" : 31.49,
    "grossProfit" : 1209.38,
    "operatingProfitMargin" : 11.45,
    "operatingProfit" : 439.74,
    "netProfitMargin" : 6.26,
    "netProfit" : 240.42
  }, {
    "date" : "2024-03-31",
    "sales" : 4009.39,
    "salesGrowthYoY" : 13.16,
    "grossProfitMargin" : 33.01,
    "grossProfit" : 1323.50,
    "operatingProfitMargin" : 12.87,
    "operatingProfit" : 516.01,
    "netProfitMargin" : 7.08,
    "netProfit" : 283.86
  }, {
    "date" : "2024-06-30",
    "sales" : 4312.76,
    "salesGrowthYoY" : 5.90,
    "grossProfitMargin" : 30.68,
    "grossProfit" : 1323.15,
    "operatingProfitMargin" : 11.46,
    "operatingProfit" : 494.24,
    "netProfitMargin" : 6.48,
    "netProfit" : 279.47
  }, {
    "date" : "2024-09-30",
    "sales" : 4267.30,
    "salesGrowthYoY" : 3.91,
    "grossProfitMargin" : 31.54,
    "grossProfit" : 1345.91,
    "operatingProfitMargin" : 11.33,
    "operatingProfit" : 483.49,
    "netProfitMargin" : 6.98,
    "netProfit" : 297.86
  }, {
    "date" : "2024-12-31",
    "sales" : 3848.63,
    "salesGrowthYoY" : 0.21,
    "grossProfitMargin" : 31.98,
    "grossProfit" : 1230.79,
    "operatingProfitMargin" : 11.65,
    "operatingProfit" : 448.37,
    "netProfitMargin" : 6.37,
    "netProfit" : 245.16
  }, {
    "date" : "2025-03-31",
    "sales" : 4159.42,
    "salesGrowthYoY" : 3.74,
    "grossProfitMargin" : 31.23,
    "grossProfit" : 1298.99,
    "operatingProfitMargin" : 11.22,
    "operatingProfit" : 466.69,
    "netProfitMargin" : 6.12,
    "netProfit" : 254.56
  }, {
    "date" : "2025-06-30",
    "sales" : 4509.81,
    "salesGrowthYoY" : 4.57,
    "grossProfitMargin" : 30.83,
    "grossProfit" : 1390.37,
    "operatingProfitMargin" : 12.16,
    "operatingProfit" : 548.39,
    "netProfitMargin" : 7.11,
    "netProfit" : 320.65
  }, {
    "date" : "2025-09-30",
    "sales" : 4178.29,
    "salesGrowthYoY" : -2.09,
    "grossProfitMargin" : 29.82,
    "grossProfit" : 1245.97,
    "operatingProfitMargin" : 9.45,
    "operatingProfit" : 394.85,
    "netProfitMargin" : 5.28,
    "netProfit" : 220.61
  }, {
    "date" : "2025-12-31",
    "sales" : 4029.71,
    "salesGrowthYoY" : 4.71,
    "grossProfitMargin" : 31.57,
    "grossProfit" : 1272.18,
    "operatingProfitMargin" : 11.65,
    "operatingProfit" : 469.46,
    "netProfitMargin" : 6.56,
    "netProfit" : 264.35
  } ],
  "latestQuarterlyResult" : {
    "date" : "2025-12-31",
    "sales" : 4029.71,
    "salesGrowthYoY" : 4.71,
    "grossProfitMargin" : 31.57,
    "grossProfit" : 1272.18,
    "operatingProfitMargin" : 11.65,
    "operatingProfit" : 469.46,
    "netProfitMargin" : 6.56,
    "netProfit" : 264.35
  },
  "companyScore" : {
    "priceHigherThanDma50" : 0.00,
    "priceHigherThanDma100" : 0.00,
    "priceHigherThanDma200" : 0.00,
    "dma50HigherThanDma100" : 0.00,
    "dma50HigherThanDma200" : 0.00,
    "dma100HigherThanDma200" : 0.00,
    "pricePercentageAboveDma50" : 5.15,
    "pricePercentageAboveDma100" : 5.43,
    "pricePercentageAboveDma200" : 5.49,
    "weeklyVolumeHigherThanYearlyVolume" : 5.00,
    "salesGrowthPercentile" : 9.34,
    "operatingProfitMarginPercentile" : 4.34,
    "netProfitMarginPercentile" : 2.86,
    "totalTechnicalScore" : 21.07,
    "totalFundamentalScore" : 16.54,
    "totalScore" : 37.61
  }
}