{
  "metadata" : {
    "screenerCompanyId" : "3413",
    "companyCode" : "EXPLEOSOL",
    "companyName" : "Expleo Solutions",
    "screenerCompanyLink" : "https://www.screener.in/company/EXPLEOSOL/consolidated/",
    "screenerTechnicalHistoryLink" : "https://www.screener.in/api/company/3413/chart/?q=Price-DMA50-DMA200-Volume&days=365",
    "screenerQuarterlyResultsLink" : "https://www.screener.in/api/company/3413/chart/?q=GPM-OPM-NPM-Quarter+Sales&days=10000",
    "attributes" : {
      "companyCode" : "EXPLEOSOL",
      "companyName" : "Expleo Solutions",
      "marketCap" : 1323.00,
      "peRatio" : 11.30,
      "description" : "Expleo Solutions Ltd is an India-based software service provider primarily delivering software validation and verification services to the BFSI industry worldwide.[1]"
    },
    "companyScore" : {
      "priceHigherThanDma50" : 0.00,
      "priceHigherThanDma100" : 0.00,
      "priceHigherThanDma200" : 0.00,
      "dma50HigherThanDma100" : 0.00,
      "dma50HigherThanDma200" : 0.00,
      "dma100HigherThanDma200" : 0.00,
      "pricePercentageAboveDma50" : 5.47,
      "pricePercentageAboveDma100" : 5.69,
      "pricePercentageAboveDma200" : 5.86,
      "weeklyVolumeHigherThanYearlyVolume" : 0.00,
      "salesGrowthPercentile" : 3.49,
      "operatingProfitMarginPercentile" : 13.73,
      "netProfitMarginPercentile" : 6.21,
      "totalTechnicalScore" : 17.02,
      "totalFundamentalScore" : 23.43,
      "totalScore" : 40.45
    }
  },
  "attributes" : {
    "companyCode" : "EXPLEOSOL",
    "companyName" : "Expleo Solutions",
    "marketCap" : 1323.00,
    "peRatio" : 11.30,
    "description" : "Expleo Solutions Ltd is an India-based software service provider primarily delivering software validation and verification services to the BFSI industry worldwide.[1]"
  },
  "technicalHistory" : [ {
    "date" : "2025-02-17",
    "price" : 997.30,
    "dma50" : 1251.51,
    "dma100" : null,
    "dma200" : 1299.42,
    "volume" : 40809.00
  }, {
    "date" : "2025-02-18",
    "price" : 989.20,
    "dma50" : 1241.22,
    "dma100" : null,
    "dma200" : 1296.34,
    "volume" : 19893.00
  }, {
    "date" : "2025-02-19",
    "price" : 1017.30,
    "dma50" : 1232.44,
    "dma100" : null,
    "dma200" : 1293.56,
    "volume" : 20175.00
  }, {
    "date" : "2025-02-20",
    "price" : 1015.30,
    "dma50" : 1223.92,
    "dma100" : null,
    "dma200" : 1290.79,
    "volume" : 19683.00
  }, {
    "date" : "2025-02-21",
    "price" : 1004.70,
    "dma50" : 1215.33,
    "dma100" : null,
    "dma200" : 1287.94,
    "volume" : 15520.00
  }, {
    "date" : "2025-02-24",
    "price" : 984.20,
    "dma50" : 1206.26,
    "dma100" : null,
    "dma200" : 1284.92,
    "volume" : 7779.00
  }, {
    "date" : "2025-02-25",
    "price" : 975.30,
    "dma50" : 1197.20,
    "dma100" : null,
    "dma200" : 1281.84,
    "volume" : 11192.00
  }, {
    "date" : "2025-02-27",
    "price" : 942.65,
    "dma50" : 1187.22,
    "dma100" : null,
    "dma200" : 1278.47,
    "volume" : 14292.00
  }, {
    "date" : "2025-02-28",
    "price" : 897.00,
    "dma50" : 1175.84,
    "dma100" : null,
    "dma200" : 1274.67,
    "volume" : 31010.00
  }, {
    "date" : "2025-03-03",
    "price" : 866.20,
    "dma50" : 1163.70,
    "dma100" : null,
    "dma200" : 1270.61,
    "volume" : 59429.00
  }, {
    "date" : "2025-03-04",
    "price" : 898.70,
    "dma50" : 1153.31,
    "dma100" : null,
    "dma200" : 1266.91,
    "volume" : 35819.00
  }, {
    "date" : "2025-03-05",
    "price" : 929.00,
    "dma50" : 1144.51,
    "dma100" : null,
    "dma200" : 1263.54,
    "volume" : 45672.00
  }, {
    "date" : "2025-03-06",
    "price" : 891.00,
    "dma50" : 1134.57,
    "dma100" : null,
    "dma200" : 1259.84,
    "volume" : 51381.00
  }, {
    "date" : "2025-03-07",
    "price" : 890.20,
    "dma50" : 1124.99,
    "dma100" : null,
    "dma200" : 1256.16,
    "volume" : 37828.00
  }, {
    "date" : "2025-03-10",
    "price" : 859.70,
    "dma50" : 1114.58,
    "dma100" : null,
    "dma200" : 1252.21,
    "volume" : 70422.00
  }, {
    "date" : "2025-03-11",
    "price" : 853.60,
    "dma50" : 1104.35,
    "dma100" : null,
    "dma200" : 1248.25,
    "volume" : 33069.00
  }, {
    "date" : "2025-03-12",
    "price" : 843.10,
    "dma50" : 1094.10,
    "dma100" : null,
    "dma200" : 1244.22,
    "volume" : 92493.00
  }, {
    "date" : "2025-03-13",
    "price" : 844.40,
    "dma50" : 1084.31,
    "dma100" : null,
    "dma200" : 1240.24,
    "volume" : 35521.00
  }, {
    "date" : "2025-03-17",
    "price" : 847.35,
    "dma50" : 1075.02,
    "dma100" : null,
    "dma200" : 1236.33,
    "volume" : 60350.00
  }, {
    "date" : "2025-03-18",
    "price" : 850.65,
    "dma50" : 1066.22,
    "dma100" : null,
    "dma200" : 1232.49,
    "volume" : 38267.00
  }, {
    "date" : "2025-03-19",
    "price" : 859.50,
    "dma50" : 1058.11,
    "dma100" : null,
    "dma200" : 1228.78,
    "volume" : 75470.00
  }, {
    "date" : "2025-03-20",
    "price" : 860.60,
    "dma50" : 1050.37,
    "dma100" : null,
    "dma200" : 1225.12,
    "volume" : 55758.00
  }, {
    "date" : "2025-03-21",
    "price" : 878.30,
    "dma50" : 1043.62,
    "dma100" : null,
    "dma200" : 1221.66,
    "volume" : 52842.00
  }, {
    "date" : "2025-03-24",
    "price" : 885.75,
    "dma50" : 1037.43,
    "dma100" : null,
    "dma200" : 1218.32,
    "volume" : 41835.00
  }, {
    "date" : "2025-03-25",
    "price" : 861.45,
    "dma50" : 1030.53,
    "dma100" : null,
    "dma200" : 1214.77,
    "volume" : 45770.00
  }, {
    "date" : "2025-03-26",
    "price" : 843.55,
    "dma50" : 1023.19,
    "dma100" : null,
    "dma200" : 1211.08,
    "volume" : 125914.00
  }, {
    "date" : "2025-03-27",
    "price" : 823.20,
    "dma50" : 1015.35,
    "dma100" : null,
    "dma200" : 1207.22,
    "volume" : 64596.00
  }, {
    "date" : "2025-03-28",
    "price" : 796.20,
    "dma50" : 1006.76,
    "dma100" : null,
    "dma200" : 1203.13,
    "volume" : 101824.00
  }, {
    "date" : "2025-04-01",
    "price" : 820.45,
    "dma50" : 999.45,
    "dma100" : null,
    "dma200" : 1199.32,
    "volume" : 21318.00
  }, {
    "date" : "2025-04-02",
    "price" : 822.35,
    "dma50" : 992.51,
    "dma100" : null,
    "dma200" : 1195.57,
    "volume" : 21933.00
  }, {
    "date" : "2025-04-03",
    "price" : 822.70,
    "dma50" : 985.85,
    "dma100" : null,
    "dma200" : 1191.86,
    "volume" : 19850.00
  }, {
    "date" : "2025-04-04",
    "price" : 789.45,
    "dma50" : 978.15,
    "dma100" : null,
    "dma200" : 1187.86,
    "volume" : 28100.00
  }, {
    "date" : "2025-04-07",
    "price" : 769.05,
    "dma50" : 969.95,
    "dma100" : null,
    "dma200" : 1183.69,
    "volume" : 38720.00
  }, {
    "date" : "2025-04-08",
    "price" : 807.30,
    "dma50" : 963.57,
    "dma100" : null,
    "dma200" : 1179.94,
    "volume" : 19698.00
  }, {
    "date" : "2025-04-09",
    "price" : 789.45,
    "dma50" : 956.74,
    "dma100" : null,
    "dma200" : 1176.06,
    "volume" : 16071.00
  }, {
    "date" : "2025-04-11",
    "price" : 818.55,
    "dma50" : 951.32,
    "dma100" : null,
    "dma200" : 1172.50,
    "volume" : 10596.00
  }, {
    "date" : "2025-04-15",
    "price" : 856.95,
    "dma50" : 947.62,
    "dma100" : null,
    "dma200" : 1169.36,
    "volume" : 27570.00
  }, {
    "date" : "2025-04-16",
    "price" : 872.90,
    "dma50" : 944.69,
    "dma100" : null,
    "dma200" : 1166.41,
    "volume" : 24691.00
  }, {
    "date" : "2025-04-17",
    "price" : 869.05,
    "dma50" : 941.72,
    "dma100" : null,
    "dma200" : 1163.45,
    "volume" : 11097.00
  }, {
    "date" : "2025-04-21",
    "price" : 890.35,
    "dma50" : 939.71,
    "dma100" : null,
    "dma200" : 1160.73,
    "volume" : 11385.00
  }, {
    "date" : "2025-04-22",
    "price" : 883.15,
    "dma50" : 937.49,
    "dma100" : null,
    "dma200" : 1157.97,
    "volume" : 11398.00
  }, {
    "date" : "2025-04-23",
    "price" : 902.05,
    "dma50" : 936.10,
    "dma100" : null,
    "dma200" : 1155.43,
    "volume" : 22340.00
  }, {
    "date" : "2025-04-24",
    "price" : 903.05,
    "dma50" : 934.80,
    "dma100" : null,
    "dma200" : 1152.91,
    "volume" : 12974.00
  }, {
    "date" : "2025-04-25",
    "price" : 870.85,
    "dma50" : 932.30,
    "dma100" : null,
    "dma200" : 1150.11,
    "volume" : 14383.00
  }, {
    "date" : "2025-04-28",
    "price" : 856.25,
    "dma50" : 929.31,
    "dma100" : null,
    "dma200" : 1147.18,
    "volume" : 12755.00
  }, {
    "date" : "2025-04-29",
    "price" : 868.30,
    "dma50" : 926.92,
    "dma100" : null,
    "dma200" : 1144.41,
    "volume" : 6711.00
  }, {
    "date" : "2025-04-30",
    "price" : 858.90,
    "dma50" : 924.25,
    "dma100" : null,
    "dma200" : 1141.57,
    "volume" : 7870.00
  }, {
    "date" : "2025-05-02",
    "price" : 847.50,
    "dma50" : 921.24,
    "dma100" : null,
    "dma200" : 1138.64,
    "volume" : 9278.00
  }, {
    "date" : "2025-05-05",
    "price" : 874.80,
    "dma50" : 919.42,
    "dma100" : null,
    "dma200" : 1136.02,
    "volume" : 10125.00
  }, {
    "date" : "2025-05-06",
    "price" : 819.55,
    "dma50" : 915.51,
    "dma100" : null,
    "dma200" : 1132.87,
    "volume" : 57990.00
  }, {
    "date" : "2025-05-07",
    "price" : 824.00,
    "dma50" : 911.92,
    "dma100" : null,
    "dma200" : 1129.79,
    "volume" : 23327.00
  }, {
    "date" : "2025-05-08",
    "price" : 819.70,
    "dma50" : 908.30,
    "dma100" : null,
    "dma200" : 1126.71,
    "volume" : 13174.00
  }, {
    "date" : "2025-05-09",
    "price" : 825.70,
    "dma50" : 905.06,
    "dma100" : null,
    "dma200" : 1123.71,
    "volume" : 12178.00
  }, {
    "date" : "2025-05-12",
    "price" : 863.05,
    "dma50" : 903.41,
    "dma100" : null,
    "dma200" : 1121.12,
    "volume" : 22710.00
  }, {
    "date" : "2025-05-13",
    "price" : 885.05,
    "dma50" : 902.69,
    "dma100" : null,
    "dma200" : 1118.77,
    "volume" : 41823.00
  }, {
    "date" : "2025-05-14",
    "price" : 902.50,
    "dma50" : 902.69,
    "dma100" : null,
    "dma200" : 1116.62,
    "volume" : 12173.00
  }, {
    "date" : "2025-05-15",
    "price" : 911.15,
    "dma50" : 903.02,
    "dma100" : null,
    "dma200" : 1114.58,
    "volume" : 23704.00
  }, {
    "date" : "2025-05-16",
    "price" : 936.65,
    "dma50" : 904.34,
    "dma100" : null,
    "dma200" : 1112.80,
    "volume" : 23721.00
  }, {
    "date" : "2025-05-19",
    "price" : 945.30,
    "dma50" : 905.94,
    "dma100" : null,
    "dma200" : 1111.14,
    "volume" : 25020.00
  }, {
    "date" : "2025-05-20",
    "price" : 942.35,
    "dma50" : 907.37,
    "dma100" : null,
    "dma200" : 1109.46,
    "volume" : 9968.00
  }, {
    "date" : "2025-05-21",
    "price" : 944.75,
    "dma50" : 908.84,
    "dma100" : null,
    "dma200" : 1107.82,
    "volume" : 146988.00
  }, {
    "date" : "2025-05-22",
    "price" : 937.55,
    "dma50" : 909.96,
    "dma100" : null,
    "dma200" : 1106.13,
    "volume" : 23207.00
  }, {
    "date" : "2025-05-23",
    "price" : 1020.85,
    "dma50" : 914.31,
    "dma100" : null,
    "dma200" : 1105.28,
    "volume" : 435326.00
  }, {
    "date" : "2025-05-26",
    "price" : 1042.85,
    "dma50" : 919.35,
    "dma100" : null,
    "dma200" : 1104.66,
    "volume" : 46949.00
  }, {
    "date" : "2025-05-27",
    "price" : 1044.75,
    "dma50" : 924.27,
    "dma100" : null,
    "dma200" : 1104.06,
    "volume" : 27623.00
  }, {
    "date" : "2025-05-28",
    "price" : 1050.15,
    "dma50" : 929.21,
    "dma100" : null,
    "dma200" : 1103.52,
    "volume" : 18468.00
  }, {
    "date" : "2025-05-29",
    "price" : 1027.95,
    "dma50" : 933.08,
    "dma100" : null,
    "dma200" : 1102.77,
    "volume" : 11144.00
  }, {
    "date" : "2025-05-30",
    "price" : 1057.70,
    "dma50" : 937.97,
    "dma100" : null,
    "dma200" : 1102.32,
    "volume" : 36598.00
  }, {
    "date" : "2025-06-02",
    "price" : 1063.30,
    "dma50" : 942.88,
    "dma100" : null,
    "dma200" : 1101.93,
    "volume" : 14366.00
  }, {
    "date" : "2025-06-03",
    "price" : 1033.00,
    "dma50" : 946.41,
    "dma100" : null,
    "dma200" : 1101.25,
    "volume" : 13731.00
  }, {
    "date" : "2025-06-04",
    "price" : 1040.40,
    "dma50" : 950.10,
    "dma100" : null,
    "dma200" : 1100.64,
    "volume" : 11391.00
  }, {
    "date" : "2025-06-05",
    "price" : 1042.50,
    "dma50" : 953.72,
    "dma100" : null,
    "dma200" : 1100.06,
    "volume" : 9189.00
  }, {
    "date" : "2025-06-06",
    "price" : 1027.50,
    "dma50" : 956.62,
    "dma100" : null,
    "dma200" : 1099.34,
    "volume" : 12784.00
  }, {
    "date" : "2025-06-09",
    "price" : 1078.10,
    "dma50" : 961.38,
    "dma100" : null,
    "dma200" : 1099.13,
    "volume" : 22101.00
  }, {
    "date" : "2025-06-10",
    "price" : 1079.20,
    "dma50" : 966.00,
    "dma100" : null,
    "dma200" : 1098.93,
    "volume" : 18642.00
  }, {
    "date" : "2025-06-11",
    "price" : 1102.20,
    "dma50" : 971.34,
    "dma100" : null,
    "dma200" : 1098.97,
    "volume" : 39882.00
  }, {
    "date" : "2025-06-12",
    "price" : 1248.40,
    "dma50" : 982.21,
    "dma100" : null,
    "dma200" : 1100.45,
    "volume" : 906690.00
  }, {
    "date" : "2025-06-13",
    "price" : 1244.60,
    "dma50" : 992.50,
    "dma100" : null,
    "dma200" : 1101.89,
    "volume" : 86810.00
  }, {
    "date" : "2025-06-16",
    "price" : 1280.30,
    "dma50" : 1003.78,
    "dma100" : null,
    "dma200" : 1103.66,
    "volume" : 252225.00
  }, {
    "date" : "2025-06-17",
    "price" : 1291.10,
    "dma50" : 1015.05,
    "dma100" : null,
    "dma200" : 1105.53,
    "volume" : 53066.00
  }, {
    "date" : "2025-06-18",
    "price" : 1292.40,
    "dma50" : 1025.93,
    "dma100" : null,
    "dma200" : 1107.39,
    "volume" : 36494.00
  }, {
    "date" : "2025-06-19",
    "price" : 1254.70,
    "dma50" : 1034.90,
    "dma100" : null,
    "dma200" : 1108.85,
    "volume" : 29243.00
  }, {
    "date" : "2025-06-20",
    "price" : 1241.50,
    "dma50" : 1043.00,
    "dma100" : null,
    "dma200" : 1110.17,
    "volume" : 26821.00
  }, {
    "date" : "2025-06-23",
    "price" : 1256.60,
    "dma50" : 1051.38,
    "dma100" : null,
    "dma200" : 1111.63,
    "volume" : 26993.00
  }, {
    "date" : "2025-06-24",
    "price" : 1269.40,
    "dma50" : 1059.93,
    "dma100" : null,
    "dma200" : 1113.20,
    "volume" : 21399.00
  }, {
    "date" : "2025-06-25",
    "price" : 1298.30,
    "dma50" : 1069.28,
    "dma100" : null,
    "dma200" : 1115.04,
    "volume" : 65209.00
  }, {
    "date" : "2025-06-26",
    "price" : 1288.80,
    "dma50" : 1077.88,
    "dma100" : null,
    "dma200" : 1116.77,
    "volume" : 20623.00
  }, {
    "date" : "2025-06-27",
    "price" : 1285.00,
    "dma50" : 1086.01,
    "dma100" : null,
    "dma200" : 1118.44,
    "volume" : 11093.00
  }, {
    "date" : "2025-06-30",
    "price" : 1282.10,
    "dma50" : 1093.70,
    "dma100" : null,
    "dma200" : 1120.07,
    "volume" : 13001.00
  }, {
    "date" : "2025-07-01",
    "price" : 1330.10,
    "dma50" : 1102.97,
    "dma100" : null,
    "dma200" : 1122.16,
    "volume" : 110559.00
  }, {
    "date" : "2025-07-02",
    "price" : 1333.00,
    "dma50" : 1111.99,
    "dma100" : null,
    "dma200" : 1124.26,
    "volume" : 36854.00
  }, {
    "date" : "2025-07-03",
    "price" : 1332.40,
    "dma50" : 1120.63,
    "dma100" : null,
    "dma200" : 1126.33,
    "volume" : 48674.00
  }, {
    "date" : "2025-07-04",
    "price" : 1308.40,
    "dma50" : 1128.00,
    "dma100" : null,
    "dma200" : 1128.14,
    "volume" : 29573.00
  }, {
    "date" : "2025-07-07",
    "price" : 1312.20,
    "dma50" : 1135.22,
    "dma100" : null,
    "dma200" : 1129.97,
    "volume" : 17054.00
  }, {
    "date" : "2025-07-08",
    "price" : 1274.20,
    "dma50" : 1140.67,
    "dma100" : null,
    "dma200" : 1131.41,
    "volume" : 37786.00
  }, {
    "date" : "2025-07-09",
    "price" : 1274.60,
    "dma50" : 1145.92,
    "dma100" : null,
    "dma200" : 1132.83,
    "volume" : 19395.00
  }, {
    "date" : "2025-07-10",
    "price" : 1259.70,
    "dma50" : 1150.38,
    "dma100" : null,
    "dma200" : 1134.10,
    "volume" : 23784.00
  }, {
    "date" : "2025-07-11",
    "price" : 1252.80,
    "dma50" : 1154.40,
    "dma100" : null,
    "dma200" : 1135.28,
    "volume" : 9554.00
  }, {
    "date" : "2025-07-14",
    "price" : 1247.10,
    "dma50" : 1158.03,
    "dma100" : null,
    "dma200" : 1136.39,
    "volume" : 8370.00
  }, {
    "date" : "2025-07-15",
    "price" : 1244.30,
    "dma50" : 1161.42,
    "dma100" : null,
    "dma200" : 1137.46,
    "volume" : 20656.00
  }, {
    "date" : "2025-07-16",
    "price" : 1237.40,
    "dma50" : 1164.40,
    "dma100" : 1002.09,
    "dma200" : 1138.46,
    "volume" : 14800.00
  }, {
    "date" : "2025-07-17",
    "price" : 1220.30,
    "dma50" : 1166.59,
    "dma100" : 1004.40,
    "dma200" : 1139.27,
    "volume" : 9895.00
  }, {
    "date" : "2025-07-18",
    "price" : 1209.20,
    "dma50" : 1168.26,
    "dma100" : 1006.32,
    "dma200" : 1139.97,
    "volume" : 17259.00
  }, {
    "date" : "2025-07-21",
    "price" : 1196.40,
    "dma50" : 1169.36,
    "dma100" : 1008.13,
    "dma200" : 1140.53,
    "volume" : 16000.00
  }, {
    "date" : "2025-07-22",
    "price" : 1220.80,
    "dma50" : 1171.38,
    "dma100" : 1010.29,
    "dma200" : 1141.33,
    "volume" : 52251.00
  }, {
    "date" : "2025-07-23",
    "price" : 1234.20,
    "dma50" : 1173.84,
    "dma100" : 1012.79,
    "dma200" : 1142.25,
    "volume" : 12346.00
  }, {
    "date" : "2025-07-24",
    "price" : 1235.80,
    "dma50" : 1176.27,
    "dma100" : 1015.39,
    "dma200" : 1143.18,
    "volume" : 11997.00
  }, {
    "date" : "2025-07-25",
    "price" : 1221.30,
    "dma50" : 1178.04,
    "dma100" : 1018.18,
    "dma200" : 1143.96,
    "volume" : 15806.00
  }, {
    "date" : "2025-07-28",
    "price" : 1213.70,
    "dma50" : 1179.44,
    "dma100" : 1021.35,
    "dma200" : 1144.65,
    "volume" : 7701.00
  }, {
    "date" : "2025-07-29",
    "price" : 1224.80,
    "dma50" : 1181.22,
    "dma100" : 1024.93,
    "dma200" : 1145.45,
    "volume" : 10503.00
  }, {
    "date" : "2025-07-30",
    "price" : 1231.60,
    "dma50" : 1183.19,
    "dma100" : 1028.26,
    "dma200" : 1146.31,
    "volume" : 11866.00
  }, {
    "date" : "2025-07-31",
    "price" : 1207.60,
    "dma50" : 1184.15,
    "dma100" : 1031.05,
    "dma200" : 1146.92,
    "volume" : 8764.00
  }, {
    "date" : "2025-08-01",
    "price" : 1164.60,
    "dma50" : 1183.38,
    "dma100" : 1033.78,
    "dma200" : 1147.09,
    "volume" : 10937.00
  }, {
    "date" : "2025-08-04",
    "price" : 1175.70,
    "dma50" : 1183.08,
    "dma100" : 1036.64,
    "dma200" : 1147.38,
    "volume" : 7600.00
  }, {
    "date" : "2025-08-05",
    "price" : 1169.60,
    "dma50" : 1182.55,
    "dma100" : 1039.74,
    "dma200" : 1147.60,
    "volume" : 5475.00
  }, {
    "date" : "2025-08-06",
    "price" : 1149.60,
    "dma50" : 1181.26,
    "dma100" : 1042.70,
    "dma200" : 1147.62,
    "volume" : 11021.00
  }, {
    "date" : "2025-08-07",
    "price" : 1125.80,
    "dma50" : 1179.09,
    "dma100" : 1045.53,
    "dma200" : 1147.40,
    "volume" : 10581.00
  }, {
    "date" : "2025-08-08",
    "price" : 1113.50,
    "dma50" : 1176.51,
    "dma100" : 1048.22,
    "dma200" : 1147.07,
    "volume" : 5974.00
  }, {
    "date" : "2025-08-11",
    "price" : 1098.20,
    "dma50" : 1173.44,
    "dma100" : 1050.72,
    "dma200" : 1146.58,
    "volume" : 8024.00
  }, {
    "date" : "2025-08-12",
    "price" : 1101.60,
    "dma50" : 1170.63,
    "dma100" : 1053.23,
    "dma200" : 1146.13,
    "volume" : 5145.00
  }, {
    "date" : "2025-08-13",
    "price" : 1129.80,
    "dma50" : 1169.02,
    "dma100" : 1055.94,
    "dma200" : 1145.97,
    "volume" : 8578.00
  }, {
    "date" : "2025-08-14",
    "price" : 1114.00,
    "dma50" : 1166.87,
    "dma100" : 1058.47,
    "dma200" : 1145.65,
    "volume" : 8494.00
  }, {
    "date" : "2025-08-18",
    "price" : 1025.00,
    "dma50" : 1161.30,
    "dma100" : 1059.94,
    "dma200" : 1144.45,
    "volume" : 68524.00
  }, {
    "date" : "2025-08-19",
    "price" : 1014.50,
    "dma50" : 1155.55,
    "dma100" : 1061.23,
    "dma200" : 1143.16,
    "volume" : 19014.00
  }, {
    "date" : "2025-08-20",
    "price" : 1041.00,
    "dma50" : 1151.05,
    "dma100" : 1063.02,
    "dma200" : 1142.14,
    "volume" : 14543.00
  }, {
    "date" : "2025-08-21",
    "price" : 1070.40,
    "dma50" : 1147.89,
    "dma100" : 1065.29,
    "dma200" : 1141.43,
    "volume" : 11573.00
  }, {
    "date" : "2025-08-22",
    "price" : 1056.20,
    "dma50" : 1144.30,
    "dma100" : 1067.62,
    "dma200" : 1140.58,
    "volume" : 7802.00
  }, {
    "date" : "2025-08-25",
    "price" : 1061.70,
    "dma50" : 1141.06,
    "dma100" : 1070.27,
    "dma200" : 1139.79,
    "volume" : 5375.00
  }, {
    "date" : "2025-08-26",
    "price" : 1043.60,
    "dma50" : 1137.23,
    "dma100" : 1072.51,
    "dma200" : 1138.84,
    "volume" : 6395.00
  }, {
    "date" : "2025-08-28",
    "price" : 1024.20,
    "dma50" : 1132.80,
    "dma100" : 1074.52,
    "dma200" : 1137.70,
    "volume" : 4656.00
  }, {
    "date" : "2025-08-29",
    "price" : 1037.90,
    "dma50" : 1129.08,
    "dma100" : 1076.68,
    "dma200" : 1136.70,
    "volume" : 3970.00
  }, {
    "date" : "2025-09-01",
    "price" : 1020.30,
    "dma50" : 1124.81,
    "dma100" : 1078.99,
    "dma200" : 1135.55,
    "volume" : 9119.00
  }, {
    "date" : "2025-09-02",
    "price" : 1035.00,
    "dma50" : 1121.29,
    "dma100" : 1081.64,
    "dma200" : 1134.55,
    "volume" : 6693.00
  }, {
    "date" : "2025-09-03",
    "price" : 1029.50,
    "dma50" : 1117.69,
    "dma100" : 1083.87,
    "dma200" : 1133.50,
    "volume" : 8998.00
  }, {
    "date" : "2025-09-04",
    "price" : 1031.10,
    "dma50" : 1114.30,
    "dma100" : 1086.28,
    "dma200" : 1132.48,
    "volume" : 5304.00
  }, {
    "date" : "2025-09-05",
    "price" : 1019.80,
    "dma50" : 1110.59,
    "dma100" : 1088.30,
    "dma200" : 1131.36,
    "volume" : 7231.00
  }, {
    "date" : "2025-09-08",
    "price" : 1013.20,
    "dma50" : 1106.77,
    "dma100" : 1089.86,
    "dma200" : 1130.18,
    "volume" : 7380.00
  }, {
    "date" : "2025-09-09",
    "price" : 978.30,
    "dma50" : 1101.73,
    "dma100" : 1090.91,
    "dma200" : 1128.67,
    "volume" : 41517.00
  }, {
    "date" : "2025-09-10",
    "price" : 993.50,
    "dma50" : 1097.49,
    "dma100" : 1092.16,
    "dma200" : 1127.33,
    "volume" : 14840.00
  }, {
    "date" : "2025-09-11",
    "price" : 999.60,
    "dma50" : 1093.65,
    "dma100" : 1093.25,
    "dma200" : 1126.06,
    "volume" : 6359.00
  }, {
    "date" : "2025-09-12",
    "price" : 988.90,
    "dma50" : 1089.54,
    "dma100" : 1094.31,
    "dma200" : 1124.69,
    "volume" : 8539.00
  }, {
    "date" : "2025-09-15",
    "price" : 978.50,
    "dma50" : 1085.19,
    "dma100" : 1095.07,
    "dma200" : 1123.24,
    "volume" : 14032.00
  }, {
    "date" : "2025-09-16",
    "price" : 1054.00,
    "dma50" : 1083.97,
    "dma100" : 1096.58,
    "dma200" : 1122.55,
    "volume" : 268399.00
  }, {
    "date" : "2025-09-17",
    "price" : 1078.10,
    "dma50" : 1083.74,
    "dma100" : 1098.65,
    "dma200" : 1122.11,
    "volume" : 49849.00
  }, {
    "date" : "2025-09-18",
    "price" : 1055.40,
    "dma50" : 1082.62,
    "dma100" : 1100.64,
    "dma200" : 1121.44,
    "volume" : 12319.00
  }, {
    "date" : "2025-09-19",
    "price" : 1039.00,
    "dma50" : 1080.91,
    "dma100" : 1102.35,
    "dma200" : 1120.62,
    "volume" : 12061.00
  }, {
    "date" : "2025-09-22",
    "price" : 1030.90,
    "dma50" : 1078.95,
    "dma100" : 1104.07,
    "dma200" : 1119.73,
    "volume" : 7383.00
  }, {
    "date" : "2025-09-23",
    "price" : 990.40,
    "dma50" : 1075.48,
    "dma100" : 1105.50,
    "dma200" : 1118.44,
    "volume" : 25350.00
  }, {
    "date" : "2025-09-24",
    "price" : 995.40,
    "dma50" : 1072.34,
    "dma100" : 1106.71,
    "dma200" : 1117.22,
    "volume" : 5183.00
  }, {
    "date" : "2025-09-25",
    "price" : 981.10,
    "dma50" : 1068.76,
    "dma100" : 1108.32,
    "dma200" : 1115.86,
    "volume" : 19210.00
  }, {
    "date" : "2025-09-26",
    "price" : 970.90,
    "dma50" : 1064.92,
    "dma100" : 1109.79,
    "dma200" : 1114.42,
    "volume" : 7965.00
  }, {
    "date" : "2025-09-29",
    "price" : 971.10,
    "dma50" : 1061.24,
    "dma100" : 1111.31,
    "dma200" : 1113.00,
    "volume" : 9992.00
  }, {
    "date" : "2025-09-30",
    "price" : 981.40,
    "dma50" : 1058.11,
    "dma100" : 1112.86,
    "dma200" : 1111.69,
    "volume" : 3711.00
  }, {
    "date" : "2025-10-01",
    "price" : 982.90,
    "dma50" : 1055.16,
    "dma100" : 1114.06,
    "dma200" : 1110.40,
    "volume" : 4904.00
  }, {
    "date" : "2025-10-03",
    "price" : 1004.15,
    "dma50" : 1053.16,
    "dma100" : 1115.25,
    "dma200" : 1109.35,
    "volume" : 13693.00
  }, {
    "date" : "2025-10-06",
    "price" : 1016.15,
    "dma50" : 1051.71,
    "dma100" : 1116.39,
    "dma200" : 1108.42,
    "volume" : 10256.00
  }, {
    "date" : "2025-10-07",
    "price" : 1014.30,
    "dma50" : 1050.24,
    "dma100" : 1117.42,
    "dma200" : 1107.48,
    "volume" : 7421.00
  }, {
    "date" : "2025-10-08",
    "price" : 997.80,
    "dma50" : 1048.19,
    "dma100" : 1118.03,
    "dma200" : 1106.39,
    "volume" : 8346.00
  }, {
    "date" : "2025-10-09",
    "price" : 994.00,
    "dma50" : 1046.06,
    "dma100" : 1118.52,
    "dma200" : 1105.27,
    "volume" : 4582.00
  }, {
    "date" : "2025-10-10",
    "price" : 996.75,
    "dma50" : 1044.13,
    "dma100" : 1119.06,
    "dma200" : 1104.19,
    "volume" : 6678.00
  }, {
    "date" : "2025-10-13",
    "price" : 996.95,
    "dma50" : 1042.28,
    "dma100" : 1119.58,
    "dma200" : 1103.13,
    "volume" : 10419.00
  }, {
    "date" : "2025-10-14",
    "price" : 995.75,
    "dma50" : 1040.45,
    "dma100" : 1120.17,
    "dma200" : 1102.06,
    "volume" : 6132.00
  }, {
    "date" : "2025-10-15",
    "price" : 992.55,
    "dma50" : 1038.58,
    "dma100" : 1119.88,
    "dma200" : 1100.97,
    "volume" : 6323.00
  }, {
    "date" : "2025-10-16",
    "price" : 1010.35,
    "dma50" : 1037.47,
    "dma100" : 1119.56,
    "dma200" : 1100.07,
    "volume" : 4596.00
  }, {
    "date" : "2025-10-17",
    "price" : 1007.60,
    "dma50" : 1036.30,
    "dma100" : 1119.19,
    "dma200" : 1099.15,
    "volume" : 2587.00
  }, {
    "date" : "2025-10-20",
    "price" : 1001.55,
    "dma50" : 1034.93,
    "dma100" : 1118.70,
    "dma200" : 1098.18,
    "volume" : 2736.00
  }, {
    "date" : "2025-10-21",
    "price" : 1026.80,
    "dma50" : 1034.62,
    "dma100" : 1118.69,
    "dma200" : 1097.47,
    "volume" : 4736.00
  }, {
    "date" : "2025-10-23",
    "price" : 1028.05,
    "dma50" : 1034.36,
    "dma100" : 1118.39,
    "dma200" : 1096.78,
    "volume" : 13662.00
  }, {
    "date" : "2025-10-24",
    "price" : 1019.00,
    "dma50" : 1033.76,
    "dma100" : 1117.95,
    "dma200" : 1096.00,
    "volume" : 7904.00
  }, {
    "date" : "2025-10-27",
    "price" : 1018.15,
    "dma50" : 1033.14,
    "dma100" : 1117.80,
    "dma200" : 1095.23,
    "volume" : 3602.00
  }, {
    "date" : "2025-10-28",
    "price" : 1020.25,
    "dma50" : 1032.64,
    "dma100" : 1117.60,
    "dma200" : 1094.48,
    "volume" : 4818.00
  }, {
    "date" : "2025-10-29",
    "price" : 1019.05,
    "dma50" : 1032.11,
    "dma100" : 1117.37,
    "dma200" : 1093.73,
    "volume" : 4778.00
  }, {
    "date" : "2025-10-30",
    "price" : 1019.75,
    "dma50" : 1031.62,
    "dma100" : 1117.29,
    "dma200" : 1092.99,
    "volume" : 3383.00
  }, {
    "date" : "2025-10-31",
    "price" : 1014.55,
    "dma50" : 1030.95,
    "dma100" : 1116.65,
    "dma200" : 1092.21,
    "volume" : 3926.00
  }, {
    "date" : "2025-11-03",
    "price" : 1013.00,
    "dma50" : 1030.25,
    "dma100" : 1115.99,
    "dma200" : 1091.43,
    "volume" : 2197.00
  }, {
    "date" : "2025-11-04",
    "price" : 1002.40,
    "dma50" : 1029.16,
    "dma100" : 1114.99,
    "dma200" : 1090.54,
    "volume" : 4596.00
  }, {
    "date" : "2025-11-06",
    "price" : 995.20,
    "dma50" : 1027.82,
    "dma100" : 1112.46,
    "dma200" : 1089.59,
    "volume" : 7648.00
  }, {
    "date" : "2025-11-07",
    "price" : 980.20,
    "dma50" : 1025.96,
    "dma100" : 1109.82,
    "dma200" : 1088.50,
    "volume" : 9327.00
  }, {
    "date" : "2025-11-10",
    "price" : 979.30,
    "dma50" : 1024.13,
    "dma100" : 1106.81,
    "dma200" : 1087.42,
    "volume" : 11675.00
  }, {
    "date" : "2025-11-11",
    "price" : 976.50,
    "dma50" : 1022.26,
    "dma100" : 1103.66,
    "dma200" : 1086.31,
    "volume" : 6589.00
  }, {
    "date" : "2025-11-12",
    "price" : 983.20,
    "dma50" : 1020.73,
    "dma100" : 1100.57,
    "dma200" : 1085.29,
    "volume" : 8161.00
  }, {
    "date" : "2025-11-13",
    "price" : 979.30,
    "dma50" : 1019.10,
    "dma100" : 1097.81,
    "dma200" : 1084.23,
    "volume" : 35280.00
  }, {
    "date" : "2025-11-14",
    "price" : 1074.30,
    "dma50" : 1021.27,
    "dma100" : 1096.14,
    "dma200" : 1084.13,
    "volume" : 321317.00
  }, {
    "date" : "2025-11-17",
    "price" : 1112.00,
    "dma50" : 1024.83,
    "dma100" : 1094.70,
    "dma200" : 1084.41,
    "volume" : 58232.00
  }, {
    "date" : "2025-11-18",
    "price" : 1096.60,
    "dma50" : 1027.64,
    "dma100" : 1092.97,
    "dma200" : 1084.53,
    "volume" : 18583.00
  }, {
    "date" : "2025-11-19",
    "price" : 1091.90,
    "dma50" : 1030.16,
    "dma100" : 1090.90,
    "dma200" : 1084.60,
    "volume" : 9907.00
  }, {
    "date" : "2025-11-20",
    "price" : 1113.40,
    "dma50" : 1033.42,
    "dma100" : 1089.15,
    "dma200" : 1084.89,
    "volume" : 27372.00
  }, {
    "date" : "2025-11-21",
    "price" : 1075.90,
    "dma50" : 1035.09,
    "dma100" : 1087.06,
    "dma200" : 1084.80,
    "volume" : 15412.00
  }, {
    "date" : "2025-11-24",
    "price" : 1041.50,
    "dma50" : 1035.34,
    "dma100" : 1084.65,
    "dma200" : 1084.37,
    "volume" : 17558.00
  }, {
    "date" : "2025-11-25",
    "price" : 1060.40,
    "dma50" : 1036.32,
    "dma100" : 1081.96,
    "dma200" : 1084.13,
    "volume" : 9290.00
  }, {
    "date" : "2025-11-26",
    "price" : 1103.80,
    "dma50" : 1038.97,
    "dma100" : 1079.66,
    "dma200" : 1084.33,
    "volume" : 19144.00
  }, {
    "date" : "2025-11-27",
    "price" : 1118.50,
    "dma50" : 1042.09,
    "dma100" : 1077.53,
    "dma200" : 1084.67,
    "volume" : 27094.00
  }, {
    "date" : "2025-11-28",
    "price" : 1112.80,
    "dma50" : 1044.86,
    "dma100" : 1075.57,
    "dma200" : 1084.95,
    "volume" : 11146.00
  }, {
    "date" : "2025-12-01",
    "price" : 1085.60,
    "dma50" : 1046.46,
    "dma100" : 1073.30,
    "dma200" : 1084.95,
    "volume" : 7122.00
  }, {
    "date" : "2025-12-02",
    "price" : 1048.70,
    "dma50" : 1046.55,
    "dma100" : 1071.05,
    "dma200" : 1084.59,
    "volume" : 21420.00
  }, {
    "date" : "2025-12-03",
    "price" : 1059.40,
    "dma50" : 1047.05,
    "dma100" : 1068.90,
    "dma200" : 1084.34,
    "volume" : 10184.00
  }, {
    "date" : "2025-12-04",
    "price" : 1044.60,
    "dma50" : 1046.96,
    "dma100" : 1066.75,
    "dma200" : 1083.95,
    "volume" : 12021.00
  }, {
    "date" : "2025-12-05",
    "price" : 1052.20,
    "dma50" : 1047.16,
    "dma100" : 1064.74,
    "dma200" : 1083.63,
    "volume" : 15089.00
  }, {
    "date" : "2025-12-08",
    "price" : 1006.90,
    "dma50" : 1045.58,
    "dma100" : 1062.34,
    "dma200" : 1082.87,
    "volume" : 11388.00
  }, {
    "date" : "2025-12-09",
    "price" : 1023.20,
    "dma50" : 1044.70,
    "dma100" : 1060.13,
    "dma200" : 1082.27,
    "volume" : 8514.00
  }, {
    "date" : "2025-12-10",
    "price" : 1002.70,
    "dma50" : 1043.06,
    "dma100" : 1057.78,
    "dma200" : 1081.48,
    "volume" : 5717.00
  }, {
    "date" : "2025-12-11",
    "price" : 994.10,
    "dma50" : 1041.14,
    "dma100" : 1055.52,
    "dma200" : 1080.61,
    "volume" : 17392.00
  }, {
    "date" : "2025-12-12",
    "price" : 1023.00,
    "dma50" : 1040.43,
    "dma100" : 1053.66,
    "dma200" : 1080.04,
    "volume" : 8401.00
  }, {
    "date" : "2025-12-15",
    "price" : 1063.60,
    "dma50" : 1041.33,
    "dma100" : 1052.33,
    "dma200" : 1079.88,
    "volume" : 28345.00
  }, {
    "date" : "2025-12-16",
    "price" : 1037.90,
    "dma50" : 1041.20,
    "dma100" : 1050.50,
    "dma200" : 1079.46,
    "volume" : 26049.00
  }, {
    "date" : "2025-12-17",
    "price" : 1028.40,
    "dma50" : 1040.70,
    "dma100" : 1048.44,
    "dma200" : 1078.95,
    "volume" : 6458.00
  }, {
    "date" : "2025-12-18",
    "price" : 1041.20,
    "dma50" : 1040.72,
    "dma100" : 1046.49,
    "dma200" : 1078.57,
    "volume" : 5980.00
  }, {
    "date" : "2025-12-19",
    "price" : 1029.40,
    "dma50" : 1040.27,
    "dma100" : 1044.58,
    "dma200" : 1078.09,
    "volume" : 15218.00
  }, {
    "date" : "2025-12-22",
    "price" : 1035.80,
    "dma50" : 1040.10,
    "dma100" : 1042.80,
    "dma200" : 1077.66,
    "volume" : 10795.00
  }, {
    "date" : "2025-12-23",
    "price" : 1013.30,
    "dma50" : 1039.05,
    "dma100" : 1040.68,
    "dma200" : 1077.02,
    "volume" : 14038.00
  }, {
    "date" : "2025-12-24",
    "price" : 998.30,
    "dma50" : 1037.45,
    "dma100" : 1038.35,
    "dma200" : 1076.24,
    "volume" : 19897.00
  }, {
    "date" : "2025-12-26",
    "price" : 991.90,
    "dma50" : 1035.66,
    "dma100" : 1036.19,
    "dma200" : 1075.40,
    "volume" : 15891.00
  }, {
    "date" : "2025-12-29",
    "price" : 971.40,
    "dma50" : 1033.14,
    "dma100" : 1034.26,
    "dma200" : 1074.37,
    "volume" : 17548.00
  }, {
    "date" : "2025-12-30",
    "price" : 954.30,
    "dma50" : 1030.05,
    "dma100" : 1032.04,
    "dma200" : 1073.17,
    "volume" : 19753.00
  }, {
    "date" : "2025-12-31",
    "price" : 968.60,
    "dma50" : 1027.64,
    "dma100" : 1030.03,
    "dma200" : 1072.13,
    "volume" : 10693.00
  }, {
    "date" : "2026-01-01",
    "price" : 959.15,
    "dma50" : 1024.96,
    "dma100" : 1028.13,
    "dma200" : 1071.01,
    "volume" : 11921.00
  }, {
    "date" : "2026-01-02",
    "price" : 971.60,
    "dma50" : 1022.86,
    "dma100" : 1026.59,
    "dma200" : 1070.02,
    "volume" : 20367.00
  }, {
    "date" : "2026-01-05",
    "price" : 985.15,
    "dma50" : 1021.38,
    "dma100" : 1025.30,
    "dma200" : 1069.17,
    "volume" : 18001.00
  }, {
    "date" : "2026-01-06",
    "price" : 976.75,
    "dma50" : 1019.63,
    "dma100" : 1024.09,
    "dma200" : 1068.25,
    "volume" : 19554.00
  }, {
    "date" : "2026-01-07",
    "price" : 1004.50,
    "dma50" : 1019.04,
    "dma100" : 1023.12,
    "dma200" : 1067.62,
    "volume" : 22542.00
  }, {
    "date" : "2026-01-08",
    "price" : 974.35,
    "dma50" : 1017.29,
    "dma100" : 1021.56,
    "dma200" : 1066.69,
    "volume" : 12207.00
  }, {
    "date" : "2026-01-09",
    "price" : 957.80,
    "dma50" : 1014.95,
    "dma100" : 1020.00,
    "dma200" : 1065.61,
    "volume" : 7622.00
  }, {
    "date" : "2026-01-12",
    "price" : 944.15,
    "dma50" : 1012.18,
    "dma100" : 1019.19,
    "dma200" : 1064.40,
    "volume" : 13178.00
  }, {
    "date" : "2026-01-13",
    "price" : 935.25,
    "dma50" : 1009.16,
    "dma100" : 1018.40,
    "dma200" : 1063.11,
    "volume" : 7745.00
  }, {
    "date" : "2026-01-14",
    "price" : 938.05,
    "dma50" : 1006.37,
    "dma100" : 1017.37,
    "dma200" : 1061.87,
    "volume" : 8106.00
  }, {
    "date" : "2026-01-16",
    "price" : 952.95,
    "dma50" : 1004.28,
    "dma100" : 1016.20,
    "dma200" : 1060.79,
    "volume" : 8184.00
  }, {
    "date" : "2026-01-19",
    "price" : 914.25,
    "dma50" : 1000.75,
    "dma100" : 1014.78,
    "dma200" : 1059.33,
    "volume" : 16695.00
  }, {
    "date" : "2026-01-20",
    "price" : 897.90,
    "dma50" : 996.71,
    "dma100" : 1013.14,
    "dma200" : 1057.72,
    "volume" : 7777.00
  }, {
    "date" : "2026-01-21",
    "price" : 891.40,
    "dma50" : 992.58,
    "dma100" : 1011.62,
    "dma200" : 1056.07,
    "volume" : 11981.00
  }, {
    "date" : "2026-01-22",
    "price" : 916.95,
    "dma50" : 989.62,
    "dma100" : 1010.55,
    "dma200" : 1054.68,
    "volume" : 15832.00
  }, {
    "date" : "2026-01-23",
    "price" : 909.85,
    "dma50" : 986.49,
    "dma100" : 1009.27,
    "dma200" : 1053.24,
    "volume" : 8840.00
  }, {
    "date" : "2026-01-27",
    "price" : 888.95,
    "dma50" : 982.66,
    "dma100" : 1007.95,
    "dma200" : 1051.61,
    "volume" : 7333.00
  }, {
    "date" : "2026-01-28",
    "price" : 906.95,
    "dma50" : 979.70,
    "dma100" : 1006.67,
    "dma200" : 1050.17,
    "volume" : 6851.00
  }, {
    "date" : "2026-01-29",
    "price" : 891.90,
    "dma50" : 976.25,
    "dma100" : 1005.30,
    "dma200" : 1048.59,
    "volume" : 8700.00
  }, {
    "date" : "2026-01-30",
    "price" : 908.30,
    "dma50" : 973.59,
    "dma100" : 1004.07,
    "dma200" : 1047.20,
    "volume" : 7422.00
  }, {
    "date" : "2026-02-01",
    "price" : 896.10,
    "dma50" : 970.55,
    "dma100" : 1002.83,
    "dma200" : 1045.69,
    "volume" : 15355.00
  }, {
    "date" : "2026-02-02",
    "price" : 896.60,
    "dma50" : 967.65,
    "dma100" : 1001.66,
    "dma200" : 1044.21,
    "volume" : 8981.00
  }, {
    "date" : "2026-02-03",
    "price" : 895.25,
    "dma50" : 964.81,
    "dma100" : 1000.83,
    "dma200" : 1042.73,
    "volume" : 40224.00
  }, {
    "date" : "2026-02-04",
    "price" : 897.85,
    "dma50" : 962.18,
    "dma100" : 999.88,
    "dma200" : 1041.29,
    "volume" : 23881.00
  }, {
    "date" : "2026-02-05",
    "price" : 889.35,
    "dma50" : 959.33,
    "dma100" : 998.77,
    "dma200" : 1039.77,
    "volume" : 18755.00
  }, {
    "date" : "2026-02-06",
    "price" : 874.00,
    "dma50" : 955.98,
    "dma100" : 997.63,
    "dma200" : 1038.12,
    "volume" : 11674.00
  }, {
    "date" : "2026-02-09",
    "price" : 895.85,
    "dma50" : 953.62,
    "dma100" : 996.80,
    "dma200" : 1036.71,
    "volume" : 28315.00
  }, {
    "date" : "2026-02-10",
    "price" : 892.55,
    "dma50" : 951.23,
    "dma100" : 995.18,
    "dma200" : 1035.27,
    "volume" : 14116.00
  }, {
    "date" : "2026-02-11",
    "price" : 882.50,
    "dma50" : 948.53,
    "dma100" : 993.23,
    "dma200" : 1033.75,
    "volume" : 6452.00
  }, {
    "date" : "2026-02-12",
    "price" : 844.45,
    "dma50" : 944.45,
    "dma100" : 991.12,
    "dma200" : 1031.87,
    "volume" : 33524.00
  }, {
    "date" : "2026-02-13",
    "price" : 852.35,
    "dma50" : 940.84,
    "dma100" : 989.25,
    "dma200" : 1030.08,
    "volume" : 28808.00
  } ],
  "latestTechnicalAttributes" : {
    "date" : "2026-02-13",
    "price" : 852.35,
    "dma50" : 940.84,
    "dma100" : 989.25,
    "dma200" : 1030.08,
    "volume" : 28808.00
  },
  "quarterlyResults" : [ {
    "date" : "2009-06-30",
    "sales" : 22.07,
    "salesGrowthYoY" : null,
    "grossProfitMargin" : 100.00,
    "grossProfit" : 22.07,
    "operatingProfitMargin" : 20.21,
    "operatingProfit" : 4.46,
    "netProfitMargin" : 21.66,
    "netProfit" : 4.78
  }, {
    "date" : "2009-09-30",
    "sales" : 20.68,
    "salesGrowthYoY" : null,
    "grossProfitMargin" : 100.00,
    "grossProfit" : 20.68,
    "operatingProfitMargin" : 19.10,
    "operatingProfit" : 3.95,
    "netProfitMargin" : 16.10,
    "netProfit" : 3.33
  }, {
    "date" : "2009-12-31",
    "sales" : 16.29,
    "salesGrowthYoY" : null,
    "grossProfitMargin" : 100.00,
    "grossProfit" : 16.29,
    "operatingProfitMargin" : 6.57,
    "operatingProfit" : 1.07,
    "netProfitMargin" : 4.85,
    "netProfit" : 0.79
  }, {
    "date" : "2010-03-31",
    "sales" : 15.52,
    "salesGrowthYoY" : null,
    "grossProfitMargin" : 100.00,
    "grossProfit" : 15.52,
    "operatingProfitMargin" : -8.63,
    "operatingProfit" : -1.34,
    "netProfitMargin" : -5.86,
    "netProfit" : -0.91
  }, {
    "date" : "2010-06-30",
    "sales" : 17.51,
    "salesGrowthYoY" : -20.66,
    "grossProfitMargin" : 100.00,
    "grossProfit" : 17.51,
    "operatingProfitMargin" : 11.76,
    "operatingProfit" : 2.06,
    "netProfitMargin" : 11.19,
    "netProfit" : 1.96
  }, {
    "date" : "2010-09-30",
    "sales" : 18.73,
    "salesGrowthYoY" : -9.43,
    "grossProfitMargin" : 100.00,
    "grossProfit" : 18.73,
    "operatingProfitMargin" : 2.56,
    "operatingProfit" : 0.48,
    "netProfitMargin" : 0.64,
    "netProfit" : 0.12
  }, {
    "date" : "2010-12-31",
    "sales" : 10.46,
    "salesGrowthYoY" : -35.79,
    "grossProfitMargin" : 100.00,
    "grossProfit" : 10.46,
    "operatingProfitMargin" : -4.21,
    "operatingProfit" : -0.44,
    "netProfitMargin" : -4.49,
    "netProfit" : -0.47
  }, {
    "date" : "2011-03-31",
    "sales" : 14.61,
    "salesGrowthYoY" : -5.86,
    "grossProfitMargin" : 100.00,
    "grossProfit" : 14.61,
    "operatingProfitMargin" : -1.44,
    "operatingProfit" : -0.21,
    "netProfitMargin" : 0.82,
    "netProfit" : 0.12
  }, {
    "date" : "2011-06-30",
    "sales" : 25.71,
    "salesGrowthYoY" : 46.83,
    "grossProfitMargin" : 100.00,
    "grossProfit" : 25.71,
    "operatingProfitMargin" : 9.92,
    "operatingProfit" : 2.55,
    "netProfitMargin" : 5.80,
    "netProfit" : 1.49
  }, {
    "date" : "2011-09-30",
    "sales" : 27.47,
    "salesGrowthYoY" : 46.66,
    "grossProfitMargin" : 100.00,
    "grossProfit" : 27.47,
    "operatingProfitMargin" : 10.12,
    "operatingProfit" : 2.78,
    "netProfitMargin" : 11.94,
    "netProfit" : 3.28
  }, {
    "date" : "2011-12-31",
    "sales" : 27.09,
    "salesGrowthYoY" : 158.99,
    "grossProfitMargin" : 100.00,
    "grossProfit" : 27.09,
    "operatingProfitMargin" : 4.87,
    "operatingProfit" : 1.32,
    "netProfitMargin" : 6.90,
    "netProfit" : 1.87
  }, {
    "date" : "2012-03-31",
    "sales" : 31.63,
    "salesGrowthYoY" : 116.50,
    "grossProfitMargin" : 100.00,
    "grossProfit" : 31.63,
    "operatingProfitMargin" : 12.36,
    "operatingProfit" : 3.91,
    "netProfitMargin" : 7.71,
    "netProfit" : 2.44
  }, {
    "date" : "2012-06-30",
    "sales" : 37.60,
    "salesGrowthYoY" : 46.25,
    "grossProfitMargin" : 100.00,
    "grossProfit" : 37.60,
    "operatingProfitMargin" : 18.40,
    "operatingProfit" : 6.92,
    "netProfitMargin" : 16.41,
    "netProfit" : 6.17
  }, {
    "date" : "2012-09-30",
    "sales" : 41.16,
    "salesGrowthYoY" : 49.84,
    "grossProfitMargin" : 100.00,
    "grossProfit" : 41.16,
    "operatingProfitMargin" : 13.07,
    "operatingProfit" : 5.38,
    "netProfitMargin" : 8.16,
    "netProfit" : 3.36
  }, {
    "date" : "2012-12-31",
    "sales" : 41.63,
    "salesGrowthYoY" : 53.67,
    "grossProfitMargin" : 100.00,
    "grossProfit" : 41.63,
    "operatingProfitMargin" : 14.89,
    "operatingProfit" : 6.20,
    "netProfitMargin" : 11.63,
    "netProfit" : 4.84
  }, {
    "date" : "2013-03-31",
    "sales" : 37.43,
    "salesGrowthYoY" : 18.34,
    "grossProfitMargin" : 100.00,
    "grossProfit" : 37.43,
    "operatingProfitMargin" : 11.92,
    "operatingProfit" : 4.46,
    "netProfitMargin" : 5.18,
    "netProfit" : 1.94
  }, {
    "date" : "2013-06-30",
    "sales" : 43.04,
    "salesGrowthYoY" : 14.47,
    "grossProfitMargin" : 100.00,
    "grossProfit" : 43.04,
    "operatingProfitMargin" : 22.00,
    "operatingProfit" : 9.47,
    "netProfitMargin" : 19.70,
    "netProfit" : 8.48
  }, {
    "date" : "2013-09-30",
    "sales" : 50.43,
    "salesGrowthYoY" : 22.52,
    "grossProfitMargin" : 100.00,
    "grossProfit" : 50.43,
    "operatingProfitMargin" : 21.40,
    "operatingProfit" : 10.79,
    "netProfitMargin" : 17.09,
    "netProfit" : 8.62
  }, {
    "date" : "2013-12-31",
    "sales" : 50.97,
    "salesGrowthYoY" : 22.44,
    "grossProfitMargin" : 100.00,
    "grossProfit" : 50.97,
    "operatingProfitMargin" : 20.38,
    "operatingProfit" : 10.39,
    "netProfitMargin" : 12.63,
    "netProfit" : 6.44
  }, {
    "date" : "2014-03-31",
    "sales" : 50.00,
    "salesGrowthYoY" : 33.58,
    "grossProfitMargin" : 100.00,
    "grossProfit" : 50.00,
    "operatingProfitMargin" : 6.10,
    "operatingProfit" : 3.05,
    "netProfitMargin" : 3.78,
    "netProfit" : 1.89
  }, {
    "date" : "2014-06-30",
    "sales" : 51.30,
    "salesGrowthYoY" : 19.19,
    "grossProfitMargin" : 100.00,
    "grossProfit" : 51.30,
    "operatingProfitMargin" : 17.35,
    "operatingProfit" : 8.90,
    "netProfitMargin" : 10.14,
    "netProfit" : 5.20
  }, {
    "date" : "2014-09-30",
    "sales" : 56.40,
    "salesGrowthYoY" : 11.84,
    "grossProfitMargin" : 100.00,
    "grossProfit" : 56.40,
    "operatingProfitMargin" : 18.62,
    "operatingProfit" : 10.50,
    "netProfitMargin" : 10.99,
    "netProfit" : 6.20
  }, {
    "date" : "2014-12-31",
    "sales" : 53.80,
    "salesGrowthYoY" : 5.55,
    "grossProfitMargin" : 100.00,
    "grossProfit" : 53.80,
    "operatingProfitMargin" : 16.91,
    "operatingProfit" : 9.10,
    "netProfitMargin" : 10.22,
    "netProfit" : 5.50
  }, {
    "date" : "2015-03-31",
    "sales" : 52.60,
    "salesGrowthYoY" : 5.20,
    "grossProfitMargin" : 100.00,
    "grossProfit" : 52.60,
    "operatingProfitMargin" : 6.46,
    "operatingProfit" : 3.40,
    "netProfitMargin" : 3.04,
    "netProfit" : 1.60
  }, {
    "date" : "2015-06-30",
    "sales" : 58.30,
    "salesGrowthYoY" : 13.65,
    "grossProfitMargin" : 100.00,
    "grossProfit" : 58.30,
    "operatingProfitMargin" : 14.75,
    "operatingProfit" : 8.60,
    "netProfitMargin" : 11.49,
    "netProfit" : 6.70
  }, {
    "date" : "2015-09-30",
    "sales" : 66.50,
    "salesGrowthYoY" : 17.91,
    "grossProfitMargin" : 100.00,
    "grossProfit" : 66.50,
    "operatingProfitMargin" : 19.55,
    "operatingProfit" : 13.00,
    "netProfitMargin" : 13.68,
    "netProfit" : 9.10
  }, {
    "date" : "2015-12-31",
    "sales" : 67.10,
    "salesGrowthYoY" : 24.72,
    "grossProfitMargin" : 100.00,
    "grossProfit" : 67.10,
    "operatingProfitMargin" : 16.84,
    "operatingProfit" : 11.30,
    "netProfitMargin" : 9.54,
    "netProfit" : 6.40
  }, {
    "date" : "2016-03-31",
    "sales" : 72.20,
    "salesGrowthYoY" : 37.26,
    "grossProfitMargin" : 100.00,
    "grossProfit" : 72.20,
    "operatingProfitMargin" : 21.19,
    "operatingProfit" : 15.30,
    "netProfitMargin" : 13.30,
    "netProfit" : 9.60
  }, {
    "date" : "2016-06-30",
    "sales" : 73.10,
    "salesGrowthYoY" : 25.39,
    "grossProfitMargin" : 100.00,
    "grossProfit" : 73.10,
    "operatingProfitMargin" : 19.43,
    "operatingProfit" : 14.20,
    "netProfitMargin" : 11.49,
    "netProfit" : 8.40
  }, {
    "date" : "2016-09-30",
    "sales" : 68.40,
    "salesGrowthYoY" : 2.86,
    "grossProfitMargin" : 100.00,
    "grossProfit" : 68.40,
    "operatingProfitMargin" : 15.06,
    "operatingProfit" : 10.30,
    "netProfitMargin" : 8.63,
    "netProfit" : 5.90
  }, {
    "date" : "2016-12-31",
    "sales" : 60.90,
    "salesGrowthYoY" : -9.24,
    "grossProfitMargin" : 100.00,
    "grossProfit" : 60.90,
    "operatingProfitMargin" : 10.67,
    "operatingProfit" : 6.50,
    "netProfitMargin" : 5.25,
    "netProfit" : 3.20
  }, {
    "date" : "2017-03-31",
    "sales" : 57.53,
    "salesGrowthYoY" : -20.32,
    "grossProfitMargin" : 100.00,
    "grossProfit" : 57.53,
    "operatingProfitMargin" : 14.03,
    "operatingProfit" : 8.07,
    "netProfitMargin" : 8.45,
    "netProfit" : 4.86
  }, {
    "date" : "2017-06-30",
    "sales" : 60.74,
    "salesGrowthYoY" : -16.91,
    "grossProfitMargin" : 100.00,
    "grossProfit" : 60.74,
    "operatingProfitMargin" : 18.47,
    "operatingProfit" : 11.22,
    "netProfitMargin" : 12.61,
    "netProfit" : 7.66
  }, {
    "date" : "2017-09-30",
    "sales" : 69.67,
    "salesGrowthYoY" : 1.86,
    "grossProfitMargin" : 100.00,
    "grossProfit" : 69.67,
    "operatingProfitMargin" : 12.70,
    "operatingProfit" : 8.85,
    "netProfitMargin" : 8.17,
    "netProfit" : 5.69
  }, {
    "date" : "2017-12-31",
    "sales" : 70.40,
    "salesGrowthYoY" : 15.60,
    "grossProfitMargin" : 100.00,
    "grossProfit" : 70.40,
    "operatingProfitMargin" : 12.13,
    "operatingProfit" : 8.54,
    "netProfitMargin" : 7.39,
    "netProfit" : 5.20
  }, {
    "date" : "2018-03-31",
    "sales" : 74.04,
    "salesGrowthYoY" : 28.70,
    "grossProfitMargin" : 100.00,
    "grossProfit" : 74.04,
    "operatingProfitMargin" : 13.47,
    "operatingProfit" : 9.97,
    "netProfitMargin" : 12.14,
    "netProfit" : 8.99
  }, {
    "date" : "2018-06-30",
    "sales" : 72.39,
    "salesGrowthYoY" : 19.18,
    "grossProfitMargin" : 100.00,
    "grossProfit" : 72.39,
    "operatingProfitMargin" : 14.05,
    "operatingProfit" : 10.17,
    "netProfitMargin" : 8.92,
    "netProfit" : 6.46
  }, {
    "date" : "2018-09-30",
    "sales" : 75.00,
    "salesGrowthYoY" : 7.65,
    "grossProfitMargin" : 100.00,
    "grossProfit" : 75.00,
    "operatingProfitMargin" : 20.25,
    "operatingProfit" : 15.19,
    "netProfitMargin" : 14.68,
    "netProfit" : 11.01
  }, {
    "date" : "2018-12-31",
    "sales" : 69.85,
    "salesGrowthYoY" : -0.78,
    "grossProfitMargin" : 100.00,
    "grossProfit" : 69.85,
    "operatingProfitMargin" : 12.40,
    "operatingProfit" : 8.66,
    "netProfitMargin" : 8.49,
    "netProfit" : 5.93
  }, {
    "date" : "2019-03-31",
    "sales" : 65.53,
    "salesGrowthYoY" : -11.49,
    "grossProfitMargin" : 100.00,
    "grossProfit" : 65.53,
    "operatingProfitMargin" : 16.94,
    "operatingProfit" : 11.10,
    "netProfitMargin" : 12.27,
    "netProfit" : 8.04
  }, {
    "date" : "2019-06-30",
    "sales" : 60.86,
    "salesGrowthYoY" : -15.93,
    "grossProfitMargin" : 100.00,
    "grossProfit" : 60.86,
    "operatingProfitMargin" : 15.84,
    "operatingProfit" : 9.64,
    "netProfitMargin" : 10.45,
    "netProfit" : 6.36
  }, {
    "date" : "2019-09-30",
    "sales" : 65.67,
    "salesGrowthYoY" : -12.44,
    "grossProfitMargin" : 100.00,
    "grossProfit" : 65.67,
    "operatingProfitMargin" : 20.01,
    "operatingProfit" : 13.14,
    "netProfitMargin" : 11.92,
    "netProfit" : 7.83
  }, {
    "date" : "2019-12-31",
    "sales" : 68.19,
    "salesGrowthYoY" : -2.38,
    "grossProfitMargin" : 100.00,
    "grossProfit" : 68.19,
    "operatingProfitMargin" : 16.57,
    "operatingProfit" : 11.30,
    "netProfitMargin" : 12.16,
    "netProfit" : 8.29
  }, {
    "date" : "2020-03-31",
    "sales" : 75.50,
    "salesGrowthYoY" : 15.21,
    "grossProfitMargin" : 100.00,
    "grossProfit" : 75.50,
    "operatingProfitMargin" : 19.97,
    "operatingProfit" : 15.08,
    "netProfitMargin" : 16.52,
    "netProfit" : 12.47
  }, {
    "date" : "2020-06-30",
    "sales" : 75.81,
    "salesGrowthYoY" : 24.56,
    "grossProfitMargin" : 100.00,
    "grossProfit" : 75.81,
    "operatingProfitMargin" : 24.76,
    "operatingProfit" : 18.77,
    "netProfitMargin" : 17.32,
    "netProfit" : 13.13
  }, {
    "date" : "2020-09-30",
    "sales" : 73.63,
    "salesGrowthYoY" : 12.12,
    "grossProfitMargin" : 100.00,
    "grossProfit" : 73.63,
    "operatingProfitMargin" : 22.56,
    "operatingProfit" : 16.61,
    "netProfitMargin" : 16.18,
    "netProfit" : 11.91
  }, {
    "date" : "2020-12-31",
    "sales" : 72.11,
    "salesGrowthYoY" : 5.75,
    "grossProfitMargin" : 100.00,
    "grossProfit" : 72.11,
    "operatingProfitMargin" : 17.14,
    "operatingProfit" : 12.36,
    "netProfitMargin" : 14.67,
    "netProfit" : 10.58
  }, {
    "date" : "2021-03-31",
    "sales" : 79.34,
    "salesGrowthYoY" : 5.09,
    "grossProfitMargin" : 100.00,
    "grossProfit" : 79.34,
    "operatingProfitMargin" : 19.02,
    "operatingProfit" : 15.09,
    "netProfitMargin" : 12.14,
    "netProfit" : 9.63
  }, {
    "date" : "2021-06-30",
    "sales" : 88.03,
    "salesGrowthYoY" : 16.12,
    "grossProfitMargin" : 100.00,
    "grossProfit" : 88.03,
    "operatingProfitMargin" : 15.65,
    "operatingProfit" : 13.78,
    "netProfitMargin" : 12.65,
    "netProfit" : 11.14
  }, {
    "date" : "2021-09-30",
    "sales" : 97.09,
    "salesGrowthYoY" : 31.86,
    "grossProfitMargin" : 100.00,
    "grossProfit" : 97.09,
    "operatingProfitMargin" : 16.68,
    "operatingProfit" : 16.19,
    "netProfitMargin" : 11.20,
    "netProfit" : 10.87
  }, {
    "date" : "2021-12-31",
    "sales" : 105.84,
    "salesGrowthYoY" : 46.78,
    "grossProfitMargin" : 100.00,
    "grossProfit" : 105.84,
    "operatingProfitMargin" : 15.16,
    "operatingProfit" : 16.05,
    "netProfitMargin" : 9.70,
    "netProfit" : 10.27
  }, {
    "date" : "2022-03-31",
    "sales" : 195.54,
    "salesGrowthYoY" : 146.46,
    "grossProfitMargin" : 99.84,
    "grossProfit" : 195.23,
    "operatingProfitMargin" : 15.31,
    "operatingProfit" : 29.94,
    "netProfitMargin" : 10.90,
    "netProfit" : 21.31
  }, {
    "date" : "2022-06-30",
    "sales" : 212.40,
    "salesGrowthYoY" : 141.28,
    "grossProfitMargin" : 98.73,
    "grossProfit" : 209.70,
    "operatingProfitMargin" : 16.46,
    "operatingProfit" : 34.96,
    "netProfitMargin" : 10.03,
    "netProfit" : 21.30
  }, {
    "date" : "2022-09-30",
    "sales" : 219.61,
    "salesGrowthYoY" : 126.19,
    "grossProfitMargin" : 99.37,
    "grossProfit" : 218.23,
    "operatingProfitMargin" : 19.09,
    "operatingProfit" : 41.92,
    "netProfitMargin" : 10.91,
    "netProfit" : 23.96
  }, {
    "date" : "2022-12-31",
    "sales" : 240.21,
    "salesGrowthYoY" : 126.96,
    "grossProfitMargin" : 99.03,
    "grossProfit" : 237.88,
    "operatingProfitMargin" : 29.33,
    "operatingProfit" : 70.45,
    "netProfitMargin" : 21.01,
    "netProfit" : 50.47
  }, {
    "date" : "2023-03-31",
    "sales" : 231.08,
    "salesGrowthYoY" : 18.18,
    "grossProfitMargin" : 99.61,
    "grossProfit" : 230.18,
    "operatingProfitMargin" : 18.15,
    "operatingProfit" : 41.94,
    "netProfitMargin" : 11.90,
    "netProfit" : 27.50
  }, {
    "date" : "2023-06-30",
    "sales" : 225.12,
    "salesGrowthYoY" : 5.99,
    "grossProfitMargin" : 99.18,
    "grossProfit" : 223.27,
    "operatingProfitMargin" : 13.95,
    "operatingProfit" : 31.40,
    "netProfitMargin" : 8.19,
    "netProfit" : 18.44
  }, {
    "date" : "2023-09-30",
    "sales" : 234.11,
    "salesGrowthYoY" : 6.60,
    "grossProfitMargin" : 99.84,
    "grossProfit" : 233.74,
    "operatingProfitMargin" : 13.91,
    "operatingProfit" : 32.56,
    "netProfitMargin" : 8.05,
    "netProfit" : 18.85
  }, {
    "date" : "2023-12-31",
    "sales" : 250.23,
    "salesGrowthYoY" : 4.17,
    "grossProfitMargin" : 99.45,
    "grossProfit" : 248.85,
    "operatingProfitMargin" : 14.69,
    "operatingProfit" : 36.76,
    "netProfitMargin" : 12.13,
    "netProfit" : 30.35
  }, {
    "date" : "2024-03-31",
    "sales" : 255.41,
    "salesGrowthYoY" : 10.53,
    "grossProfitMargin" : 99.45,
    "grossProfit" : 254.01,
    "operatingProfitMargin" : 12.57,
    "operatingProfit" : 32.11,
    "netProfitMargin" : 5.27,
    "netProfit" : 13.46
  }, {
    "date" : "2024-06-30",
    "sales" : 252.17,
    "salesGrowthYoY" : 12.02,
    "grossProfitMargin" : 100.00,
    "grossProfit" : 252.17,
    "operatingProfitMargin" : 14.01,
    "operatingProfit" : 35.33,
    "netProfitMargin" : 8.10,
    "netProfit" : 20.43
  }, {
    "date" : "2024-09-30",
    "sales" : 259.26,
    "salesGrowthYoY" : 10.74,
    "grossProfitMargin" : 98.76,
    "grossProfit" : 256.05,
    "operatingProfitMargin" : 15.09,
    "operatingProfit" : 39.12,
    "netProfitMargin" : 11.30,
    "netProfit" : 29.30
  }, {
    "date" : "2024-12-31",
    "sales" : 257.58,
    "salesGrowthYoY" : 2.94,
    "grossProfitMargin" : 99.01,
    "grossProfit" : 255.03,
    "operatingProfitMargin" : 13.69,
    "operatingProfit" : 35.26,
    "netProfitMargin" : 6.50,
    "netProfit" : 16.74
  }, {
    "date" : "2025-03-31",
    "sales" : 255.80,
    "salesGrowthYoY" : 0.15,
    "grossProfitMargin" : 99.33,
    "grossProfit" : 254.09,
    "operatingProfitMargin" : 14.05,
    "operatingProfit" : 35.94,
    "netProfitMargin" : 8.83,
    "netProfit" : 22.59
  }, {
    "date" : "2025-06-30",
    "sales" : 221.28,
    "salesGrowthYoY" : -12.25,
    "grossProfitMargin" : 99.37,
    "grossProfit" : 219.89,
    "operatingProfitMargin" : 11.13,
    "operatingProfit" : 24.63,
    "netProfitMargin" : 6.67,
    "netProfit" : 14.76
  }, {
    "date" : "2025-09-30",
    "sales" : 237.26,
    "salesGrowthYoY" : -8.49,
    "grossProfitMargin" : 98.35,
    "grossProfit" : 233.35,
    "operatingProfitMargin" : 17.14,
    "operatingProfit" : 40.67,
    "netProfitMargin" : 14.16,
    "netProfit" : 33.60
  }, {
    "date" : "2025-12-31",
    "sales" : 233.97,
    "salesGrowthYoY" : -9.17,
    "grossProfitMargin" : 97.85,
    "grossProfit" : 228.94,
    "operatingProfitMargin" : 17.29,
    "operatingProfit" : 40.45,
    "netProfitMargin" : 11.22,
    "netProfit" : 26.25
  } ],
  "latestQuarterlyResult" : {
    "date" : "2025-12-31",
    "sales" : 233.97,
    "salesGrowthYoY" : -9.17,
    "grossProfitMargin" : 97.85,
    "grossProfit" : 228.94,
    "operatingProfitMargin" : 17.29,
    "operatingProfit" : 40.45,
    "netProfitMargin" : 11.22,
    "netProfit" : 26.25
  },
  "companyScore" : {
    "priceHigherThanDma50" : 0.00,
    "priceHigherThanDma100" : 0.00,
    "priceHigherThanDma200" : 0.00,
    "dma50HigherThanDma100" : 0.00,
    "dma50HigherThanDma200" : 0.00,
    "dma100HigherThanDma200" : 0.00,
    "pricePercentageAboveDma50" : 5.47,
    "pricePercentageAboveDma100" : 5.69,
    "pricePercentageAboveDma200" : 5.86,
    "weeklyVolumeHigherThanYearlyVolume" : 0.00,
    "salesGrowthPercentile" : 3.49,
    "operatingProfitMarginPercentile" : 13.73,
    "netProfitMarginPercentile" : 6.21,
    "totalTechnicalScore" : 17.02,
    "totalFundamentalScore" : 23.43,
    "totalScore" : 40.45
  }
}