{
  "metadata" : {
    "screenerCompanyId" : "1021",
    "companyCode" : "FCL",
    "companyName" : "Fineotex Chem",
    "screenerCompanyLink" : "https://www.screener.in/company/FCL/consolidated/",
    "screenerTechnicalHistoryLink" : "https://www.screener.in/api/company/1021/chart/?q=Price-DMA50-DMA200-Volume&days=365",
    "screenerQuarterlyResultsLink" : "https://www.screener.in/api/company/1021/chart/?q=GPM-OPM-NPM-Quarter+Sales&days=10000",
    "attributes" : {
      "companyCode" : "FCL",
      "companyName" : "Fineotex Chem",
      "marketCap" : 2813.00,
      "peRatio" : 29.00,
      "description" : "Incorporated in 1979, Fineotex Chemicals Ltd is engaged in the business of manufacturing auxiliaries and specialty chemicals for textiles, construction, water treatment, fertilizer, leather, and paint industries[1]"
    },
    "companyScore" : {
      "priceHigherThanDma50" : 5.00,
      "priceHigherThanDma100" : 0.00,
      "priceHigherThanDma200" : 0.00,
      "dma50HigherThanDma100" : 0.00,
      "dma50HigherThanDma200" : 0.00,
      "dma100HigherThanDma200" : 0.00,
      "pricePercentageAboveDma50" : 4.89,
      "pricePercentageAboveDma100" : 5.04,
      "pricePercentageAboveDma200" : 5.22,
      "weeklyVolumeHigherThanYearlyVolume" : 0.00,
      "salesGrowthPercentile" : 3.09,
      "operatingProfitMarginPercentile" : 12.47,
      "netProfitMarginPercentile" : 8.47,
      "totalTechnicalScore" : 20.14,
      "totalFundamentalScore" : 24.03,
      "totalScore" : 44.18
    }
  },
  "attributes" : {
    "companyCode" : "FCL",
    "companyName" : "Fineotex Chem",
    "marketCap" : 2813.00,
    "peRatio" : 29.00,
    "description" : "Incorporated in 1979, Fineotex Chemicals Ltd is engaged in the business of manufacturing auxiliaries and specialty chemicals for textiles, construction, water treatment, fertilizer, leather, and paint industries[1]"
  },
  "technicalHistory" : [ {
    "date" : "2025-02-17",
    "price" : 27.28,
    "dma50" : 31.88,
    "dma100" : null,
    "dma200" : 34.75,
    "volume" : 7800468.00
  }, {
    "date" : "2025-02-18",
    "price" : 25.43,
    "dma50" : 31.63,
    "dma100" : null,
    "dma200" : 34.66,
    "volume" : 6718380.00
  }, {
    "date" : "2025-02-19",
    "price" : 26.11,
    "dma50" : 31.41,
    "dma100" : null,
    "dma200" : 34.58,
    "volume" : 5389940.00
  }, {
    "date" : "2025-02-20",
    "price" : 26.55,
    "dma50" : 31.22,
    "dma100" : null,
    "dma200" : 34.50,
    "volume" : 5836678.00
  }, {
    "date" : "2025-02-21",
    "price" : 26.06,
    "dma50" : 31.02,
    "dma100" : null,
    "dma200" : 34.41,
    "volume" : 3491511.00
  }, {
    "date" : "2025-02-24",
    "price" : 25.70,
    "dma50" : 30.81,
    "dma100" : null,
    "dma200" : 34.33,
    "volume" : 3011818.00
  }, {
    "date" : "2025-02-25",
    "price" : 25.01,
    "dma50" : 30.59,
    "dma100" : null,
    "dma200" : 34.23,
    "volume" : 3632307.00
  }, {
    "date" : "2025-02-27",
    "price" : 24.39,
    "dma50" : 30.34,
    "dma100" : null,
    "dma200" : 34.14,
    "volume" : 4825436.00
  }, {
    "date" : "2025-02-28",
    "price" : 22.85,
    "dma50" : 30.05,
    "dma100" : null,
    "dma200" : 34.02,
    "volume" : 16369586.00
  }, {
    "date" : "2025-03-03",
    "price" : 22.72,
    "dma50" : 29.76,
    "dma100" : null,
    "dma200" : 33.91,
    "volume" : 7213537.00
  }, {
    "date" : "2025-03-04",
    "price" : 21.92,
    "dma50" : 29.45,
    "dma100" : null,
    "dma200" : 33.79,
    "volume" : 6409035.00
  }, {
    "date" : "2025-03-05",
    "price" : 22.84,
    "dma50" : 29.19,
    "dma100" : null,
    "dma200" : 33.68,
    "volume" : 4765803.00
  }, {
    "date" : "2025-03-06",
    "price" : 23.72,
    "dma50" : 28.98,
    "dma100" : null,
    "dma200" : 33.58,
    "volume" : 5522949.00
  }, {
    "date" : "2025-03-07",
    "price" : 23.84,
    "dma50" : 28.78,
    "dma100" : null,
    "dma200" : 33.49,
    "volume" : 6253050.00
  }, {
    "date" : "2025-03-10",
    "price" : 22.90,
    "dma50" : 28.55,
    "dma100" : null,
    "dma200" : 33.38,
    "volume" : 5935350.00
  }, {
    "date" : "2025-03-11",
    "price" : 21.63,
    "dma50" : 28.28,
    "dma100" : null,
    "dma200" : 33.26,
    "volume" : 6875805.00
  }, {
    "date" : "2025-03-12",
    "price" : 21.77,
    "dma50" : 28.02,
    "dma100" : null,
    "dma200" : 33.15,
    "volume" : 4635733.00
  }, {
    "date" : "2025-03-13",
    "price" : 22.04,
    "dma50" : 27.79,
    "dma100" : null,
    "dma200" : 33.04,
    "volume" : 5706037.00
  }, {
    "date" : "2025-03-17",
    "price" : 21.62,
    "dma50" : 27.54,
    "dma100" : null,
    "dma200" : 32.93,
    "volume" : 3993247.00
  }, {
    "date" : "2025-03-18",
    "price" : 22.19,
    "dma50" : 27.33,
    "dma100" : null,
    "dma200" : 32.82,
    "volume" : 5846758.00
  }, {
    "date" : "2025-03-19",
    "price" : 22.49,
    "dma50" : 27.14,
    "dma100" : null,
    "dma200" : 32.72,
    "volume" : 4959045.00
  }, {
    "date" : "2025-03-20",
    "price" : 22.61,
    "dma50" : 26.97,
    "dma100" : null,
    "dma200" : 32.62,
    "volume" : 6877080.00
  }, {
    "date" : "2025-03-21",
    "price" : 23.16,
    "dma50" : 26.82,
    "dma100" : null,
    "dma200" : 32.52,
    "volume" : 4098617.00
  }, {
    "date" : "2025-03-24",
    "price" : 24.01,
    "dma50" : 26.71,
    "dma100" : null,
    "dma200" : 32.44,
    "volume" : 9626394.00
  }, {
    "date" : "2025-03-25",
    "price" : 23.22,
    "dma50" : 26.57,
    "dma100" : null,
    "dma200" : 32.35,
    "volume" : 6746715.00
  }, {
    "date" : "2025-03-26",
    "price" : 22.57,
    "dma50" : 26.41,
    "dma100" : null,
    "dma200" : 32.25,
    "volume" : 4258478.00
  }, {
    "date" : "2025-03-27",
    "price" : 23.91,
    "dma50" : 26.32,
    "dma100" : null,
    "dma200" : 32.16,
    "volume" : 12386990.00
  }, {
    "date" : "2025-03-28",
    "price" : 22.99,
    "dma50" : 26.19,
    "dma100" : null,
    "dma200" : 32.07,
    "volume" : 5934471.00
  }, {
    "date" : "2025-04-01",
    "price" : 23.71,
    "dma50" : 26.09,
    "dma100" : null,
    "dma200" : 31.99,
    "volume" : 3541950.00
  }, {
    "date" : "2025-04-02",
    "price" : 23.67,
    "dma50" : 25.99,
    "dma100" : null,
    "dma200" : 31.91,
    "volume" : 3370781.00
  }, {
    "date" : "2025-04-03",
    "price" : 24.37,
    "dma50" : 25.93,
    "dma100" : null,
    "dma200" : 31.83,
    "volume" : 5287478.00
  }, {
    "date" : "2025-04-04",
    "price" : 22.98,
    "dma50" : 25.81,
    "dma100" : null,
    "dma200" : 31.74,
    "volume" : 5873910.00
  }, {
    "date" : "2025-04-07",
    "price" : 21.41,
    "dma50" : 25.64,
    "dma100" : null,
    "dma200" : 31.64,
    "volume" : 7214846.00
  }, {
    "date" : "2025-04-08",
    "price" : 22.27,
    "dma50" : 25.51,
    "dma100" : null,
    "dma200" : 31.55,
    "volume" : 2719877.00
  }, {
    "date" : "2025-04-09",
    "price" : 21.85,
    "dma50" : 25.37,
    "dma100" : null,
    "dma200" : 31.45,
    "volume" : 2002242.00
  }, {
    "date" : "2025-04-11",
    "price" : 22.76,
    "dma50" : 25.26,
    "dma100" : null,
    "dma200" : 31.37,
    "volume" : 2950641.00
  }, {
    "date" : "2025-04-15",
    "price" : 23.85,
    "dma50" : 25.21,
    "dma100" : null,
    "dma200" : 31.29,
    "volume" : 2777434.00
  }, {
    "date" : "2025-04-16",
    "price" : 24.00,
    "dma50" : 25.16,
    "dma100" : null,
    "dma200" : 31.22,
    "volume" : 2410921.00
  }, {
    "date" : "2025-04-17",
    "price" : 24.91,
    "dma50" : 25.15,
    "dma100" : null,
    "dma200" : 31.16,
    "volume" : 7041453.00
  }, {
    "date" : "2025-04-21",
    "price" : 24.93,
    "dma50" : 25.14,
    "dma100" : null,
    "dma200" : 31.09,
    "volume" : 3106958.00
  }, {
    "date" : "2025-04-22",
    "price" : 24.85,
    "dma50" : 25.13,
    "dma100" : null,
    "dma200" : 31.03,
    "volume" : 2796616.00
  }, {
    "date" : "2025-04-23",
    "price" : 24.93,
    "dma50" : 25.12,
    "dma100" : null,
    "dma200" : 30.97,
    "volume" : 3041280.00
  }, {
    "date" : "2025-04-24",
    "price" : 25.08,
    "dma50" : 25.12,
    "dma100" : null,
    "dma200" : 30.91,
    "volume" : 3373970.00
  }, {
    "date" : "2025-04-25",
    "price" : 24.17,
    "dma50" : 25.08,
    "dma100" : null,
    "dma200" : 30.84,
    "volume" : 3764278.00
  }, {
    "date" : "2025-04-28",
    "price" : 24.35,
    "dma50" : 25.06,
    "dma100" : null,
    "dma200" : 30.78,
    "volume" : 1922964.00
  }, {
    "date" : "2025-04-29",
    "price" : 24.14,
    "dma50" : 25.02,
    "dma100" : null,
    "dma200" : 30.71,
    "volume" : 1769830.00
  }, {
    "date" : "2025-04-30",
    "price" : 23.77,
    "dma50" : 24.97,
    "dma100" : null,
    "dma200" : 30.65,
    "volume" : 1444399.00
  }, {
    "date" : "2025-05-02",
    "price" : 23.96,
    "dma50" : 24.93,
    "dma100" : null,
    "dma200" : 30.58,
    "volume" : 2280010.00
  }, {
    "date" : "2025-05-05",
    "price" : 24.54,
    "dma50" : 24.92,
    "dma100" : null,
    "dma200" : 30.52,
    "volume" : 3078198.00
  }, {
    "date" : "2025-05-06",
    "price" : 23.10,
    "dma50" : 24.84,
    "dma100" : null,
    "dma200" : 30.44,
    "volume" : 4874160.00
  }, {
    "date" : "2025-05-07",
    "price" : 23.63,
    "dma50" : 24.80,
    "dma100" : null,
    "dma200" : 30.38,
    "volume" : 3206237.00
  }, {
    "date" : "2025-05-08",
    "price" : 23.06,
    "dma50" : 24.73,
    "dma100" : null,
    "dma200" : 30.30,
    "volume" : 2166231.00
  }, {
    "date" : "2025-05-09",
    "price" : 23.10,
    "dma50" : 24.66,
    "dma100" : null,
    "dma200" : 30.23,
    "volume" : 1908198.00
  }, {
    "date" : "2025-05-12",
    "price" : 24.78,
    "dma50" : 24.67,
    "dma100" : null,
    "dma200" : 30.18,
    "volume" : 4344654.00
  }, {
    "date" : "2025-05-13",
    "price" : 25.74,
    "dma50" : 24.71,
    "dma100" : null,
    "dma200" : 30.13,
    "volume" : 4782436.00
  }, {
    "date" : "2025-05-14",
    "price" : 25.56,
    "dma50" : 24.74,
    "dma100" : null,
    "dma200" : 30.09,
    "volume" : 2608920.00
  }, {
    "date" : "2025-05-15",
    "price" : 26.30,
    "dma50" : 24.81,
    "dma100" : null,
    "dma200" : 30.05,
    "volume" : 4043107.00
  }, {
    "date" : "2025-05-16",
    "price" : 26.49,
    "dma50" : 24.87,
    "dma100" : null,
    "dma200" : 30.02,
    "volume" : 2399818.00
  }, {
    "date" : "2025-05-19",
    "price" : 26.56,
    "dma50" : 24.94,
    "dma100" : null,
    "dma200" : 29.98,
    "volume" : 2849905.00
  }, {
    "date" : "2025-05-20",
    "price" : 25.74,
    "dma50" : 24.97,
    "dma100" : null,
    "dma200" : 29.94,
    "volume" : 2961160.00
  }, {
    "date" : "2025-05-21",
    "price" : 23.19,
    "dma50" : 24.90,
    "dma100" : null,
    "dma200" : 29.87,
    "volume" : 27267156.00
  }, {
    "date" : "2025-05-22",
    "price" : 23.49,
    "dma50" : 24.84,
    "dma100" : null,
    "dma200" : 29.81,
    "volume" : 5926960.00
  }, {
    "date" : "2025-05-23",
    "price" : 23.56,
    "dma50" : 24.79,
    "dma100" : null,
    "dma200" : 29.75,
    "volume" : 3497009.00
  }, {
    "date" : "2025-05-26",
    "price" : 23.97,
    "dma50" : 24.76,
    "dma100" : null,
    "dma200" : 29.69,
    "volume" : 4443620.00
  }, {
    "date" : "2025-05-27",
    "price" : 24.16,
    "dma50" : 24.74,
    "dma100" : null,
    "dma200" : 29.63,
    "volume" : 2370104.00
  }, {
    "date" : "2025-05-28",
    "price" : 24.03,
    "dma50" : 24.71,
    "dma100" : null,
    "dma200" : 29.58,
    "volume" : 2027812.00
  }, {
    "date" : "2025-05-29",
    "price" : 24.15,
    "dma50" : 24.69,
    "dma100" : null,
    "dma200" : 29.52,
    "volume" : 2315312.00
  }, {
    "date" : "2025-05-30",
    "price" : 23.87,
    "dma50" : 24.66,
    "dma100" : null,
    "dma200" : 29.47,
    "volume" : 1881182.00
  }, {
    "date" : "2025-06-02",
    "price" : 24.85,
    "dma50" : 24.66,
    "dma100" : null,
    "dma200" : 29.42,
    "volume" : 9322540.00
  }, {
    "date" : "2025-06-03",
    "price" : 24.99,
    "dma50" : 24.68,
    "dma100" : null,
    "dma200" : 29.38,
    "volume" : 5518502.00
  }, {
    "date" : "2025-06-04",
    "price" : 24.76,
    "dma50" : 24.68,
    "dma100" : null,
    "dma200" : 29.33,
    "volume" : 3199494.00
  }, {
    "date" : "2025-06-05",
    "price" : 25.38,
    "dma50" : 24.71,
    "dma100" : null,
    "dma200" : 29.29,
    "volume" : 4041764.00
  }, {
    "date" : "2025-06-06",
    "price" : 25.42,
    "dma50" : 24.74,
    "dma100" : null,
    "dma200" : 29.25,
    "volume" : 2802421.00
  }, {
    "date" : "2025-06-09",
    "price" : 25.50,
    "dma50" : 24.77,
    "dma100" : null,
    "dma200" : 29.22,
    "volume" : 3056679.00
  }, {
    "date" : "2025-06-10",
    "price" : 26.60,
    "dma50" : 24.84,
    "dma100" : null,
    "dma200" : 29.19,
    "volume" : 16604458.00
  }, {
    "date" : "2025-06-11",
    "price" : 27.74,
    "dma50" : 24.95,
    "dma100" : null,
    "dma200" : 29.18,
    "volume" : 22375441.00
  }, {
    "date" : "2025-06-12",
    "price" : 26.65,
    "dma50" : 25.02,
    "dma100" : null,
    "dma200" : 29.15,
    "volume" : 5884547.00
  }, {
    "date" : "2025-06-13",
    "price" : 26.60,
    "dma50" : 25.08,
    "dma100" : null,
    "dma200" : 29.13,
    "volume" : 5555642.00
  }, {
    "date" : "2025-06-16",
    "price" : 26.28,
    "dma50" : 25.13,
    "dma100" : null,
    "dma200" : 29.10,
    "volume" : 3577101.00
  }, {
    "date" : "2025-06-17",
    "price" : 27.12,
    "dma50" : 25.20,
    "dma100" : null,
    "dma200" : 29.08,
    "volume" : 7558591.00
  }, {
    "date" : "2025-06-18",
    "price" : 26.74,
    "dma50" : 25.27,
    "dma100" : null,
    "dma200" : 29.05,
    "volume" : 7707571.00
  }, {
    "date" : "2025-06-19",
    "price" : 26.41,
    "dma50" : 25.31,
    "dma100" : null,
    "dma200" : 29.03,
    "volume" : 4936871.00
  }, {
    "date" : "2025-06-20",
    "price" : 27.77,
    "dma50" : 25.41,
    "dma100" : null,
    "dma200" : 29.02,
    "volume" : 117365783.00
  }, {
    "date" : "2025-06-23",
    "price" : 28.06,
    "dma50" : 25.51,
    "dma100" : null,
    "dma200" : 29.01,
    "volume" : 11996332.00
  }, {
    "date" : "2025-06-24",
    "price" : 27.67,
    "dma50" : 25.60,
    "dma100" : null,
    "dma200" : 28.99,
    "volume" : 5596858.00
  }, {
    "date" : "2025-06-25",
    "price" : 27.78,
    "dma50" : 25.68,
    "dma100" : null,
    "dma200" : 28.98,
    "volume" : 3751514.00
  }, {
    "date" : "2025-06-26",
    "price" : 27.58,
    "dma50" : 25.76,
    "dma100" : null,
    "dma200" : 28.97,
    "volume" : 3644473.00
  }, {
    "date" : "2025-06-27",
    "price" : 28.09,
    "dma50" : 25.85,
    "dma100" : null,
    "dma200" : 28.96,
    "volume" : 6331369.00
  }, {
    "date" : "2025-06-30",
    "price" : 27.97,
    "dma50" : 25.93,
    "dma100" : null,
    "dma200" : 28.95,
    "volume" : 2385777.00
  }, {
    "date" : "2025-07-01",
    "price" : 27.90,
    "dma50" : 26.01,
    "dma100" : null,
    "dma200" : 28.94,
    "volume" : 3169146.00
  }, {
    "date" : "2025-07-02",
    "price" : 27.90,
    "dma50" : 26.08,
    "dma100" : null,
    "dma200" : 28.93,
    "volume" : 2370676.00
  }, {
    "date" : "2025-07-03",
    "price" : 27.66,
    "dma50" : 26.14,
    "dma100" : null,
    "dma200" : 28.91,
    "volume" : 2321002.00
  }, {
    "date" : "2025-07-04",
    "price" : 27.46,
    "dma50" : 26.20,
    "dma100" : null,
    "dma200" : 28.90,
    "volume" : 1655550.00
  }, {
    "date" : "2025-07-07",
    "price" : 27.15,
    "dma50" : 26.23,
    "dma100" : null,
    "dma200" : 28.88,
    "volume" : 1835664.00
  }, {
    "date" : "2025-07-08",
    "price" : 26.87,
    "dma50" : 26.26,
    "dma100" : null,
    "dma200" : 28.86,
    "volume" : 1919810.00
  }, {
    "date" : "2025-07-09",
    "price" : 27.31,
    "dma50" : 26.30,
    "dma100" : null,
    "dma200" : 28.85,
    "volume" : 2567051.00
  }, {
    "date" : "2025-07-10",
    "price" : 27.49,
    "dma50" : 26.35,
    "dma100" : null,
    "dma200" : 28.83,
    "volume" : 2494517.00
  }, {
    "date" : "2025-07-11",
    "price" : 27.09,
    "dma50" : 26.37,
    "dma100" : null,
    "dma200" : 28.82,
    "volume" : 1679241.00
  }, {
    "date" : "2025-07-14",
    "price" : 26.76,
    "dma50" : 26.39,
    "dma100" : null,
    "dma200" : 28.80,
    "volume" : 2330033.00
  }, {
    "date" : "2025-07-15",
    "price" : 27.08,
    "dma50" : 26.42,
    "dma100" : null,
    "dma200" : 28.78,
    "volume" : 1109958.00
  }, {
    "date" : "2025-07-16",
    "price" : 27.95,
    "dma50" : 26.48,
    "dma100" : 24.88,
    "dma200" : 28.77,
    "volume" : 7677770.00
  }, {
    "date" : "2025-07-17",
    "price" : 28.12,
    "dma50" : 26.54,
    "dma100" : 24.90,
    "dma200" : 28.76,
    "volume" : 3739340.00
  }, {
    "date" : "2025-07-18",
    "price" : 27.82,
    "dma50" : 26.59,
    "dma100" : 24.92,
    "dma200" : 28.75,
    "volume" : 6934875.00
  }, {
    "date" : "2025-07-21",
    "price" : 27.52,
    "dma50" : 26.63,
    "dma100" : 24.93,
    "dma200" : 28.74,
    "volume" : 4703680.00
  }, {
    "date" : "2025-07-22",
    "price" : 27.95,
    "dma50" : 26.68,
    "dma100" : 24.95,
    "dma200" : 28.73,
    "volume" : 2519462.00
  }, {
    "date" : "2025-07-23",
    "price" : 27.51,
    "dma50" : 26.71,
    "dma100" : 24.97,
    "dma200" : 28.72,
    "volume" : 8947915.00
  }, {
    "date" : "2025-07-24",
    "price" : 27.60,
    "dma50" : 26.75,
    "dma100" : 24.99,
    "dma200" : 28.71,
    "volume" : 1620324.00
  }, {
    "date" : "2025-07-25",
    "price" : 26.97,
    "dma50" : 26.76,
    "dma100" : 25.02,
    "dma200" : 28.69,
    "volume" : 1831398.00
  }, {
    "date" : "2025-07-28",
    "price" : 26.27,
    "dma50" : 26.74,
    "dma100" : 25.05,
    "dma200" : 28.67,
    "volume" : 2404460.00
  }, {
    "date" : "2025-07-29",
    "price" : 26.53,
    "dma50" : 26.73,
    "dma100" : 25.09,
    "dma200" : 28.65,
    "volume" : 1771092.00
  }, {
    "date" : "2025-07-30",
    "price" : 26.63,
    "dma50" : 26.72,
    "dma100" : 25.14,
    "dma200" : 28.63,
    "volume" : 1101990.00
  }, {
    "date" : "2025-07-31",
    "price" : 26.09,
    "dma50" : 26.70,
    "dma100" : 25.17,
    "dma200" : 28.60,
    "volume" : 2084430.00
  }, {
    "date" : "2025-08-01",
    "price" : 25.52,
    "dma50" : 26.65,
    "dma100" : 25.19,
    "dma200" : 28.57,
    "volume" : 2166953.00
  }, {
    "date" : "2025-08-04",
    "price" : 25.24,
    "dma50" : 26.60,
    "dma100" : 25.20,
    "dma200" : 28.54,
    "volume" : 1827651.00
  }, {
    "date" : "2025-08-05",
    "price" : 24.88,
    "dma50" : 26.53,
    "dma100" : 25.22,
    "dma200" : 28.50,
    "volume" : 1240562.00
  }, {
    "date" : "2025-08-06",
    "price" : 23.76,
    "dma50" : 26.42,
    "dma100" : 25.25,
    "dma200" : 28.46,
    "volume" : 4488080.00
  }, {
    "date" : "2025-08-07",
    "price" : 23.79,
    "dma50" : 26.32,
    "dma100" : 25.27,
    "dma200" : 28.41,
    "volume" : 3764220.00
  }, {
    "date" : "2025-08-08",
    "price" : 23.56,
    "dma50" : 26.21,
    "dma100" : 25.28,
    "dma200" : 28.36,
    "volume" : 2254600.00
  }, {
    "date" : "2025-08-11",
    "price" : 23.24,
    "dma50" : 26.09,
    "dma100" : 25.30,
    "dma200" : 28.31,
    "volume" : 2260235.00
  }, {
    "date" : "2025-08-12",
    "price" : 22.81,
    "dma50" : 25.97,
    "dma100" : 25.30,
    "dma200" : 28.26,
    "volume" : 3910461.00
  }, {
    "date" : "2025-08-13",
    "price" : 23.62,
    "dma50" : 25.87,
    "dma100" : 25.31,
    "dma200" : 28.21,
    "volume" : 3810204.00
  }, {
    "date" : "2025-08-14",
    "price" : 23.38,
    "dma50" : 25.78,
    "dma100" : 25.32,
    "dma200" : 28.16,
    "volume" : 1619190.00
  }, {
    "date" : "2025-08-18",
    "price" : 24.39,
    "dma50" : 25.72,
    "dma100" : 25.33,
    "dma200" : 28.12,
    "volume" : 2636572.00
  }, {
    "date" : "2025-08-19",
    "price" : 25.74,
    "dma50" : 25.72,
    "dma100" : 25.35,
    "dma200" : 28.10,
    "volume" : 12472251.00
  }, {
    "date" : "2025-08-20",
    "price" : 25.43,
    "dma50" : 25.71,
    "dma100" : 25.37,
    "dma200" : 28.07,
    "volume" : 2827150.00
  }, {
    "date" : "2025-08-21",
    "price" : 25.27,
    "dma50" : 25.69,
    "dma100" : 25.40,
    "dma200" : 28.05,
    "volume" : 1788747.00
  }, {
    "date" : "2025-08-22",
    "price" : 25.51,
    "dma50" : 25.69,
    "dma100" : 25.42,
    "dma200" : 28.02,
    "volume" : 1442008.00
  }, {
    "date" : "2025-08-25",
    "price" : 25.17,
    "dma50" : 25.67,
    "dma100" : 25.44,
    "dma200" : 27.99,
    "volume" : 1146603.00
  }, {
    "date" : "2025-08-26",
    "price" : 24.15,
    "dma50" : 25.61,
    "dma100" : 25.44,
    "dma200" : 27.95,
    "volume" : 2555582.00
  }, {
    "date" : "2025-08-28",
    "price" : 23.68,
    "dma50" : 25.53,
    "dma100" : 25.44,
    "dma200" : 27.91,
    "volume" : 1658109.00
  }, {
    "date" : "2025-08-29",
    "price" : 23.85,
    "dma50" : 25.47,
    "dma100" : 25.44,
    "dma200" : 27.87,
    "volume" : 1350588.00
  }, {
    "date" : "2025-09-01",
    "price" : 23.99,
    "dma50" : 25.41,
    "dma100" : 25.45,
    "dma200" : 27.83,
    "volume" : 1233889.00
  }, {
    "date" : "2025-09-02",
    "price" : 24.23,
    "dma50" : 25.36,
    "dma100" : 25.48,
    "dma200" : 27.80,
    "volume" : 1551672.00
  }, {
    "date" : "2025-09-03",
    "price" : 24.03,
    "dma50" : 25.31,
    "dma100" : 25.49,
    "dma200" : 27.76,
    "volume" : 1681870.00
  }, {
    "date" : "2025-09-04",
    "price" : 23.76,
    "dma50" : 25.25,
    "dma100" : 25.51,
    "dma200" : 27.72,
    "volume" : 1420878.00
  }, {
    "date" : "2025-09-05",
    "price" : 23.69,
    "dma50" : 25.19,
    "dma100" : 25.52,
    "dma200" : 27.68,
    "volume" : 1348374.00
  }, {
    "date" : "2025-09-08",
    "price" : 23.61,
    "dma50" : 25.13,
    "dma100" : 25.52,
    "dma200" : 27.64,
    "volume" : 9736795.00
  }, {
    "date" : "2025-09-09",
    "price" : 23.99,
    "dma50" : 25.08,
    "dma100" : 25.52,
    "dma200" : 27.60,
    "volume" : 1407888.00
  }, {
    "date" : "2025-09-10",
    "price" : 24.24,
    "dma50" : 25.05,
    "dma100" : 25.51,
    "dma200" : 27.57,
    "volume" : 1469057.00
  }, {
    "date" : "2025-09-11",
    "price" : 24.03,
    "dma50" : 25.01,
    "dma100" : 25.50,
    "dma200" : 27.53,
    "volume" : 1018322.00
  }, {
    "date" : "2025-09-12",
    "price" : 23.70,
    "dma50" : 24.96,
    "dma100" : 25.49,
    "dma200" : 27.50,
    "volume" : 1530254.00
  }, {
    "date" : "2025-09-15",
    "price" : 23.75,
    "dma50" : 24.91,
    "dma100" : 25.48,
    "dma200" : 27.46,
    "volume" : 1380794.00
  }, {
    "date" : "2025-09-16",
    "price" : 23.88,
    "dma50" : 24.87,
    "dma100" : 25.47,
    "dma200" : 27.42,
    "volume" : 1260448.00
  }, {
    "date" : "2025-09-17",
    "price" : 23.85,
    "dma50" : 24.83,
    "dma100" : 25.47,
    "dma200" : 27.39,
    "volume" : 2145728.00
  }, {
    "date" : "2025-09-18",
    "price" : 23.76,
    "dma50" : 24.79,
    "dma100" : 25.46,
    "dma200" : 27.35,
    "volume" : 1662400.00
  }, {
    "date" : "2025-09-19",
    "price" : 23.57,
    "dma50" : 24.74,
    "dma100" : 25.45,
    "dma200" : 27.31,
    "volume" : 1714574.00
  }, {
    "date" : "2025-09-22",
    "price" : 23.64,
    "dma50" : 24.70,
    "dma100" : 25.45,
    "dma200" : 27.28,
    "volume" : 1161947.00
  }, {
    "date" : "2025-09-23",
    "price" : 23.31,
    "dma50" : 24.64,
    "dma100" : 25.45,
    "dma200" : 27.24,
    "volume" : 1478090.00
  }, {
    "date" : "2025-09-24",
    "price" : 23.22,
    "dma50" : 24.59,
    "dma100" : 25.43,
    "dma200" : 27.20,
    "volume" : 1371250.00
  }, {
    "date" : "2025-09-25",
    "price" : 24.53,
    "dma50" : 24.58,
    "dma100" : 25.45,
    "dma200" : 27.17,
    "volume" : 408473716.00
  }, {
    "date" : "2025-09-26",
    "price" : 25.05,
    "dma50" : 24.60,
    "dma100" : 25.46,
    "dma200" : 27.15,
    "volume" : 173349297.00
  }, {
    "date" : "2025-09-29",
    "price" : 25.73,
    "dma50" : 24.65,
    "dma100" : 25.49,
    "dma200" : 27.14,
    "volume" : 57873722.00
  }, {
    "date" : "2025-09-30",
    "price" : 24.95,
    "dma50" : 24.66,
    "dma100" : 25.51,
    "dma200" : 27.11,
    "volume" : 16189802.00
  }, {
    "date" : "2025-10-01",
    "price" : 25.00,
    "dma50" : 24.67,
    "dma100" : 25.51,
    "dma200" : 27.09,
    "volume" : 11380068.00
  }, {
    "date" : "2025-10-03",
    "price" : 25.05,
    "dma50" : 24.69,
    "dma100" : 25.50,
    "dma200" : 27.07,
    "volume" : 7769492.00
  }, {
    "date" : "2025-10-06",
    "price" : 24.79,
    "dma50" : 24.69,
    "dma100" : 25.49,
    "dma200" : 27.05,
    "volume" : 5059181.00
  }, {
    "date" : "2025-10-07",
    "price" : 24.42,
    "dma50" : 24.68,
    "dma100" : 25.48,
    "dma200" : 27.02,
    "volume" : 2674343.00
  }, {
    "date" : "2025-10-08",
    "price" : 24.38,
    "dma50" : 24.67,
    "dma100" : 25.45,
    "dma200" : 27.00,
    "volume" : 3342695.00
  }, {
    "date" : "2025-10-09",
    "price" : 23.99,
    "dma50" : 24.64,
    "dma100" : 25.43,
    "dma200" : 26.97,
    "volume" : 2928078.00
  }, {
    "date" : "2025-10-10",
    "price" : 24.47,
    "dma50" : 24.63,
    "dma100" : 25.42,
    "dma200" : 26.94,
    "volume" : 3286486.00
  }, {
    "date" : "2025-10-13",
    "price" : 23.84,
    "dma50" : 24.60,
    "dma100" : 25.42,
    "dma200" : 26.91,
    "volume" : 3275098.00
  }, {
    "date" : "2025-10-14",
    "price" : 23.69,
    "dma50" : 24.57,
    "dma100" : 25.42,
    "dma200" : 26.88,
    "volume" : 3303830.00
  }, {
    "date" : "2025-10-15",
    "price" : 23.94,
    "dma50" : 24.54,
    "dma100" : 25.43,
    "dma200" : 26.85,
    "volume" : 2480137.00
  }, {
    "date" : "2025-10-16",
    "price" : 24.59,
    "dma50" : 24.55,
    "dma100" : 25.43,
    "dma200" : 26.83,
    "volume" : 3946788.00
  }, {
    "date" : "2025-10-17",
    "price" : 24.46,
    "dma50" : 24.54,
    "dma100" : 25.44,
    "dma200" : 26.80,
    "volume" : 2321906.00
  }, {
    "date" : "2025-10-20",
    "price" : 24.38,
    "dma50" : 24.54,
    "dma100" : 25.44,
    "dma200" : 26.78,
    "volume" : 1859817.00
  }, {
    "date" : "2025-10-21",
    "price" : 24.59,
    "dma50" : 24.54,
    "dma100" : 25.45,
    "dma200" : 26.76,
    "volume" : 1263902.00
  }, {
    "date" : "2025-10-23",
    "price" : 24.78,
    "dma50" : 24.55,
    "dma100" : 25.45,
    "dma200" : 26.74,
    "volume" : 2750810.00
  }, {
    "date" : "2025-10-24",
    "price" : 25.61,
    "dma50" : 24.59,
    "dma100" : 25.46,
    "dma200" : 26.73,
    "volume" : 9594782.00
  }, {
    "date" : "2025-10-27",
    "price" : 25.40,
    "dma50" : 24.62,
    "dma100" : 25.47,
    "dma200" : 26.71,
    "volume" : 5744498.00
  }, {
    "date" : "2025-10-28",
    "price" : 25.54,
    "dma50" : 24.66,
    "dma100" : 25.47,
    "dma200" : 26.70,
    "volume" : 8256974.00
  }, {
    "date" : "2025-10-29",
    "price" : 24.94,
    "dma50" : 24.67,
    "dma100" : 25.47,
    "dma200" : 26.68,
    "volume" : 6106708.00
  }, {
    "date" : "2025-10-30",
    "price" : 24.86,
    "dma50" : 24.68,
    "dma100" : 25.46,
    "dma200" : 26.67,
    "volume" : 10037450.00
  }, {
    "date" : "2025-10-31",
    "price" : 29.83,
    "dma50" : 24.88,
    "dma100" : 25.51,
    "dma200" : 26.70,
    "volume" : 12238427.00
  }, {
    "date" : "2025-11-03",
    "price" : 32.05,
    "dma50" : 25.16,
    "dma100" : 25.56,
    "dma200" : 26.75,
    "volume" : 52791292.00
  }, {
    "date" : "2025-11-04",
    "price" : 29.01,
    "dma50" : 25.31,
    "dma100" : 25.57,
    "dma200" : 26.77,
    "volume" : 26384049.00
  }, {
    "date" : "2025-11-06",
    "price" : 25.45,
    "dma50" : 25.32,
    "dma100" : 25.56,
    "dma200" : 26.76,
    "volume" : 18360223.00
  }, {
    "date" : "2025-11-07",
    "price" : 26.36,
    "dma50" : 25.36,
    "dma100" : 25.56,
    "dma200" : 26.76,
    "volume" : 15834529.00
  }, {
    "date" : "2025-11-10",
    "price" : 25.46,
    "dma50" : 25.36,
    "dma100" : 25.55,
    "dma200" : 26.74,
    "volume" : 6000292.00
  }, {
    "date" : "2025-11-11",
    "price" : 25.17,
    "dma50" : 25.35,
    "dma100" : 25.53,
    "dma200" : 26.73,
    "volume" : 3038597.00
  }, {
    "date" : "2025-11-12",
    "price" : 25.35,
    "dma50" : 25.35,
    "dma100" : 25.52,
    "dma200" : 26.71,
    "volume" : 2206668.00
  }, {
    "date" : "2025-11-13",
    "price" : 24.97,
    "dma50" : 25.34,
    "dma100" : 25.50,
    "dma200" : 26.70,
    "volume" : 2289950.00
  }, {
    "date" : "2025-11-14",
    "price" : 25.79,
    "dma50" : 25.36,
    "dma100" : 25.48,
    "dma200" : 26.69,
    "volume" : 3516132.00
  }, {
    "date" : "2025-11-17",
    "price" : 24.81,
    "dma50" : 25.33,
    "dma100" : 25.45,
    "dma200" : 26.67,
    "volume" : 4286837.00
  }, {
    "date" : "2025-11-18",
    "price" : 24.73,
    "dma50" : 25.31,
    "dma100" : 25.42,
    "dma200" : 26.65,
    "volume" : 2148975.00
  }, {
    "date" : "2025-11-19",
    "price" : 24.23,
    "dma50" : 25.27,
    "dma100" : 25.39,
    "dma200" : 26.63,
    "volume" : 2626453.00
  }, {
    "date" : "2025-11-20",
    "price" : 25.05,
    "dma50" : 25.26,
    "dma100" : 25.36,
    "dma200" : 26.61,
    "volume" : 6421009.00
  }, {
    "date" : "2025-11-21",
    "price" : 24.62,
    "dma50" : 25.23,
    "dma100" : 25.33,
    "dma200" : 26.59,
    "volume" : 1896247.00
  }, {
    "date" : "2025-11-24",
    "price" : 24.20,
    "dma50" : 25.19,
    "dma100" : 25.29,
    "dma200" : 26.57,
    "volume" : 2139399.00
  }, {
    "date" : "2025-11-25",
    "price" : 24.12,
    "dma50" : 25.15,
    "dma100" : 25.25,
    "dma200" : 26.54,
    "volume" : 2099461.00
  }, {
    "date" : "2025-11-26",
    "price" : 24.25,
    "dma50" : 25.12,
    "dma100" : 25.22,
    "dma200" : 26.52,
    "volume" : 1759242.00
  }, {
    "date" : "2025-11-27",
    "price" : 24.18,
    "dma50" : 25.08,
    "dma100" : 25.18,
    "dma200" : 26.50,
    "volume" : 1900502.00
  }, {
    "date" : "2025-11-28",
    "price" : 25.17,
    "dma50" : 25.08,
    "dma100" : 25.16,
    "dma200" : 26.48,
    "volume" : 7011979.00
  }, {
    "date" : "2025-12-01",
    "price" : 24.82,
    "dma50" : 25.07,
    "dma100" : 25.13,
    "dma200" : 26.47,
    "volume" : 2603172.00
  }, {
    "date" : "2025-12-02",
    "price" : 24.48,
    "dma50" : 25.05,
    "dma100" : 25.11,
    "dma200" : 26.45,
    "volume" : 1555361.00
  }, {
    "date" : "2025-12-03",
    "price" : 24.35,
    "dma50" : 25.02,
    "dma100" : 25.08,
    "dma200" : 26.43,
    "volume" : 1628235.00
  }, {
    "date" : "2025-12-04",
    "price" : 23.97,
    "dma50" : 24.98,
    "dma100" : 25.05,
    "dma200" : 26.40,
    "volume" : 1687038.00
  }, {
    "date" : "2025-12-05",
    "price" : 25.41,
    "dma50" : 25.00,
    "dma100" : 25.03,
    "dma200" : 26.39,
    "volume" : 17559437.00
  }, {
    "date" : "2025-12-08",
    "price" : 24.95,
    "dma50" : 25.00,
    "dma100" : 25.01,
    "dma200" : 26.38,
    "volume" : 4408508.00
  }, {
    "date" : "2025-12-09",
    "price" : 25.12,
    "dma50" : 25.00,
    "dma100" : 24.99,
    "dma200" : 26.36,
    "volume" : 2233553.00
  }, {
    "date" : "2025-12-10",
    "price" : 24.58,
    "dma50" : 24.98,
    "dma100" : 24.96,
    "dma200" : 26.35,
    "volume" : 2121535.00
  }, {
    "date" : "2025-12-11",
    "price" : 24.40,
    "dma50" : 24.96,
    "dma100" : 24.92,
    "dma200" : 26.33,
    "volume" : 2202078.00
  }, {
    "date" : "2025-12-12",
    "price" : 24.44,
    "dma50" : 24.94,
    "dma100" : 24.89,
    "dma200" : 26.31,
    "volume" : 1568596.00
  }, {
    "date" : "2025-12-15",
    "price" : 24.53,
    "dma50" : 24.92,
    "dma100" : 24.86,
    "dma200" : 26.29,
    "volume" : 967044.00
  }, {
    "date" : "2025-12-16",
    "price" : 24.36,
    "dma50" : 24.90,
    "dma100" : 24.82,
    "dma200" : 26.27,
    "volume" : 1122213.00
  }, {
    "date" : "2025-12-17",
    "price" : 24.15,
    "dma50" : 24.87,
    "dma100" : 24.79,
    "dma200" : 26.25,
    "volume" : 928937.00
  }, {
    "date" : "2025-12-18",
    "price" : 24.05,
    "dma50" : 24.84,
    "dma100" : 24.75,
    "dma200" : 26.23,
    "volume" : 1181979.00
  }, {
    "date" : "2025-12-19",
    "price" : 24.01,
    "dma50" : 24.81,
    "dma100" : 24.72,
    "dma200" : 26.21,
    "volume" : 1368759.00
  }, {
    "date" : "2025-12-22",
    "price" : 24.52,
    "dma50" : 24.80,
    "dma100" : 24.70,
    "dma200" : 26.19,
    "volume" : 2119319.00
  }, {
    "date" : "2025-12-23",
    "price" : 24.50,
    "dma50" : 24.79,
    "dma100" : 24.68,
    "dma200" : 26.17,
    "volume" : 1365390.00
  }, {
    "date" : "2025-12-24",
    "price" : 24.23,
    "dma50" : 24.76,
    "dma100" : 24.66,
    "dma200" : 26.15,
    "volume" : 855409.00
  }, {
    "date" : "2025-12-26",
    "price" : 25.20,
    "dma50" : 24.78,
    "dma100" : 24.65,
    "dma200" : 26.14,
    "volume" : 8829427.00
  }, {
    "date" : "2025-12-29",
    "price" : 24.98,
    "dma50" : 24.79,
    "dma100" : 24.65,
    "dma200" : 26.13,
    "volume" : 2385242.00
  }, {
    "date" : "2025-12-30",
    "price" : 24.68,
    "dma50" : 24.78,
    "dma100" : 24.64,
    "dma200" : 26.12,
    "volume" : 1136962.00
  }, {
    "date" : "2025-12-31",
    "price" : 24.66,
    "dma50" : 24.78,
    "dma100" : 24.64,
    "dma200" : 26.10,
    "volume" : 1659011.00
  }, {
    "date" : "2026-01-01",
    "price" : 24.55,
    "dma50" : 24.77,
    "dma100" : 24.65,
    "dma200" : 26.09,
    "volume" : 1642628.00
  }, {
    "date" : "2026-01-02",
    "price" : 24.48,
    "dma50" : 24.76,
    "dma100" : 24.65,
    "dma200" : 26.07,
    "volume" : 1845419.00
  }, {
    "date" : "2026-01-05",
    "price" : 24.36,
    "dma50" : 24.74,
    "dma100" : 24.66,
    "dma200" : 26.06,
    "volume" : 1683421.00
  }, {
    "date" : "2026-01-06",
    "price" : 24.12,
    "dma50" : 24.72,
    "dma100" : 24.67,
    "dma200" : 26.04,
    "volume" : 1242833.00
  }, {
    "date" : "2026-01-07",
    "price" : 24.19,
    "dma50" : 24.70,
    "dma100" : 24.68,
    "dma200" : 26.02,
    "volume" : 1353288.00
  }, {
    "date" : "2026-01-08",
    "price" : 24.00,
    "dma50" : 24.67,
    "dma100" : 24.69,
    "dma200" : 26.00,
    "volume" : 2746946.00
  }, {
    "date" : "2026-01-09",
    "price" : 23.23,
    "dma50" : 24.61,
    "dma100" : 24.69,
    "dma200" : 25.97,
    "volume" : 1898644.00
  }, {
    "date" : "2026-01-12",
    "price" : 23.53,
    "dma50" : 24.57,
    "dma100" : 24.68,
    "dma200" : 25.95,
    "volume" : 6858604.00
  }, {
    "date" : "2026-01-13",
    "price" : 23.12,
    "dma50" : 24.51,
    "dma100" : 24.65,
    "dma200" : 25.92,
    "volume" : 1934329.00
  }, {
    "date" : "2026-01-14",
    "price" : 22.74,
    "dma50" : 24.45,
    "dma100" : 24.62,
    "dma200" : 25.89,
    "volume" : 1145820.00
  }, {
    "date" : "2026-01-16",
    "price" : 22.96,
    "dma50" : 24.39,
    "dma100" : 24.60,
    "dma200" : 25.86,
    "volume" : 1423860.00
  }, {
    "date" : "2026-01-19",
    "price" : 22.84,
    "dma50" : 24.33,
    "dma100" : 24.57,
    "dma200" : 25.83,
    "volume" : 1953691.00
  }, {
    "date" : "2026-01-20",
    "price" : 22.13,
    "dma50" : 24.24,
    "dma100" : 24.54,
    "dma200" : 25.79,
    "volume" : 1760349.00
  }, {
    "date" : "2026-01-21",
    "price" : 21.71,
    "dma50" : 24.14,
    "dma100" : 24.52,
    "dma200" : 25.75,
    "volume" : 2965008.00
  }, {
    "date" : "2026-01-22",
    "price" : 22.39,
    "dma50" : 24.07,
    "dma100" : 24.51,
    "dma200" : 25.72,
    "volume" : 1245055.00
  }, {
    "date" : "2026-01-23",
    "price" : 21.72,
    "dma50" : 23.98,
    "dma100" : 24.48,
    "dma200" : 25.68,
    "volume" : 1274320.00
  }, {
    "date" : "2026-01-27",
    "price" : 21.10,
    "dma50" : 23.87,
    "dma100" : 24.46,
    "dma200" : 25.63,
    "volume" : 2367011.00
  }, {
    "date" : "2026-01-28",
    "price" : 22.46,
    "dma50" : 23.81,
    "dma100" : 24.44,
    "dma200" : 25.60,
    "volume" : 1843574.00
  }, {
    "date" : "2026-01-29",
    "price" : 22.05,
    "dma50" : 23.74,
    "dma100" : 24.42,
    "dma200" : 25.56,
    "volume" : 1354874.00
  }, {
    "date" : "2026-01-30",
    "price" : 22.32,
    "dma50" : 23.69,
    "dma100" : 24.40,
    "dma200" : 25.53,
    "volume" : 1356192.00
  }, {
    "date" : "2026-02-01",
    "price" : 22.28,
    "dma50" : 23.63,
    "dma100" : 24.39,
    "dma200" : 25.50,
    "volume" : 1416668.00
  }, {
    "date" : "2026-02-02",
    "price" : 21.91,
    "dma50" : 23.56,
    "dma100" : 24.37,
    "dma200" : 25.46,
    "volume" : 1511088.00
  }, {
    "date" : "2026-02-03",
    "price" : 23.60,
    "dma50" : 23.57,
    "dma100" : 24.37,
    "dma200" : 25.45,
    "volume" : 3739442.00
  }, {
    "date" : "2026-02-04",
    "price" : 23.76,
    "dma50" : 23.57,
    "dma100" : 24.36,
    "dma200" : 25.43,
    "volume" : 1578861.00
  }, {
    "date" : "2026-02-05",
    "price" : 23.21,
    "dma50" : 23.56,
    "dma100" : 24.36,
    "dma200" : 25.41,
    "volume" : 1099782.00
  }, {
    "date" : "2026-02-06",
    "price" : 22.80,
    "dma50" : 23.53,
    "dma100" : 24.35,
    "dma200" : 25.38,
    "volume" : 2204035.00
  }, {
    "date" : "2026-02-09",
    "price" : 24.21,
    "dma50" : 23.56,
    "dma100" : 24.35,
    "dma200" : 25.37,
    "volume" : 4005527.00
  }, {
    "date" : "2026-02-10",
    "price" : 24.39,
    "dma50" : 23.59,
    "dma100" : 24.36,
    "dma200" : 25.36,
    "volume" : 2029054.00
  }, {
    "date" : "2026-02-11",
    "price" : 24.33,
    "dma50" : 23.62,
    "dma100" : 24.36,
    "dma200" : 25.35,
    "volume" : 1628941.00
  }, {
    "date" : "2026-02-12",
    "price" : 23.93,
    "dma50" : 23.63,
    "dma100" : 24.36,
    "dma200" : 25.33,
    "volume" : 1490217.00
  }, {
    "date" : "2026-02-13",
    "price" : 24.05,
    "dma50" : 23.65,
    "dma100" : 24.37,
    "dma200" : 25.32,
    "volume" : 1784259.00
  }, {
    "date" : "2026-02-16",
    "price" : 24.20,
    "dma50" : 23.67,
    "dma100" : 24.37,
    "dma200" : 25.31,
    "volume" : 2107337.00
  } ],
  "latestTechnicalAttributes" : {
    "date" : "2026-02-16",
    "price" : 24.20,
    "dma50" : 23.67,
    "dma100" : 24.37,
    "dma200" : 25.31,
    "volume" : 2107337.00
  },
  "quarterlyResults" : [ {
    "date" : "2011-06-30",
    "sales" : 7.58,
    "salesGrowthYoY" : null,
    "grossProfitMargin" : 34.96,
    "grossProfit" : 2.65,
    "operatingProfitMargin" : 19.79,
    "operatingProfit" : 1.50,
    "netProfitMargin" : 19.26,
    "netProfit" : 1.46
  }, {
    "date" : "2011-09-30",
    "sales" : 8.55,
    "salesGrowthYoY" : null,
    "grossProfitMargin" : 35.09,
    "grossProfit" : 3.00,
    "operatingProfitMargin" : 20.00,
    "operatingProfit" : 1.71,
    "netProfitMargin" : 17.08,
    "netProfit" : 1.46
  }, {
    "date" : "2011-12-31",
    "sales" : 8.21,
    "salesGrowthYoY" : null,
    "grossProfitMargin" : 28.75,
    "grossProfit" : 2.36,
    "operatingProfitMargin" : 14.86,
    "operatingProfit" : 1.22,
    "netProfitMargin" : 12.42,
    "netProfit" : 1.02
  }, {
    "date" : "2012-03-31",
    "sales" : 8.99,
    "salesGrowthYoY" : null,
    "grossProfitMargin" : 28.25,
    "grossProfit" : 2.54,
    "operatingProfitMargin" : 17.46,
    "operatingProfit" : 1.57,
    "netProfitMargin" : 14.46,
    "netProfit" : 1.30
  }, {
    "date" : "2012-06-30",
    "sales" : 9.05,
    "salesGrowthYoY" : 19.39,
    "grossProfitMargin" : 28.29,
    "grossProfit" : 2.56,
    "operatingProfitMargin" : 14.70,
    "operatingProfit" : 1.33,
    "netProfitMargin" : 11.60,
    "netProfit" : 1.05
  }, {
    "date" : "2012-09-30",
    "sales" : 9.92,
    "salesGrowthYoY" : 16.02,
    "grossProfitMargin" : 32.46,
    "grossProfit" : 3.22,
    "operatingProfitMargin" : 20.97,
    "operatingProfit" : 2.08,
    "netProfitMargin" : 19.66,
    "netProfit" : 1.95
  }, {
    "date" : "2012-12-31",
    "sales" : 10.68,
    "salesGrowthYoY" : 30.09,
    "grossProfitMargin" : 22.47,
    "grossProfit" : 2.40,
    "operatingProfitMargin" : 8.24,
    "operatingProfit" : 0.88,
    "netProfitMargin" : 12.08,
    "netProfit" : 1.29
  }, {
    "date" : "2013-03-31",
    "sales" : 11.03,
    "salesGrowthYoY" : 22.69,
    "grossProfitMargin" : 25.84,
    "grossProfit" : 2.85,
    "operatingProfitMargin" : 10.34,
    "operatingProfit" : 1.14,
    "netProfitMargin" : 10.24,
    "netProfit" : 1.13
  }, {
    "date" : "2013-06-30",
    "sales" : 9.80,
    "salesGrowthYoY" : 8.29,
    "grossProfitMargin" : 24.59,
    "grossProfit" : 2.41,
    "operatingProfitMargin" : 7.35,
    "operatingProfit" : 0.72,
    "netProfitMargin" : 17.35,
    "netProfit" : 1.70
  }, {
    "date" : "2013-09-30",
    "sales" : 14.25,
    "salesGrowthYoY" : 43.65,
    "grossProfitMargin" : 26.81,
    "grossProfit" : 3.82,
    "operatingProfitMargin" : 10.88,
    "operatingProfit" : 1.55,
    "netProfitMargin" : 8.28,
    "netProfit" : 1.18
  }, {
    "date" : "2013-12-31",
    "sales" : 14.06,
    "salesGrowthYoY" : 31.65,
    "grossProfitMargin" : 23.76,
    "grossProfit" : 3.34,
    "operatingProfitMargin" : 7.75,
    "operatingProfit" : 1.09,
    "netProfitMargin" : 8.39,
    "netProfit" : 1.18
  }, {
    "date" : "2014-03-31",
    "sales" : 15.36,
    "salesGrowthYoY" : 39.26,
    "grossProfitMargin" : 28.58,
    "grossProfit" : 4.39,
    "operatingProfitMargin" : 10.87,
    "operatingProfit" : 1.67,
    "netProfitMargin" : 12.50,
    "netProfit" : 1.92
  }, {
    "date" : "2014-06-30",
    "sales" : 15.87,
    "salesGrowthYoY" : 61.94,
    "grossProfitMargin" : 29.62,
    "grossProfit" : 4.70,
    "operatingProfitMargin" : 12.92,
    "operatingProfit" : 2.05,
    "netProfitMargin" : 10.52,
    "netProfit" : 1.67
  }, {
    "date" : "2014-09-30",
    "sales" : 16.84,
    "salesGrowthYoY" : 18.18,
    "grossProfitMargin" : 27.14,
    "grossProfit" : 4.57,
    "operatingProfitMargin" : 12.29,
    "operatingProfit" : 2.07,
    "netProfitMargin" : 16.33,
    "netProfit" : 2.75
  }, {
    "date" : "2014-12-31",
    "sales" : 15.19,
    "salesGrowthYoY" : 8.04,
    "grossProfitMargin" : 36.01,
    "grossProfit" : 5.47,
    "operatingProfitMargin" : 18.63,
    "operatingProfit" : 2.83,
    "netProfitMargin" : 17.84,
    "netProfit" : 2.71
  }, {
    "date" : "2015-03-31",
    "sales" : 17.10,
    "salesGrowthYoY" : 11.33,
    "grossProfitMargin" : 39.82,
    "grossProfit" : 6.81,
    "operatingProfitMargin" : 25.85,
    "operatingProfit" : 4.42,
    "netProfitMargin" : 23.80,
    "netProfit" : 4.07
  }, {
    "date" : "2015-06-30",
    "sales" : 16.76,
    "salesGrowthYoY" : 5.61,
    "grossProfitMargin" : 41.77,
    "grossProfit" : 7.00,
    "operatingProfitMargin" : 25.18,
    "operatingProfit" : 4.22,
    "netProfitMargin" : 17.60,
    "netProfit" : 2.95
  }, {
    "date" : "2015-09-30",
    "sales" : 17.38,
    "salesGrowthYoY" : 3.21,
    "grossProfitMargin" : 41.54,
    "grossProfit" : 7.22,
    "operatingProfitMargin" : 25.89,
    "operatingProfit" : 4.50,
    "netProfitMargin" : 17.32,
    "netProfit" : 3.01
  }, {
    "date" : "2015-12-31",
    "sales" : 15.95,
    "salesGrowthYoY" : 5.00,
    "grossProfitMargin" : 45.08,
    "grossProfit" : 7.19,
    "operatingProfitMargin" : 27.02,
    "operatingProfit" : 4.31,
    "netProfitMargin" : 26.96,
    "netProfit" : 4.30
  }, {
    "date" : "2016-03-31",
    "sales" : 17.97,
    "salesGrowthYoY" : 5.09,
    "grossProfitMargin" : 44.30,
    "grossProfit" : 7.96,
    "operatingProfitMargin" : 26.99,
    "operatingProfit" : 4.85,
    "netProfitMargin" : 27.05,
    "netProfit" : 4.86
  }, {
    "date" : "2016-06-30",
    "sales" : 18.04,
    "salesGrowthYoY" : 7.64,
    "grossProfitMargin" : 43.57,
    "grossProfit" : 7.86,
    "operatingProfitMargin" : 24.06,
    "operatingProfit" : 4.34,
    "netProfitMargin" : 22.95,
    "netProfit" : 4.14
  }, {
    "date" : "2016-09-30",
    "sales" : 17.88,
    "salesGrowthYoY" : 2.88,
    "grossProfitMargin" : 43.18,
    "grossProfit" : 7.72,
    "operatingProfitMargin" : 22.65,
    "operatingProfit" : 4.05,
    "netProfitMargin" : 25.56,
    "netProfit" : 4.57
  }, {
    "date" : "2016-12-31",
    "sales" : 18.61,
    "salesGrowthYoY" : 16.68,
    "grossProfitMargin" : 44.71,
    "grossProfit" : 8.32,
    "operatingProfitMargin" : 24.88,
    "operatingProfit" : 4.63,
    "netProfitMargin" : 22.57,
    "netProfit" : 4.20
  }, {
    "date" : "2017-03-31",
    "sales" : 20.20,
    "salesGrowthYoY" : 12.41,
    "grossProfitMargin" : 42.28,
    "grossProfit" : 8.54,
    "operatingProfitMargin" : 27.72,
    "operatingProfit" : 5.60,
    "netProfitMargin" : 41.68,
    "netProfit" : 8.42
  }, {
    "date" : "2017-06-30",
    "sales" : 20.69,
    "salesGrowthYoY" : 14.69,
    "grossProfitMargin" : 47.46,
    "grossProfit" : 9.82,
    "operatingProfitMargin" : 25.57,
    "operatingProfit" : 5.29,
    "netProfitMargin" : 21.02,
    "netProfit" : 4.35
  }, {
    "date" : "2017-09-30",
    "sales" : 21.81,
    "salesGrowthYoY" : 21.98,
    "grossProfitMargin" : 49.01,
    "grossProfit" : 10.69,
    "operatingProfitMargin" : 29.89,
    "operatingProfit" : 6.52,
    "netProfitMargin" : 24.90,
    "netProfit" : 5.43
  }, {
    "date" : "2017-12-31",
    "sales" : 23.30,
    "salesGrowthYoY" : 25.20,
    "grossProfitMargin" : 43.82,
    "grossProfit" : 10.21,
    "operatingProfitMargin" : 23.35,
    "operatingProfit" : 5.44,
    "netProfitMargin" : 34.03,
    "netProfit" : 7.93
  }, {
    "date" : "2018-03-31",
    "sales" : 24.26,
    "salesGrowthYoY" : 20.10,
    "grossProfitMargin" : 37.92,
    "grossProfit" : 9.20,
    "operatingProfitMargin" : 24.57,
    "operatingProfit" : 5.96,
    "netProfitMargin" : 14.76,
    "netProfit" : 3.58
  }, {
    "date" : "2018-06-30",
    "sales" : 25.14,
    "salesGrowthYoY" : 21.51,
    "grossProfitMargin" : 49.05,
    "grossProfit" : 12.33,
    "operatingProfitMargin" : 29.75,
    "operatingProfit" : 7.48,
    "netProfitMargin" : 18.50,
    "netProfit" : 4.65
  }, {
    "date" : "2018-09-30",
    "sales" : 26.91,
    "salesGrowthYoY" : 23.38,
    "grossProfitMargin" : 36.31,
    "grossProfit" : 9.77,
    "operatingProfitMargin" : 18.88,
    "operatingProfit" : 5.08,
    "netProfitMargin" : 10.85,
    "netProfit" : 2.92
  }, {
    "date" : "2018-12-31",
    "sales" : 28.22,
    "salesGrowthYoY" : 21.12,
    "grossProfitMargin" : 37.99,
    "grossProfit" : 10.72,
    "operatingProfitMargin" : 20.84,
    "operatingProfit" : 5.88,
    "netProfitMargin" : 16.02,
    "netProfit" : 4.52
  }, {
    "date" : "2019-03-31",
    "sales" : 32.36,
    "salesGrowthYoY" : 33.39,
    "grossProfitMargin" : 39.65,
    "grossProfit" : 12.83,
    "operatingProfitMargin" : 22.62,
    "operatingProfit" : 7.32,
    "netProfitMargin" : 13.38,
    "netProfit" : 4.33
  }, {
    "date" : "2019-06-30",
    "sales" : 32.62,
    "salesGrowthYoY" : 29.75,
    "grossProfitMargin" : 40.56,
    "grossProfit" : 13.23,
    "operatingProfitMargin" : 22.10,
    "operatingProfit" : 7.21,
    "netProfitMargin" : 14.29,
    "netProfit" : 4.66
  }, {
    "date" : "2019-09-30",
    "sales" : 33.24,
    "salesGrowthYoY" : 23.52,
    "grossProfitMargin" : 41.37,
    "grossProfit" : 13.75,
    "operatingProfitMargin" : 23.80,
    "operatingProfit" : 7.91,
    "netProfitMargin" : 18.08,
    "netProfit" : 6.01
  }, {
    "date" : "2019-12-31",
    "sales" : 32.58,
    "salesGrowthYoY" : 15.45,
    "grossProfitMargin" : 42.48,
    "grossProfit" : 13.84,
    "operatingProfitMargin" : 19.21,
    "operatingProfit" : 6.26,
    "netProfitMargin" : 20.50,
    "netProfit" : 6.68
  }, {
    "date" : "2020-03-31",
    "sales" : 30.41,
    "salesGrowthYoY" : -6.03,
    "grossProfitMargin" : 40.45,
    "grossProfit" : 12.30,
    "operatingProfitMargin" : 21.14,
    "operatingProfit" : 6.43,
    "netProfitMargin" : 16.41,
    "netProfit" : 4.99
  }, {
    "date" : "2020-06-30",
    "sales" : 10.41,
    "salesGrowthYoY" : -68.09,
    "grossProfitMargin" : 46.40,
    "grossProfit" : 4.83,
    "operatingProfitMargin" : 18.06,
    "operatingProfit" : 1.88,
    "netProfitMargin" : 62.25,
    "netProfit" : 6.48
  }, {
    "date" : "2020-09-30",
    "sales" : 29.94,
    "salesGrowthYoY" : -9.93,
    "grossProfitMargin" : 42.72,
    "grossProfit" : 12.79,
    "operatingProfitMargin" : 21.91,
    "operatingProfit" : 6.56,
    "netProfitMargin" : 27.02,
    "netProfit" : 8.09
  }, {
    "date" : "2020-12-31",
    "sales" : 41.17,
    "salesGrowthYoY" : 26.37,
    "grossProfitMargin" : 45.74,
    "grossProfit" : 18.83,
    "operatingProfitMargin" : 30.22,
    "operatingProfit" : 12.44,
    "netProfitMargin" : 29.92,
    "netProfit" : 12.32
  }, {
    "date" : "2021-03-31",
    "sales" : 47.96,
    "salesGrowthYoY" : 57.71,
    "grossProfitMargin" : 42.70,
    "grossProfit" : 20.48,
    "operatingProfitMargin" : 21.48,
    "operatingProfit" : 10.30,
    "netProfitMargin" : 18.97,
    "netProfit" : 9.10
  }, {
    "date" : "2021-06-30",
    "sales" : 41.27,
    "salesGrowthYoY" : 296.45,
    "grossProfitMargin" : 36.90,
    "grossProfit" : 15.23,
    "operatingProfitMargin" : 16.21,
    "operatingProfit" : 6.69,
    "netProfitMargin" : 17.28,
    "netProfit" : 7.13
  }, {
    "date" : "2021-09-30",
    "sales" : 59.82,
    "salesGrowthYoY" : 99.80,
    "grossProfitMargin" : 39.25,
    "grossProfit" : 23.48,
    "operatingProfitMargin" : 21.61,
    "operatingProfit" : 12.93,
    "netProfitMargin" : 17.20,
    "netProfit" : 10.29
  }, {
    "date" : "2021-12-31",
    "sales" : 78.37,
    "salesGrowthYoY" : 90.36,
    "grossProfitMargin" : 40.79,
    "grossProfit" : 31.97,
    "operatingProfitMargin" : 27.28,
    "operatingProfit" : 21.38,
    "netProfitMargin" : 20.08,
    "netProfit" : 15.74
  }, {
    "date" : "2022-03-31",
    "sales" : 70.62,
    "salesGrowthYoY" : 47.25,
    "grossProfitMargin" : 39.35,
    "grossProfit" : 27.79,
    "operatingProfitMargin" : 17.53,
    "operatingProfit" : 12.38,
    "netProfitMargin" : 15.32,
    "netProfit" : 10.82
  }, {
    "date" : "2022-06-30",
    "sales" : 60.54,
    "salesGrowthYoY" : 46.69,
    "grossProfitMargin" : 35.12,
    "grossProfit" : 21.26,
    "operatingProfitMargin" : 16.15,
    "operatingProfit" : 9.78,
    "netProfitMargin" : 18.90,
    "netProfit" : 11.44
  }, {
    "date" : "2022-09-30",
    "sales" : 76.29,
    "salesGrowthYoY" : 27.53,
    "grossProfitMargin" : 36.51,
    "grossProfit" : 27.85,
    "operatingProfitMargin" : 18.67,
    "operatingProfit" : 14.24,
    "netProfitMargin" : 15.69,
    "netProfit" : 11.97
  }, {
    "date" : "2022-12-31",
    "sales" : 67.22,
    "salesGrowthYoY" : -14.23,
    "grossProfitMargin" : 45.55,
    "grossProfit" : 30.62,
    "operatingProfitMargin" : 26.24,
    "operatingProfit" : 17.64,
    "netProfitMargin" : 20.23,
    "netProfit" : 13.60
  }, {
    "date" : "2023-03-31",
    "sales" : 91.50,
    "salesGrowthYoY" : 29.57,
    "grossProfitMargin" : 35.73,
    "grossProfit" : 32.69,
    "operatingProfitMargin" : 21.13,
    "operatingProfit" : 19.33,
    "netProfitMargin" : 16.39,
    "netProfit" : 15.00
  }, {
    "date" : "2023-06-30",
    "sales" : 88.11,
    "salesGrowthYoY" : 45.54,
    "grossProfitMargin" : 39.96,
    "grossProfit" : 35.21,
    "operatingProfitMargin" : 25.25,
    "operatingProfit" : 22.25,
    "netProfitMargin" : 25.64,
    "netProfit" : 22.59
  }, {
    "date" : "2023-09-30",
    "sales" : 104.42,
    "salesGrowthYoY" : 36.87,
    "grossProfitMargin" : 39.78,
    "grossProfit" : 41.54,
    "operatingProfitMargin" : 26.79,
    "operatingProfit" : 27.97,
    "netProfitMargin" : 26.25,
    "netProfit" : 27.41
  }, {
    "date" : "2023-12-31",
    "sales" : 107.93,
    "salesGrowthYoY" : 60.56,
    "grossProfitMargin" : 43.59,
    "grossProfit" : 47.05,
    "operatingProfitMargin" : 31.99,
    "operatingProfit" : 34.53,
    "netProfitMargin" : 25.69,
    "netProfit" : 27.73
  }, {
    "date" : "2024-03-31",
    "sales" : 118.47,
    "salesGrowthYoY" : 29.48,
    "grossProfitMargin" : 38.26,
    "grossProfit" : 45.33,
    "operatingProfitMargin" : 24.23,
    "operatingProfit" : 28.71,
    "netProfitMargin" : 27.76,
    "netProfit" : 32.89
  }, {
    "date" : "2024-06-30",
    "sales" : 106.61,
    "salesGrowthYoY" : 21.00,
    "grossProfitMargin" : 39.17,
    "grossProfit" : 41.76,
    "operatingProfitMargin" : 24.57,
    "operatingProfit" : 26.19,
    "netProfitMargin" : 20.50,
    "netProfit" : 21.86
  }, {
    "date" : "2024-09-30",
    "sales" : 115.36,
    "salesGrowthYoY" : 10.48,
    "grossProfitMargin" : 38.33,
    "grossProfit" : 44.22,
    "operatingProfitMargin" : 25.75,
    "operatingProfit" : 29.71,
    "netProfitMargin" : 27.26,
    "netProfit" : 31.45
  }, {
    "date" : "2024-12-31",
    "sales" : 109.31,
    "salesGrowthYoY" : 1.28,
    "grossProfitMargin" : 40.15,
    "grossProfit" : 43.89,
    "operatingProfitMargin" : 27.12,
    "operatingProfit" : 29.64,
    "netProfitMargin" : 22.40,
    "netProfit" : 24.49
  }, {
    "date" : "2025-03-31",
    "sales" : 107.95,
    "salesGrowthYoY" : -8.88,
    "grossProfitMargin" : 35.30,
    "grossProfit" : 38.11,
    "operatingProfitMargin" : 18.67,
    "operatingProfit" : 20.15,
    "netProfitMargin" : 18.01,
    "netProfit" : 19.44
  }, {
    "date" : "2025-06-30",
    "sales" : 98.26,
    "salesGrowthYoY" : -7.83,
    "grossProfitMargin" : 32.97,
    "grossProfit" : 32.40,
    "operatingProfitMargin" : 17.30,
    "operatingProfit" : 17.00,
    "netProfitMargin" : 20.24,
    "netProfit" : 19.89
  }, {
    "date" : "2025-09-30",
    "sales" : 104.55,
    "salesGrowthYoY" : -9.37,
    "grossProfitMargin" : 37.50,
    "grossProfit" : 39.21,
    "operatingProfitMargin" : 22.10,
    "operatingProfit" : 23.11,
    "netProfitMargin" : 24.11,
    "netProfit" : 25.21
  }, {
    "date" : "2025-12-31",
    "sales" : 96.47,
    "salesGrowthYoY" : -11.75,
    "grossProfitMargin" : 41.47,
    "grossProfit" : 40.01,
    "operatingProfitMargin" : 22.71,
    "operatingProfit" : 21.91,
    "netProfitMargin" : 26.59,
    "netProfit" : 25.65
  } ],
  "latestQuarterlyResult" : {
    "date" : "2025-12-31",
    "sales" : 96.47,
    "salesGrowthYoY" : -11.75,
    "grossProfitMargin" : 41.47,
    "grossProfit" : 40.01,
    "operatingProfitMargin" : 22.71,
    "operatingProfit" : 21.91,
    "netProfitMargin" : 26.59,
    "netProfit" : 25.65
  },
  "companyScore" : {
    "priceHigherThanDma50" : 5.00,
    "priceHigherThanDma100" : 0.00,
    "priceHigherThanDma200" : 0.00,
    "dma50HigherThanDma100" : 0.00,
    "dma50HigherThanDma200" : 0.00,
    "dma100HigherThanDma200" : 0.00,
    "pricePercentageAboveDma50" : 4.89,
    "pricePercentageAboveDma100" : 5.04,
    "pricePercentageAboveDma200" : 5.22,
    "weeklyVolumeHigherThanYearlyVolume" : 0.00,
    "salesGrowthPercentile" : 3.09,
    "operatingProfitMarginPercentile" : 12.47,
    "netProfitMarginPercentile" : 8.47,
    "totalTechnicalScore" : 20.14,
    "totalFundamentalScore" : 24.03,
    "totalScore" : 44.18
  }
}