{
  "metadata" : {
    "screenerCompanyId" : "1014",
    "companyCode" : "FILATEX",
    "companyName" : "Filatex India",
    "screenerCompanyLink" : "https://www.screener.in/company/FILATEX/",
    "screenerTechnicalHistoryLink" : "https://www.screener.in/api/company/1014/chart/?q=Price-DMA50-DMA200-Volume&days=365",
    "screenerQuarterlyResultsLink" : "https://www.screener.in/api/company/1014/chart/?q=GPM-OPM-NPM-Quarter+Sales&days=10000",
    "attributes" : {
      "companyCode" : "FILATEX",
      "companyName" : "Filatex India",
      "marketCap" : 2146.00,
      "peRatio" : 12.10,
      "description" : "Filatex India Ltd. is engaged in the manufacturing and trading of synthetic yarn and textiles such as Polyester Chips, Narrow Fabrics etc. [1]"
    },
    "companyScore" : {
      "priceHigherThanDma50" : 0.00,
      "priceHigherThanDma100" : 0.00,
      "priceHigherThanDma200" : 0.00,
      "dma50HigherThanDma100" : 0.00,
      "dma50HigherThanDma200" : 0.00,
      "dma100HigherThanDma200" : 5.00,
      "pricePercentageAboveDma50" : 5.43,
      "pricePercentageAboveDma100" : 5.55,
      "pricePercentageAboveDma200" : 5.50,
      "weeklyVolumeHigherThanYearlyVolume" : 0.00,
      "salesGrowthPercentile" : 7.59,
      "operatingProfitMarginPercentile" : 11.81,
      "netProfitMarginPercentile" : 8.67,
      "totalTechnicalScore" : 21.48,
      "totalFundamentalScore" : 28.08,
      "totalScore" : 49.56
    }
  },
  "attributes" : {
    "companyCode" : "FILATEX",
    "companyName" : "Filatex India",
    "marketCap" : 2146.00,
    "peRatio" : 12.10,
    "description" : "Filatex India Ltd. is engaged in the manufacturing and trading of synthetic yarn and textiles such as Polyester Chips, Narrow Fabrics etc. [1]"
  },
  "technicalHistory" : [ {
    "date" : "2024-12-31",
    "price" : 61.42,
    "dma50" : 63.69,
    "dma100" : null,
    "dma200" : 60.06,
    "volume" : 1281764.00
  }, {
    "date" : "2025-01-01",
    "price" : 62.11,
    "dma50" : 63.62,
    "dma100" : null,
    "dma200" : 60.08,
    "volume" : 1056576.00
  }, {
    "date" : "2025-01-02",
    "price" : 61.91,
    "dma50" : 63.56,
    "dma100" : null,
    "dma200" : 60.10,
    "volume" : 1884312.00
  }, {
    "date" : "2025-01-03",
    "price" : 62.17,
    "dma50" : 63.50,
    "dma100" : null,
    "dma200" : 60.12,
    "volume" : 1475889.00
  }, {
    "date" : "2025-01-06",
    "price" : 58.09,
    "dma50" : 63.29,
    "dma100" : null,
    "dma200" : 60.10,
    "volume" : 2449071.00
  }, {
    "date" : "2025-01-07",
    "price" : 60.07,
    "dma50" : 63.16,
    "dma100" : null,
    "dma200" : 60.10,
    "volume" : 1903315.00
  }, {
    "date" : "2025-01-08",
    "price" : 59.31,
    "dma50" : 63.01,
    "dma100" : null,
    "dma200" : 60.09,
    "volume" : 1492151.00
  }, {
    "date" : "2025-01-09",
    "price" : 57.84,
    "dma50" : 62.81,
    "dma100" : null,
    "dma200" : 60.07,
    "volume" : 1161921.00
  }, {
    "date" : "2025-01-10",
    "price" : 55.56,
    "dma50" : 62.53,
    "dma100" : null,
    "dma200" : 60.02,
    "volume" : 1171686.00
  }, {
    "date" : "2025-01-13",
    "price" : 53.08,
    "dma50" : 62.16,
    "dma100" : null,
    "dma200" : 59.96,
    "volume" : 1754666.00
  }, {
    "date" : "2025-01-14",
    "price" : 53.15,
    "dma50" : 61.80,
    "dma100" : null,
    "dma200" : 59.89,
    "volume" : 2302853.00
  }, {
    "date" : "2025-01-15",
    "price" : 53.59,
    "dma50" : 61.48,
    "dma100" : null,
    "dma200" : 59.82,
    "volume" : 1882511.00
  }, {
    "date" : "2025-01-16",
    "price" : 54.20,
    "dma50" : 61.19,
    "dma100" : null,
    "dma200" : 59.77,
    "volume" : 1569223.00
  }, {
    "date" : "2025-01-17",
    "price" : 53.65,
    "dma50" : 60.90,
    "dma100" : null,
    "dma200" : 59.71,
    "volume" : 710450.00
  }, {
    "date" : "2025-01-20",
    "price" : 54.34,
    "dma50" : 60.64,
    "dma100" : null,
    "dma200" : 59.65,
    "volume" : 855261.00
  }, {
    "date" : "2025-01-21",
    "price" : 51.75,
    "dma50" : 60.29,
    "dma100" : null,
    "dma200" : 59.58,
    "volume" : 1462873.00
  }, {
    "date" : "2025-01-22",
    "price" : 51.14,
    "dma50" : 59.93,
    "dma100" : null,
    "dma200" : 59.49,
    "volume" : 990524.00
  }, {
    "date" : "2025-01-23",
    "price" : 51.22,
    "dma50" : 59.59,
    "dma100" : null,
    "dma200" : 59.41,
    "volume" : 703098.00
  }, {
    "date" : "2025-01-24",
    "price" : 50.31,
    "dma50" : 59.23,
    "dma100" : null,
    "dma200" : 59.32,
    "volume" : 933166.00
  }, {
    "date" : "2025-01-27",
    "price" : 47.35,
    "dma50" : 58.76,
    "dma100" : null,
    "dma200" : 59.20,
    "volume" : 1338796.00
  }, {
    "date" : "2025-01-28",
    "price" : 46.61,
    "dma50" : 58.29,
    "dma100" : null,
    "dma200" : 59.07,
    "volume" : 2672403.00
  }, {
    "date" : "2025-01-29",
    "price" : 49.26,
    "dma50" : 57.93,
    "dma100" : null,
    "dma200" : 58.98,
    "volume" : 2817628.00
  }, {
    "date" : "2025-01-30",
    "price" : 48.07,
    "dma50" : 57.55,
    "dma100" : null,
    "dma200" : 58.87,
    "volume" : 2338711.00
  }, {
    "date" : "2025-01-31",
    "price" : 49.17,
    "dma50" : 57.22,
    "dma100" : null,
    "dma200" : 58.77,
    "volume" : 719268.00
  }, {
    "date" : "2025-02-01",
    "price" : 51.49,
    "dma50" : 56.99,
    "dma100" : null,
    "dma200" : 58.70,
    "volume" : 1653711.00
  }, {
    "date" : "2025-02-03",
    "price" : 47.92,
    "dma50" : 56.64,
    "dma100" : null,
    "dma200" : 58.59,
    "volume" : 1500196.00
  }, {
    "date" : "2025-02-04",
    "price" : 49.90,
    "dma50" : 56.37,
    "dma100" : null,
    "dma200" : 58.51,
    "volume" : 1091087.00
  }, {
    "date" : "2025-02-05",
    "price" : 49.65,
    "dma50" : 56.11,
    "dma100" : null,
    "dma200" : 58.42,
    "volume" : 1027468.00
  }, {
    "date" : "2025-02-06",
    "price" : 48.89,
    "dma50" : 55.83,
    "dma100" : null,
    "dma200" : 58.32,
    "volume" : 590976.00
  }, {
    "date" : "2025-02-07",
    "price" : 47.47,
    "dma50" : 55.50,
    "dma100" : null,
    "dma200" : 58.21,
    "volume" : 1256105.00
  }, {
    "date" : "2025-02-10",
    "price" : 46.69,
    "dma50" : 55.15,
    "dma100" : null,
    "dma200" : 58.10,
    "volume" : 1621829.00
  }, {
    "date" : "2025-02-11",
    "price" : 44.38,
    "dma50" : 54.73,
    "dma100" : null,
    "dma200" : 57.96,
    "volume" : 1064905.00
  }, {
    "date" : "2025-02-12",
    "price" : 44.67,
    "dma50" : 54.34,
    "dma100" : null,
    "dma200" : 57.83,
    "volume" : 1912764.00
  }, {
    "date" : "2025-02-13",
    "price" : 43.21,
    "dma50" : 53.90,
    "dma100" : null,
    "dma200" : 57.69,
    "volume" : 1285504.00
  }, {
    "date" : "2025-02-14",
    "price" : 42.51,
    "dma50" : 53.45,
    "dma100" : null,
    "dma200" : 57.54,
    "volume" : 2185210.00
  }, {
    "date" : "2025-02-17",
    "price" : 42.17,
    "dma50" : 53.01,
    "dma100" : null,
    "dma200" : 57.38,
    "volume" : 1255377.00
  }, {
    "date" : "2025-02-18",
    "price" : 41.27,
    "dma50" : 52.55,
    "dma100" : null,
    "dma200" : 57.22,
    "volume" : 1133104.00
  }, {
    "date" : "2025-02-19",
    "price" : 43.22,
    "dma50" : 52.18,
    "dma100" : null,
    "dma200" : 57.08,
    "volume" : 1008673.00
  }, {
    "date" : "2025-02-20",
    "price" : 44.34,
    "dma50" : 51.88,
    "dma100" : null,
    "dma200" : 56.96,
    "volume" : 1026442.00
  }, {
    "date" : "2025-02-21",
    "price" : 42.57,
    "dma50" : 51.51,
    "dma100" : null,
    "dma200" : 56.81,
    "volume" : 1068298.00
  }, {
    "date" : "2025-02-24",
    "price" : 41.65,
    "dma50" : 51.12,
    "dma100" : null,
    "dma200" : 56.66,
    "volume" : 640777.00
  }, {
    "date" : "2025-02-25",
    "price" : 41.50,
    "dma50" : 50.75,
    "dma100" : null,
    "dma200" : 56.51,
    "volume" : 449042.00
  }, {
    "date" : "2025-02-27",
    "price" : 39.35,
    "dma50" : 50.30,
    "dma100" : null,
    "dma200" : 56.34,
    "volume" : 1180002.00
  }, {
    "date" : "2025-02-28",
    "price" : 39.94,
    "dma50" : 49.89,
    "dma100" : null,
    "dma200" : 56.18,
    "volume" : 3321182.00
  }, {
    "date" : "2025-03-03",
    "price" : 37.86,
    "dma50" : 49.42,
    "dma100" : null,
    "dma200" : 55.99,
    "volume" : 2015779.00
  }, {
    "date" : "2025-03-04",
    "price" : 38.69,
    "dma50" : 49.00,
    "dma100" : null,
    "dma200" : 55.82,
    "volume" : 1016807.00
  }, {
    "date" : "2025-03-05",
    "price" : 40.04,
    "dma50" : 48.65,
    "dma100" : null,
    "dma200" : 55.67,
    "volume" : 1190807.00
  }, {
    "date" : "2025-03-06",
    "price" : 41.84,
    "dma50" : 48.38,
    "dma100" : null,
    "dma200" : 55.53,
    "volume" : 1500853.00
  }, {
    "date" : "2025-03-07",
    "price" : 40.37,
    "dma50" : 48.07,
    "dma100" : null,
    "dma200" : 55.38,
    "volume" : 1928488.00
  }, {
    "date" : "2025-03-10",
    "price" : 38.68,
    "dma50" : 47.70,
    "dma100" : null,
    "dma200" : 55.21,
    "volume" : 1166683.00
  }, {
    "date" : "2025-03-11",
    "price" : 37.56,
    "dma50" : 47.30,
    "dma100" : null,
    "dma200" : 55.04,
    "volume" : 1075029.00
  }, {
    "date" : "2025-03-12",
    "price" : 36.84,
    "dma50" : 46.89,
    "dma100" : null,
    "dma200" : 54.85,
    "volume" : 1087359.00
  }, {
    "date" : "2025-03-13",
    "price" : 36.35,
    "dma50" : 46.48,
    "dma100" : null,
    "dma200" : 54.67,
    "volume" : 925082.00
  }, {
    "date" : "2025-03-17",
    "price" : 35.71,
    "dma50" : 46.06,
    "dma100" : null,
    "dma200" : 54.48,
    "volume" : 1535692.00
  }, {
    "date" : "2025-03-18",
    "price" : 37.10,
    "dma50" : 45.71,
    "dma100" : null,
    "dma200" : 54.31,
    "volume" : 2204896.00
  }, {
    "date" : "2025-03-19",
    "price" : 38.36,
    "dma50" : 45.42,
    "dma100" : null,
    "dma200" : 54.15,
    "volume" : 1882815.00
  }, {
    "date" : "2025-03-20",
    "price" : 38.32,
    "dma50" : 45.14,
    "dma100" : null,
    "dma200" : 53.99,
    "volume" : 1795842.00
  }, {
    "date" : "2025-03-21",
    "price" : 39.35,
    "dma50" : 44.91,
    "dma100" : null,
    "dma200" : 53.85,
    "volume" : 1218610.00
  }, {
    "date" : "2025-03-24",
    "price" : 39.32,
    "dma50" : 44.69,
    "dma100" : null,
    "dma200" : 53.70,
    "volume" : 1338102.00
  }, {
    "date" : "2025-03-25",
    "price" : 37.75,
    "dma50" : 44.42,
    "dma100" : null,
    "dma200" : 53.54,
    "volume" : 1870333.00
  }, {
    "date" : "2025-03-26",
    "price" : 37.03,
    "dma50" : 44.13,
    "dma100" : null,
    "dma200" : 53.38,
    "volume" : 4625039.00
  }, {
    "date" : "2025-03-27",
    "price" : 37.42,
    "dma50" : 43.87,
    "dma100" : null,
    "dma200" : 53.22,
    "volume" : 3325124.00
  }, {
    "date" : "2025-03-28",
    "price" : 37.73,
    "dma50" : 43.63,
    "dma100" : null,
    "dma200" : 53.07,
    "volume" : 2747539.00
  }, {
    "date" : "2025-04-01",
    "price" : 37.65,
    "dma50" : 43.39,
    "dma100" : null,
    "dma200" : 52.91,
    "volume" : 1004490.00
  }, {
    "date" : "2025-04-02",
    "price" : 38.12,
    "dma50" : 43.19,
    "dma100" : null,
    "dma200" : 52.77,
    "volume" : 670188.00
  }, {
    "date" : "2025-04-03",
    "price" : 39.11,
    "dma50" : 43.03,
    "dma100" : null,
    "dma200" : 52.63,
    "volume" : 1310692.00
  }, {
    "date" : "2025-04-04",
    "price" : 37.48,
    "dma50" : 42.81,
    "dma100" : null,
    "dma200" : 52.48,
    "volume" : 1089336.00
  }, {
    "date" : "2025-04-07",
    "price" : 35.54,
    "dma50" : 42.52,
    "dma100" : null,
    "dma200" : 52.31,
    "volume" : 1690157.00
  }, {
    "date" : "2025-04-08",
    "price" : 37.32,
    "dma50" : 42.32,
    "dma100" : null,
    "dma200" : 52.16,
    "volume" : 763361.00
  }, {
    "date" : "2025-04-09",
    "price" : 36.60,
    "dma50" : 42.09,
    "dma100" : null,
    "dma200" : 52.01,
    "volume" : 372481.00
  }, {
    "date" : "2025-04-11",
    "price" : 37.18,
    "dma50" : 41.90,
    "dma100" : null,
    "dma200" : 51.86,
    "volume" : 606464.00
  }, {
    "date" : "2025-04-15",
    "price" : 40.20,
    "dma50" : 41.84,
    "dma100" : null,
    "dma200" : 51.74,
    "volume" : 1875829.00
  }, {
    "date" : "2025-04-16",
    "price" : 43.35,
    "dma50" : 41.89,
    "dma100" : null,
    "dma200" : 51.66,
    "volume" : 1943574.00
  }, {
    "date" : "2025-04-17",
    "price" : 43.17,
    "dma50" : 41.94,
    "dma100" : null,
    "dma200" : 51.57,
    "volume" : 1143427.00
  }, {
    "date" : "2025-04-21",
    "price" : 43.87,
    "dma50" : 42.02,
    "dma100" : null,
    "dma200" : 51.50,
    "volume" : 1490277.00
  }, {
    "date" : "2025-04-22",
    "price" : 47.43,
    "dma50" : 42.23,
    "dma100" : null,
    "dma200" : 51.46,
    "volume" : 2830368.00
  }, {
    "date" : "2025-04-23",
    "price" : 46.84,
    "dma50" : 42.41,
    "dma100" : null,
    "dma200" : 51.41,
    "volume" : 3982939.00
  }, {
    "date" : "2025-04-24",
    "price" : 45.22,
    "dma50" : 42.52,
    "dma100" : null,
    "dma200" : 51.35,
    "volume" : 3321227.00
  }, {
    "date" : "2025-04-25",
    "price" : 43.11,
    "dma50" : 42.55,
    "dma100" : null,
    "dma200" : 51.27,
    "volume" : 2421916.00
  }, {
    "date" : "2025-04-28",
    "price" : 43.92,
    "dma50" : 42.60,
    "dma100" : null,
    "dma200" : 51.20,
    "volume" : 1290010.00
  }, {
    "date" : "2025-04-29",
    "price" : 43.55,
    "dma50" : 42.64,
    "dma100" : null,
    "dma200" : 51.12,
    "volume" : 734753.00
  }, {
    "date" : "2025-04-30",
    "price" : 42.57,
    "dma50" : 42.63,
    "dma100" : null,
    "dma200" : 51.03,
    "volume" : 576100.00
  }, {
    "date" : "2025-05-02",
    "price" : 42.98,
    "dma50" : 42.65,
    "dma100" : null,
    "dma200" : 50.95,
    "volume" : 657296.00
  }, {
    "date" : "2025-05-05",
    "price" : 43.60,
    "dma50" : 42.69,
    "dma100" : null,
    "dma200" : 50.88,
    "volume" : 381029.00
  }, {
    "date" : "2025-05-06",
    "price" : 41.64,
    "dma50" : 42.64,
    "dma100" : null,
    "dma200" : 50.79,
    "volume" : 918666.00
  }, {
    "date" : "2025-05-07",
    "price" : 43.31,
    "dma50" : 42.67,
    "dma100" : null,
    "dma200" : 50.71,
    "volume" : 1091261.00
  }, {
    "date" : "2025-05-08",
    "price" : 43.25,
    "dma50" : 42.69,
    "dma100" : null,
    "dma200" : 50.64,
    "volume" : 2003135.00
  }, {
    "date" : "2025-05-09",
    "price" : 43.01,
    "dma50" : 42.71,
    "dma100" : null,
    "dma200" : 50.56,
    "volume" : 934876.00
  }, {
    "date" : "2025-05-12",
    "price" : 45.67,
    "dma50" : 42.82,
    "dma100" : null,
    "dma200" : 50.52,
    "volume" : 1319513.00
  }, {
    "date" : "2025-05-13",
    "price" : 46.67,
    "dma50" : 42.97,
    "dma100" : null,
    "dma200" : 50.48,
    "volume" : 2241333.00
  }, {
    "date" : "2025-05-14",
    "price" : 48.37,
    "dma50" : 43.18,
    "dma100" : null,
    "dma200" : 50.46,
    "volume" : 1861114.00
  }, {
    "date" : "2025-05-15",
    "price" : 48.26,
    "dma50" : 43.38,
    "dma100" : null,
    "dma200" : 50.43,
    "volume" : 1015487.00
  }, {
    "date" : "2025-05-16",
    "price" : 48.09,
    "dma50" : 43.57,
    "dma100" : null,
    "dma200" : 50.41,
    "volume" : 746508.00
  }, {
    "date" : "2025-05-19",
    "price" : 47.90,
    "dma50" : 43.74,
    "dma100" : null,
    "dma200" : 50.39,
    "volume" : 1531073.00
  }, {
    "date" : "2025-05-20",
    "price" : 48.61,
    "dma50" : 43.93,
    "dma100" : null,
    "dma200" : 50.37,
    "volume" : 1897692.00
  }, {
    "date" : "2025-05-21",
    "price" : 49.37,
    "dma50" : 44.14,
    "dma100" : null,
    "dma200" : 50.36,
    "volume" : 2254322.00
  }, {
    "date" : "2025-05-22",
    "price" : 48.36,
    "dma50" : 44.31,
    "dma100" : null,
    "dma200" : 50.34,
    "volume" : 657297.00
  }, {
    "date" : "2025-05-23",
    "price" : 48.93,
    "dma50" : 44.49,
    "dma100" : null,
    "dma200" : 50.32,
    "volume" : 819234.00
  }, {
    "date" : "2025-05-26",
    "price" : 49.46,
    "dma50" : 44.68,
    "dma100" : null,
    "dma200" : 50.32,
    "volume" : 542669.00
  }, {
    "date" : "2025-05-27",
    "price" : 50.00,
    "dma50" : 44.89,
    "dma100" : null,
    "dma200" : 50.31,
    "volume" : 1233068.00
  }, {
    "date" : "2025-05-28",
    "price" : 51.38,
    "dma50" : 45.15,
    "dma100" : 45.34,
    "dma200" : 50.32,
    "volume" : 1889761.00
  }, {
    "date" : "2025-05-29",
    "price" : 56.59,
    "dma50" : 45.60,
    "dma100" : 45.29,
    "dma200" : 50.39,
    "volume" : 12386059.00
  }, {
    "date" : "2025-05-30",
    "price" : 57.42,
    "dma50" : 46.06,
    "dma100" : 45.24,
    "dma200" : 50.46,
    "volume" : 6841871.00
  }, {
    "date" : "2025-06-02",
    "price" : 57.48,
    "dma50" : 46.51,
    "dma100" : 45.19,
    "dma200" : 50.53,
    "volume" : 1573868.00
  }, {
    "date" : "2025-06-03",
    "price" : 57.83,
    "dma50" : 46.95,
    "dma100" : 45.19,
    "dma200" : 50.60,
    "volume" : 1567501.00
  }, {
    "date" : "2025-06-04",
    "price" : 57.83,
    "dma50" : 47.38,
    "dma100" : 45.17,
    "dma200" : 50.67,
    "volume" : 1449289.00
  }, {
    "date" : "2025-06-05",
    "price" : 57.68,
    "dma50" : 47.78,
    "dma100" : 45.15,
    "dma200" : 50.74,
    "volume" : 3316100.00
  }, {
    "date" : "2025-06-06",
    "price" : 56.46,
    "dma50" : 48.12,
    "dma100" : 45.14,
    "dma200" : 50.80,
    "volume" : 1016327.00
  }, {
    "date" : "2025-06-09",
    "price" : 55.91,
    "dma50" : 48.43,
    "dma100" : 45.14,
    "dma200" : 50.85,
    "volume" : 1116991.00
  }, {
    "date" : "2025-06-10",
    "price" : 56.43,
    "dma50" : 48.74,
    "dma100" : 45.18,
    "dma200" : 50.90,
    "volume" : 811403.00
  }, {
    "date" : "2025-06-11",
    "price" : 56.93,
    "dma50" : 49.06,
    "dma100" : 45.21,
    "dma200" : 50.96,
    "volume" : 1687092.00
  }, {
    "date" : "2025-06-12",
    "price" : 55.32,
    "dma50" : 49.31,
    "dma100" : 45.23,
    "dma200" : 51.01,
    "volume" : 1001814.00
  }, {
    "date" : "2025-06-13",
    "price" : 54.15,
    "dma50" : 49.50,
    "dma100" : 45.23,
    "dma200" : 51.04,
    "volume" : 1032055.00
  }, {
    "date" : "2025-06-16",
    "price" : 54.20,
    "dma50" : 49.68,
    "dma100" : 45.24,
    "dma200" : 51.07,
    "volume" : 775816.00
  }, {
    "date" : "2025-06-17",
    "price" : 52.73,
    "dma50" : 49.80,
    "dma100" : 45.22,
    "dma200" : 51.09,
    "volume" : 521141.00
  }, {
    "date" : "2025-06-18",
    "price" : 52.42,
    "dma50" : 49.90,
    "dma100" : 45.23,
    "dma200" : 51.10,
    "volume" : 755674.00
  }, {
    "date" : "2025-06-19",
    "price" : 50.53,
    "dma50" : 49.93,
    "dma100" : 45.22,
    "dma200" : 51.09,
    "volume" : 943276.00
  }, {
    "date" : "2025-06-20",
    "price" : 52.70,
    "dma50" : 50.04,
    "dma100" : 45.24,
    "dma200" : 51.11,
    "volume" : 1180024.00
  }, {
    "date" : "2025-06-23",
    "price" : 52.61,
    "dma50" : 50.14,
    "dma100" : 45.26,
    "dma200" : 51.12,
    "volume" : 846185.00
  }, {
    "date" : "2025-06-24",
    "price" : 55.94,
    "dma50" : 50.37,
    "dma100" : 45.34,
    "dma200" : 51.17,
    "volume" : 3923390.00
  }, {
    "date" : "2025-06-25",
    "price" : 56.39,
    "dma50" : 50.60,
    "dma100" : 45.44,
    "dma200" : 51.22,
    "volume" : 1028739.00
  }, {
    "date" : "2025-06-26",
    "price" : 55.39,
    "dma50" : 50.79,
    "dma100" : 45.50,
    "dma200" : 51.27,
    "volume" : 616676.00
  }, {
    "date" : "2025-06-27",
    "price" : 54.51,
    "dma50" : 50.94,
    "dma100" : 45.57,
    "dma200" : 51.30,
    "volume" : 708610.00
  }, {
    "date" : "2025-06-30",
    "price" : 55.21,
    "dma50" : 51.10,
    "dma100" : 45.63,
    "dma200" : 51.34,
    "volume" : 540721.00
  }, {
    "date" : "2025-07-01",
    "price" : 61.51,
    "dma50" : 51.51,
    "dma100" : 45.73,
    "dma200" : 51.44,
    "volume" : 12303844.00
  }, {
    "date" : "2025-07-02",
    "price" : 59.50,
    "dma50" : 51.82,
    "dma100" : 45.84,
    "dma200" : 51.52,
    "volume" : 7647903.00
  }, {
    "date" : "2025-07-03",
    "price" : 59.65,
    "dma50" : 52.13,
    "dma100" : 45.94,
    "dma200" : 51.60,
    "volume" : 1987231.00
  }, {
    "date" : "2025-07-04",
    "price" : 58.66,
    "dma50" : 52.39,
    "dma100" : 46.03,
    "dma200" : 51.67,
    "volume" : 1856326.00
  }, {
    "date" : "2025-07-07",
    "price" : 59.75,
    "dma50" : 52.68,
    "dma100" : 46.14,
    "dma200" : 51.75,
    "volume" : 6758011.00
  }, {
    "date" : "2025-07-08",
    "price" : 60.57,
    "dma50" : 52.99,
    "dma100" : 46.27,
    "dma200" : 51.84,
    "volume" : 2186783.00
  }, {
    "date" : "2025-07-09",
    "price" : 62.38,
    "dma50" : 53.35,
    "dma100" : 46.43,
    "dma200" : 51.94,
    "volume" : 3154570.00
  }, {
    "date" : "2025-07-10",
    "price" : 60.60,
    "dma50" : 53.64,
    "dma100" : 46.59,
    "dma200" : 52.03,
    "volume" : 1395549.00
  }, {
    "date" : "2025-07-11",
    "price" : 59.36,
    "dma50" : 53.86,
    "dma100" : 46.74,
    "dma200" : 52.10,
    "volume" : 1043639.00
  }, {
    "date" : "2025-07-14",
    "price" : 58.88,
    "dma50" : 54.06,
    "dma100" : 46.89,
    "dma200" : 52.17,
    "volume" : 740467.00
  }, {
    "date" : "2025-07-15",
    "price" : 59.09,
    "dma50" : 54.26,
    "dma100" : 47.06,
    "dma200" : 52.24,
    "volume" : 709527.00
  }, {
    "date" : "2025-07-16",
    "price" : 58.53,
    "dma50" : 54.42,
    "dma100" : 47.22,
    "dma200" : 52.30,
    "volume" : 804493.00
  }, {
    "date" : "2025-07-17",
    "price" : 58.63,
    "dma50" : 54.59,
    "dma100" : 47.40,
    "dma200" : 52.36,
    "volume" : 1173708.00
  }, {
    "date" : "2025-07-18",
    "price" : 58.84,
    "dma50" : 54.76,
    "dma100" : 47.55,
    "dma200" : 52.43,
    "volume" : 1159543.00
  }, {
    "date" : "2025-07-21",
    "price" : 58.39,
    "dma50" : 54.90,
    "dma100" : 47.69,
    "dma200" : 52.49,
    "volume" : 947813.00
  }, {
    "date" : "2025-07-22",
    "price" : 59.31,
    "dma50" : 55.07,
    "dma100" : 47.86,
    "dma200" : 52.56,
    "volume" : 3425118.00
  }, {
    "date" : "2025-07-23",
    "price" : 58.38,
    "dma50" : 55.20,
    "dma100" : 48.03,
    "dma200" : 52.61,
    "volume" : 1511204.00
  }, {
    "date" : "2025-07-24",
    "price" : 57.75,
    "dma50" : 55.30,
    "dma100" : 48.19,
    "dma200" : 52.66,
    "volume" : 1633522.00
  }, {
    "date" : "2025-07-25",
    "price" : 59.39,
    "dma50" : 55.46,
    "dma100" : 48.39,
    "dma200" : 52.73,
    "volume" : 26428306.00
  }, {
    "date" : "2025-07-28",
    "price" : 58.15,
    "dma50" : 55.57,
    "dma100" : 48.57,
    "dma200" : 52.79,
    "volume" : 3614224.00
  }, {
    "date" : "2025-07-29",
    "price" : 57.96,
    "dma50" : 55.66,
    "dma100" : 48.77,
    "dma200" : 52.84,
    "volume" : 2281238.00
  }, {
    "date" : "2025-07-30",
    "price" : 58.20,
    "dma50" : 55.76,
    "dma100" : 48.97,
    "dma200" : 52.89,
    "volume" : 1560792.00
  }, {
    "date" : "2025-07-31",
    "price" : 55.38,
    "dma50" : 55.75,
    "dma100" : 49.12,
    "dma200" : 52.91,
    "volume" : 3109814.00
  }, {
    "date" : "2025-08-01",
    "price" : 55.36,
    "dma50" : 55.73,
    "dma100" : 49.26,
    "dma200" : 52.94,
    "volume" : 1790770.00
  }, {
    "date" : "2025-08-04",
    "price" : 55.88,
    "dma50" : 55.74,
    "dma100" : 49.41,
    "dma200" : 52.97,
    "volume" : 1652515.00
  }, {
    "date" : "2025-08-05",
    "price" : 54.66,
    "dma50" : 55.69,
    "dma100" : 49.57,
    "dma200" : 52.99,
    "volume" : 1435317.00
  }, {
    "date" : "2025-08-06",
    "price" : 54.30,
    "dma50" : 55.64,
    "dma100" : 49.74,
    "dma200" : 53.00,
    "volume" : 1518572.00
  }, {
    "date" : "2025-08-07",
    "price" : 53.28,
    "dma50" : 55.55,
    "dma100" : 49.91,
    "dma200" : 53.00,
    "volume" : 1854433.00
  }, {
    "date" : "2025-08-08",
    "price" : 52.95,
    "dma50" : 55.45,
    "dma100" : 50.07,
    "dma200" : 53.00,
    "volume" : 1457233.00
  }, {
    "date" : "2025-08-11",
    "price" : 53.36,
    "dma50" : 55.36,
    "dma100" : 50.25,
    "dma200" : 53.00,
    "volume" : 760158.00
  }, {
    "date" : "2025-08-12",
    "price" : 53.14,
    "dma50" : 55.28,
    "dma100" : 50.41,
    "dma200" : 53.01,
    "volume" : 468600.00
  }, {
    "date" : "2025-08-13",
    "price" : 52.94,
    "dma50" : 55.18,
    "dma100" : 50.55,
    "dma200" : 53.00,
    "volume" : 758632.00
  }, {
    "date" : "2025-08-14",
    "price" : 52.16,
    "dma50" : 55.07,
    "dma100" : 50.69,
    "dma200" : 53.00,
    "volume" : 357693.00
  }, {
    "date" : "2025-08-18",
    "price" : 52.25,
    "dma50" : 54.96,
    "dma100" : 50.82,
    "dma200" : 52.99,
    "volume" : 461317.00
  }, {
    "date" : "2025-08-19",
    "price" : 53.73,
    "dma50" : 54.91,
    "dma100" : 50.97,
    "dma200" : 53.00,
    "volume" : 786801.00
  }, {
    "date" : "2025-08-20",
    "price" : 54.58,
    "dma50" : 54.89,
    "dma100" : 51.13,
    "dma200" : 53.01,
    "volume" : 1031134.00
  }, {
    "date" : "2025-08-21",
    "price" : 53.70,
    "dma50" : 54.85,
    "dma100" : 51.30,
    "dma200" : 53.02,
    "volume" : 799846.00
  }, {
    "date" : "2025-08-22",
    "price" : 53.17,
    "dma50" : 54.78,
    "dma100" : 51.46,
    "dma200" : 53.02,
    "volume" : 507753.00
  }, {
    "date" : "2025-08-25",
    "price" : 53.15,
    "dma50" : 54.72,
    "dma100" : 51.61,
    "dma200" : 53.02,
    "volume" : 524269.00
  }, {
    "date" : "2025-08-26",
    "price" : 52.11,
    "dma50" : 54.62,
    "dma100" : 51.76,
    "dma200" : 53.01,
    "volume" : 659837.00
  }, {
    "date" : "2025-08-28",
    "price" : 52.15,
    "dma50" : 54.52,
    "dma100" : 51.90,
    "dma200" : 53.00,
    "volume" : 760996.00
  }, {
    "date" : "2025-08-29",
    "price" : 51.82,
    "dma50" : 54.41,
    "dma100" : 52.02,
    "dma200" : 52.99,
    "volume" : 698097.00
  }, {
    "date" : "2025-09-01",
    "price" : 52.77,
    "dma50" : 54.35,
    "dma100" : 52.18,
    "dma200" : 52.99,
    "volume" : 753512.00
  }, {
    "date" : "2025-09-02",
    "price" : 53.36,
    "dma50" : 54.31,
    "dma100" : 52.36,
    "dma200" : 52.99,
    "volume" : 937822.00
  }, {
    "date" : "2025-09-03",
    "price" : 54.03,
    "dma50" : 54.30,
    "dma100" : 52.52,
    "dma200" : 53.00,
    "volume" : 1622625.00
  }, {
    "date" : "2025-09-04",
    "price" : 55.75,
    "dma50" : 54.36,
    "dma100" : 52.71,
    "dma200" : 53.03,
    "volume" : 2024254.00
  }, {
    "date" : "2025-09-05",
    "price" : 55.24,
    "dma50" : 54.39,
    "dma100" : 52.89,
    "dma200" : 53.05,
    "volume" : 1077161.00
  }, {
    "date" : "2025-09-08",
    "price" : 55.88,
    "dma50" : 54.45,
    "dma100" : 53.05,
    "dma200" : 53.08,
    "volume" : 1555944.00
  }, {
    "date" : "2025-09-09",
    "price" : 55.54,
    "dma50" : 54.49,
    "dma100" : 53.17,
    "dma200" : 53.11,
    "volume" : 745526.00
  }, {
    "date" : "2025-09-10",
    "price" : 55.82,
    "dma50" : 54.54,
    "dma100" : 53.30,
    "dma200" : 53.13,
    "volume" : 942216.00
  }, {
    "date" : "2025-09-11",
    "price" : 56.58,
    "dma50" : 54.62,
    "dma100" : 53.43,
    "dma200" : 53.17,
    "volume" : 1167752.00
  }, {
    "date" : "2025-09-12",
    "price" : 55.84,
    "dma50" : 54.67,
    "dma100" : 53.51,
    "dma200" : 53.19,
    "volume" : 495959.00
  }, {
    "date" : "2025-09-15",
    "price" : 56.23,
    "dma50" : 54.73,
    "dma100" : 53.60,
    "dma200" : 53.22,
    "volume" : 524645.00
  }, {
    "date" : "2025-09-16",
    "price" : 56.97,
    "dma50" : 54.82,
    "dma100" : 53.72,
    "dma200" : 53.26,
    "volume" : 1061899.00
  }, {
    "date" : "2025-09-17",
    "price" : 57.47,
    "dma50" : 54.92,
    "dma100" : 53.87,
    "dma200" : 53.30,
    "volume" : 1556589.00
  }, {
    "date" : "2025-09-18",
    "price" : 57.10,
    "dma50" : 55.01,
    "dma100" : 54.00,
    "dma200" : 53.34,
    "volume" : 648402.00
  }, {
    "date" : "2025-09-19",
    "price" : 56.94,
    "dma50" : 55.09,
    "dma100" : 54.13,
    "dma200" : 53.38,
    "volume" : 782171.00
  }, {
    "date" : "2025-09-22",
    "price" : 55.84,
    "dma50" : 55.11,
    "dma100" : 54.26,
    "dma200" : 53.40,
    "volume" : 583282.00
  }, {
    "date" : "2025-09-23",
    "price" : 54.24,
    "dma50" : 55.08,
    "dma100" : 54.38,
    "dma200" : 53.41,
    "volume" : 673685.00
  }, {
    "date" : "2025-09-24",
    "price" : 54.11,
    "dma50" : 55.04,
    "dma100" : 54.48,
    "dma200" : 53.42,
    "volume" : 666052.00
  }, {
    "date" : "2025-09-25",
    "price" : 53.40,
    "dma50" : 54.98,
    "dma100" : 54.60,
    "dma200" : 53.42,
    "volume" : 500420.00
  }, {
    "date" : "2025-09-26",
    "price" : 51.65,
    "dma50" : 54.85,
    "dma100" : 54.68,
    "dma200" : 53.40,
    "volume" : 518418.00
  }, {
    "date" : "2025-09-29",
    "price" : 51.53,
    "dma50" : 54.72,
    "dma100" : 54.77,
    "dma200" : 53.38,
    "volume" : 599965.00
  }, {
    "date" : "2025-09-30",
    "price" : 51.11,
    "dma50" : 54.58,
    "dma100" : 54.85,
    "dma200" : 53.36,
    "volume" : 421856.00
  }, {
    "date" : "2025-10-01",
    "price" : 51.50,
    "dma50" : 54.46,
    "dma100" : 54.91,
    "dma200" : 53.34,
    "volume" : 315734.00
  }, {
    "date" : "2025-10-03",
    "price" : 51.87,
    "dma50" : 54.35,
    "dma100" : 54.96,
    "dma200" : 53.32,
    "volume" : 681962.00
  }, {
    "date" : "2025-10-06",
    "price" : 50.71,
    "dma50" : 54.21,
    "dma100" : 54.98,
    "dma200" : 53.30,
    "volume" : 528849.00
  }, {
    "date" : "2025-10-07",
    "price" : 49.74,
    "dma50" : 54.04,
    "dma100" : 55.00,
    "dma200" : 53.26,
    "volume" : 922806.00
  }, {
    "date" : "2025-10-08",
    "price" : 52.12,
    "dma50" : 53.96,
    "dma100" : 55.04,
    "dma200" : 53.25,
    "volume" : 6526871.00
  }, {
    "date" : "2025-10-09",
    "price" : 51.48,
    "dma50" : 53.86,
    "dma100" : 55.07,
    "dma200" : 53.23,
    "volume" : 1368755.00
  }, {
    "date" : "2025-10-10",
    "price" : 54.08,
    "dma50" : 53.87,
    "dma100" : 55.13,
    "dma200" : 53.24,
    "volume" : 2345883.00
  }, {
    "date" : "2025-10-13",
    "price" : 53.95,
    "dma50" : 53.87,
    "dma100" : 55.17,
    "dma200" : 53.25,
    "volume" : 757581.00
  }, {
    "date" : "2025-10-14",
    "price" : 53.67,
    "dma50" : 53.87,
    "dma100" : 55.22,
    "dma200" : 53.25,
    "volume" : 762614.00
  }, {
    "date" : "2025-10-15",
    "price" : 57.12,
    "dma50" : 53.99,
    "dma100" : 55.31,
    "dma200" : 53.29,
    "volume" : 8213890.00
  }, {
    "date" : "2025-10-16",
    "price" : 56.23,
    "dma50" : 54.08,
    "dma100" : 55.37,
    "dma200" : 53.32,
    "volume" : 958679.00
  }, {
    "date" : "2025-10-17",
    "price" : 55.32,
    "dma50" : 54.13,
    "dma100" : 55.43,
    "dma200" : 53.34,
    "volume" : 1129444.00
  }, {
    "date" : "2025-10-20",
    "price" : 56.46,
    "dma50" : 54.22,
    "dma100" : 55.48,
    "dma200" : 53.37,
    "volume" : 870693.00
  }, {
    "date" : "2025-10-21",
    "price" : 56.16,
    "dma50" : 54.30,
    "dma100" : 55.47,
    "dma200" : 53.40,
    "volume" : 232096.00
  }, {
    "date" : "2025-10-23",
    "price" : 55.78,
    "dma50" : 54.36,
    "dma100" : 55.46,
    "dma200" : 53.42,
    "volume" : 1349811.00
  }, {
    "date" : "2025-10-24",
    "price" : 58.40,
    "dma50" : 54.51,
    "dma100" : 55.47,
    "dma200" : 53.47,
    "volume" : 3403568.00
  }, {
    "date" : "2025-10-27",
    "price" : 59.78,
    "dma50" : 54.72,
    "dma100" : 55.49,
    "dma200" : 53.54,
    "volume" : 2866608.00
  }, {
    "date" : "2025-10-28",
    "price" : 61.41,
    "dma50" : 54.98,
    "dma100" : 55.52,
    "dma200" : 53.61,
    "volume" : 5002778.00
  }, {
    "date" : "2025-10-29",
    "price" : 64.40,
    "dma50" : 55.35,
    "dma100" : 55.59,
    "dma200" : 53.72,
    "volume" : 4519067.00
  }, {
    "date" : "2025-10-30",
    "price" : 62.57,
    "dma50" : 55.64,
    "dma100" : 55.65,
    "dma200" : 53.81,
    "volume" : 2272076.00
  }, {
    "date" : "2025-10-31",
    "price" : 63.41,
    "dma50" : 55.94,
    "dma100" : 55.73,
    "dma200" : 53.91,
    "volume" : 2610409.00
  }, {
    "date" : "2025-11-03",
    "price" : 64.87,
    "dma50" : 56.29,
    "dma100" : 55.81,
    "dma200" : 54.01,
    "volume" : 2318701.00
  }, {
    "date" : "2025-11-04",
    "price" : 64.38,
    "dma50" : 56.61,
    "dma100" : 55.88,
    "dma200" : 54.12,
    "volume" : 2949321.00
  }, {
    "date" : "2025-11-06",
    "price" : 59.88,
    "dma50" : 56.74,
    "dma100" : 55.93,
    "dma200" : 54.17,
    "volume" : 4036964.00
  }, {
    "date" : "2025-11-07",
    "price" : 60.68,
    "dma50" : 56.89,
    "dma100" : 56.00,
    "dma200" : 54.24,
    "volume" : 1613042.00
  }, {
    "date" : "2025-11-10",
    "price" : 58.53,
    "dma50" : 56.96,
    "dma100" : 56.04,
    "dma200" : 54.28,
    "volume" : 1212950.00
  }, {
    "date" : "2025-11-11",
    "price" : 57.86,
    "dma50" : 56.99,
    "dma100" : 56.09,
    "dma200" : 54.32,
    "volume" : 793164.00
  }, {
    "date" : "2025-11-12",
    "price" : 58.02,
    "dma50" : 57.03,
    "dma100" : 56.15,
    "dma200" : 54.35,
    "volume" : 892237.00
  }, {
    "date" : "2025-11-13",
    "price" : 56.73,
    "dma50" : 57.02,
    "dma100" : 56.21,
    "dma200" : 54.38,
    "volume" : 5437258.00
  }, {
    "date" : "2025-11-14",
    "price" : 56.06,
    "dma50" : 56.98,
    "dma100" : 56.24,
    "dma200" : 54.40,
    "volume" : 1121532.00
  }, {
    "date" : "2025-11-17",
    "price" : 55.41,
    "dma50" : 56.92,
    "dma100" : 56.27,
    "dma200" : 54.41,
    "volume" : 942974.00
  }, {
    "date" : "2025-11-18",
    "price" : 54.07,
    "dma50" : 56.81,
    "dma100" : 56.25,
    "dma200" : 54.40,
    "volume" : 840117.00
  }, {
    "date" : "2025-11-19",
    "price" : 54.03,
    "dma50" : 56.70,
    "dma100" : 56.23,
    "dma200" : 54.40,
    "volume" : 1146196.00
  }, {
    "date" : "2025-11-20",
    "price" : 54.44,
    "dma50" : 56.61,
    "dma100" : 56.22,
    "dma200" : 54.40,
    "volume" : 699449.00
  }, {
    "date" : "2025-11-21",
    "price" : 54.03,
    "dma50" : 56.51,
    "dma100" : 56.21,
    "dma200" : 54.39,
    "volume" : 772138.00
  }, {
    "date" : "2025-11-24",
    "price" : 54.22,
    "dma50" : 56.42,
    "dma100" : 56.20,
    "dma200" : 54.39,
    "volume" : 1174772.00
  }, {
    "date" : "2025-11-25",
    "price" : 53.14,
    "dma50" : 56.29,
    "dma100" : 56.12,
    "dma200" : 54.38,
    "volume" : 511652.00
  }, {
    "date" : "2025-11-26",
    "price" : 54.04,
    "dma50" : 56.20,
    "dma100" : 56.06,
    "dma200" : 54.38,
    "volume" : 474964.00
  }, {
    "date" : "2025-11-27",
    "price" : 53.81,
    "dma50" : 56.11,
    "dma100" : 56.01,
    "dma200" : 54.37,
    "volume" : 336716.00
  }, {
    "date" : "2025-11-28",
    "price" : 53.54,
    "dma50" : 56.01,
    "dma100" : 55.96,
    "dma200" : 54.36,
    "volume" : 595046.00
  }, {
    "date" : "2025-12-01",
    "price" : 51.60,
    "dma50" : 55.84,
    "dma100" : 55.87,
    "dma200" : 54.34,
    "volume" : 1062351.00
  }, {
    "date" : "2025-12-02",
    "price" : 51.14,
    "dma50" : 55.65,
    "dma100" : 55.78,
    "dma200" : 54.30,
    "volume" : 589310.00
  }, {
    "date" : "2025-12-03",
    "price" : 51.20,
    "dma50" : 55.48,
    "dma100" : 55.67,
    "dma200" : 54.27,
    "volume" : 547601.00
  }, {
    "date" : "2025-12-04",
    "price" : 50.34,
    "dma50" : 55.28,
    "dma100" : 55.57,
    "dma200" : 54.23,
    "volume" : 474814.00
  }, {
    "date" : "2025-12-05",
    "price" : 50.82,
    "dma50" : 55.10,
    "dma100" : 55.48,
    "dma200" : 54.20,
    "volume" : 712688.00
  }, {
    "date" : "2025-12-08",
    "price" : 49.82,
    "dma50" : 54.89,
    "dma100" : 55.39,
    "dma200" : 54.16,
    "volume" : 932331.00
  }, {
    "date" : "2025-12-09",
    "price" : 51.08,
    "dma50" : 54.74,
    "dma100" : 55.31,
    "dma200" : 54.13,
    "volume" : 1418601.00
  }, {
    "date" : "2025-12-10",
    "price" : 49.16,
    "dma50" : 54.52,
    "dma100" : 55.22,
    "dma200" : 54.08,
    "volume" : 2199511.00
  }, {
    "date" : "2025-12-11",
    "price" : 52.10,
    "dma50" : 54.43,
    "dma100" : 55.15,
    "dma200" : 54.06,
    "volume" : 1859129.00
  }, {
    "date" : "2025-12-12",
    "price" : 52.97,
    "dma50" : 54.37,
    "dma100" : 55.09,
    "dma200" : 54.05,
    "volume" : 4167332.00
  }, {
    "date" : "2025-12-15",
    "price" : 53.26,
    "dma50" : 54.33,
    "dma100" : 55.04,
    "dma200" : 54.04,
    "volume" : 640104.00
  }, {
    "date" : "2025-12-16",
    "price" : 52.56,
    "dma50" : 54.26,
    "dma100" : 54.97,
    "dma200" : 54.02,
    "volume" : 764040.00
  }, {
    "date" : "2025-12-17",
    "price" : 50.35,
    "dma50" : 54.11,
    "dma100" : 54.89,
    "dma200" : 53.99,
    "volume" : 3190672.00
  }, {
    "date" : "2025-12-18",
    "price" : 49.81,
    "dma50" : 53.94,
    "dma100" : 54.81,
    "dma200" : 53.95,
    "volume" : 857956.00
  }, {
    "date" : "2025-12-19",
    "price" : 50.87,
    "dma50" : 53.82,
    "dma100" : 54.73,
    "dma200" : 53.91,
    "volume" : 691900.00
  }, {
    "date" : "2025-12-22",
    "price" : 49.99,
    "dma50" : 53.67,
    "dma100" : 54.65,
    "dma200" : 53.88,
    "volume" : 1262508.00
  }, {
    "date" : "2025-12-23",
    "price" : 50.71,
    "dma50" : 53.55,
    "dma100" : 54.57,
    "dma200" : 53.84,
    "volume" : 1122476.00
  }, {
    "date" : "2025-12-24",
    "price" : 49.91,
    "dma50" : 53.41,
    "dma100" : 54.49,
    "dma200" : 53.81,
    "volume" : 772800.00
  }, {
    "date" : "2025-12-26",
    "price" : 49.02,
    "dma50" : 53.24,
    "dma100" : 54.43,
    "dma200" : 53.76,
    "volume" : 853745.00
  }, {
    "date" : "2025-12-29",
    "price" : 48.29,
    "dma50" : 53.04,
    "dma100" : 54.36,
    "dma200" : 53.70,
    "volume" : 867312.00
  }, {
    "date" : "2025-12-30",
    "price" : 48.30,
    "dma50" : 52.86,
    "dma100" : 54.28,
    "dma200" : 53.65,
    "volume" : 561921.00
  } ],
  "latestTechnicalAttributes" : {
    "date" : "2025-12-30",
    "price" : 48.30,
    "dma50" : 52.86,
    "dma100" : 54.28,
    "dma200" : 53.65,
    "volume" : 561921.00
  },
  "quarterlyResults" : [ {
    "date" : "2005-03-31",
    "sales" : 51.92,
    "salesGrowthYoY" : null,
    "grossProfitMargin" : 13.56,
    "grossProfit" : 7.04,
    "operatingProfitMargin" : 2.99,
    "operatingProfit" : 1.55,
    "netProfitMargin" : -1.64,
    "netProfit" : -0.85
  }, {
    "date" : "2005-06-30",
    "sales" : 74.66,
    "salesGrowthYoY" : null,
    "grossProfitMargin" : 9.30,
    "grossProfit" : 6.94,
    "operatingProfitMargin" : -0.39,
    "operatingProfit" : -0.29,
    "netProfitMargin" : -6.00,
    "netProfit" : -4.48
  }, {
    "date" : "2005-09-30",
    "sales" : 79.11,
    "salesGrowthYoY" : null,
    "grossProfitMargin" : 17.08,
    "grossProfit" : 13.51,
    "operatingProfitMargin" : 7.15,
    "operatingProfit" : 5.66,
    "netProfitMargin" : 1.42,
    "netProfit" : 1.12
  }, {
    "date" : "2005-12-31",
    "sales" : 69.72,
    "salesGrowthYoY" : null,
    "grossProfitMargin" : 11.46,
    "grossProfit" : 7.99,
    "operatingProfitMargin" : 0.95,
    "operatingProfit" : 0.66,
    "netProfitMargin" : -5.26,
    "netProfit" : -3.67
  }, {
    "date" : "2006-03-31",
    "sales" : 62.58,
    "salesGrowthYoY" : 20.53,
    "grossProfitMargin" : 15.32,
    "grossProfit" : 9.59,
    "operatingProfitMargin" : 4.81,
    "operatingProfit" : 3.01,
    "netProfitMargin" : -3.56,
    "netProfit" : -2.23
  }, {
    "date" : "2006-06-30",
    "sales" : 83.83,
    "salesGrowthYoY" : 12.28,
    "grossProfitMargin" : 10.93,
    "grossProfit" : 9.16,
    "operatingProfitMargin" : 1.69,
    "operatingProfit" : 1.42,
    "netProfitMargin" : -3.45,
    "netProfit" : -2.89
  }, {
    "date" : "2006-09-30",
    "sales" : 72.16,
    "salesGrowthYoY" : -8.79,
    "grossProfitMargin" : 13.35,
    "grossProfit" : 9.63,
    "operatingProfitMargin" : 2.90,
    "operatingProfit" : 2.09,
    "netProfitMargin" : -3.53,
    "netProfit" : -2.55
  }, {
    "date" : "2006-12-31",
    "sales" : 66.59,
    "salesGrowthYoY" : -4.49,
    "grossProfitMargin" : 10.38,
    "grossProfit" : 6.91,
    "operatingProfitMargin" : 1.28,
    "operatingProfit" : 0.85,
    "netProfitMargin" : -4.55,
    "netProfit" : -3.03
  }, {
    "date" : "2007-03-31",
    "sales" : 76.23,
    "salesGrowthYoY" : 21.81,
    "grossProfitMargin" : 13.91,
    "grossProfit" : 10.60,
    "operatingProfitMargin" : 6.03,
    "operatingProfit" : 4.60,
    "netProfitMargin" : 5.97,
    "netProfit" : 4.55
  }, {
    "date" : "2007-06-30",
    "sales" : 79.29,
    "salesGrowthYoY" : -5.42,
    "grossProfitMargin" : 14.54,
    "grossProfit" : 11.53,
    "operatingProfitMargin" : 5.95,
    "operatingProfit" : 4.72,
    "netProfitMargin" : 1.59,
    "netProfit" : 1.26
  }, {
    "date" : "2007-09-30",
    "sales" : 86.33,
    "salesGrowthYoY" : 19.64,
    "grossProfitMargin" : 17.05,
    "grossProfit" : 14.72,
    "operatingProfitMargin" : 8.34,
    "operatingProfit" : 7.20,
    "netProfitMargin" : 3.93,
    "netProfit" : 3.39
  }, {
    "date" : "2007-12-31",
    "sales" : 90.27,
    "salesGrowthYoY" : 35.56,
    "grossProfitMargin" : 15.96,
    "grossProfit" : 14.41,
    "operatingProfitMargin" : 8.37,
    "operatingProfit" : 7.56,
    "netProfitMargin" : 3.90,
    "netProfit" : 3.52
  }, {
    "date" : "2008-03-31",
    "sales" : 89.60,
    "salesGrowthYoY" : 17.54,
    "grossProfitMargin" : 15.89,
    "grossProfit" : 14.24,
    "operatingProfitMargin" : 7.43,
    "operatingProfit" : 6.66,
    "netProfitMargin" : 2.58,
    "netProfit" : 2.31
  }, {
    "date" : "2008-06-30",
    "sales" : 88.76,
    "salesGrowthYoY" : 11.94,
    "grossProfitMargin" : 15.46,
    "grossProfit" : 13.72,
    "operatingProfitMargin" : 6.58,
    "operatingProfit" : 5.84,
    "netProfitMargin" : 2.68,
    "netProfit" : 2.38
  }, {
    "date" : "2008-09-30",
    "sales" : 81.47,
    "salesGrowthYoY" : -5.63,
    "grossProfitMargin" : 16.23,
    "grossProfit" : 13.22,
    "operatingProfitMargin" : 5.18,
    "operatingProfit" : 4.22,
    "netProfitMargin" : 0.43,
    "netProfit" : 0.35
  }, {
    "date" : "2008-12-31",
    "sales" : 100.67,
    "salesGrowthYoY" : 11.52,
    "grossProfitMargin" : 18.95,
    "grossProfit" : 19.08,
    "operatingProfitMargin" : 7.91,
    "operatingProfit" : 7.96,
    "netProfitMargin" : 2.62,
    "netProfit" : 2.64
  }, {
    "date" : "2009-03-31",
    "sales" : 88.23,
    "salesGrowthYoY" : -1.53,
    "grossProfitMargin" : 24.73,
    "grossProfit" : 21.82,
    "operatingProfitMargin" : 9.93,
    "operatingProfit" : 8.76,
    "netProfitMargin" : 0.77,
    "netProfit" : 0.68
  }, {
    "date" : "2009-06-30",
    "sales" : 91.14,
    "salesGrowthYoY" : 2.68,
    "grossProfitMargin" : 23.83,
    "grossProfit" : 21.72,
    "operatingProfitMargin" : 11.39,
    "operatingProfit" : 10.38,
    "netProfitMargin" : 5.05,
    "netProfit" : 4.60
  }, {
    "date" : "2009-09-30",
    "sales" : 87.09,
    "salesGrowthYoY" : 6.90,
    "grossProfitMargin" : 23.34,
    "grossProfit" : 20.33,
    "operatingProfitMargin" : 11.01,
    "operatingProfit" : 9.59,
    "netProfitMargin" : 4.95,
    "netProfit" : 4.31
  }, {
    "date" : "2009-12-31",
    "sales" : 108.14,
    "salesGrowthYoY" : 7.42,
    "grossProfitMargin" : 18.65,
    "grossProfit" : 20.17,
    "operatingProfitMargin" : 8.62,
    "operatingProfit" : 9.32,
    "netProfitMargin" : 3.77,
    "netProfit" : 4.08
  }, {
    "date" : "2010-03-31",
    "sales" : 113.78,
    "salesGrowthYoY" : 28.96,
    "grossProfitMargin" : 17.66,
    "grossProfit" : 20.09,
    "operatingProfitMargin" : 8.32,
    "operatingProfit" : 9.47,
    "netProfitMargin" : 3.68,
    "netProfit" : 4.19
  }, {
    "date" : "2010-06-30",
    "sales" : 107.43,
    "salesGrowthYoY" : 17.87,
    "grossProfitMargin" : 17.94,
    "grossProfit" : 19.27,
    "operatingProfitMargin" : 8.51,
    "operatingProfit" : 9.14,
    "netProfitMargin" : 4.02,
    "netProfit" : 4.32
  }, {
    "date" : "2010-09-30",
    "sales" : 112.32,
    "salesGrowthYoY" : 28.97,
    "grossProfitMargin" : 18.68,
    "grossProfit" : 20.98,
    "operatingProfitMargin" : 9.78,
    "operatingProfit" : 10.98,
    "netProfitMargin" : 4.41,
    "netProfit" : 4.95
  }, {
    "date" : "2010-12-31",
    "sales" : 126.90,
    "salesGrowthYoY" : 17.35,
    "grossProfitMargin" : 17.86,
    "grossProfit" : 22.66,
    "operatingProfitMargin" : 9.15,
    "operatingProfit" : 11.61,
    "netProfitMargin" : 4.09,
    "netProfit" : 5.19
  }, {
    "date" : "2011-03-31",
    "sales" : 140.67,
    "salesGrowthYoY" : 23.63,
    "grossProfitMargin" : 15.50,
    "grossProfit" : 21.80,
    "operatingProfitMargin" : 7.75,
    "operatingProfit" : 10.90,
    "netProfitMargin" : 3.23,
    "netProfit" : 4.54
  }, {
    "date" : "2011-06-30",
    "sales" : 119.18,
    "salesGrowthYoY" : 10.94,
    "grossProfitMargin" : 18.01,
    "grossProfit" : 21.46,
    "operatingProfitMargin" : 8.28,
    "operatingProfit" : 9.87,
    "netProfitMargin" : 4.04,
    "netProfit" : 4.81
  }, {
    "date" : "2011-09-30",
    "sales" : 117.10,
    "salesGrowthYoY" : 4.26,
    "grossProfitMargin" : 19.12,
    "grossProfit" : 22.39,
    "operatingProfitMargin" : 8.53,
    "operatingProfit" : 9.99,
    "netProfitMargin" : 3.82,
    "netProfit" : 4.47
  }, {
    "date" : "2011-12-31",
    "sales" : 114.28,
    "salesGrowthYoY" : -9.94,
    "grossProfitMargin" : 16.35,
    "grossProfit" : 18.68,
    "operatingProfitMargin" : 5.59,
    "operatingProfit" : 6.39,
    "netProfitMargin" : 1.76,
    "netProfit" : 2.01
  }, {
    "date" : "2012-03-31",
    "sales" : 123.26,
    "salesGrowthYoY" : -12.38,
    "grossProfitMargin" : 19.81,
    "grossProfit" : 24.42,
    "operatingProfitMargin" : 5.45,
    "operatingProfit" : 6.72,
    "netProfitMargin" : 1.96,
    "netProfit" : 2.42
  }, {
    "date" : "2012-06-30",
    "sales" : 107.21,
    "salesGrowthYoY" : -10.04,
    "grossProfitMargin" : 17.44,
    "grossProfit" : 18.70,
    "operatingProfitMargin" : 4.79,
    "operatingProfit" : 5.14,
    "netProfitMargin" : -2.77,
    "netProfit" : -2.97
  }, {
    "date" : "2012-09-30",
    "sales" : 310.20,
    "salesGrowthYoY" : 164.90,
    "grossProfitMargin" : 13.89,
    "grossProfit" : 43.09,
    "operatingProfitMargin" : 5.63,
    "operatingProfit" : 17.46,
    "netProfitMargin" : 1.63,
    "netProfit" : 5.06
  }, {
    "date" : "2012-12-31",
    "sales" : 394.60,
    "salesGrowthYoY" : 245.29,
    "grossProfitMargin" : 10.15,
    "grossProfit" : 40.05,
    "operatingProfitMargin" : 2.26,
    "operatingProfit" : 8.92,
    "netProfitMargin" : -0.19,
    "netProfit" : -0.75
  }, {
    "date" : "2013-03-31",
    "sales" : 419.30,
    "salesGrowthYoY" : 240.18,
    "grossProfitMargin" : 10.33,
    "grossProfit" : 43.31,
    "operatingProfitMargin" : 3.08,
    "operatingProfit" : 12.91,
    "netProfitMargin" : 0.24,
    "netProfit" : 1.01
  }, {
    "date" : "2013-06-30",
    "sales" : 375.71,
    "salesGrowthYoY" : 250.44,
    "grossProfitMargin" : 10.79,
    "grossProfit" : 40.54,
    "operatingProfitMargin" : -0.94,
    "operatingProfit" : -3.53,
    "netProfitMargin" : -2.82,
    "netProfit" : -10.60
  }, {
    "date" : "2013-09-30",
    "sales" : 446.45,
    "salesGrowthYoY" : 43.92,
    "grossProfitMargin" : 15.19,
    "grossProfit" : 67.82,
    "operatingProfitMargin" : 3.35,
    "operatingProfit" : 14.96,
    "netProfitMargin" : 0.03,
    "netProfit" : 0.13
  }, {
    "date" : "2013-12-31",
    "sales" : 473.40,
    "salesGrowthYoY" : 19.97,
    "grossProfitMargin" : 8.13,
    "grossProfit" : 38.49,
    "operatingProfitMargin" : 1.77,
    "operatingProfit" : 8.38,
    "netProfitMargin" : -0.95,
    "netProfit" : -4.50
  }, {
    "date" : "2014-03-31",
    "sales" : 473.84,
    "salesGrowthYoY" : 13.01,
    "grossProfitMargin" : 10.27,
    "grossProfit" : 48.66,
    "operatingProfitMargin" : 4.72,
    "operatingProfit" : 22.37,
    "netProfitMargin" : 1.45,
    "netProfit" : 6.87
  }, {
    "date" : "2014-06-30",
    "sales" : 436.88,
    "salesGrowthYoY" : 16.28,
    "grossProfitMargin" : 11.66,
    "grossProfit" : 50.94,
    "operatingProfitMargin" : 4.70,
    "operatingProfit" : 20.53,
    "netProfitMargin" : 0.63,
    "netProfit" : 2.75
  }, {
    "date" : "2014-09-30",
    "sales" : 482.50,
    "salesGrowthYoY" : 8.07,
    "grossProfitMargin" : 12.84,
    "grossProfit" : 61.95,
    "operatingProfitMargin" : 4.43,
    "operatingProfit" : 21.37,
    "netProfitMargin" : 0.65,
    "netProfit" : 3.14
  }, {
    "date" : "2014-12-31",
    "sales" : 384.17,
    "salesGrowthYoY" : -18.85,
    "grossProfitMargin" : 13.82,
    "grossProfit" : 53.09,
    "operatingProfitMargin" : 4.44,
    "operatingProfit" : 17.06,
    "netProfitMargin" : 0.20,
    "netProfit" : 0.77
  }, {
    "date" : "2015-03-31",
    "sales" : 269.94,
    "salesGrowthYoY" : -43.03,
    "grossProfitMargin" : 20.94,
    "grossProfit" : 56.53,
    "operatingProfitMargin" : 7.38,
    "operatingProfit" : 19.92,
    "netProfitMargin" : 1.08,
    "netProfit" : 2.92
  }, {
    "date" : "2015-06-30",
    "sales" : 297.31,
    "salesGrowthYoY" : -31.95,
    "grossProfitMargin" : 18.36,
    "grossProfit" : 54.59,
    "operatingProfitMargin" : 7.13,
    "operatingProfit" : 21.20,
    "netProfitMargin" : 1.06,
    "netProfit" : 3.15
  }, {
    "date" : "2015-09-30",
    "sales" : 332.32,
    "salesGrowthYoY" : -31.13,
    "grossProfitMargin" : 15.83,
    "grossProfit" : 52.61,
    "operatingProfitMargin" : 6.27,
    "operatingProfit" : 20.84,
    "netProfitMargin" : 1.16,
    "netProfit" : 3.85
  }, {
    "date" : "2015-12-31",
    "sales" : 299.23,
    "salesGrowthYoY" : -22.11,
    "grossProfitMargin" : 17.52,
    "grossProfit" : 52.43,
    "operatingProfitMargin" : 5.99,
    "operatingProfit" : 17.92,
    "netProfitMargin" : -0.41,
    "netProfit" : -1.23
  }, {
    "date" : "2016-03-31",
    "sales" : 349.37,
    "salesGrowthYoY" : 29.43,
    "grossProfitMargin" : 19.15,
    "grossProfit" : 66.90,
    "operatingProfitMargin" : 8.00,
    "operatingProfit" : 27.95,
    "netProfitMargin" : 3.88,
    "netProfit" : 13.56
  }, {
    "date" : "2016-06-30",
    "sales" : 351.31,
    "salesGrowthYoY" : 18.16,
    "grossProfitMargin" : 20.53,
    "grossProfit" : 72.12,
    "operatingProfitMargin" : 8.71,
    "operatingProfit" : 30.60,
    "netProfitMargin" : 2.38,
    "netProfit" : 8.36
  }, {
    "date" : "2016-09-30",
    "sales" : 382.75,
    "salesGrowthYoY" : 15.18,
    "grossProfitMargin" : 20.73,
    "grossProfit" : 79.34,
    "operatingProfitMargin" : 8.97,
    "operatingProfit" : 34.33,
    "netProfitMargin" : 3.11,
    "netProfit" : 11.90
  }, {
    "date" : "2016-12-31",
    "sales" : 368.20,
    "salesGrowthYoY" : 23.05,
    "grossProfitMargin" : 21.65,
    "grossProfit" : 79.72,
    "operatingProfitMargin" : 8.12,
    "operatingProfit" : 29.90,
    "netProfitMargin" : 1.86,
    "netProfit" : 6.85
  }, {
    "date" : "2017-03-31",
    "sales" : 448.75,
    "salesGrowthYoY" : 28.45,
    "grossProfitMargin" : 21.06,
    "grossProfit" : 94.51,
    "operatingProfitMargin" : 8.42,
    "operatingProfit" : 37.78,
    "netProfitMargin" : 3.77,
    "netProfit" : 16.92
  }, {
    "date" : "2017-06-30",
    "sales" : 430.38,
    "salesGrowthYoY" : 22.51,
    "grossProfitMargin" : 20.47,
    "grossProfit" : 88.10,
    "operatingProfitMargin" : 8.44,
    "operatingProfit" : 36.32,
    "netProfitMargin" : 3.33,
    "netProfit" : 14.33
  }, {
    "date" : "2017-09-30",
    "sales" : 414.43,
    "salesGrowthYoY" : 8.28,
    "grossProfitMargin" : 20.79,
    "grossProfit" : 86.16,
    "operatingProfitMargin" : 8.71,
    "operatingProfit" : 36.10,
    "netProfitMargin" : 3.26,
    "netProfit" : 13.51
  }, {
    "date" : "2017-12-31",
    "sales" : 504.08,
    "salesGrowthYoY" : 36.90,
    "grossProfitMargin" : 18.86,
    "grossProfit" : 95.07,
    "operatingProfitMargin" : 7.49,
    "operatingProfit" : 37.76,
    "netProfitMargin" : 2.87,
    "netProfit" : 14.47
  }, {
    "date" : "2018-03-31",
    "sales" : 578.80,
    "salesGrowthYoY" : 28.98,
    "grossProfitMargin" : 18.53,
    "grossProfit" : 107.25,
    "operatingProfitMargin" : 8.02,
    "operatingProfit" : 46.42,
    "netProfitMargin" : 3.02,
    "netProfit" : 17.48
  }, {
    "date" : "2018-06-30",
    "sales" : 704.21,
    "salesGrowthYoY" : 63.63,
    "grossProfitMargin" : 18.90,
    "grossProfit" : 133.10,
    "operatingProfitMargin" : 8.07,
    "operatingProfit" : 56.83,
    "netProfitMargin" : 2.86,
    "netProfit" : 20.14
  }, {
    "date" : "2018-09-30",
    "sales" : 718.33,
    "salesGrowthYoY" : 73.33,
    "grossProfitMargin" : 20.13,
    "grossProfit" : 144.60,
    "operatingProfitMargin" : 9.03,
    "operatingProfit" : 64.87,
    "netProfitMargin" : 2.60,
    "netProfit" : 18.68
  }, {
    "date" : "2018-12-31",
    "sales" : 745.80,
    "salesGrowthYoY" : 47.95,
    "grossProfitMargin" : 14.26,
    "grossProfit" : 106.35,
    "operatingProfitMargin" : 5.33,
    "operatingProfit" : 39.75,
    "netProfitMargin" : 2.19,
    "netProfit" : 16.33
  }, {
    "date" : "2019-03-31",
    "sales" : 705.76,
    "salesGrowthYoY" : 21.94,
    "grossProfitMargin" : 17.78,
    "grossProfit" : 125.48,
    "operatingProfitMargin" : 7.81,
    "operatingProfit" : 55.12,
    "netProfitMargin" : 3.98,
    "netProfit" : 28.09
  }, {
    "date" : "2019-06-30",
    "sales" : 696.81,
    "salesGrowthYoY" : -1.05,
    "grossProfitMargin" : 18.95,
    "grossProfit" : 132.05,
    "operatingProfitMargin" : 7.38,
    "operatingProfit" : 51.42,
    "netProfitMargin" : 2.87,
    "netProfit" : 20.00
  }, {
    "date" : "2019-09-30",
    "sales" : 680.23,
    "salesGrowthYoY" : -5.30,
    "grossProfitMargin" : 20.97,
    "grossProfit" : 142.64,
    "operatingProfitMargin" : 7.69,
    "operatingProfit" : 52.31,
    "netProfitMargin" : 9.09,
    "netProfit" : 61.83
  }, {
    "date" : "2019-12-31",
    "sales" : 737.73,
    "salesGrowthYoY" : -1.08,
    "grossProfitMargin" : 19.84,
    "grossProfit" : 146.37,
    "operatingProfitMargin" : 7.57,
    "operatingProfit" : 55.85,
    "netProfitMargin" : 2.52,
    "netProfit" : 18.59
  }, {
    "date" : "2020-03-31",
    "sales" : 667.30,
    "salesGrowthYoY" : -5.45,
    "grossProfitMargin" : 22.03,
    "grossProfit" : 147.01,
    "operatingProfitMargin" : 9.33,
    "operatingProfit" : 62.26,
    "netProfitMargin" : 3.15,
    "netProfit" : 21.02
  }, {
    "date" : "2020-06-30",
    "sales" : 145.01,
    "salesGrowthYoY" : -79.19,
    "grossProfitMargin" : 14.61,
    "grossProfit" : 21.19,
    "operatingProfitMargin" : -4.28,
    "operatingProfit" : -6.21,
    "netProfitMargin" : -19.30,
    "netProfit" : -27.99
  }, {
    "date" : "2020-09-30",
    "sales" : 507.79,
    "salesGrowthYoY" : -25.35,
    "grossProfitMargin" : 23.83,
    "grossProfit" : 121.01,
    "operatingProfitMargin" : 8.77,
    "operatingProfit" : 44.53,
    "netProfitMargin" : 1.85,
    "netProfit" : 9.39
  }, {
    "date" : "2020-12-31",
    "sales" : 721.59,
    "salesGrowthYoY" : -2.19,
    "grossProfitMargin" : 30.02,
    "grossProfit" : 216.62,
    "operatingProfitMargin" : 16.65,
    "operatingProfit" : 120.14,
    "netProfitMargin" : 9.15,
    "netProfit" : 66.03
  }, {
    "date" : "2021-03-31",
    "sales" : 852.76,
    "salesGrowthYoY" : 27.79,
    "grossProfitMargin" : 34.02,
    "grossProfit" : 290.11,
    "operatingProfitMargin" : 22.13,
    "operatingProfit" : 188.72,
    "netProfitMargin" : 13.88,
    "netProfit" : 118.36
  }, {
    "date" : "2021-06-30",
    "sales" : 698.91,
    "salesGrowthYoY" : 381.97,
    "grossProfitMargin" : 28.37,
    "grossProfit" : 198.28,
    "operatingProfitMargin" : 14.47,
    "operatingProfit" : 101.13,
    "netProfitMargin" : 7.31,
    "netProfit" : 51.09
  }, {
    "date" : "2021-09-30",
    "sales" : 964.95,
    "salesGrowthYoY" : 90.03,
    "grossProfitMargin" : 24.32,
    "grossProfit" : 234.68,
    "operatingProfitMargin" : 12.97,
    "operatingProfit" : 125.15,
    "netProfitMargin" : 7.65,
    "netProfit" : 73.82
  }, {
    "date" : "2021-12-31",
    "sales" : 1074.22,
    "salesGrowthYoY" : 48.87,
    "grossProfitMargin" : 25.72,
    "grossProfit" : 276.29,
    "operatingProfitMargin" : 14.82,
    "operatingProfit" : 159.20,
    "netProfitMargin" : 9.15,
    "netProfit" : 98.29
  }, {
    "date" : "2022-03-31",
    "sales" : 1090.01,
    "salesGrowthYoY" : 27.82,
    "grossProfitMargin" : 24.03,
    "grossProfit" : 261.93,
    "operatingProfitMargin" : 13.36,
    "operatingProfit" : 145.63,
    "netProfitMargin" : 7.21,
    "netProfit" : 78.59
  }, {
    "date" : "2022-06-30",
    "sales" : 1023.29,
    "salesGrowthYoY" : 46.41,
    "grossProfitMargin" : 19.08,
    "grossProfit" : 195.24,
    "operatingProfitMargin" : 7.26,
    "operatingProfit" : 74.29,
    "netProfitMargin" : 4.24,
    "netProfit" : 43.39
  }, {
    "date" : "2022-09-30",
    "sales" : 1163.42,
    "salesGrowthYoY" : 20.57,
    "grossProfitMargin" : 15.45,
    "grossProfit" : 179.75,
    "operatingProfitMargin" : 3.98,
    "operatingProfit" : 46.30,
    "netProfitMargin" : 2.16,
    "netProfit" : 25.13
  }, {
    "date" : "2022-12-31",
    "sales" : 1070.38,
    "salesGrowthYoY" : -0.36,
    "grossProfitMargin" : 16.72,
    "grossProfit" : 178.97,
    "operatingProfitMargin" : 4.15,
    "operatingProfit" : 44.42,
    "netProfitMargin" : 0.26,
    "netProfit" : 2.78
  }, {
    "date" : "2023-03-31",
    "sales" : 1046.78,
    "salesGrowthYoY" : -3.97,
    "grossProfitMargin" : 19.41,
    "grossProfit" : 203.18,
    "operatingProfitMargin" : 6.57,
    "operatingProfit" : 68.77,
    "netProfitMargin" : 1.78,
    "netProfit" : 18.63
  }, {
    "date" : "2023-06-30",
    "sales" : 1069.27,
    "salesGrowthYoY" : 4.49,
    "grossProfitMargin" : 16.50,
    "grossProfit" : 176.43,
    "operatingProfitMargin" : 4.18,
    "operatingProfit" : 44.70,
    "netProfitMargin" : 1.65,
    "netProfit" : 17.64
  }, {
    "date" : "2023-09-30",
    "sales" : 1107.84,
    "salesGrowthYoY" : -4.78,
    "grossProfitMargin" : 16.42,
    "grossProfit" : 181.91,
    "operatingProfitMargin" : 4.86,
    "operatingProfit" : 53.84,
    "netProfitMargin" : 2.09,
    "netProfit" : 23.15
  }, {
    "date" : "2023-12-31",
    "sales" : 1082.95,
    "salesGrowthYoY" : 1.17,
    "grossProfitMargin" : 18.27,
    "grossProfit" : 197.85,
    "operatingProfitMargin" : 6.90,
    "operatingProfit" : 74.72,
    "netProfitMargin" : 3.24,
    "netProfit" : 35.09
  }, {
    "date" : "2024-03-31",
    "sales" : 1025.84,
    "salesGrowthYoY" : -2.00,
    "grossProfitMargin" : 18.12,
    "grossProfit" : 185.88,
    "operatingProfitMargin" : 6.30,
    "operatingProfit" : 64.63,
    "netProfitMargin" : 3.40,
    "netProfit" : 34.88
  }, {
    "date" : "2024-06-30",
    "sales" : 1054.34,
    "salesGrowthYoY" : -1.40,
    "grossProfitMargin" : 17.37,
    "grossProfit" : 183.14,
    "operatingProfitMargin" : 5.98,
    "operatingProfit" : 63.05,
    "netProfitMargin" : 3.06,
    "netProfit" : 32.26
  }, {
    "date" : "2024-09-30",
    "sales" : 1049.10,
    "salesGrowthYoY" : -5.30,
    "grossProfitMargin" : 16.52,
    "grossProfit" : 173.31,
    "operatingProfitMargin" : 3.95,
    "operatingProfit" : 41.44,
    "netProfitMargin" : 1.28,
    "netProfit" : 13.43
  }, {
    "date" : "2024-12-31",
    "sales" : 1068.69,
    "salesGrowthYoY" : -1.32,
    "grossProfitMargin" : 18.36,
    "grossProfit" : 196.21,
    "operatingProfitMargin" : 7.34,
    "operatingProfit" : 78.44,
    "netProfitMargin" : 4.44,
    "netProfit" : 47.45
  }, {
    "date" : "2025-03-31",
    "sales" : 1080.02,
    "salesGrowthYoY" : 5.28,
    "grossProfitMargin" : 18.30,
    "grossProfit" : 197.64,
    "operatingProfitMargin" : 6.60,
    "operatingProfit" : 71.28,
    "netProfitMargin" : 3.83,
    "netProfit" : 41.36
  }, {
    "date" : "2025-06-30",
    "sales" : 1049.40,
    "salesGrowthYoY" : -0.47,
    "grossProfitMargin" : 19.32,
    "grossProfit" : 202.74,
    "operatingProfitMargin" : 6.47,
    "operatingProfit" : 67.90,
    "netProfitMargin" : 3.88,
    "netProfit" : 40.72
  }, {
    "date" : "2025-09-30",
    "sales" : 1075.93,
    "salesGrowthYoY" : 2.56,
    "grossProfitMargin" : 20.12,
    "grossProfit" : 216.48,
    "operatingProfitMargin" : 7.67,
    "operatingProfit" : 82.52,
    "netProfitMargin" : 4.42,
    "netProfit" : 47.56
  } ],
  "latestQuarterlyResult" : {
    "date" : "2025-09-30",
    "sales" : 1075.93,
    "salesGrowthYoY" : 2.56,
    "grossProfitMargin" : 20.12,
    "grossProfit" : 216.48,
    "operatingProfitMargin" : 7.67,
    "operatingProfit" : 82.52,
    "netProfitMargin" : 4.42,
    "netProfit" : 47.56
  },
  "companyScore" : {
    "priceHigherThanDma50" : 0.00,
    "priceHigherThanDma100" : 0.00,
    "priceHigherThanDma200" : 0.00,
    "dma50HigherThanDma100" : 0.00,
    "dma50HigherThanDma200" : 0.00,
    "dma100HigherThanDma200" : 5.00,
    "pricePercentageAboveDma50" : 5.43,
    "pricePercentageAboveDma100" : 5.55,
    "pricePercentageAboveDma200" : 5.50,
    "weeklyVolumeHigherThanYearlyVolume" : 0.00,
    "salesGrowthPercentile" : 7.59,
    "operatingProfitMarginPercentile" : 11.81,
    "netProfitMarginPercentile" : 8.67,
    "totalTechnicalScore" : 21.48,
    "totalFundamentalScore" : 28.08,
    "totalScore" : 49.56
  }
}