{
  "metadata" : {
    "screenerCompanyId" : "1022",
    "companyCode" : "FINKURVE",
    "companyName" : "Finkurve Fin.",
    "screenerCompanyLink" : "https://www.screener.in/company/FINKURVE/",
    "screenerTechnicalHistoryLink" : "https://www.screener.in/api/company/1022/chart/?q=Price-DMA50-DMA200-Volume&days=365",
    "screenerQuarterlyResultsLink" : "https://www.screener.in/api/company/1022/chart/?q=GPM-OPM-NPM-Quarter+Sales&days=10000",
    "attributes" : {
      "companyCode" : "FINKURVE",
      "companyName" : "Finkurve Fin.",
      "marketCap" : 1246.00,
      "peRatio" : 60.60,
      "description" : "Incorporated in 1984, Finkurve Financials Services Ltd operates in Financing and other activities[1]"
    },
    "companyScore" : {
      "priceHigherThanDma50" : 0.00,
      "priceHigherThanDma100" : 0.00,
      "priceHigherThanDma200" : 0.00,
      "dma50HigherThanDma100" : 0.00,
      "dma50HigherThanDma200" : 0.00,
      "dma100HigherThanDma200" : 0.00,
      "pricePercentageAboveDma50" : 5.23,
      "pricePercentageAboveDma100" : 5.61,
      "pricePercentageAboveDma200" : 5.65,
      "weeklyVolumeHigherThanYearlyVolume" : 5.00,
      "salesGrowthPercentile" : 12.15,
      "operatingProfitMarginPercentile" : 18.72,
      "netProfitMarginPercentile" : 9.31,
      "totalTechnicalScore" : 21.49,
      "totalFundamentalScore" : 40.18,
      "totalScore" : 61.67
    }
  },
  "attributes" : {
    "companyCode" : "FINKURVE",
    "companyName" : "Finkurve Fin.",
    "marketCap" : 1246.00,
    "peRatio" : 60.60,
    "description" : "Incorporated in 1984, Finkurve Financials Services Ltd operates in Financing and other activities[1]"
  },
  "technicalHistory" : [ {
    "date" : "2025-02-05",
    "price" : 108.10,
    "dma50" : 107.72,
    "dma100" : null,
    "dma200" : 93.72,
    "volume" : 7665.00
  }, {
    "date" : "2025-02-06",
    "price" : 105.25,
    "dma50" : 107.62,
    "dma100" : null,
    "dma200" : 93.84,
    "volume" : 1672.00
  }, {
    "date" : "2025-02-07",
    "price" : 103.50,
    "dma50" : 107.46,
    "dma100" : null,
    "dma200" : 93.93,
    "volume" : 6563.00
  }, {
    "date" : "2025-02-10",
    "price" : 99.95,
    "dma50" : 107.17,
    "dma100" : null,
    "dma200" : 93.99,
    "volume" : 16628.00
  }, {
    "date" : "2025-02-11",
    "price" : 98.85,
    "dma50" : 106.84,
    "dma100" : null,
    "dma200" : 94.04,
    "volume" : 5709.00
  }, {
    "date" : "2025-02-12",
    "price" : 96.00,
    "dma50" : 106.42,
    "dma100" : null,
    "dma200" : 94.06,
    "volume" : 20391.00
  }, {
    "date" : "2025-02-13",
    "price" : 100.25,
    "dma50" : 106.17,
    "dma100" : null,
    "dma200" : 94.12,
    "volume" : 14114.00
  }, {
    "date" : "2025-02-14",
    "price" : 101.90,
    "dma50" : 106.01,
    "dma100" : null,
    "dma200" : 94.20,
    "volume" : 7270.00
  }, {
    "date" : "2025-02-17",
    "price" : 106.05,
    "dma50" : 106.01,
    "dma100" : null,
    "dma200" : 94.32,
    "volume" : 11150.00
  }, {
    "date" : "2025-02-18",
    "price" : 106.80,
    "dma50" : 106.04,
    "dma100" : null,
    "dma200" : 94.44,
    "volume" : 7559.00
  }, {
    "date" : "2025-02-19",
    "price" : 106.90,
    "dma50" : 106.07,
    "dma100" : null,
    "dma200" : 94.57,
    "volume" : 8474.00
  }, {
    "date" : "2025-02-20",
    "price" : 111.60,
    "dma50" : 106.29,
    "dma100" : null,
    "dma200" : 94.73,
    "volume" : 69788.00
  }, {
    "date" : "2025-02-21",
    "price" : 111.70,
    "dma50" : 106.50,
    "dma100" : null,
    "dma200" : 94.90,
    "volume" : 60899.00
  }, {
    "date" : "2025-02-24",
    "price" : 109.95,
    "dma50" : 106.64,
    "dma100" : null,
    "dma200" : 95.05,
    "volume" : 8481.00
  }, {
    "date" : "2025-02-25",
    "price" : 111.35,
    "dma50" : 106.82,
    "dma100" : null,
    "dma200" : 95.22,
    "volume" : 65922.00
  }, {
    "date" : "2025-02-27",
    "price" : 111.65,
    "dma50" : 107.01,
    "dma100" : null,
    "dma200" : 95.38,
    "volume" : 60445.00
  }, {
    "date" : "2025-02-28",
    "price" : 113.35,
    "dma50" : 107.26,
    "dma100" : null,
    "dma200" : 95.56,
    "volume" : 67144.00
  }, {
    "date" : "2025-03-03",
    "price" : 113.85,
    "dma50" : 107.52,
    "dma100" : null,
    "dma200" : 95.74,
    "volume" : 60716.00
  }, {
    "date" : "2025-03-04",
    "price" : 113.10,
    "dma50" : 107.74,
    "dma100" : null,
    "dma200" : 95.91,
    "volume" : 32602.00
  }, {
    "date" : "2025-03-05",
    "price" : 111.30,
    "dma50" : 107.88,
    "dma100" : null,
    "dma200" : 96.07,
    "volume" : 21480.00
  }, {
    "date" : "2025-03-06",
    "price" : 110.25,
    "dma50" : 107.97,
    "dma100" : null,
    "dma200" : 96.21,
    "volume" : 27255.00
  }, {
    "date" : "2025-03-07",
    "price" : 110.35,
    "dma50" : 108.06,
    "dma100" : null,
    "dma200" : 96.35,
    "volume" : 11162.00
  }, {
    "date" : "2025-03-10",
    "price" : 107.00,
    "dma50" : 108.02,
    "dma100" : null,
    "dma200" : 96.45,
    "volume" : 9473.00
  }, {
    "date" : "2025-03-11",
    "price" : 107.50,
    "dma50" : 108.00,
    "dma100" : null,
    "dma200" : 96.56,
    "volume" : 5942.00
  }, {
    "date" : "2025-03-12",
    "price" : 105.60,
    "dma50" : 107.91,
    "dma100" : null,
    "dma200" : 96.65,
    "volume" : 9646.00
  }, {
    "date" : "2025-03-13",
    "price" : 105.20,
    "dma50" : 107.80,
    "dma100" : null,
    "dma200" : 96.74,
    "volume" : 5153.00
  }, {
    "date" : "2025-03-17",
    "price" : 102.95,
    "dma50" : 107.61,
    "dma100" : null,
    "dma200" : 96.80,
    "volume" : 13304.00
  }, {
    "date" : "2025-03-18",
    "price" : 104.30,
    "dma50" : 107.48,
    "dma100" : null,
    "dma200" : 96.87,
    "volume" : 63187.00
  }, {
    "date" : "2025-03-19",
    "price" : 103.30,
    "dma50" : 107.32,
    "dma100" : null,
    "dma200" : 96.94,
    "volume" : 20681.00
  }, {
    "date" : "2025-03-20",
    "price" : 107.90,
    "dma50" : 107.34,
    "dma100" : null,
    "dma200" : 97.05,
    "volume" : 55350.00
  }, {
    "date" : "2025-03-21",
    "price" : 110.85,
    "dma50" : 107.48,
    "dma100" : null,
    "dma200" : 97.19,
    "volume" : 30513.00
  }, {
    "date" : "2025-03-24",
    "price" : 108.00,
    "dma50" : 107.50,
    "dma100" : null,
    "dma200" : 97.29,
    "volume" : 14059.00
  }, {
    "date" : "2025-03-25",
    "price" : 107.90,
    "dma50" : 107.51,
    "dma100" : null,
    "dma200" : 97.40,
    "volume" : 67948.00
  }, {
    "date" : "2025-03-26",
    "price" : 105.05,
    "dma50" : 107.42,
    "dma100" : null,
    "dma200" : 97.47,
    "volume" : 67812.00
  }, {
    "date" : "2025-03-27",
    "price" : 106.00,
    "dma50" : 107.36,
    "dma100" : null,
    "dma200" : 97.56,
    "volume" : 544299.00
  }, {
    "date" : "2025-03-28",
    "price" : 106.50,
    "dma50" : 107.33,
    "dma100" : null,
    "dma200" : 97.65,
    "volume" : 140271.00
  }, {
    "date" : "2025-04-01",
    "price" : 111.30,
    "dma50" : 107.48,
    "dma100" : null,
    "dma200" : 97.78,
    "volume" : 56087.00
  }, {
    "date" : "2025-04-02",
    "price" : 116.85,
    "dma50" : 107.85,
    "dma100" : null,
    "dma200" : 97.97,
    "volume" : 39259.00
  }, {
    "date" : "2025-04-03",
    "price" : 122.65,
    "dma50" : 108.43,
    "dma100" : null,
    "dma200" : 98.22,
    "volume" : 37785.00
  }, {
    "date" : "2025-04-04",
    "price" : 128.75,
    "dma50" : 109.23,
    "dma100" : null,
    "dma200" : 98.52,
    "volume" : 46594.00
  }, {
    "date" : "2025-04-07",
    "price" : 128.45,
    "dma50" : 109.98,
    "dma100" : null,
    "dma200" : 98.82,
    "volume" : 85810.00
  }, {
    "date" : "2025-04-08",
    "price" : 133.40,
    "dma50" : 110.90,
    "dma100" : null,
    "dma200" : 99.17,
    "volume" : 96550.00
  }, {
    "date" : "2025-04-09",
    "price" : 140.00,
    "dma50" : 112.04,
    "dma100" : null,
    "dma200" : 99.57,
    "volume" : 69729.00
  }, {
    "date" : "2025-04-11",
    "price" : 146.30,
    "dma50" : 113.38,
    "dma100" : null,
    "dma200" : 100.04,
    "volume" : 73116.00
  }, {
    "date" : "2025-04-15",
    "price" : 144.60,
    "dma50" : 114.61,
    "dma100" : null,
    "dma200" : 100.48,
    "volume" : 51315.00
  }, {
    "date" : "2025-04-16",
    "price" : 141.20,
    "dma50" : 115.65,
    "dma100" : null,
    "dma200" : 100.88,
    "volume" : 42214.00
  }, {
    "date" : "2025-04-17",
    "price" : 138.00,
    "dma50" : 116.53,
    "dma100" : null,
    "dma200" : 101.25,
    "volume" : 46219.00
  }, {
    "date" : "2025-04-21",
    "price" : 140.10,
    "dma50" : 117.45,
    "dma100" : null,
    "dma200" : 101.64,
    "volume" : 18526.00
  }, {
    "date" : "2025-04-22",
    "price" : 137.30,
    "dma50" : 118.23,
    "dma100" : null,
    "dma200" : 102.00,
    "volume" : 6842.00
  }, {
    "date" : "2025-04-23",
    "price" : 140.60,
    "dma50" : 119.11,
    "dma100" : null,
    "dma200" : 102.38,
    "volume" : 50571.00
  }, {
    "date" : "2025-04-24",
    "price" : 142.45,
    "dma50" : 120.02,
    "dma100" : null,
    "dma200" : 102.78,
    "volume" : 53249.00
  }, {
    "date" : "2025-04-25",
    "price" : 135.35,
    "dma50" : 120.62,
    "dma100" : null,
    "dma200" : 103.10,
    "volume" : 13194.00
  }, {
    "date" : "2025-04-28",
    "price" : 129.45,
    "dma50" : 120.97,
    "dma100" : null,
    "dma200" : 103.36,
    "volume" : 19716.00
  }, {
    "date" : "2025-04-29",
    "price" : 129.10,
    "dma50" : 121.29,
    "dma100" : null,
    "dma200" : 103.62,
    "volume" : 37609.00
  }, {
    "date" : "2025-04-30",
    "price" : 125.30,
    "dma50" : 121.45,
    "dma100" : null,
    "dma200" : 103.84,
    "volume" : 5985.00
  }, {
    "date" : "2025-05-02",
    "price" : 124.00,
    "dma50" : 121.55,
    "dma100" : null,
    "dma200" : 104.04,
    "volume" : 6224.00
  }, {
    "date" : "2025-05-05",
    "price" : 124.10,
    "dma50" : 121.65,
    "dma100" : null,
    "dma200" : 104.24,
    "volume" : 6917.00
  }, {
    "date" : "2025-05-06",
    "price" : 118.60,
    "dma50" : 121.53,
    "dma100" : null,
    "dma200" : 104.38,
    "volume" : 4635.00
  }, {
    "date" : "2025-05-07",
    "price" : 117.40,
    "dma50" : 121.37,
    "dma100" : null,
    "dma200" : 104.51,
    "volume" : 74501.00
  }, {
    "date" : "2025-05-08",
    "price" : 117.60,
    "dma50" : 121.22,
    "dma100" : null,
    "dma200" : 104.64,
    "volume" : 6521.00
  }, {
    "date" : "2025-05-09",
    "price" : 122.30,
    "dma50" : 121.26,
    "dma100" : null,
    "dma200" : 104.82,
    "volume" : 16717.00
  }, {
    "date" : "2025-05-12",
    "price" : 128.05,
    "dma50" : 121.53,
    "dma100" : null,
    "dma200" : 105.05,
    "volume" : 9841.00
  }, {
    "date" : "2025-05-13",
    "price" : 132.00,
    "dma50" : 121.94,
    "dma100" : null,
    "dma200" : 105.31,
    "volume" : 10867.00
  }, {
    "date" : "2025-05-14",
    "price" : 134.95,
    "dma50" : 122.45,
    "dma100" : null,
    "dma200" : 105.61,
    "volume" : 45753.00
  }, {
    "date" : "2025-05-15",
    "price" : 130.45,
    "dma50" : 122.76,
    "dma100" : null,
    "dma200" : 105.86,
    "volume" : 16912.00
  }, {
    "date" : "2025-05-16",
    "price" : 130.85,
    "dma50" : 123.08,
    "dma100" : null,
    "dma200" : 106.11,
    "volume" : 10830.00
  }, {
    "date" : "2025-05-19",
    "price" : 130.30,
    "dma50" : 123.36,
    "dma100" : null,
    "dma200" : 106.35,
    "volume" : 3473.00
  }, {
    "date" : "2025-05-20",
    "price" : 128.90,
    "dma50" : 123.58,
    "dma100" : null,
    "dma200" : 106.57,
    "volume" : 6604.00
  }, {
    "date" : "2025-05-21",
    "price" : 128.60,
    "dma50" : 123.78,
    "dma100" : null,
    "dma200" : 106.79,
    "volume" : 318037.00
  }, {
    "date" : "2025-05-22",
    "price" : 128.25,
    "dma50" : 123.95,
    "dma100" : null,
    "dma200" : 107.00,
    "volume" : 8049.00
  }, {
    "date" : "2025-05-23",
    "price" : 124.85,
    "dma50" : 123.99,
    "dma100" : null,
    "dma200" : 107.18,
    "volume" : 27363.00
  }, {
    "date" : "2025-05-26",
    "price" : 127.10,
    "dma50" : 124.11,
    "dma100" : null,
    "dma200" : 107.38,
    "volume" : 163633.00
  }, {
    "date" : "2025-05-27",
    "price" : 128.80,
    "dma50" : 124.29,
    "dma100" : null,
    "dma200" : 107.59,
    "volume" : 107545.00
  }, {
    "date" : "2025-05-28",
    "price" : 127.90,
    "dma50" : 124.43,
    "dma100" : null,
    "dma200" : 107.79,
    "volume" : 17161.00
  }, {
    "date" : "2025-05-29",
    "price" : 131.00,
    "dma50" : 124.69,
    "dma100" : null,
    "dma200" : 108.03,
    "volume" : 102007.00
  }, {
    "date" : "2025-05-30",
    "price" : 128.25,
    "dma50" : 124.83,
    "dma100" : null,
    "dma200" : 108.23,
    "volume" : 6560.00
  }, {
    "date" : "2025-06-02",
    "price" : 129.35,
    "dma50" : 125.01,
    "dma100" : null,
    "dma200" : 108.44,
    "volume" : 204575.00
  }, {
    "date" : "2025-06-03",
    "price" : 126.80,
    "dma50" : 125.08,
    "dma100" : null,
    "dma200" : 108.62,
    "volume" : 19166.00
  }, {
    "date" : "2025-06-04",
    "price" : 126.70,
    "dma50" : 125.14,
    "dma100" : null,
    "dma200" : 108.80,
    "volume" : 14074.00
  }, {
    "date" : "2025-06-05",
    "price" : 127.35,
    "dma50" : 125.23,
    "dma100" : null,
    "dma200" : 108.98,
    "volume" : 6108.00
  }, {
    "date" : "2025-06-06",
    "price" : 126.00,
    "dma50" : 125.26,
    "dma100" : null,
    "dma200" : 109.15,
    "volume" : 7270.00
  }, {
    "date" : "2025-06-09",
    "price" : 122.85,
    "dma50" : 125.16,
    "dma100" : null,
    "dma200" : 109.29,
    "volume" : 19492.00
  }, {
    "date" : "2025-06-10",
    "price" : 122.90,
    "dma50" : 125.08,
    "dma100" : null,
    "dma200" : 109.42,
    "volume" : 10448.00
  }, {
    "date" : "2025-06-11",
    "price" : 124.05,
    "dma50" : 125.04,
    "dma100" : null,
    "dma200" : 109.57,
    "volume" : 5687.00
  }, {
    "date" : "2025-06-12",
    "price" : 125.75,
    "dma50" : 125.06,
    "dma100" : null,
    "dma200" : 109.73,
    "volume" : 4239.00
  }, {
    "date" : "2025-06-13",
    "price" : 120.40,
    "dma50" : 124.88,
    "dma100" : null,
    "dma200" : 109.84,
    "volume" : 76236.00
  }, {
    "date" : "2025-06-16",
    "price" : 126.10,
    "dma50" : 124.93,
    "dma100" : null,
    "dma200" : 110.00,
    "volume" : 15883.00
  }, {
    "date" : "2025-06-17",
    "price" : 125.40,
    "dma50" : 124.95,
    "dma100" : null,
    "dma200" : 110.15,
    "volume" : 12850.00
  }, {
    "date" : "2025-06-18",
    "price" : 121.70,
    "dma50" : 124.82,
    "dma100" : null,
    "dma200" : 110.27,
    "volume" : 14005.00
  }, {
    "date" : "2025-06-19",
    "price" : 119.05,
    "dma50" : 124.59,
    "dma100" : null,
    "dma200" : 110.35,
    "volume" : 16938.00
  }, {
    "date" : "2025-06-20",
    "price" : 120.00,
    "dma50" : 124.41,
    "dma100" : null,
    "dma200" : 110.45,
    "volume" : 23964.00
  }, {
    "date" : "2025-06-23",
    "price" : 121.75,
    "dma50" : 124.31,
    "dma100" : null,
    "dma200" : 110.56,
    "volume" : 38508.00
  }, {
    "date" : "2025-06-24",
    "price" : 120.80,
    "dma50" : 124.17,
    "dma100" : null,
    "dma200" : 110.67,
    "volume" : 4116.00
  }, {
    "date" : "2025-06-25",
    "price" : 120.80,
    "dma50" : 124.04,
    "dma100" : null,
    "dma200" : 110.77,
    "volume" : 26199.00
  }, {
    "date" : "2025-06-26",
    "price" : 117.35,
    "dma50" : 123.78,
    "dma100" : null,
    "dma200" : 110.83,
    "volume" : 7250.00
  }, {
    "date" : "2025-06-27",
    "price" : 122.05,
    "dma50" : 123.71,
    "dma100" : null,
    "dma200" : 110.94,
    "volume" : 137808.00
  }, {
    "date" : "2025-06-30",
    "price" : 124.20,
    "dma50" : 123.73,
    "dma100" : null,
    "dma200" : 111.07,
    "volume" : 19213.00
  }, {
    "date" : "2025-07-01",
    "price" : 122.90,
    "dma50" : 123.70,
    "dma100" : null,
    "dma200" : 111.19,
    "volume" : 27325.00
  }, {
    "date" : "2025-07-02",
    "price" : 121.30,
    "dma50" : 123.60,
    "dma100" : null,
    "dma200" : 111.29,
    "volume" : 20674.00
  }, {
    "date" : "2025-07-03",
    "price" : 121.35,
    "dma50" : 123.51,
    "dma100" : null,
    "dma200" : 111.39,
    "volume" : 5467.00
  }, {
    "date" : "2025-07-04",
    "price" : 119.20,
    "dma50" : 123.34,
    "dma100" : 120.13,
    "dma200" : 111.47,
    "volume" : 4979.00
  }, {
    "date" : "2025-07-07",
    "price" : 117.80,
    "dma50" : 123.13,
    "dma100" : 120.26,
    "dma200" : 111.53,
    "volume" : 21912.00
  }, {
    "date" : "2025-07-08",
    "price" : 118.80,
    "dma50" : 122.96,
    "dma100" : 120.41,
    "dma200" : 111.61,
    "volume" : 11231.00
  }, {
    "date" : "2025-07-09",
    "price" : 119.20,
    "dma50" : 122.81,
    "dma100" : 120.61,
    "dma200" : 111.68,
    "volume" : 3145.00
  }, {
    "date" : "2025-07-10",
    "price" : 119.35,
    "dma50" : 122.67,
    "dma100" : 120.81,
    "dma200" : 111.76,
    "volume" : 3466.00
  }, {
    "date" : "2025-07-11",
    "price" : 115.55,
    "dma50" : 122.39,
    "dma100" : 121.01,
    "dma200" : 111.80,
    "volume" : 17838.00
  }, {
    "date" : "2025-07-14",
    "price" : 110.65,
    "dma50" : 121.93,
    "dma100" : 121.11,
    "dma200" : 111.78,
    "volume" : 56797.00
  }, {
    "date" : "2025-07-15",
    "price" : 114.50,
    "dma50" : 121.64,
    "dma100" : 121.24,
    "dma200" : 111.81,
    "volume" : 30533.00
  }, {
    "date" : "2025-07-16",
    "price" : 116.95,
    "dma50" : 121.46,
    "dma100" : 121.34,
    "dma200" : 111.86,
    "volume" : 6396.00
  }, {
    "date" : "2025-07-17",
    "price" : 119.70,
    "dma50" : 121.39,
    "dma100" : 121.47,
    "dma200" : 111.94,
    "volume" : 21702.00
  }, {
    "date" : "2025-07-18",
    "price" : 118.10,
    "dma50" : 121.26,
    "dma100" : 121.59,
    "dma200" : 112.00,
    "volume" : 19197.00
  }, {
    "date" : "2025-07-21",
    "price" : 116.50,
    "dma50" : 121.07,
    "dma100" : 121.64,
    "dma200" : 112.05,
    "volume" : 6596.00
  }, {
    "date" : "2025-07-22",
    "price" : 115.65,
    "dma50" : 120.86,
    "dma100" : 121.67,
    "dma200" : 112.08,
    "volume" : 18654.00
  }, {
    "date" : "2025-07-23",
    "price" : 115.60,
    "dma50" : 120.65,
    "dma100" : 121.73,
    "dma200" : 112.12,
    "volume" : 2021.00
  }, {
    "date" : "2025-07-24",
    "price" : 116.50,
    "dma50" : 120.49,
    "dma100" : 121.78,
    "dma200" : 112.16,
    "volume" : 22011.00
  }, {
    "date" : "2025-07-25",
    "price" : 113.60,
    "dma50" : 120.22,
    "dma100" : 121.80,
    "dma200" : 112.18,
    "volume" : 4868.00
  }, {
    "date" : "2025-07-28",
    "price" : 113.15,
    "dma50" : 119.94,
    "dma100" : 121.80,
    "dma200" : 112.19,
    "volume" : 6693.00
  }, {
    "date" : "2025-07-29",
    "price" : 113.10,
    "dma50" : 119.68,
    "dma100" : 121.79,
    "dma200" : 112.19,
    "volume" : 2686.00
  }, {
    "date" : "2025-07-30",
    "price" : 113.70,
    "dma50" : 119.44,
    "dma100" : 121.80,
    "dma200" : 112.21,
    "volume" : 2705.00
  }, {
    "date" : "2025-07-31",
    "price" : 113.15,
    "dma50" : 119.19,
    "dma100" : 121.82,
    "dma200" : 112.22,
    "volume" : 7257.00
  }, {
    "date" : "2025-08-01",
    "price" : 113.10,
    "dma50" : 118.96,
    "dma100" : 121.85,
    "dma200" : 112.23,
    "volume" : 4661.00
  }, {
    "date" : "2025-08-04",
    "price" : 116.10,
    "dma50" : 118.84,
    "dma100" : 121.90,
    "dma200" : 112.27,
    "volume" : 19276.00
  }, {
    "date" : "2025-08-05",
    "price" : 114.55,
    "dma50" : 118.68,
    "dma100" : 121.98,
    "dma200" : 112.29,
    "volume" : 19224.00
  }, {
    "date" : "2025-08-06",
    "price" : 111.95,
    "dma50" : 118.41,
    "dma100" : 122.02,
    "dma200" : 112.29,
    "volume" : 2221.00
  }, {
    "date" : "2025-08-07",
    "price" : 107.85,
    "dma50" : 118.00,
    "dma100" : 122.05,
    "dma200" : 112.24,
    "volume" : 16224.00
  }, {
    "date" : "2025-08-08",
    "price" : 111.05,
    "dma50" : 117.73,
    "dma100" : 122.10,
    "dma200" : 112.23,
    "volume" : 5477.00
  }, {
    "date" : "2025-08-11",
    "price" : 105.80,
    "dma50" : 117.26,
    "dma100" : 122.13,
    "dma200" : 112.17,
    "volume" : 8255.00
  }, {
    "date" : "2025-08-12",
    "price" : 107.10,
    "dma50" : 116.86,
    "dma100" : 122.16,
    "dma200" : 112.11,
    "volume" : 1482.00
  }, {
    "date" : "2025-08-13",
    "price" : 107.95,
    "dma50" : 116.51,
    "dma100" : 122.21,
    "dma200" : 112.07,
    "volume" : 2251.00
  }, {
    "date" : "2025-08-14",
    "price" : 108.00,
    "dma50" : 116.18,
    "dma100" : 122.21,
    "dma200" : 112.03,
    "volume" : 2429.00
  }, {
    "date" : "2025-08-18",
    "price" : 107.40,
    "dma50" : 115.83,
    "dma100" : 122.17,
    "dma200" : 111.99,
    "volume" : 17422.00
  }, {
    "date" : "2025-08-19",
    "price" : 107.85,
    "dma50" : 115.52,
    "dma100" : 122.17,
    "dma200" : 111.95,
    "volume" : 3810.00
  }, {
    "date" : "2025-08-20",
    "price" : 109.20,
    "dma50" : 115.27,
    "dma100" : 122.19,
    "dma200" : 111.92,
    "volume" : 5702.00
  }, {
    "date" : "2025-08-21",
    "price" : 105.70,
    "dma50" : 114.90,
    "dma100" : 122.19,
    "dma200" : 111.86,
    "volume" : 9159.00
  }, {
    "date" : "2025-08-22",
    "price" : 105.15,
    "dma50" : 114.51,
    "dma100" : 122.18,
    "dma200" : 111.79,
    "volume" : 3511.00
  }, {
    "date" : "2025-08-25",
    "price" : 108.35,
    "dma50" : 114.27,
    "dma100" : 122.20,
    "dma200" : 111.76,
    "volume" : 10314.00
  }, {
    "date" : "2025-08-26",
    "price" : 105.85,
    "dma50" : 113.94,
    "dma100" : 122.15,
    "dma200" : 111.70,
    "volume" : 8708.00
  }, {
    "date" : "2025-08-28",
    "price" : 103.20,
    "dma50" : 113.52,
    "dma100" : 122.01,
    "dma200" : 111.61,
    "volume" : 1727.00
  }, {
    "date" : "2025-08-29",
    "price" : 105.40,
    "dma50" : 113.20,
    "dma100" : 121.84,
    "dma200" : 111.55,
    "volume" : 152.00
  }, {
    "date" : "2025-09-01",
    "price" : 103.45,
    "dma50" : 112.82,
    "dma100" : 121.59,
    "dma200" : 111.47,
    "volume" : 3609.00
  }, {
    "date" : "2025-09-02",
    "price" : 107.75,
    "dma50" : 112.62,
    "dma100" : 121.38,
    "dma200" : 111.43,
    "volume" : 5776.00
  }, {
    "date" : "2025-09-03",
    "price" : 100.95,
    "dma50" : 112.16,
    "dma100" : 121.05,
    "dma200" : 111.33,
    "volume" : 17252.00
  }, {
    "date" : "2025-09-04",
    "price" : 101.25,
    "dma50" : 111.74,
    "dma100" : 120.67,
    "dma200" : 111.23,
    "volume" : 4625.00
  }, {
    "date" : "2025-09-05",
    "price" : 104.90,
    "dma50" : 111.47,
    "dma100" : 120.25,
    "dma200" : 111.17,
    "volume" : 1888.00
  }, {
    "date" : "2025-09-08",
    "price" : 99.00,
    "dma50" : 110.98,
    "dma100" : 119.80,
    "dma200" : 111.04,
    "volume" : 14254.00
  }, {
    "date" : "2025-09-09",
    "price" : 101.80,
    "dma50" : 110.62,
    "dma100" : 119.40,
    "dma200" : 110.95,
    "volume" : 8647.00
  }, {
    "date" : "2025-09-10",
    "price" : 100.10,
    "dma50" : 110.21,
    "dma100" : 119.02,
    "dma200" : 110.84,
    "volume" : 10552.00
  }, {
    "date" : "2025-09-11",
    "price" : 99.70,
    "dma50" : 109.79,
    "dma100" : 118.62,
    "dma200" : 110.73,
    "volume" : 3061.00
  }, {
    "date" : "2025-09-12",
    "price" : 103.60,
    "dma50" : 109.55,
    "dma100" : 118.28,
    "dma200" : 110.66,
    "volume" : 17681.00
  }, {
    "date" : "2025-09-15",
    "price" : 104.25,
    "dma50" : 109.34,
    "dma100" : 117.92,
    "dma200" : 110.60,
    "volume" : 7717.00
  }, {
    "date" : "2025-09-16",
    "price" : 104.35,
    "dma50" : 109.15,
    "dma100" : 117.54,
    "dma200" : 110.54,
    "volume" : 1121.00
  }, {
    "date" : "2025-09-17",
    "price" : 107.00,
    "dma50" : 109.06,
    "dma100" : 117.25,
    "dma200" : 110.50,
    "volume" : 5945.00
  }, {
    "date" : "2025-09-18",
    "price" : 104.95,
    "dma50" : 108.90,
    "dma100" : 117.01,
    "dma200" : 110.45,
    "volume" : 81108.00
  }, {
    "date" : "2025-09-19",
    "price" : 104.55,
    "dma50" : 108.73,
    "dma100" : 116.76,
    "dma200" : 110.39,
    "volume" : 11844.00
  }, {
    "date" : "2025-09-22",
    "price" : 103.15,
    "dma50" : 108.51,
    "dma100" : 116.54,
    "dma200" : 110.32,
    "volume" : 3966.00
  }, {
    "date" : "2025-09-23",
    "price" : 100.30,
    "dma50" : 108.19,
    "dma100" : 116.31,
    "dma200" : 110.22,
    "volume" : 21847.00
  }, {
    "date" : "2025-09-24",
    "price" : 103.05,
    "dma50" : 107.99,
    "dma100" : 116.09,
    "dma200" : 110.14,
    "volume" : 19956.00
  }, {
    "date" : "2025-09-25",
    "price" : 102.45,
    "dma50" : 107.77,
    "dma100" : 115.93,
    "dma200" : 110.07,
    "volume" : 2289.00
  }, {
    "date" : "2025-09-26",
    "price" : 100.85,
    "dma50" : 107.50,
    "dma100" : 115.77,
    "dma200" : 109.98,
    "volume" : 6031.00
  }, {
    "date" : "2025-09-29",
    "price" : 100.80,
    "dma50" : 107.24,
    "dma100" : 115.60,
    "dma200" : 109.88,
    "volume" : 11150.00
  }, {
    "date" : "2025-09-30",
    "price" : 103.70,
    "dma50" : 107.10,
    "dma100" : 115.41,
    "dma200" : 109.82,
    "volume" : 19700.00
  }, {
    "date" : "2025-10-01",
    "price" : 114.05,
    "dma50" : 107.37,
    "dma100" : 115.27,
    "dma200" : 109.87,
    "volume" : 86744.00
  }, {
    "date" : "2025-10-03",
    "price" : 125.45,
    "dma50" : 108.08,
    "dma100" : 115.21,
    "dma200" : 110.02,
    "volume" : 139413.00
  }, {
    "date" : "2025-10-06",
    "price" : 117.90,
    "dma50" : 108.47,
    "dma100" : 115.04,
    "dma200" : 110.10,
    "volume" : 299069.00
  }, {
    "date" : "2025-10-07",
    "price" : 114.40,
    "dma50" : 108.70,
    "dma100" : 114.88,
    "dma200" : 110.14,
    "volume" : 99501.00
  }, {
    "date" : "2025-10-08",
    "price" : 116.00,
    "dma50" : 108.98,
    "dma100" : 114.73,
    "dma200" : 110.20,
    "volume" : 46086.00
  }, {
    "date" : "2025-10-09",
    "price" : 122.10,
    "dma50" : 109.50,
    "dma100" : 114.65,
    "dma200" : 110.32,
    "volume" : 208827.00
  }, {
    "date" : "2025-10-10",
    "price" : 122.35,
    "dma50" : 110.00,
    "dma100" : 114.58,
    "dma200" : 110.44,
    "volume" : 174841.00
  }, {
    "date" : "2025-10-13",
    "price" : 117.05,
    "dma50" : 110.28,
    "dma100" : 114.47,
    "dma200" : 110.50,
    "volume" : 94320.00
  }, {
    "date" : "2025-10-14",
    "price" : 118.45,
    "dma50" : 110.60,
    "dma100" : 114.37,
    "dma200" : 110.58,
    "volume" : 29033.00
  }, {
    "date" : "2025-10-15",
    "price" : 118.80,
    "dma50" : 110.92,
    "dma100" : 114.31,
    "dma200" : 110.66,
    "volume" : 32604.00
  }, {
    "date" : "2025-10-16",
    "price" : 119.85,
    "dma50" : 111.27,
    "dma100" : 114.23,
    "dma200" : 110.76,
    "volume" : 89455.00
  }, {
    "date" : "2025-10-17",
    "price" : 121.20,
    "dma50" : 111.66,
    "dma100" : 114.16,
    "dma200" : 110.86,
    "volume" : 64534.00
  }, {
    "date" : "2025-10-20",
    "price" : 118.70,
    "dma50" : 111.94,
    "dma100" : 114.07,
    "dma200" : 110.94,
    "volume" : 23128.00
  }, {
    "date" : "2025-10-21",
    "price" : 123.00,
    "dma50" : 112.37,
    "dma100" : 113.99,
    "dma200" : 111.06,
    "volume" : 4457.00
  }, {
    "date" : "2025-10-23",
    "price" : 118.20,
    "dma50" : 112.60,
    "dma100" : 113.89,
    "dma200" : 111.13,
    "volume" : 34556.00
  }, {
    "date" : "2025-10-24",
    "price" : 115.55,
    "dma50" : 112.71,
    "dma100" : 113.75,
    "dma200" : 111.17,
    "volume" : 30579.00
  }, {
    "date" : "2025-10-27",
    "price" : 116.30,
    "dma50" : 112.86,
    "dma100" : 113.64,
    "dma200" : 111.22,
    "volume" : 23255.00
  }, {
    "date" : "2025-10-28",
    "price" : 115.35,
    "dma50" : 112.95,
    "dma100" : 113.53,
    "dma200" : 111.26,
    "volume" : 7568.00
  }, {
    "date" : "2025-10-29",
    "price" : 115.15,
    "dma50" : 113.04,
    "dma100" : 113.41,
    "dma200" : 111.30,
    "volume" : 17927.00
  }, {
    "date" : "2025-10-30",
    "price" : 113.80,
    "dma50" : 113.07,
    "dma100" : 113.29,
    "dma200" : 111.33,
    "volume" : 17154.00
  }, {
    "date" : "2025-10-31",
    "price" : 115.00,
    "dma50" : 113.14,
    "dma100" : 113.21,
    "dma200" : 111.37,
    "volume" : 6751.00
  }, {
    "date" : "2025-11-03",
    "price" : 112.85,
    "dma50" : 113.13,
    "dma100" : 113.11,
    "dma200" : 111.38,
    "volume" : 2865.00
  }, {
    "date" : "2025-11-04",
    "price" : 113.00,
    "dma50" : 113.13,
    "dma100" : 113.00,
    "dma200" : 111.40,
    "volume" : 16287.00
  }, {
    "date" : "2025-11-06",
    "price" : 113.00,
    "dma50" : 113.12,
    "dma100" : 112.87,
    "dma200" : 111.41,
    "volume" : 2335.00
  }, {
    "date" : "2025-11-07",
    "price" : 107.10,
    "dma50" : 112.89,
    "dma100" : 112.74,
    "dma200" : 111.37,
    "volume" : 14940.00
  }, {
    "date" : "2025-11-10",
    "price" : 106.00,
    "dma50" : 112.62,
    "dma100" : 112.53,
    "dma200" : 111.32,
    "volume" : 15527.00
  }, {
    "date" : "2025-11-11",
    "price" : 106.55,
    "dma50" : 112.38,
    "dma100" : 112.35,
    "dma200" : 111.27,
    "volume" : 9165.00
  }, {
    "date" : "2025-11-12",
    "price" : 107.65,
    "dma50" : 112.19,
    "dma100" : 112.21,
    "dma200" : 111.23,
    "volume" : 28470.00
  }, {
    "date" : "2025-11-13",
    "price" : 118.35,
    "dma50" : 112.43,
    "dma100" : 112.20,
    "dma200" : 111.30,
    "volume" : 59776.00
  }, {
    "date" : "2025-11-14",
    "price" : 113.00,
    "dma50" : 112.46,
    "dma100" : 112.13,
    "dma200" : 111.32,
    "volume" : 44492.00
  }, {
    "date" : "2025-11-17",
    "price" : 109.10,
    "dma50" : 112.33,
    "dma100" : 112.00,
    "dma200" : 111.30,
    "volume" : 47261.00
  }, {
    "date" : "2025-11-18",
    "price" : 106.80,
    "dma50" : 112.11,
    "dma100" : 111.86,
    "dma200" : 111.25,
    "volume" : 33628.00
  }, {
    "date" : "2025-11-19",
    "price" : 108.15,
    "dma50" : 111.95,
    "dma100" : 111.74,
    "dma200" : 111.22,
    "volume" : 61650.00
  }, {
    "date" : "2025-11-20",
    "price" : 108.30,
    "dma50" : 111.81,
    "dma100" : 111.65,
    "dma200" : 111.19,
    "volume" : 31981.00
  }, {
    "date" : "2025-11-21",
    "price" : 106.10,
    "dma50" : 111.59,
    "dma100" : 111.49,
    "dma200" : 111.14,
    "volume" : 41717.00
  }, {
    "date" : "2025-11-24",
    "price" : 106.25,
    "dma50" : 111.38,
    "dma100" : 111.31,
    "dma200" : 111.09,
    "volume" : 11975.00
  }, {
    "date" : "2025-11-25",
    "price" : 105.85,
    "dma50" : 111.16,
    "dma100" : 111.14,
    "dma200" : 111.04,
    "volume" : 22795.00
  }, {
    "date" : "2025-11-26",
    "price" : 106.05,
    "dma50" : 110.96,
    "dma100" : 110.98,
    "dma200" : 110.99,
    "volume" : 22219.00
  }, {
    "date" : "2025-11-27",
    "price" : 104.25,
    "dma50" : 110.70,
    "dma100" : 110.81,
    "dma200" : 110.92,
    "volume" : 12060.00
  }, {
    "date" : "2025-11-28",
    "price" : 104.30,
    "dma50" : 110.45,
    "dma100" : 110.66,
    "dma200" : 110.86,
    "volume" : 29624.00
  }, {
    "date" : "2025-12-01",
    "price" : 106.75,
    "dma50" : 110.30,
    "dma100" : 110.55,
    "dma200" : 110.82,
    "volume" : 29949.00
  }, {
    "date" : "2025-12-02",
    "price" : 105.50,
    "dma50" : 110.11,
    "dma100" : 110.42,
    "dma200" : 110.77,
    "volume" : 66736.00
  }, {
    "date" : "2025-12-03",
    "price" : 104.20,
    "dma50" : 109.88,
    "dma100" : 110.27,
    "dma200" : 110.70,
    "volume" : 48442.00
  }, {
    "date" : "2025-12-04",
    "price" : 102.85,
    "dma50" : 109.61,
    "dma100" : 110.10,
    "dma200" : 110.62,
    "volume" : 21958.00
  }, {
    "date" : "2025-12-05",
    "price" : 103.35,
    "dma50" : 109.36,
    "dma100" : 109.98,
    "dma200" : 110.55,
    "volume" : 57272.00
  }, {
    "date" : "2025-12-08",
    "price" : 102.30,
    "dma50" : 109.08,
    "dma100" : 109.90,
    "dma200" : 110.47,
    "volume" : 35722.00
  }, {
    "date" : "2025-12-09",
    "price" : 102.95,
    "dma50" : 108.84,
    "dma100" : 109.78,
    "dma200" : 110.39,
    "volume" : 51597.00
  }, {
    "date" : "2025-12-10",
    "price" : 102.45,
    "dma50" : 108.59,
    "dma100" : 109.64,
    "dma200" : 110.31,
    "volume" : 23724.00
  }, {
    "date" : "2025-12-11",
    "price" : 100.10,
    "dma50" : 108.26,
    "dma100" : 109.44,
    "dma200" : 110.21,
    "volume" : 14734.00
  }, {
    "date" : "2025-12-12",
    "price" : 99.75,
    "dma50" : 107.93,
    "dma100" : 109.26,
    "dma200" : 110.11,
    "volume" : 7946.00
  }, {
    "date" : "2025-12-15",
    "price" : 103.20,
    "dma50" : 107.74,
    "dma100" : 109.13,
    "dma200" : 110.04,
    "volume" : 13056.00
  }, {
    "date" : "2025-12-16",
    "price" : 104.35,
    "dma50" : 107.61,
    "dma100" : 109.01,
    "dma200" : 109.98,
    "volume" : 14883.00
  }, {
    "date" : "2025-12-17",
    "price" : 103.40,
    "dma50" : 107.44,
    "dma100" : 108.89,
    "dma200" : 109.92,
    "volume" : 22987.00
  }, {
    "date" : "2025-12-18",
    "price" : 103.75,
    "dma50" : 107.30,
    "dma100" : 108.76,
    "dma200" : 109.86,
    "volume" : 14711.00
  }, {
    "date" : "2025-12-19",
    "price" : 103.25,
    "dma50" : 107.14,
    "dma100" : 108.66,
    "dma200" : 109.79,
    "volume" : 34735.00
  }, {
    "date" : "2025-12-22",
    "price" : 103.25,
    "dma50" : 106.99,
    "dma100" : 108.56,
    "dma200" : 109.72,
    "volume" : 36036.00
  }, {
    "date" : "2025-12-23",
    "price" : 104.75,
    "dma50" : 106.90,
    "dma100" : 108.48,
    "dma200" : 109.68,
    "volume" : 41199.00
  }, {
    "date" : "2025-12-24",
    "price" : 103.65,
    "dma50" : 106.77,
    "dma100" : 108.38,
    "dma200" : 109.62,
    "volume" : 15767.00
  }, {
    "date" : "2025-12-26",
    "price" : 102.85,
    "dma50" : 106.62,
    "dma100" : 108.27,
    "dma200" : 109.55,
    "volume" : 7136.00
  }, {
    "date" : "2025-12-29",
    "price" : 101.00,
    "dma50" : 106.40,
    "dma100" : 108.15,
    "dma200" : 109.46,
    "volume" : 29892.00
  }, {
    "date" : "2025-12-30",
    "price" : 101.20,
    "dma50" : 106.19,
    "dma100" : 108.00,
    "dma200" : 109.38,
    "volume" : 14665.00
  }, {
    "date" : "2025-12-31",
    "price" : 99.60,
    "dma50" : 105.93,
    "dma100" : 107.85,
    "dma200" : 109.28,
    "volume" : 41775.00
  }, {
    "date" : "2026-01-01",
    "price" : 100.95,
    "dma50" : 105.74,
    "dma100" : 107.74,
    "dma200" : 109.20,
    "volume" : 46628.00
  }, {
    "date" : "2026-01-02",
    "price" : 98.46,
    "dma50" : 105.45,
    "dma100" : 107.65,
    "dma200" : 109.09,
    "volume" : 14395.00
  }, {
    "date" : "2026-01-05",
    "price" : 95.99,
    "dma50" : 105.08,
    "dma100" : 107.50,
    "dma200" : 108.96,
    "volume" : 47749.00
  }, {
    "date" : "2026-01-06",
    "price" : 97.00,
    "dma50" : 104.77,
    "dma100" : 107.41,
    "dma200" : 108.84,
    "volume" : 22607.00
  }, {
    "date" : "2026-01-07",
    "price" : 95.98,
    "dma50" : 104.42,
    "dma100" : 107.30,
    "dma200" : 108.72,
    "volume" : 18703.00
  }, {
    "date" : "2026-01-08",
    "price" : 92.13,
    "dma50" : 103.94,
    "dma100" : 107.14,
    "dma200" : 108.55,
    "volume" : 29777.00
  }, {
    "date" : "2026-01-09",
    "price" : 92.60,
    "dma50" : 103.49,
    "dma100" : 106.99,
    "dma200" : 108.39,
    "volume" : 10490.00
  }, {
    "date" : "2026-01-12",
    "price" : 93.00,
    "dma50" : 103.08,
    "dma100" : 106.84,
    "dma200" : 108.24,
    "volume" : 18846.00
  }, {
    "date" : "2026-01-13",
    "price" : 96.75,
    "dma50" : 102.83,
    "dma100" : 106.73,
    "dma200" : 108.12,
    "volume" : 7699.00
  }, {
    "date" : "2026-01-14",
    "price" : 95.99,
    "dma50" : 102.57,
    "dma100" : 106.60,
    "dma200" : 108.00,
    "volume" : 10740.00
  }, {
    "date" : "2026-01-16",
    "price" : 95.75,
    "dma50" : 102.30,
    "dma100" : 106.50,
    "dma200" : 107.88,
    "volume" : 5099.00
  }, {
    "date" : "2026-01-19",
    "price" : 95.91,
    "dma50" : 102.05,
    "dma100" : 106.41,
    "dma200" : 107.76,
    "volume" : 27873.00
  }, {
    "date" : "2026-01-20",
    "price" : 90.51,
    "dma50" : 101.60,
    "dma100" : 106.23,
    "dma200" : 107.59,
    "volume" : 10150.00
  }, {
    "date" : "2026-01-21",
    "price" : 86.04,
    "dma50" : 100.99,
    "dma100" : 106.03,
    "dma200" : 107.38,
    "volume" : 96936.00
  }, {
    "date" : "2026-01-22",
    "price" : 84.98,
    "dma50" : 100.36,
    "dma100" : 105.85,
    "dma200" : 107.15,
    "volume" : 56127.00
  }, {
    "date" : "2026-01-23",
    "price" : 82.35,
    "dma50" : 99.65,
    "dma100" : 105.62,
    "dma200" : 106.91,
    "volume" : 22729.00
  }, {
    "date" : "2026-01-27",
    "price" : 80.44,
    "dma50" : 98.90,
    "dma100" : 105.39,
    "dma200" : 106.64,
    "volume" : 36507.00
  }, {
    "date" : "2026-01-28",
    "price" : 82.58,
    "dma50" : 98.26,
    "dma100" : 105.14,
    "dma200" : 106.40,
    "volume" : 42780.00
  }, {
    "date" : "2026-01-29",
    "price" : 90.80,
    "dma50" : 97.97,
    "dma100" : 105.04,
    "dma200" : 106.25,
    "volume" : 73305.00
  }, {
    "date" : "2026-01-30",
    "price" : 81.86,
    "dma50" : 97.33,
    "dma100" : 104.84,
    "dma200" : 106.01,
    "volume" : 106746.00
  }, {
    "date" : "2026-02-01",
    "price" : 84.88,
    "dma50" : 96.85,
    "dma100" : 104.64,
    "dma200" : 105.80,
    "volume" : 40135.00
  }, {
    "date" : "2026-02-02",
    "price" : 80.26,
    "dma50" : 96.20,
    "dma100" : 104.46,
    "dma200" : 105.54,
    "volume" : 80202.00
  }, {
    "date" : "2026-02-03",
    "price" : 90.80,
    "dma50" : 95.98,
    "dma100" : 104.35,
    "dma200" : 105.40,
    "volume" : 53225.00
  }, {
    "date" : "2026-02-04",
    "price" : 91.48,
    "dma50" : 95.81,
    "dma100" : 104.26,
    "dma200" : 105.26,
    "volume" : 47639.00
  } ],
  "latestTechnicalAttributes" : {
    "date" : "2026-02-04",
    "price" : 91.48,
    "dma50" : 95.81,
    "dma100" : 104.26,
    "dma200" : 105.26,
    "volume" : 47639.00
  },
  "quarterlyResults" : [ {
    "date" : "2005-03-31",
    "sales" : 0.10,
    "salesGrowthYoY" : null,
    "grossProfitMargin" : 100.00,
    "grossProfit" : 0.10,
    "operatingProfitMargin" : 70.00,
    "operatingProfit" : 0.07,
    "netProfitMargin" : -20.00,
    "netProfit" : -0.02
  }, {
    "date" : "2005-06-30",
    "sales" : 0.09,
    "salesGrowthYoY" : null,
    "grossProfitMargin" : 100.00,
    "grossProfit" : 0.09,
    "operatingProfitMargin" : 66.67,
    "operatingProfit" : 0.06,
    "netProfitMargin" : -22.22,
    "netProfit" : -0.02
  }, {
    "date" : "2005-09-30",
    "sales" : 0.10,
    "salesGrowthYoY" : null,
    "grossProfitMargin" : 100.00,
    "grossProfit" : 0.10,
    "operatingProfitMargin" : 80.00,
    "operatingProfit" : 0.08,
    "netProfitMargin" : 80.00,
    "netProfit" : 0.08
  }, {
    "date" : "2005-12-31",
    "sales" : 0.11,
    "salesGrowthYoY" : null,
    "grossProfitMargin" : 100.00,
    "grossProfit" : 0.11,
    "operatingProfitMargin" : 72.73,
    "operatingProfit" : 0.08,
    "netProfitMargin" : 36.36,
    "netProfit" : 0.04
  }, {
    "date" : "2006-03-31",
    "sales" : 0.16,
    "salesGrowthYoY" : 60.00,
    "grossProfitMargin" : 100.00,
    "grossProfit" : 0.16,
    "operatingProfitMargin" : 81.25,
    "operatingProfit" : 0.13,
    "netProfitMargin" : 37.50,
    "netProfit" : 0.06
  }, {
    "date" : "2006-06-30",
    "sales" : 0.09,
    "salesGrowthYoY" : 0.00,
    "grossProfitMargin" : 100.00,
    "grossProfit" : 0.09,
    "operatingProfitMargin" : 77.78,
    "operatingProfit" : 0.07,
    "netProfitMargin" : 33.33,
    "netProfit" : 0.03
  }, {
    "date" : "2006-09-30",
    "sales" : 0.07,
    "salesGrowthYoY" : -30.00,
    "grossProfitMargin" : 100.00,
    "grossProfit" : 0.07,
    "operatingProfitMargin" : 71.43,
    "operatingProfit" : 0.05,
    "netProfitMargin" : 57.14,
    "netProfit" : 0.04
  }, {
    "date" : "2006-12-31",
    "sales" : 0.06,
    "salesGrowthYoY" : -45.45,
    "grossProfitMargin" : 100.00,
    "grossProfit" : 0.06,
    "operatingProfitMargin" : 66.67,
    "operatingProfit" : 0.04,
    "netProfitMargin" : 33.33,
    "netProfit" : 0.02
  }, {
    "date" : "2007-03-31",
    "sales" : 0.04,
    "salesGrowthYoY" : -75.00,
    "grossProfitMargin" : 100.00,
    "grossProfit" : 0.04,
    "operatingProfitMargin" : 25.00,
    "operatingProfit" : 0.01,
    "netProfitMargin" : 25.00,
    "netProfit" : 0.01
  }, {
    "date" : "2007-06-30",
    "sales" : 0.01,
    "salesGrowthYoY" : -88.89,
    "grossProfitMargin" : 100.00,
    "grossProfit" : 0.01,
    "operatingProfitMargin" : -100.00,
    "operatingProfit" : -0.01,
    "netProfitMargin" : -100.00,
    "netProfit" : -0.01
  }, {
    "date" : "2007-09-30",
    "sales" : 0.01,
    "salesGrowthYoY" : -85.71,
    "grossProfitMargin" : 100.00,
    "grossProfit" : 0.01,
    "operatingProfitMargin" : -100.00,
    "operatingProfit" : -0.01,
    "netProfitMargin" : -100.00,
    "netProfit" : -0.01
  }, {
    "date" : "2007-12-31",
    "sales" : 0.01,
    "salesGrowthYoY" : -83.33,
    "grossProfitMargin" : 100.00,
    "grossProfit" : 0.01,
    "operatingProfitMargin" : -100.00,
    "operatingProfit" : -0.01,
    "netProfitMargin" : -100.00,
    "netProfit" : -0.01
  }, {
    "date" : "2008-03-31",
    "sales" : 0.02,
    "salesGrowthYoY" : -50.00,
    "grossProfitMargin" : 100.00,
    "grossProfit" : 0.02,
    "operatingProfitMargin" : -200.00,
    "operatingProfit" : -0.04,
    "netProfitMargin" : -150.00,
    "netProfit" : -0.03
  }, {
    "date" : "2008-06-30",
    "sales" : 0.01,
    "salesGrowthYoY" : 0.00,
    "grossProfitMargin" : 100.00,
    "grossProfit" : 0.01,
    "operatingProfitMargin" : -100.00,
    "operatingProfit" : -0.01,
    "netProfitMargin" : -100.00,
    "netProfit" : -0.01
  }, {
    "date" : "2008-09-30",
    "sales" : 0.01,
    "salesGrowthYoY" : 0.00,
    "grossProfitMargin" : 100.00,
    "grossProfit" : 0.01,
    "operatingProfitMargin" : -100.00,
    "operatingProfit" : -0.01,
    "netProfitMargin" : -100.00,
    "netProfit" : -0.01
  }, {
    "date" : "2008-12-31",
    "sales" : 0.01,
    "salesGrowthYoY" : 0.00,
    "grossProfitMargin" : 100.00,
    "grossProfit" : 0.01,
    "operatingProfitMargin" : -300.00,
    "operatingProfit" : -0.03,
    "netProfitMargin" : -100.00,
    "netProfit" : -0.01
  }, {
    "date" : "2009-03-31",
    "sales" : 0.02,
    "salesGrowthYoY" : 0.00,
    "grossProfitMargin" : 100.00,
    "grossProfit" : 0.02,
    "operatingProfitMargin" : -150.00,
    "operatingProfit" : -0.03,
    "netProfitMargin" : -100.00,
    "netProfit" : -0.02
  }, {
    "date" : "2009-06-30",
    "sales" : 0.01,
    "salesGrowthYoY" : 0.00,
    "grossProfitMargin" : 100.00,
    "grossProfit" : 0.01,
    "operatingProfitMargin" : -100.00,
    "operatingProfit" : -0.01,
    "netProfitMargin" : -100.00,
    "netProfit" : -0.01
  }, {
    "date" : "2009-09-30",
    "sales" : 0.01,
    "salesGrowthYoY" : 0.00,
    "grossProfitMargin" : 100.00,
    "grossProfit" : 0.01,
    "operatingProfitMargin" : -100.00,
    "operatingProfit" : -0.01,
    "netProfitMargin" : -100.00,
    "netProfit" : -0.01
  }, {
    "date" : "2009-12-31",
    "sales" : 0.01,
    "salesGrowthYoY" : 0.00,
    "grossProfitMargin" : 100.00,
    "grossProfit" : 0.01,
    "operatingProfitMargin" : -100.00,
    "operatingProfit" : -0.01,
    "netProfitMargin" : -100.00,
    "netProfit" : -0.01
  }, {
    "date" : "2010-03-31",
    "sales" : 0.03,
    "salesGrowthYoY" : 50.00,
    "grossProfitMargin" : 100.00,
    "grossProfit" : 0.03,
    "operatingProfitMargin" : 0.00,
    "operatingProfit" : 0.00,
    "netProfitMargin" : 0.00,
    "netProfit" : 0.00
  }, {
    "date" : "2010-06-30",
    "sales" : 0.01,
    "salesGrowthYoY" : 0.00,
    "grossProfitMargin" : 100.00,
    "grossProfit" : 0.01,
    "operatingProfitMargin" : -100.00,
    "operatingProfit" : -0.01,
    "netProfitMargin" : -100.00,
    "netProfit" : -0.01
  }, {
    "date" : "2010-09-30",
    "sales" : 0.01,
    "salesGrowthYoY" : 0.00,
    "grossProfitMargin" : 100.00,
    "grossProfit" : 0.01,
    "operatingProfitMargin" : -100.00,
    "operatingProfit" : -0.01,
    "netProfitMargin" : -100.00,
    "netProfit" : -0.01
  }, {
    "date" : "2010-12-31",
    "sales" : 0.02,
    "salesGrowthYoY" : 100.00,
    "grossProfitMargin" : 100.00,
    "grossProfit" : 0.02,
    "operatingProfitMargin" : -50.00,
    "operatingProfit" : -0.01,
    "netProfitMargin" : -50.00,
    "netProfit" : -0.01
  }, {
    "date" : "2011-03-31",
    "sales" : 0.06,
    "salesGrowthYoY" : 100.00,
    "grossProfitMargin" : 100.00,
    "grossProfit" : 0.06,
    "operatingProfitMargin" : -16.67,
    "operatingProfit" : -0.01,
    "netProfitMargin" : 0.00,
    "netProfit" : 0.00
  }, {
    "date" : "2011-06-30",
    "sales" : 0.02,
    "salesGrowthYoY" : 100.00,
    "grossProfitMargin" : 100.00,
    "grossProfit" : 0.02,
    "operatingProfitMargin" : -450.00,
    "operatingProfit" : -0.09,
    "netProfitMargin" : -450.00,
    "netProfit" : -0.09
  }, {
    "date" : "2011-09-30",
    "sales" : 0.02,
    "salesGrowthYoY" : 100.00,
    "grossProfitMargin" : 100.00,
    "grossProfit" : 0.02,
    "operatingProfitMargin" : 0.00,
    "operatingProfit" : 0.00,
    "netProfitMargin" : 0.00,
    "netProfit" : 0.00
  }, {
    "date" : "2011-12-31",
    "sales" : 0.02,
    "salesGrowthYoY" : 0.00,
    "grossProfitMargin" : 100.00,
    "grossProfit" : 0.02,
    "operatingProfitMargin" : -250.00,
    "operatingProfit" : -0.05,
    "netProfitMargin" : -250.00,
    "netProfit" : -0.05
  }, {
    "date" : "2012-03-31",
    "sales" : 0.05,
    "salesGrowthYoY" : -16.67,
    "grossProfitMargin" : 100.00,
    "grossProfit" : 0.05,
    "operatingProfitMargin" : -240.00,
    "operatingProfit" : -0.12,
    "netProfitMargin" : -80.00,
    "netProfit" : -0.04
  }, {
    "date" : "2012-06-30",
    "sales" : 0.02,
    "salesGrowthYoY" : 0.00,
    "grossProfitMargin" : 100.00,
    "grossProfit" : 0.02,
    "operatingProfitMargin" : -400.00,
    "operatingProfit" : -0.08,
    "netProfitMargin" : -400.00,
    "netProfit" : -0.08
  }, {
    "date" : "2012-09-30",
    "sales" : 0.02,
    "salesGrowthYoY" : 0.00,
    "grossProfitMargin" : 100.00,
    "grossProfit" : 0.02,
    "operatingProfitMargin" : -250.00,
    "operatingProfit" : -0.05,
    "netProfitMargin" : -250.00,
    "netProfit" : -0.05
  }, {
    "date" : "2012-12-31",
    "sales" : 0.01,
    "salesGrowthYoY" : -50.00,
    "grossProfitMargin" : 100.00,
    "grossProfit" : 0.01,
    "operatingProfitMargin" : -900.00,
    "operatingProfit" : -0.09,
    "netProfitMargin" : -900.00,
    "netProfit" : -0.09
  }, {
    "date" : "2013-03-31",
    "sales" : 0.00,
    "salesGrowthYoY" : -100.00,
    "grossProfitMargin" : 0.00,
    "grossProfit" : 0.00,
    "operatingProfitMargin" : 0.00,
    "operatingProfit" : 0.00,
    "netProfitMargin" : 0.00,
    "netProfit" : 0.00
  }, {
    "date" : "2013-06-30",
    "sales" : 0.00,
    "salesGrowthYoY" : -100.00,
    "grossProfitMargin" : 0.00,
    "grossProfit" : 0.00,
    "operatingProfitMargin" : 0.00,
    "operatingProfit" : 0.00,
    "netProfitMargin" : 0.00,
    "netProfit" : 0.00
  }, {
    "date" : "2013-09-30",
    "sales" : 0.05,
    "salesGrowthYoY" : 150.00,
    "grossProfitMargin" : 100.00,
    "grossProfit" : 0.05,
    "operatingProfitMargin" : -100.00,
    "operatingProfit" : -0.05,
    "netProfitMargin" : -240.00,
    "netProfit" : -0.12
  }, {
    "date" : "2013-12-31",
    "sales" : 0.11,
    "salesGrowthYoY" : 1000.00,
    "grossProfitMargin" : 100.00,
    "grossProfit" : 0.11,
    "operatingProfitMargin" : 45.45,
    "operatingProfit" : 0.05,
    "netProfitMargin" : -36.36,
    "netProfit" : -0.04
  }, {
    "date" : "2014-03-31",
    "sales" : 0.14,
    "salesGrowthYoY" : 100.00,
    "grossProfitMargin" : 100.00,
    "grossProfit" : 0.14,
    "operatingProfitMargin" : 28.57,
    "operatingProfit" : 0.04,
    "netProfitMargin" : -35.71,
    "netProfit" : -0.05
  }, {
    "date" : "2014-06-30",
    "sales" : 0.19,
    "salesGrowthYoY" : 100.00,
    "grossProfitMargin" : 100.00,
    "grossProfit" : 0.19,
    "operatingProfitMargin" : 73.68,
    "operatingProfit" : 0.14,
    "netProfitMargin" : -10.53,
    "netProfit" : -0.02
  }, {
    "date" : "2014-09-30",
    "sales" : 0.46,
    "salesGrowthYoY" : 820.00,
    "grossProfitMargin" : 100.00,
    "grossProfit" : 0.46,
    "operatingProfitMargin" : 89.13,
    "operatingProfit" : 0.41,
    "netProfitMargin" : 2.17,
    "netProfit" : 0.01
  }, {
    "date" : "2014-12-31",
    "sales" : 0.76,
    "salesGrowthYoY" : 590.91,
    "grossProfitMargin" : 100.00,
    "grossProfit" : 0.76,
    "operatingProfitMargin" : 93.42,
    "operatingProfit" : 0.71,
    "netProfitMargin" : 6.58,
    "netProfit" : 0.05
  }, {
    "date" : "2015-03-31",
    "sales" : 0.56,
    "salesGrowthYoY" : 300.00,
    "grossProfitMargin" : 100.00,
    "grossProfit" : 0.56,
    "operatingProfitMargin" : 87.50,
    "operatingProfit" : 0.49,
    "netProfitMargin" : 19.64,
    "netProfit" : 0.11
  }, {
    "date" : "2015-06-30",
    "sales" : 1.21,
    "salesGrowthYoY" : 536.84,
    "grossProfitMargin" : 100.00,
    "grossProfit" : 1.21,
    "operatingProfitMargin" : 93.39,
    "operatingProfit" : 1.13,
    "netProfitMargin" : 14.88,
    "netProfit" : 0.18
  }, {
    "date" : "2015-09-30",
    "sales" : 1.78,
    "salesGrowthYoY" : 286.96,
    "grossProfitMargin" : 100.00,
    "grossProfit" : 1.78,
    "operatingProfitMargin" : 95.51,
    "operatingProfit" : 1.70,
    "netProfitMargin" : -5.06,
    "netProfit" : -0.09
  }, {
    "date" : "2015-12-31",
    "sales" : 2.83,
    "salesGrowthYoY" : 272.37,
    "grossProfitMargin" : 100.00,
    "grossProfit" : 2.83,
    "operatingProfitMargin" : 97.17,
    "operatingProfit" : 2.75,
    "netProfitMargin" : 9.89,
    "netProfit" : 0.28
  }, {
    "date" : "2016-03-31",
    "sales" : 3.59,
    "salesGrowthYoY" : 541.07,
    "grossProfitMargin" : 100.00,
    "grossProfit" : 3.59,
    "operatingProfitMargin" : 98.05,
    "operatingProfit" : 3.52,
    "netProfitMargin" : 4.18,
    "netProfit" : 0.15
  }, {
    "date" : "2016-06-30",
    "sales" : 2.42,
    "salesGrowthYoY" : 100.00,
    "grossProfitMargin" : 100.00,
    "grossProfit" : 2.42,
    "operatingProfitMargin" : 95.87,
    "operatingProfit" : 2.32,
    "netProfitMargin" : 3.72,
    "netProfit" : 0.09
  }, {
    "date" : "2016-09-30",
    "sales" : 2.44,
    "salesGrowthYoY" : 37.08,
    "grossProfitMargin" : 100.00,
    "grossProfit" : 2.44,
    "operatingProfitMargin" : 94.67,
    "operatingProfit" : 2.31,
    "netProfitMargin" : 1.64,
    "netProfit" : 0.04
  }, {
    "date" : "2016-12-31",
    "sales" : 2.69,
    "salesGrowthYoY" : -4.95,
    "grossProfitMargin" : 100.00,
    "grossProfit" : 2.69,
    "operatingProfitMargin" : 93.31,
    "operatingProfit" : 2.51,
    "netProfitMargin" : 5.95,
    "netProfit" : 0.16
  }, {
    "date" : "2017-03-31",
    "sales" : 2.80,
    "salesGrowthYoY" : -22.01,
    "grossProfitMargin" : 100.00,
    "grossProfit" : 2.80,
    "operatingProfitMargin" : 96.79,
    "operatingProfit" : 2.71,
    "netProfitMargin" : 9.29,
    "netProfit" : 0.26
  }, {
    "date" : "2017-06-30",
    "sales" : 3.60,
    "salesGrowthYoY" : 48.76,
    "grossProfitMargin" : 100.00,
    "grossProfit" : 3.60,
    "operatingProfitMargin" : 94.44,
    "operatingProfit" : 3.40,
    "netProfitMargin" : 14.44,
    "netProfit" : 0.52
  }, {
    "date" : "2017-09-30",
    "sales" : 3.14,
    "salesGrowthYoY" : 28.69,
    "grossProfitMargin" : 100.00,
    "grossProfit" : 3.14,
    "operatingProfitMargin" : 94.59,
    "operatingProfit" : 2.97,
    "netProfitMargin" : 12.74,
    "netProfit" : 0.40
  }, {
    "date" : "2017-12-31",
    "sales" : 2.01,
    "salesGrowthYoY" : -25.28,
    "grossProfitMargin" : 100.00,
    "grossProfit" : 2.01,
    "operatingProfitMargin" : 90.05,
    "operatingProfit" : 1.81,
    "netProfitMargin" : 21.39,
    "netProfit" : 0.43
  }, {
    "date" : "2018-03-31",
    "sales" : 3.57,
    "salesGrowthYoY" : 27.50,
    "grossProfitMargin" : 100.00,
    "grossProfit" : 3.57,
    "operatingProfitMargin" : 70.31,
    "operatingProfit" : 2.51,
    "netProfitMargin" : 12.61,
    "netProfit" : 0.45
  }, {
    "date" : "2018-06-30",
    "sales" : 3.92,
    "salesGrowthYoY" : 8.89,
    "grossProfitMargin" : 100.00,
    "grossProfit" : 3.92,
    "operatingProfitMargin" : 87.24,
    "operatingProfit" : 3.42,
    "netProfitMargin" : 18.88,
    "netProfit" : 0.74
  }, {
    "date" : "2018-09-30",
    "sales" : 3.87,
    "salesGrowthYoY" : 23.25,
    "grossProfitMargin" : 100.00,
    "grossProfit" : 3.87,
    "operatingProfitMargin" : 89.41,
    "operatingProfit" : 3.46,
    "netProfitMargin" : 13.44,
    "netProfit" : 0.52
  }, {
    "date" : "2018-12-31",
    "sales" : 4.05,
    "salesGrowthYoY" : 101.49,
    "grossProfitMargin" : 100.00,
    "grossProfit" : 4.05,
    "operatingProfitMargin" : 88.89,
    "operatingProfit" : 3.60,
    "netProfitMargin" : 14.57,
    "netProfit" : 0.59
  }, {
    "date" : "2019-03-31",
    "sales" : 3.13,
    "salesGrowthYoY" : -12.32,
    "grossProfitMargin" : 100.00,
    "grossProfit" : 3.13,
    "operatingProfitMargin" : 73.48,
    "operatingProfit" : 2.30,
    "netProfitMargin" : -33.87,
    "netProfit" : -1.06
  }, {
    "date" : "2019-06-30",
    "sales" : 2.27,
    "salesGrowthYoY" : -42.09,
    "grossProfitMargin" : 100.00,
    "grossProfit" : 2.27,
    "operatingProfitMargin" : 82.38,
    "operatingProfit" : 1.87,
    "netProfitMargin" : 26.87,
    "netProfit" : 0.61
  }, {
    "date" : "2019-09-30",
    "sales" : 2.35,
    "salesGrowthYoY" : -39.28,
    "grossProfitMargin" : 100.00,
    "grossProfit" : 2.35,
    "operatingProfitMargin" : 77.45,
    "operatingProfit" : 1.82,
    "netProfitMargin" : 28.51,
    "netProfit" : 0.67
  }, {
    "date" : "2019-12-31",
    "sales" : 3.69,
    "salesGrowthYoY" : -8.89,
    "grossProfitMargin" : 100.00,
    "grossProfit" : 3.69,
    "operatingProfitMargin" : 82.11,
    "operatingProfit" : 3.03,
    "netProfitMargin" : 26.83,
    "netProfit" : 0.99
  }, {
    "date" : "2020-03-31",
    "sales" : 7.99,
    "salesGrowthYoY" : 155.27,
    "grossProfitMargin" : 100.00,
    "grossProfit" : 7.99,
    "operatingProfitMargin" : 84.23,
    "operatingProfit" : 6.73,
    "netProfitMargin" : 22.15,
    "netProfit" : 1.77
  }, {
    "date" : "2020-06-30",
    "sales" : 5.26,
    "salesGrowthYoY" : 131.72,
    "grossProfitMargin" : 100.00,
    "grossProfit" : 5.26,
    "operatingProfitMargin" : 75.48,
    "operatingProfit" : 3.97,
    "netProfitMargin" : 31.37,
    "netProfit" : 1.65
  }, {
    "date" : "2020-09-30",
    "sales" : 5.48,
    "salesGrowthYoY" : 133.19,
    "grossProfitMargin" : 100.00,
    "grossProfit" : 5.48,
    "operatingProfitMargin" : 90.88,
    "operatingProfit" : 4.98,
    "netProfitMargin" : 44.71,
    "netProfit" : 2.45
  }, {
    "date" : "2020-12-31",
    "sales" : 3.50,
    "salesGrowthYoY" : -5.15,
    "grossProfitMargin" : 100.00,
    "grossProfit" : 3.50,
    "operatingProfitMargin" : 20.00,
    "operatingProfit" : 0.70,
    "netProfitMargin" : -22.29,
    "netProfit" : -0.78
  }, {
    "date" : "2021-03-31",
    "sales" : 6.19,
    "salesGrowthYoY" : -22.53,
    "grossProfitMargin" : 100.00,
    "grossProfit" : 6.19,
    "operatingProfitMargin" : 55.41,
    "operatingProfit" : 3.43,
    "netProfitMargin" : 19.22,
    "netProfit" : 1.19
  }, {
    "date" : "2021-06-30",
    "sales" : 4.62,
    "salesGrowthYoY" : -12.17,
    "grossProfitMargin" : 100.00,
    "grossProfit" : 4.62,
    "operatingProfitMargin" : 64.07,
    "operatingProfit" : 2.96,
    "netProfitMargin" : 38.53,
    "netProfit" : 1.78
  }, {
    "date" : "2021-09-30",
    "sales" : 6.22,
    "salesGrowthYoY" : 13.50,
    "grossProfitMargin" : 100.00,
    "grossProfit" : 6.22,
    "operatingProfitMargin" : 64.79,
    "operatingProfit" : 4.03,
    "netProfitMargin" : 26.37,
    "netProfit" : 1.64
  }, {
    "date" : "2021-12-31",
    "sales" : 5.63,
    "salesGrowthYoY" : 60.86,
    "grossProfitMargin" : 100.00,
    "grossProfit" : 5.63,
    "operatingProfitMargin" : 22.74,
    "operatingProfit" : 1.28,
    "netProfitMargin" : 8.35,
    "netProfit" : 0.47
  }, {
    "date" : "2022-03-31",
    "sales" : 6.17,
    "salesGrowthYoY" : -0.32,
    "grossProfitMargin" : 100.00,
    "grossProfit" : 6.17,
    "operatingProfitMargin" : 23.18,
    "operatingProfit" : 1.43,
    "netProfitMargin" : 11.18,
    "netProfit" : 0.69
  }, {
    "date" : "2022-06-30",
    "sales" : 8.30,
    "salesGrowthYoY" : 79.65,
    "grossProfitMargin" : 100.00,
    "grossProfit" : 8.30,
    "operatingProfitMargin" : 57.11,
    "operatingProfit" : 4.74,
    "netProfitMargin" : 34.82,
    "netProfit" : 2.89
  }, {
    "date" : "2022-09-30",
    "sales" : 10.78,
    "salesGrowthYoY" : 73.31,
    "grossProfitMargin" : 100.00,
    "grossProfit" : 10.78,
    "operatingProfitMargin" : 71.43,
    "operatingProfit" : 7.70,
    "netProfitMargin" : 44.53,
    "netProfit" : 4.80
  }, {
    "date" : "2022-12-31",
    "sales" : 14.06,
    "salesGrowthYoY" : 149.73,
    "grossProfitMargin" : 100.00,
    "grossProfit" : 14.06,
    "operatingProfitMargin" : 51.35,
    "operatingProfit" : 7.22,
    "netProfitMargin" : 31.08,
    "netProfit" : 4.37
  }, {
    "date" : "2023-03-31",
    "sales" : 17.29,
    "salesGrowthYoY" : 180.23,
    "grossProfitMargin" : 100.00,
    "grossProfit" : 17.29,
    "operatingProfitMargin" : 29.67,
    "operatingProfit" : 5.13,
    "netProfitMargin" : 13.07,
    "netProfit" : 2.26
  }, {
    "date" : "2023-06-30",
    "sales" : 19.99,
    "salesGrowthYoY" : 140.84,
    "grossProfitMargin" : 100.00,
    "grossProfit" : 19.99,
    "operatingProfitMargin" : 21.21,
    "operatingProfit" : 4.24,
    "netProfitMargin" : 9.50,
    "netProfit" : 1.90
  }, {
    "date" : "2023-09-30",
    "sales" : 23.06,
    "salesGrowthYoY" : 113.91,
    "grossProfitMargin" : 100.00,
    "grossProfit" : 23.06,
    "operatingProfitMargin" : 29.31,
    "operatingProfit" : 6.76,
    "netProfitMargin" : 18.91,
    "netProfit" : 4.36
  }, {
    "date" : "2023-12-31",
    "sales" : 23.64,
    "salesGrowthYoY" : 68.14,
    "grossProfitMargin" : 100.00,
    "grossProfit" : 23.64,
    "operatingProfitMargin" : 35.24,
    "operatingProfit" : 8.33,
    "netProfitMargin" : 20.77,
    "netProfit" : 4.91
  }, {
    "date" : "2024-03-31",
    "sales" : 23.35,
    "salesGrowthYoY" : 35.05,
    "grossProfitMargin" : 100.00,
    "grossProfit" : 23.35,
    "operatingProfitMargin" : 35.59,
    "operatingProfit" : 8.31,
    "netProfitMargin" : 20.94,
    "netProfit" : 4.89
  }, {
    "date" : "2024-06-30",
    "sales" : 28.43,
    "salesGrowthYoY" : 42.22,
    "grossProfitMargin" : 100.00,
    "grossProfit" : 28.43,
    "operatingProfitMargin" : 29.51,
    "operatingProfit" : 8.39,
    "netProfitMargin" : 15.44,
    "netProfit" : 4.39
  }, {
    "date" : "2024-09-30",
    "sales" : 31.90,
    "salesGrowthYoY" : 38.33,
    "grossProfitMargin" : 100.00,
    "grossProfit" : 31.90,
    "operatingProfitMargin" : 26.61,
    "operatingProfit" : 8.49,
    "netProfitMargin" : 10.88,
    "netProfit" : 3.47
  }, {
    "date" : "2024-12-31",
    "sales" : 39.87,
    "salesGrowthYoY" : 68.65,
    "grossProfitMargin" : 100.00,
    "grossProfit" : 39.87,
    "operatingProfitMargin" : 30.93,
    "operatingProfit" : 12.33,
    "netProfitMargin" : 14.15,
    "netProfit" : 5.64
  }, {
    "date" : "2025-03-31",
    "sales" : 40.28,
    "salesGrowthYoY" : 72.51,
    "grossProfitMargin" : 100.00,
    "grossProfit" : 40.28,
    "operatingProfitMargin" : 27.86,
    "operatingProfit" : 11.22,
    "netProfitMargin" : 9.71,
    "netProfit" : 3.91
  }, {
    "date" : "2025-06-30",
    "sales" : 39.88,
    "salesGrowthYoY" : 40.27,
    "grossProfitMargin" : 100.00,
    "grossProfit" : 39.88,
    "operatingProfitMargin" : 36.36,
    "operatingProfit" : 14.50,
    "netProfitMargin" : 12.76,
    "netProfit" : 5.09
  }, {
    "date" : "2025-09-30",
    "sales" : 48.05,
    "salesGrowthYoY" : 50.63,
    "grossProfitMargin" : 100.00,
    "grossProfit" : 48.05,
    "operatingProfitMargin" : 34.15,
    "operatingProfit" : 16.41,
    "netProfitMargin" : 12.32,
    "netProfit" : 5.92
  } ],
  "latestQuarterlyResult" : {
    "date" : "2025-09-30",
    "sales" : 48.05,
    "salesGrowthYoY" : 50.63,
    "grossProfitMargin" : 100.00,
    "grossProfit" : 48.05,
    "operatingProfitMargin" : 34.15,
    "operatingProfit" : 16.41,
    "netProfitMargin" : 12.32,
    "netProfit" : 5.92
  },
  "companyScore" : {
    "priceHigherThanDma50" : 0.00,
    "priceHigherThanDma100" : 0.00,
    "priceHigherThanDma200" : 0.00,
    "dma50HigherThanDma100" : 0.00,
    "dma50HigherThanDma200" : 0.00,
    "dma100HigherThanDma200" : 0.00,
    "pricePercentageAboveDma50" : 5.23,
    "pricePercentageAboveDma100" : 5.61,
    "pricePercentageAboveDma200" : 5.65,
    "weeklyVolumeHigherThanYearlyVolume" : 5.00,
    "salesGrowthPercentile" : 12.15,
    "operatingProfitMarginPercentile" : 18.72,
    "netProfitMarginPercentile" : 9.31,
    "totalTechnicalScore" : 21.49,
    "totalFundamentalScore" : 40.18,
    "totalScore" : 61.67
  }
}