{
  "metadata" : {
    "screenerCompanyId" : "1023",
    "companyCode" : "FINPIPE",
    "companyName" : "Finolex Inds.",
    "screenerCompanyLink" : "https://www.screener.in/company/FINPIPE/",
    "screenerTechnicalHistoryLink" : "https://www.screener.in/api/company/1023/chart/?q=Price-DMA50-DMA200-Volume&days=365",
    "screenerQuarterlyResultsLink" : "https://www.screener.in/api/company/1023/chart/?q=GPM-OPM-NPM-Quarter+Sales&days=10000",
    "attributes" : {
      "companyCode" : "FINPIPE",
      "companyName" : "Finolex Inds.",
      "marketCap" : 10961.00,
      "peRatio" : 25.10,
      "description" : "Finolex Industries Limited (FIL) is a leading manufacturer of PVC Resin and the largest producer of PVC Pipes & Fittings in India. The Company offers the latest range of superior quality and durable PVC-U pipes and fittings used in agriculture, construction and industrial operations. Its product portfolio consists of two major divisions: PVC Resin PVC Pipes & Fittings [1]"
    },
    "companyScore" : {
      "priceHigherThanDma50" : 0.00,
      "priceHigherThanDma100" : 0.00,
      "priceHigherThanDma200" : 0.00,
      "dma50HigherThanDma100" : 0.00,
      "dma50HigherThanDma200" : 0.00,
      "dma100HigherThanDma200" : 0.00,
      "pricePercentageAboveDma50" : 5.03,
      "pricePercentageAboveDma100" : 5.34,
      "pricePercentageAboveDma200" : 5.50,
      "weeklyVolumeHigherThanYearlyVolume" : 0.00,
      "salesGrowthPercentile" : 9.11,
      "operatingProfitMarginPercentile" : 12.64,
      "netProfitMarginPercentile" : 8.31,
      "totalTechnicalScore" : 15.87,
      "totalFundamentalScore" : 30.06,
      "totalScore" : 45.93
    }
  },
  "attributes" : {
    "companyCode" : "FINPIPE",
    "companyName" : "Finolex Inds.",
    "marketCap" : 10961.00,
    "peRatio" : 25.10,
    "description" : "Finolex Industries Limited (FIL) is a leading manufacturer of PVC Resin and the largest producer of PVC Pipes & Fittings in India. The Company offers the latest range of superior quality and durable PVC-U pipes and fittings used in agriculture, construction and industrial operations. Its product portfolio consists of two major divisions: PVC Resin PVC Pipes & Fittings [1]"
  },
  "technicalHistory" : [ {
    "date" : "2025-01-20",
    "price" : 210.25,
    "dma50" : 249.50,
    "dma100" : null,
    "dma200" : 269.16,
    "volume" : 1203799.00
  }, {
    "date" : "2025-01-21",
    "price" : 211.25,
    "dma50" : 248.00,
    "dma100" : null,
    "dma200" : 268.58,
    "volume" : 1897944.00
  }, {
    "date" : "2025-01-22",
    "price" : 206.95,
    "dma50" : 246.39,
    "dma100" : null,
    "dma200" : 267.97,
    "volume" : 745384.00
  }, {
    "date" : "2025-01-23",
    "price" : 211.05,
    "dma50" : 245.01,
    "dma100" : null,
    "dma200" : 267.40,
    "volume" : 2028042.00
  }, {
    "date" : "2025-01-24",
    "price" : 208.80,
    "dma50" : 243.59,
    "dma100" : null,
    "dma200" : 266.82,
    "volume" : 878299.00
  }, {
    "date" : "2025-01-27",
    "price" : 203.00,
    "dma50" : 241.99,
    "dma100" : null,
    "dma200" : 266.19,
    "volume" : 699817.00
  }, {
    "date" : "2025-01-28",
    "price" : 200.00,
    "dma50" : 240.35,
    "dma100" : null,
    "dma200" : 265.53,
    "volume" : 724800.00
  }, {
    "date" : "2025-01-29",
    "price" : 204.80,
    "dma50" : 238.95,
    "dma100" : null,
    "dma200" : 264.92,
    "volume" : 516486.00
  }, {
    "date" : "2025-01-30",
    "price" : 202.15,
    "dma50" : 237.51,
    "dma100" : null,
    "dma200" : 264.30,
    "volume" : 738153.00
  }, {
    "date" : "2025-01-31",
    "price" : 205.20,
    "dma50" : 236.24,
    "dma100" : null,
    "dma200" : 263.71,
    "volume" : 459550.00
  }, {
    "date" : "2025-02-01",
    "price" : 203.33,
    "dma50" : 234.95,
    "dma100" : null,
    "dma200" : 263.11,
    "volume" : 433404.00
  }, {
    "date" : "2025-02-03",
    "price" : 201.65,
    "dma50" : 233.65,
    "dma100" : null,
    "dma200" : 262.50,
    "volume" : 419389.00
  }, {
    "date" : "2025-02-04",
    "price" : 208.21,
    "dma50" : 232.65,
    "dma100" : null,
    "dma200" : 261.96,
    "volume" : 675751.00
  }, {
    "date" : "2025-02-05",
    "price" : 202.95,
    "dma50" : 231.48,
    "dma100" : null,
    "dma200" : 261.37,
    "volume" : 929078.00
  }, {
    "date" : "2025-02-06",
    "price" : 200.63,
    "dma50" : 230.27,
    "dma100" : null,
    "dma200" : 260.77,
    "volume" : 860155.00
  }, {
    "date" : "2025-02-07",
    "price" : 196.98,
    "dma50" : 228.97,
    "dma100" : null,
    "dma200" : 260.13,
    "volume" : 939213.00
  }, {
    "date" : "2025-02-10",
    "price" : 195.01,
    "dma50" : 227.64,
    "dma100" : null,
    "dma200" : 259.48,
    "volume" : 479275.00
  }, {
    "date" : "2025-02-11",
    "price" : 191.86,
    "dma50" : 226.23,
    "dma100" : null,
    "dma200" : 258.81,
    "volume" : 785956.00
  }, {
    "date" : "2025-02-12",
    "price" : 194.71,
    "dma50" : 225.00,
    "dma100" : null,
    "dma200" : 258.17,
    "volume" : 760164.00
  }, {
    "date" : "2025-02-13",
    "price" : 200.65,
    "dma50" : 224.04,
    "dma100" : null,
    "dma200" : 257.60,
    "volume" : 1249662.00
  }, {
    "date" : "2025-02-14",
    "price" : 190.20,
    "dma50" : 222.72,
    "dma100" : null,
    "dma200" : 256.93,
    "volume" : 2872325.00
  }, {
    "date" : "2025-02-17",
    "price" : 186.54,
    "dma50" : 221.30,
    "dma100" : null,
    "dma200" : 256.23,
    "volume" : 783947.00
  }, {
    "date" : "2025-02-18",
    "price" : 181.26,
    "dma50" : 219.73,
    "dma100" : null,
    "dma200" : 255.48,
    "volume" : 627621.00
  }, {
    "date" : "2025-02-19",
    "price" : 186.31,
    "dma50" : 218.42,
    "dma100" : null,
    "dma200" : 254.79,
    "volume" : 522483.00
  }, {
    "date" : "2025-02-20",
    "price" : 188.93,
    "dma50" : 217.26,
    "dma100" : null,
    "dma200" : 254.14,
    "volume" : 492643.00
  }, {
    "date" : "2025-02-21",
    "price" : 186.46,
    "dma50" : 216.05,
    "dma100" : null,
    "dma200" : 253.47,
    "volume" : 452426.00
  }, {
    "date" : "2025-02-24",
    "price" : 182.04,
    "dma50" : 214.72,
    "dma100" : null,
    "dma200" : 252.76,
    "volume" : 378500.00
  }, {
    "date" : "2025-02-25",
    "price" : 177.93,
    "dma50" : 213.28,
    "dma100" : null,
    "dma200" : 252.01,
    "volume" : 565008.00
  }, {
    "date" : "2025-02-27",
    "price" : 175.75,
    "dma50" : 211.80,
    "dma100" : null,
    "dma200" : 251.25,
    "volume" : 669376.00
  }, {
    "date" : "2025-02-28",
    "price" : 170.79,
    "dma50" : 210.20,
    "dma100" : null,
    "dma200" : 250.45,
    "volume" : 632461.00
  }, {
    "date" : "2025-03-03",
    "price" : 173.67,
    "dma50" : 208.76,
    "dma100" : null,
    "dma200" : 249.69,
    "volume" : 689603.00
  }, {
    "date" : "2025-03-04",
    "price" : 175.16,
    "dma50" : 207.45,
    "dma100" : null,
    "dma200" : 248.95,
    "volume" : 465351.00
  }, {
    "date" : "2025-03-05",
    "price" : 180.84,
    "dma50" : 206.40,
    "dma100" : null,
    "dma200" : 248.27,
    "volume" : 414690.00
  }, {
    "date" : "2025-03-06",
    "price" : 180.48,
    "dma50" : 205.39,
    "dma100" : null,
    "dma200" : 247.59,
    "volume" : 583230.00
  }, {
    "date" : "2025-03-07",
    "price" : 182.10,
    "dma50" : 204.47,
    "dma100" : null,
    "dma200" : 246.94,
    "volume" : 664340.00
  }, {
    "date" : "2025-03-10",
    "price" : 178.36,
    "dma50" : 203.45,
    "dma100" : null,
    "dma200" : 246.26,
    "volume" : 446356.00
  }, {
    "date" : "2025-03-11",
    "price" : 174.42,
    "dma50" : 202.31,
    "dma100" : null,
    "dma200" : 245.54,
    "volume" : 960082.00
  }, {
    "date" : "2025-03-12",
    "price" : 172.29,
    "dma50" : 201.13,
    "dma100" : null,
    "dma200" : 244.82,
    "volume" : 928913.00
  }, {
    "date" : "2025-03-13",
    "price" : 174.89,
    "dma50" : 200.10,
    "dma100" : null,
    "dma200" : 244.12,
    "volume" : 603392.00
  }, {
    "date" : "2025-03-17",
    "price" : 167.79,
    "dma50" : 198.84,
    "dma100" : null,
    "dma200" : 243.36,
    "volume" : 808381.00
  }, {
    "date" : "2025-03-18",
    "price" : 177.13,
    "dma50" : 197.99,
    "dma100" : null,
    "dma200" : 242.70,
    "volume" : 884587.00
  }, {
    "date" : "2025-03-19",
    "price" : 175.69,
    "dma50" : 197.11,
    "dma100" : null,
    "dma200" : 242.03,
    "volume" : 1081479.00
  }, {
    "date" : "2025-03-20",
    "price" : 174.97,
    "dma50" : 196.24,
    "dma100" : null,
    "dma200" : 241.37,
    "volume" : 1074355.00
  }, {
    "date" : "2025-03-21",
    "price" : 174.10,
    "dma50" : 195.37,
    "dma100" : null,
    "dma200" : 240.70,
    "volume" : 1298715.00
  }, {
    "date" : "2025-03-24",
    "price" : 185.37,
    "dma50" : 194.98,
    "dma100" : null,
    "dma200" : 240.15,
    "volume" : 27130851.00
  }, {
    "date" : "2025-03-25",
    "price" : 181.12,
    "dma50" : 194.44,
    "dma100" : null,
    "dma200" : 239.56,
    "volume" : 2027544.00
  }, {
    "date" : "2025-03-26",
    "price" : 175.91,
    "dma50" : 193.71,
    "dma100" : null,
    "dma200" : 238.93,
    "volume" : 1674089.00
  }, {
    "date" : "2025-03-27",
    "price" : 180.07,
    "dma50" : 193.18,
    "dma100" : null,
    "dma200" : 238.34,
    "volume" : 2191723.00
  }, {
    "date" : "2025-03-28",
    "price" : 179.93,
    "dma50" : 192.66,
    "dma100" : null,
    "dma200" : 237.76,
    "volume" : 1401773.00
  }, {
    "date" : "2025-04-01",
    "price" : 177.68,
    "dma50" : 192.07,
    "dma100" : null,
    "dma200" : 237.16,
    "volume" : 647124.00
  }, {
    "date" : "2025-04-02",
    "price" : 178.81,
    "dma50" : 191.55,
    "dma100" : null,
    "dma200" : 236.58,
    "volume" : 528046.00
  }, {
    "date" : "2025-04-03",
    "price" : 182.16,
    "dma50" : 191.18,
    "dma100" : null,
    "dma200" : 236.04,
    "volume" : 608752.00
  }, {
    "date" : "2025-04-04",
    "price" : 176.95,
    "dma50" : 190.62,
    "dma100" : null,
    "dma200" : 235.45,
    "volume" : 1061697.00
  }, {
    "date" : "2025-04-07",
    "price" : 175.65,
    "dma50" : 190.04,
    "dma100" : null,
    "dma200" : 234.86,
    "volume" : 1749560.00
  }, {
    "date" : "2025-04-08",
    "price" : 172.92,
    "dma50" : 189.37,
    "dma100" : null,
    "dma200" : 234.24,
    "volume" : 738226.00
  }, {
    "date" : "2025-04-09",
    "price" : 167.49,
    "dma50" : 188.51,
    "dma100" : null,
    "dma200" : 233.58,
    "volume" : 1207497.00
  }, {
    "date" : "2025-04-11",
    "price" : 171.98,
    "dma50" : 187.86,
    "dma100" : null,
    "dma200" : 232.96,
    "volume" : 904896.00
  }, {
    "date" : "2025-04-15",
    "price" : 179.88,
    "dma50" : 187.55,
    "dma100" : null,
    "dma200" : 232.44,
    "volume" : 1308417.00
  }, {
    "date" : "2025-04-16",
    "price" : 175.87,
    "dma50" : 187.09,
    "dma100" : null,
    "dma200" : 231.87,
    "volume" : 1309137.00
  }, {
    "date" : "2025-04-17",
    "price" : 175.35,
    "dma50" : 186.63,
    "dma100" : null,
    "dma200" : 231.31,
    "volume" : 1223826.00
  }, {
    "date" : "2025-04-21",
    "price" : 177.69,
    "dma50" : 186.28,
    "dma100" : null,
    "dma200" : 230.78,
    "volume" : 3834052.00
  }, {
    "date" : "2025-04-22",
    "price" : 177.45,
    "dma50" : 185.93,
    "dma100" : null,
    "dma200" : 230.25,
    "volume" : 1295497.00
  }, {
    "date" : "2025-04-23",
    "price" : 175.07,
    "dma50" : 185.51,
    "dma100" : null,
    "dma200" : 229.70,
    "volume" : 1223509.00
  }, {
    "date" : "2025-04-24",
    "price" : 176.22,
    "dma50" : 185.14,
    "dma100" : null,
    "dma200" : 229.16,
    "volume" : 3494646.00
  }, {
    "date" : "2025-04-25",
    "price" : 171.91,
    "dma50" : 184.62,
    "dma100" : null,
    "dma200" : 228.60,
    "volume" : 1878544.00
  }, {
    "date" : "2025-04-28",
    "price" : 177.11,
    "dma50" : 184.33,
    "dma100" : null,
    "dma200" : 228.08,
    "volume" : 1103746.00
  }, {
    "date" : "2025-04-29",
    "price" : 176.66,
    "dma50" : 184.03,
    "dma100" : null,
    "dma200" : 227.57,
    "volume" : 740314.00
  }, {
    "date" : "2025-04-30",
    "price" : 174.48,
    "dma50" : 183.65,
    "dma100" : null,
    "dma200" : 227.04,
    "volume" : 1939046.00
  }, {
    "date" : "2025-05-02",
    "price" : 177.09,
    "dma50" : 183.40,
    "dma100" : null,
    "dma200" : 226.55,
    "volume" : 1850857.00
  }, {
    "date" : "2025-05-05",
    "price" : 177.39,
    "dma50" : 183.16,
    "dma100" : null,
    "dma200" : 226.06,
    "volume" : 596091.00
  }, {
    "date" : "2025-05-06",
    "price" : 171.06,
    "dma50" : 182.69,
    "dma100" : null,
    "dma200" : 225.51,
    "volume" : 1958424.00
  }, {
    "date" : "2025-05-07",
    "price" : 179.10,
    "dma50" : 182.54,
    "dma100" : null,
    "dma200" : 225.05,
    "volume" : 2010159.00
  }, {
    "date" : "2025-05-08",
    "price" : 174.40,
    "dma50" : 182.23,
    "dma100" : null,
    "dma200" : 224.54,
    "volume" : 1442211.00
  }, {
    "date" : "2025-05-09",
    "price" : 172.58,
    "dma50" : 181.85,
    "dma100" : null,
    "dma200" : 224.03,
    "volume" : 678465.00
  }, {
    "date" : "2025-05-12",
    "price" : 184.46,
    "dma50" : 181.95,
    "dma100" : null,
    "dma200" : 223.63,
    "volume" : 1752965.00
  }, {
    "date" : "2025-05-13",
    "price" : 183.37,
    "dma50" : 182.01,
    "dma100" : null,
    "dma200" : 223.23,
    "volume" : 1157229.00
  }, {
    "date" : "2025-05-14",
    "price" : 188.68,
    "dma50" : 182.27,
    "dma100" : null,
    "dma200" : 222.89,
    "volume" : 1570047.00
  }, {
    "date" : "2025-05-15",
    "price" : 190.74,
    "dma50" : 182.60,
    "dma100" : null,
    "dma200" : 222.57,
    "volume" : 2443317.00
  }, {
    "date" : "2025-05-16",
    "price" : 191.57,
    "dma50" : 182.95,
    "dma100" : null,
    "dma200" : 222.26,
    "volume" : 1030589.00
  }, {
    "date" : "2025-05-19",
    "price" : 192.78,
    "dma50" : 183.34,
    "dma100" : null,
    "dma200" : 221.97,
    "volume" : 1281395.00
  }, {
    "date" : "2025-05-20",
    "price" : 188.93,
    "dma50" : 183.56,
    "dma100" : null,
    "dma200" : 221.64,
    "volume" : 745473.00
  }, {
    "date" : "2025-05-21",
    "price" : 189.98,
    "dma50" : 183.81,
    "dma100" : null,
    "dma200" : 221.32,
    "volume" : 564212.00
  }, {
    "date" : "2025-05-22",
    "price" : 195.74,
    "dma50" : 184.28,
    "dma100" : null,
    "dma200" : 221.07,
    "volume" : 3711953.00
  }, {
    "date" : "2025-05-23",
    "price" : 208.96,
    "dma50" : 185.24,
    "dma100" : null,
    "dma200" : 220.95,
    "volume" : 9747363.00
  }, {
    "date" : "2025-05-26",
    "price" : 223.51,
    "dma50" : 186.74,
    "dma100" : null,
    "dma200" : 220.97,
    "volume" : 20570827.00
  }, {
    "date" : "2025-05-27",
    "price" : 224.74,
    "dma50" : 188.23,
    "dma100" : null,
    "dma200" : 221.01,
    "volume" : 9541531.00
  }, {
    "date" : "2025-05-28",
    "price" : 222.04,
    "dma50" : 189.56,
    "dma100" : null,
    "dma200" : 221.02,
    "volume" : 1567638.00
  }, {
    "date" : "2025-05-29",
    "price" : 218.20,
    "dma50" : 190.68,
    "dma100" : null,
    "dma200" : 220.99,
    "volume" : 1238868.00
  }, {
    "date" : "2025-05-30",
    "price" : 218.16,
    "dma50" : 191.76,
    "dma100" : null,
    "dma200" : 220.97,
    "volume" : 883538.00
  }, {
    "date" : "2025-06-02",
    "price" : 216.20,
    "dma50" : 192.72,
    "dma100" : null,
    "dma200" : 220.92,
    "volume" : 643906.00
  }, {
    "date" : "2025-06-03",
    "price" : 216.46,
    "dma50" : 193.65,
    "dma100" : null,
    "dma200" : 220.87,
    "volume" : 1145288.00
  }, {
    "date" : "2025-06-04",
    "price" : 216.81,
    "dma50" : 194.56,
    "dma100" : null,
    "dma200" : 220.83,
    "volume" : 817912.00
  }, {
    "date" : "2025-06-05",
    "price" : 214.68,
    "dma50" : 195.35,
    "dma100" : null,
    "dma200" : 220.77,
    "volume" : 597020.00
  }, {
    "date" : "2025-06-06",
    "price" : 218.11,
    "dma50" : 196.24,
    "dma100" : null,
    "dma200" : 220.75,
    "volume" : 1125907.00
  }, {
    "date" : "2025-06-09",
    "price" : 218.61,
    "dma50" : 197.12,
    "dma100" : null,
    "dma200" : 220.72,
    "volume" : 1358084.00
  }, {
    "date" : "2025-06-10",
    "price" : 221.66,
    "dma50" : 198.08,
    "dma100" : null,
    "dma200" : 220.73,
    "volume" : 2662156.00
  }, {
    "date" : "2025-06-11",
    "price" : 224.77,
    "dma50" : 199.13,
    "dma100" : null,
    "dma200" : 220.77,
    "volume" : 1016688.00
  }, {
    "date" : "2025-06-12",
    "price" : 217.45,
    "dma50" : 199.85,
    "dma100" : null,
    "dma200" : 220.74,
    "volume" : 784215.00
  }, {
    "date" : "2025-06-13",
    "price" : 222.78,
    "dma50" : 200.74,
    "dma100" : null,
    "dma200" : 220.76,
    "volume" : 3052458.00
  }, {
    "date" : "2025-06-16",
    "price" : 222.53,
    "dma50" : 201.60,
    "dma100" : null,
    "dma200" : 220.78,
    "volume" : 971976.00
  }, {
    "date" : "2025-06-17",
    "price" : 228.24,
    "dma50" : 202.64,
    "dma100" : 190.93,
    "dma200" : 220.85,
    "volume" : 4570377.00
  }, {
    "date" : "2025-06-18",
    "price" : 232.53,
    "dma50" : 203.82,
    "dma100" : 191.14,
    "dma200" : 220.97,
    "volume" : 6569137.00
  }, {
    "date" : "2025-06-19",
    "price" : 221.25,
    "dma50" : 204.50,
    "dma100" : 191.28,
    "dma200" : 220.97,
    "volume" : 2606782.00
  }, {
    "date" : "2025-06-20",
    "price" : 215.32,
    "dma50" : 204.92,
    "dma100" : 191.33,
    "dma200" : 220.92,
    "volume" : 2432673.00
  }, {
    "date" : "2025-06-23",
    "price" : 213.35,
    "dma50" : 205.25,
    "dma100" : 191.37,
    "dma200" : 220.84,
    "volume" : 1157192.00
  }, {
    "date" : "2025-06-24",
    "price" : 216.05,
    "dma50" : 205.68,
    "dma100" : 191.50,
    "dma200" : 220.79,
    "volume" : 1129471.00
  }, {
    "date" : "2025-06-25",
    "price" : 216.75,
    "dma50" : 206.11,
    "dma100" : 191.67,
    "dma200" : 220.75,
    "volume" : 818898.00
  }, {
    "date" : "2025-06-26",
    "price" : 217.74,
    "dma50" : 206.57,
    "dma100" : 191.80,
    "dma200" : 220.72,
    "volume" : 620338.00
  }, {
    "date" : "2025-06-27",
    "price" : 216.92,
    "dma50" : 206.97,
    "dma100" : 191.95,
    "dma200" : 220.68,
    "volume" : 639894.00
  }, {
    "date" : "2025-06-30",
    "price" : 218.03,
    "dma50" : 207.41,
    "dma100" : 192.08,
    "dma200" : 220.66,
    "volume" : 932155.00
  }, {
    "date" : "2025-07-01",
    "price" : 216.76,
    "dma50" : 207.77,
    "dma100" : 192.21,
    "dma200" : 220.62,
    "volume" : 567077.00
  }, {
    "date" : "2025-07-02",
    "price" : 213.18,
    "dma50" : 207.99,
    "dma100" : 192.32,
    "dma200" : 220.55,
    "volume" : 638804.00
  }, {
    "date" : "2025-07-03",
    "price" : 212.69,
    "dma50" : 208.17,
    "dma100" : 192.37,
    "dma200" : 220.47,
    "volume" : 660172.00
  }, {
    "date" : "2025-07-04",
    "price" : 211.12,
    "dma50" : 208.29,
    "dma100" : 192.45,
    "dma200" : 220.37,
    "volume" : 627762.00
  }, {
    "date" : "2025-07-07",
    "price" : 204.97,
    "dma50" : 208.16,
    "dma100" : 192.49,
    "dma200" : 220.22,
    "volume" : 1007415.00
  }, {
    "date" : "2025-07-08",
    "price" : 206.18,
    "dma50" : 208.08,
    "dma100" : 192.59,
    "dma200" : 220.08,
    "volume" : 771666.00
  }, {
    "date" : "2025-07-09",
    "price" : 204.36,
    "dma50" : 207.93,
    "dma100" : 192.68,
    "dma200" : 219.92,
    "volume" : 728969.00
  }, {
    "date" : "2025-07-10",
    "price" : 205.27,
    "dma50" : 207.83,
    "dma100" : 192.81,
    "dma200" : 219.78,
    "volume" : 369946.00
  }, {
    "date" : "2025-07-11",
    "price" : 205.44,
    "dma50" : 207.73,
    "dma100" : 192.92,
    "dma200" : 219.64,
    "volume" : 408749.00
  }, {
    "date" : "2025-07-14",
    "price" : 204.91,
    "dma50" : 207.62,
    "dma100" : 192.96,
    "dma200" : 219.49,
    "volume" : 404233.00
  }, {
    "date" : "2025-07-15",
    "price" : 208.32,
    "dma50" : 207.65,
    "dma100" : 193.15,
    "dma200" : 219.38,
    "volume" : 533791.00
  }, {
    "date" : "2025-07-16",
    "price" : 214.30,
    "dma50" : 207.91,
    "dma100" : 193.42,
    "dma200" : 219.33,
    "volume" : 1837997.00
  }, {
    "date" : "2025-07-17",
    "price" : 214.68,
    "dma50" : 208.18,
    "dma100" : 193.76,
    "dma200" : 219.28,
    "volume" : 563062.00
  }, {
    "date" : "2025-07-18",
    "price" : 210.98,
    "dma50" : 208.29,
    "dma100" : 194.00,
    "dma200" : 219.20,
    "volume" : 440658.00
  }, {
    "date" : "2025-07-21",
    "price" : 206.09,
    "dma50" : 208.20,
    "dma100" : 194.18,
    "dma200" : 219.07,
    "volume" : 1028571.00
  }, {
    "date" : "2025-07-22",
    "price" : 201.78,
    "dma50" : 207.95,
    "dma100" : 194.33,
    "dma200" : 218.90,
    "volume" : 1250234.00
  }, {
    "date" : "2025-07-23",
    "price" : 207.93,
    "dma50" : 207.95,
    "dma100" : 194.59,
    "dma200" : 218.79,
    "volume" : 1456057.00
  }, {
    "date" : "2025-07-24",
    "price" : 212.16,
    "dma50" : 208.11,
    "dma100" : 194.93,
    "dma200" : 218.72,
    "volume" : 1637323.00
  }, {
    "date" : "2025-07-25",
    "price" : 208.72,
    "dma50" : 208.14,
    "dma100" : 195.26,
    "dma200" : 218.62,
    "volume" : 844828.00
  }, {
    "date" : "2025-07-28",
    "price" : 207.57,
    "dma50" : 208.12,
    "dma100" : 195.63,
    "dma200" : 218.51,
    "volume" : 833678.00
  }, {
    "date" : "2025-07-29",
    "price" : 209.33,
    "dma50" : 208.16,
    "dma100" : 195.98,
    "dma200" : 218.42,
    "volume" : 443221.00
  }, {
    "date" : "2025-07-30",
    "price" : 212.81,
    "dma50" : 208.35,
    "dma100" : 196.36,
    "dma200" : 218.36,
    "volume" : 1169558.00
  }, {
    "date" : "2025-07-31",
    "price" : 206.26,
    "dma50" : 208.26,
    "dma100" : 196.61,
    "dma200" : 218.24,
    "volume" : 1116184.00
  }, {
    "date" : "2025-08-01",
    "price" : 200.72,
    "dma50" : 207.97,
    "dma100" : 196.82,
    "dma200" : 218.07,
    "volume" : 641582.00
  }, {
    "date" : "2025-08-04",
    "price" : 197.99,
    "dma50" : 207.58,
    "dma100" : 196.98,
    "dma200" : 217.87,
    "volume" : 1074448.00
  }, {
    "date" : "2025-08-05",
    "price" : 196.94,
    "dma50" : 207.16,
    "dma100" : 197.16,
    "dma200" : 217.66,
    "volume" : 434380.00
  }, {
    "date" : "2025-08-06",
    "price" : 195.31,
    "dma50" : 206.69,
    "dma100" : 197.37,
    "dma200" : 217.44,
    "volume" : 386414.00
  }, {
    "date" : "2025-08-07",
    "price" : 189.09,
    "dma50" : 206.00,
    "dma100" : 197.54,
    "dma200" : 217.16,
    "volume" : 700783.00
  }, {
    "date" : "2025-08-08",
    "price" : 188.98,
    "dma50" : 205.34,
    "dma100" : 197.68,
    "dma200" : 216.88,
    "volume" : 569090.00
  }, {
    "date" : "2025-08-11",
    "price" : 189.39,
    "dma50" : 204.71,
    "dma100" : 197.90,
    "dma200" : 216.60,
    "volume" : 434794.00
  }, {
    "date" : "2025-08-12",
    "price" : 191.29,
    "dma50" : 204.18,
    "dma100" : 198.04,
    "dma200" : 216.35,
    "volume" : 859141.00
  }, {
    "date" : "2025-08-13",
    "price" : 190.64,
    "dma50" : 203.65,
    "dma100" : 198.19,
    "dma200" : 216.10,
    "volume" : 181004.00
  }, {
    "date" : "2025-08-14",
    "price" : 187.62,
    "dma50" : 203.02,
    "dma100" : 198.31,
    "dma200" : 215.81,
    "volume" : 424486.00
  }, {
    "date" : "2025-08-18",
    "price" : 198.39,
    "dma50" : 202.84,
    "dma100" : 198.56,
    "dma200" : 215.64,
    "volume" : 1139147.00
  }, {
    "date" : "2025-08-19",
    "price" : 205.82,
    "dma50" : 202.96,
    "dma100" : 198.76,
    "dma200" : 215.54,
    "volume" : 1172157.00
  }, {
    "date" : "2025-08-20",
    "price" : 203.07,
    "dma50" : 202.96,
    "dma100" : 198.98,
    "dma200" : 215.42,
    "volume" : 481334.00
  }, {
    "date" : "2025-08-21",
    "price" : 208.10,
    "dma50" : 203.17,
    "dma100" : 199.30,
    "dma200" : 215.34,
    "volume" : 972501.00
  }, {
    "date" : "2025-08-22",
    "price" : 211.72,
    "dma50" : 203.50,
    "dma100" : 199.62,
    "dma200" : 215.31,
    "volume" : 1858202.00
  }, {
    "date" : "2025-08-25",
    "price" : 212.13,
    "dma50" : 203.84,
    "dma100" : 199.94,
    "dma200" : 215.28,
    "volume" : 1311202.00
  }, {
    "date" : "2025-08-26",
    "price" : 209.13,
    "dma50" : 204.05,
    "dma100" : 200.26,
    "dma200" : 215.22,
    "volume" : 601113.00
  }, {
    "date" : "2025-08-28",
    "price" : 207.82,
    "dma50" : 204.19,
    "dma100" : 200.55,
    "dma200" : 215.14,
    "volume" : 442553.00
  }, {
    "date" : "2025-08-29",
    "price" : 211.92,
    "dma50" : 204.50,
    "dma100" : 200.84,
    "dma200" : 215.11,
    "volume" : 652198.00
  }, {
    "date" : "2025-09-01",
    "price" : 214.01,
    "dma50" : 204.87,
    "dma100" : 201.21,
    "dma200" : 215.10,
    "volume" : 1426725.00
  }, {
    "date" : "2025-09-02",
    "price" : 217.01,
    "dma50" : 205.35,
    "dma100" : 201.63,
    "dma200" : 215.12,
    "volume" : 790831.00
  }, {
    "date" : "2025-09-03",
    "price" : 218.05,
    "dma50" : 205.85,
    "dma100" : 202.08,
    "dma200" : 215.15,
    "volume" : 961735.00
  }, {
    "date" : "2025-09-04",
    "price" : 218.20,
    "dma50" : 206.33,
    "dma100" : 202.59,
    "dma200" : 215.18,
    "volume" : 485289.00
  }, {
    "date" : "2025-09-05",
    "price" : 213.73,
    "dma50" : 206.62,
    "dma100" : 203.00,
    "dma200" : 215.16,
    "volume" : 910692.00
  }, {
    "date" : "2025-09-08",
    "price" : 210.58,
    "dma50" : 206.78,
    "dma100" : 203.31,
    "dma200" : 215.12,
    "volume" : 308495.00
  }, {
    "date" : "2025-09-09",
    "price" : 209.36,
    "dma50" : 206.88,
    "dma100" : 203.64,
    "dma200" : 215.06,
    "volume" : 233070.00
  }, {
    "date" : "2025-09-10",
    "price" : 208.97,
    "dma50" : 206.96,
    "dma100" : 203.98,
    "dma200" : 215.00,
    "volume" : 377372.00
  }, {
    "date" : "2025-09-11",
    "price" : 212.07,
    "dma50" : 207.16,
    "dma100" : 204.32,
    "dma200" : 214.97,
    "volume" : 337977.00
  }, {
    "date" : "2025-09-12",
    "price" : 215.65,
    "dma50" : 207.49,
    "dma100" : 204.71,
    "dma200" : 214.98,
    "volume" : 1523027.00
  }, {
    "date" : "2025-09-15",
    "price" : 220.76,
    "dma50" : 208.01,
    "dma100" : 205.16,
    "dma200" : 215.03,
    "volume" : 1738483.00
  }, {
    "date" : "2025-09-16",
    "price" : 219.17,
    "dma50" : 208.45,
    "dma100" : 205.59,
    "dma200" : 215.08,
    "volume" : 1125231.00
  }, {
    "date" : "2025-09-17",
    "price" : 217.69,
    "dma50" : 208.81,
    "dma100" : 206.05,
    "dma200" : 215.10,
    "volume" : 790118.00
  }, {
    "date" : "2025-09-18",
    "price" : 216.20,
    "dma50" : 209.10,
    "dma100" : 206.44,
    "dma200" : 215.11,
    "volume" : 681335.00
  }, {
    "date" : "2025-09-19",
    "price" : 216.92,
    "dma50" : 209.41,
    "dma100" : 206.84,
    "dma200" : 215.13,
    "volume" : 819884.00
  }, {
    "date" : "2025-09-22",
    "price" : 216.09,
    "dma50" : 209.67,
    "dma100" : 207.26,
    "dma200" : 215.14,
    "volume" : 643917.00
  }, {
    "date" : "2025-09-23",
    "price" : 211.49,
    "dma50" : 209.74,
    "dma100" : 207.60,
    "dma200" : 215.10,
    "volume" : 386754.00
  }, {
    "date" : "2025-09-24",
    "price" : 210.39,
    "dma50" : 209.77,
    "dma100" : 207.93,
    "dma200" : 215.06,
    "volume" : 340236.00
  }, {
    "date" : "2025-09-25",
    "price" : 212.13,
    "dma50" : 209.86,
    "dma100" : 208.35,
    "dma200" : 215.03,
    "volume" : 417139.00
  }, {
    "date" : "2025-09-26",
    "price" : 208.23,
    "dma50" : 209.80,
    "dma100" : 208.64,
    "dma200" : 214.96,
    "volume" : 889339.00
  }, {
    "date" : "2025-09-29",
    "price" : 200.78,
    "dma50" : 209.44,
    "dma100" : 208.90,
    "dma200" : 214.82,
    "volume" : 1039134.00
  }, {
    "date" : "2025-09-30",
    "price" : 200.10,
    "dma50" : 209.08,
    "dma100" : 209.18,
    "dma200" : 214.67,
    "volume" : 585981.00
  }, {
    "date" : "2025-10-01",
    "price" : 199.40,
    "dma50" : 208.70,
    "dma100" : 209.32,
    "dma200" : 214.52,
    "volume" : 715446.00
  }, {
    "date" : "2025-10-03",
    "price" : 205.89,
    "dma50" : 208.59,
    "dma100" : 209.55,
    "dma200" : 214.44,
    "volume" : 584553.00
  }, {
    "date" : "2025-10-06",
    "price" : 199.43,
    "dma50" : 208.23,
    "dma100" : 209.66,
    "dma200" : 214.29,
    "volume" : 665344.00
  }, {
    "date" : "2025-10-07",
    "price" : 195.56,
    "dma50" : 207.73,
    "dma100" : 209.71,
    "dma200" : 214.10,
    "volume" : 841134.00
  }, {
    "date" : "2025-10-08",
    "price" : 194.77,
    "dma50" : 207.22,
    "dma100" : 209.74,
    "dma200" : 213.91,
    "volume" : 573207.00
  }, {
    "date" : "2025-10-09",
    "price" : 194.04,
    "dma50" : 206.71,
    "dma100" : 209.75,
    "dma200" : 213.71,
    "volume" : 536049.00
  }, {
    "date" : "2025-10-10",
    "price" : 192.94,
    "dma50" : 206.17,
    "dma100" : 209.79,
    "dma200" : 213.50,
    "volume" : 450871.00
  }, {
    "date" : "2025-10-13",
    "price" : 190.74,
    "dma50" : 205.56,
    "dma100" : 209.80,
    "dma200" : 213.28,
    "volume" : 283136.00
  }, {
    "date" : "2025-10-14",
    "price" : 190.40,
    "dma50" : 204.97,
    "dma100" : 209.74,
    "dma200" : 213.05,
    "volume" : 656117.00
  }, {
    "date" : "2025-10-15",
    "price" : 191.80,
    "dma50" : 204.45,
    "dma100" : 209.57,
    "dma200" : 212.84,
    "volume" : 541022.00
  }, {
    "date" : "2025-10-16",
    "price" : 191.01,
    "dma50" : 203.92,
    "dma100" : 209.25,
    "dma200" : 212.62,
    "volume" : 598155.00
  }, {
    "date" : "2025-10-17",
    "price" : 190.99,
    "dma50" : 203.42,
    "dma100" : 208.91,
    "dma200" : 212.40,
    "volume" : 577424.00
  }, {
    "date" : "2025-10-20",
    "price" : 190.96,
    "dma50" : 202.93,
    "dma100" : 208.60,
    "dma200" : 212.19,
    "volume" : 439301.00
  }, {
    "date" : "2025-10-21",
    "price" : 191.72,
    "dma50" : 202.49,
    "dma100" : 208.34,
    "dma200" : 211.99,
    "volume" : 118411.00
  }, {
    "date" : "2025-10-23",
    "price" : 189.98,
    "dma50" : 202.00,
    "dma100" : 208.05,
    "dma200" : 211.77,
    "volume" : 1310934.00
  }, {
    "date" : "2025-10-24",
    "price" : 189.07,
    "dma50" : 201.49,
    "dma100" : 207.78,
    "dma200" : 211.54,
    "volume" : 386376.00
  }, {
    "date" : "2025-10-27",
    "price" : 190.18,
    "dma50" : 201.05,
    "dma100" : 207.52,
    "dma200" : 211.33,
    "volume" : 411950.00
  }, {
    "date" : "2025-10-28",
    "price" : 190.24,
    "dma50" : 200.62,
    "dma100" : 207.25,
    "dma200" : 211.12,
    "volume" : 215293.00
  }, {
    "date" : "2025-10-29",
    "price" : 191.01,
    "dma50" : 200.25,
    "dma100" : 207.02,
    "dma200" : 210.92,
    "volume" : 435873.00
  }, {
    "date" : "2025-10-30",
    "price" : 189.89,
    "dma50" : 199.84,
    "dma100" : 206.73,
    "dma200" : 210.71,
    "volume" : 326074.00
  }, {
    "date" : "2025-10-31",
    "price" : 188.01,
    "dma50" : 199.38,
    "dma100" : 206.43,
    "dma200" : 210.49,
    "volume" : 723552.00
  }, {
    "date" : "2025-11-03",
    "price" : 188.08,
    "dma50" : 198.93,
    "dma100" : 206.09,
    "dma200" : 210.26,
    "volume" : 303013.00
  }, {
    "date" : "2025-11-04",
    "price" : 188.33,
    "dma50" : 198.52,
    "dma100" : 205.73,
    "dma200" : 210.04,
    "volume" : 406774.00
  }, {
    "date" : "2025-11-06",
    "price" : 182.29,
    "dma50" : 197.88,
    "dma100" : 205.38,
    "dma200" : 209.77,
    "volume" : 627934.00
  }, {
    "date" : "2025-11-07",
    "price" : 185.26,
    "dma50" : 197.39,
    "dma100" : 205.00,
    "dma200" : 209.52,
    "volume" : 384038.00
  }, {
    "date" : "2025-11-10",
    "price" : 188.79,
    "dma50" : 197.05,
    "dma100" : 204.66,
    "dma200" : 209.32,
    "volume" : 1779103.00
  }, {
    "date" : "2025-11-11",
    "price" : 187.61,
    "dma50" : 196.68,
    "dma100" : 204.26,
    "dma200" : 209.10,
    "volume" : 559292.00
  }, {
    "date" : "2025-11-12",
    "price" : 186.21,
    "dma50" : 196.27,
    "dma100" : 203.79,
    "dma200" : 208.87,
    "volume" : 494242.00
  }, {
    "date" : "2025-11-13",
    "price" : 187.14,
    "dma50" : 195.91,
    "dma100" : 203.45,
    "dma200" : 208.66,
    "volume" : 719158.00
  }, {
    "date" : "2025-11-14",
    "price" : 188.04,
    "dma50" : 195.60,
    "dma100" : 203.18,
    "dma200" : 208.45,
    "volume" : 1313303.00
  }, {
    "date" : "2025-11-17",
    "price" : 187.03,
    "dma50" : 195.27,
    "dma100" : 202.92,
    "dma200" : 208.24,
    "volume" : 337665.00
  }, {
    "date" : "2025-11-18",
    "price" : 185.09,
    "dma50" : 194.87,
    "dma100" : 202.61,
    "dma200" : 208.01,
    "volume" : 388232.00
  }, {
    "date" : "2025-11-19",
    "price" : 183.43,
    "dma50" : 194.42,
    "dma100" : 202.27,
    "dma200" : 207.76,
    "volume" : 1030644.00
  }, {
    "date" : "2025-11-20",
    "price" : 179.95,
    "dma50" : 193.85,
    "dma100" : 201.90,
    "dma200" : 207.49,
    "volume" : 847210.00
  }, {
    "date" : "2025-11-21",
    "price" : 181.73,
    "dma50" : 193.38,
    "dma100" : 201.54,
    "dma200" : 207.23,
    "volume" : 396170.00
  }, {
    "date" : "2025-11-24",
    "price" : 182.82,
    "dma50" : 192.96,
    "dma100" : 201.19,
    "dma200" : 206.99,
    "volume" : 1527002.00
  }, {
    "date" : "2025-11-25",
    "price" : 185.12,
    "dma50" : 192.65,
    "dma100" : 200.88,
    "dma200" : 206.77,
    "volume" : 439515.00
  }, {
    "date" : "2025-11-26",
    "price" : 184.51,
    "dma50" : 192.33,
    "dma100" : 200.59,
    "dma200" : 206.55,
    "volume" : 760652.00
  }, {
    "date" : "2025-11-27",
    "price" : 180.71,
    "dma50" : 191.88,
    "dma100" : 200.27,
    "dma200" : 206.29,
    "volume" : 922671.00
  }, {
    "date" : "2025-11-28",
    "price" : 178.73,
    "dma50" : 191.36,
    "dma100" : 199.95,
    "dma200" : 206.02,
    "volume" : 439450.00
  }, {
    "date" : "2025-12-01",
    "price" : 176.31,
    "dma50" : 190.77,
    "dma100" : 199.66,
    "dma200" : 205.72,
    "volume" : 609557.00
  }, {
    "date" : "2025-12-02",
    "price" : 174.82,
    "dma50" : 190.15,
    "dma100" : 199.35,
    "dma200" : 205.41,
    "volume" : 787705.00
  }, {
    "date" : "2025-12-03",
    "price" : 172.26,
    "dma50" : 189.45,
    "dma100" : 199.02,
    "dma200" : 205.09,
    "volume" : 948324.00
  }, {
    "date" : "2025-12-04",
    "price" : 170.48,
    "dma50" : 188.70,
    "dma100" : 198.68,
    "dma200" : 204.74,
    "volume" : 1090869.00
  }, {
    "date" : "2025-12-05",
    "price" : 169.13,
    "dma50" : 187.93,
    "dma100" : 198.31,
    "dma200" : 204.39,
    "volume" : 734207.00
  }, {
    "date" : "2025-12-08",
    "price" : 165.19,
    "dma50" : 187.04,
    "dma100" : 197.92,
    "dma200" : 204.00,
    "volume" : 693745.00
  }, {
    "date" : "2025-12-09",
    "price" : 165.76,
    "dma50" : 186.21,
    "dma100" : 197.49,
    "dma200" : 203.62,
    "volume" : 1092981.00
  }, {
    "date" : "2025-12-10",
    "price" : 163.40,
    "dma50" : 185.31,
    "dma100" : 196.98,
    "dma200" : 203.22,
    "volume" : 1219446.00
  }, {
    "date" : "2025-12-11",
    "price" : 165.43,
    "dma50" : 184.53,
    "dma100" : 196.49,
    "dma200" : 202.84,
    "volume" : 773431.00
  }, {
    "date" : "2025-12-12",
    "price" : 165.59,
    "dma50" : 183.79,
    "dma100" : 196.04,
    "dma200" : 202.47,
    "volume" : 279748.00
  }, {
    "date" : "2025-12-15",
    "price" : 165.22,
    "dma50" : 183.06,
    "dma100" : 195.63,
    "dma200" : 202.10,
    "volume" : 608011.00
  }, {
    "date" : "2025-12-16",
    "price" : 167.14,
    "dma50" : 182.44,
    "dma100" : 195.28,
    "dma200" : 201.75,
    "volume" : 719253.00
  }, {
    "date" : "2025-12-17",
    "price" : 164.52,
    "dma50" : 181.74,
    "dma100" : 194.85,
    "dma200" : 201.38,
    "volume" : 301451.00
  }, {
    "date" : "2025-12-18",
    "price" : 165.02,
    "dma50" : 181.08,
    "dma100" : 194.38,
    "dma200" : 201.02,
    "volume" : 348665.00
  }, {
    "date" : "2025-12-19",
    "price" : 166.18,
    "dma50" : 180.50,
    "dma100" : 193.95,
    "dma200" : 200.67,
    "volume" : 276142.00
  }, {
    "date" : "2025-12-22",
    "price" : 167.78,
    "dma50" : 180.00,
    "dma100" : 193.55,
    "dma200" : 200.34,
    "volume" : 356664.00
  }, {
    "date" : "2025-12-23",
    "price" : 168.67,
    "dma50" : 179.55,
    "dma100" : 193.15,
    "dma200" : 200.03,
    "volume" : 264049.00
  }, {
    "date" : "2025-12-24",
    "price" : 168.95,
    "dma50" : 179.14,
    "dma100" : 192.71,
    "dma200" : 199.72,
    "volume" : 434132.00
  }, {
    "date" : "2025-12-26",
    "price" : 169.81,
    "dma50" : 178.77,
    "dma100" : 192.34,
    "dma200" : 199.42,
    "volume" : 323682.00
  }, {
    "date" : "2025-12-29",
    "price" : 171.18,
    "dma50" : 178.47,
    "dma100" : 192.05,
    "dma200" : 199.14,
    "volume" : 679036.00
  }, {
    "date" : "2025-12-30",
    "price" : 170.80,
    "dma50" : 178.17,
    "dma100" : 191.77,
    "dma200" : 198.86,
    "volume" : 924546.00
  }, {
    "date" : "2025-12-31",
    "price" : 174.01,
    "dma50" : 178.01,
    "dma100" : 191.55,
    "dma200" : 198.61,
    "volume" : 502352.00
  }, {
    "date" : "2026-01-01",
    "price" : 175.77,
    "dma50" : 177.92,
    "dma100" : 191.35,
    "dma200" : 198.38,
    "volume" : 408072.00
  }, {
    "date" : "2026-01-02",
    "price" : 178.51,
    "dma50" : 177.94,
    "dma100" : 191.24,
    "dma200" : 198.19,
    "volume" : 595210.00
  }, {
    "date" : "2026-01-05",
    "price" : 183.56,
    "dma50" : 178.16,
    "dma100" : 191.19,
    "dma200" : 198.04,
    "volume" : 1603339.00
  }, {
    "date" : "2026-01-06",
    "price" : 180.66,
    "dma50" : 178.26,
    "dma100" : 191.10,
    "dma200" : 197.87,
    "volume" : 434065.00
  }, {
    "date" : "2026-01-07",
    "price" : 179.56,
    "dma50" : 178.31,
    "dma100" : 190.99,
    "dma200" : 197.69,
    "volume" : 262132.00
  }, {
    "date" : "2026-01-08",
    "price" : 177.10,
    "dma50" : 178.27,
    "dma100" : 190.85,
    "dma200" : 197.48,
    "volume" : 448400.00
  }, {
    "date" : "2026-01-09",
    "price" : 173.99,
    "dma50" : 178.10,
    "dma100" : 190.71,
    "dma200" : 197.25,
    "volume" : 509261.00
  }, {
    "date" : "2026-01-12",
    "price" : 173.17,
    "dma50" : 177.90,
    "dma100" : 190.46,
    "dma200" : 197.01,
    "volume" : 346546.00
  }, {
    "date" : "2026-01-13",
    "price" : 174.01,
    "dma50" : 177.75,
    "dma100" : 190.14,
    "dma200" : 196.78,
    "volume" : 169249.00
  }, {
    "date" : "2026-01-14",
    "price" : 175.51,
    "dma50" : 177.66,
    "dma100" : 189.87,
    "dma200" : 196.57,
    "volume" : 240507.00
  }, {
    "date" : "2026-01-16",
    "price" : 176.66,
    "dma50" : 177.62,
    "dma100" : 189.55,
    "dma200" : 196.37,
    "volume" : 262179.00
  } ],
  "latestTechnicalAttributes" : {
    "date" : "2026-01-16",
    "price" : 176.66,
    "dma50" : 177.62,
    "dma100" : 189.55,
    "dma200" : 196.37,
    "volume" : 262179.00
  },
  "quarterlyResults" : [ {
    "date" : "2005-03-31",
    "sales" : 238.31,
    "salesGrowthYoY" : null,
    "grossProfitMargin" : 23.62,
    "grossProfit" : 56.29,
    "operatingProfitMargin" : 13.34,
    "operatingProfit" : 31.79,
    "netProfitMargin" : 11.60,
    "netProfit" : 27.64
  }, {
    "date" : "2005-06-30",
    "sales" : 175.90,
    "salesGrowthYoY" : null,
    "grossProfitMargin" : 14.66,
    "grossProfit" : 25.79,
    "operatingProfitMargin" : 2.81,
    "operatingProfit" : 4.94,
    "netProfitMargin" : 1.53,
    "netProfit" : 2.69
  }, {
    "date" : "2005-09-30",
    "sales" : 176.21,
    "salesGrowthYoY" : null,
    "grossProfitMargin" : 25.00,
    "grossProfit" : 44.05,
    "operatingProfitMargin" : 13.56,
    "operatingProfit" : 23.89,
    "netProfitMargin" : 5.43,
    "netProfit" : 9.57
  }, {
    "date" : "2005-12-31",
    "sales" : 174.73,
    "salesGrowthYoY" : null,
    "grossProfitMargin" : 27.41,
    "grossProfit" : 47.89,
    "operatingProfitMargin" : 16.10,
    "operatingProfit" : 28.13,
    "netProfitMargin" : 8.40,
    "netProfit" : 14.68
  }, {
    "date" : "2006-03-31",
    "sales" : 209.52,
    "salesGrowthYoY" : -12.08,
    "grossProfitMargin" : 31.17,
    "grossProfit" : 65.31,
    "operatingProfitMargin" : 18.48,
    "operatingProfit" : 38.72,
    "netProfitMargin" : 7.34,
    "netProfit" : 15.38
  }, {
    "date" : "2006-06-30",
    "sales" : 229.76,
    "salesGrowthYoY" : 30.62,
    "grossProfitMargin" : 27.05,
    "grossProfit" : 62.15,
    "operatingProfitMargin" : 12.61,
    "operatingProfit" : 28.97,
    "netProfitMargin" : 4.16,
    "netProfit" : 9.56
  }, {
    "date" : "2006-09-30",
    "sales" : 196.12,
    "salesGrowthYoY" : 11.30,
    "grossProfitMargin" : 30.14,
    "grossProfit" : 59.11,
    "operatingProfitMargin" : 20.48,
    "operatingProfit" : 40.17,
    "netProfitMargin" : 10.19,
    "netProfit" : 19.98
  }, {
    "date" : "2006-12-31",
    "sales" : 294.65,
    "salesGrowthYoY" : 68.63,
    "grossProfitMargin" : 17.83,
    "grossProfit" : 52.54,
    "operatingProfitMargin" : 9.74,
    "operatingProfit" : 28.70,
    "netProfitMargin" : 7.77,
    "netProfit" : 22.89
  }, {
    "date" : "2007-03-31",
    "sales" : 306.61,
    "salesGrowthYoY" : 46.34,
    "grossProfitMargin" : 18.63,
    "grossProfit" : 57.12,
    "operatingProfitMargin" : 11.28,
    "operatingProfit" : 34.59,
    "netProfitMargin" : 5.69,
    "netProfit" : 17.45
  }, {
    "date" : "2007-06-30",
    "sales" : 279.74,
    "salesGrowthYoY" : 21.75,
    "grossProfitMargin" : 16.28,
    "grossProfit" : 45.54,
    "operatingProfitMargin" : 5.28,
    "operatingProfit" : 14.77,
    "netProfitMargin" : 8.75,
    "netProfit" : 24.48
  }, {
    "date" : "2007-09-30",
    "sales" : 277.64,
    "salesGrowthYoY" : 41.57,
    "grossProfitMargin" : 24.98,
    "grossProfit" : 69.35,
    "operatingProfitMargin" : 13.96,
    "operatingProfit" : 38.76,
    "netProfitMargin" : 8.61,
    "netProfit" : 23.90
  }, {
    "date" : "2007-12-31",
    "sales" : 408.88,
    "salesGrowthYoY" : 38.77,
    "grossProfitMargin" : 19.96,
    "grossProfit" : 81.61,
    "operatingProfitMargin" : 11.07,
    "operatingProfit" : 45.26,
    "netProfitMargin" : 5.00,
    "netProfit" : 20.44
  }, {
    "date" : "2008-03-31",
    "sales" : 432.01,
    "salesGrowthYoY" : 40.90,
    "grossProfitMargin" : 21.32,
    "grossProfit" : 92.10,
    "operatingProfitMargin" : 12.42,
    "operatingProfit" : 53.66,
    "netProfitMargin" : 4.66,
    "netProfit" : 20.13
  }, {
    "date" : "2008-06-30",
    "sales" : 420.10,
    "salesGrowthYoY" : 50.18,
    "grossProfitMargin" : 26.36,
    "grossProfit" : 110.74,
    "operatingProfitMargin" : 17.09,
    "operatingProfit" : 71.80,
    "netProfitMargin" : 8.87,
    "netProfit" : 37.26
  }, {
    "date" : "2008-09-30",
    "sales" : 283.00,
    "salesGrowthYoY" : 1.93,
    "grossProfitMargin" : 27.85,
    "grossProfit" : 78.82,
    "operatingProfitMargin" : 16.96,
    "operatingProfit" : 48.00,
    "netProfitMargin" : 13.20,
    "netProfit" : 37.36
  }, {
    "date" : "2008-12-31",
    "sales" : 408.57,
    "salesGrowthYoY" : -0.08,
    "grossProfitMargin" : 8.13,
    "grossProfit" : 33.22,
    "operatingProfitMargin" : -1.84,
    "operatingProfit" : -7.52,
    "netProfitMargin" : 1.00,
    "netProfit" : 4.09
  }, {
    "date" : "2009-03-31",
    "sales" : 381.25,
    "salesGrowthYoY" : -11.75,
    "grossProfitMargin" : 32.58,
    "grossProfit" : 124.21,
    "operatingProfitMargin" : 21.43,
    "operatingProfit" : 81.70,
    "netProfitMargin" : 14.74,
    "netProfit" : 56.20
  }, {
    "date" : "2009-06-30",
    "sales" : 330.94,
    "salesGrowthYoY" : -21.22,
    "grossProfitMargin" : 42.90,
    "grossProfit" : 141.97,
    "operatingProfitMargin" : 31.35,
    "operatingProfit" : 103.75,
    "netProfitMargin" : 15.82,
    "netProfit" : 52.35
  }, {
    "date" : "2009-09-30",
    "sales" : 269.90,
    "salesGrowthYoY" : -4.63,
    "grossProfitMargin" : 44.30,
    "grossProfit" : 119.57,
    "operatingProfitMargin" : 27.44,
    "operatingProfit" : 74.06,
    "netProfitMargin" : 12.68,
    "netProfit" : 34.22
  }, {
    "date" : "2009-12-31",
    "sales" : 416.32,
    "salesGrowthYoY" : 1.90,
    "grossProfitMargin" : 26.32,
    "grossProfit" : 109.58,
    "operatingProfitMargin" : 16.95,
    "operatingProfit" : 70.57,
    "netProfitMargin" : 9.79,
    "netProfit" : 40.76
  }, {
    "date" : "2010-03-31",
    "sales" : 437.79,
    "salesGrowthYoY" : 14.83,
    "grossProfitMargin" : 25.92,
    "grossProfit" : 113.48,
    "operatingProfitMargin" : 15.64,
    "operatingProfit" : 68.47,
    "netProfitMargin" : 10.42,
    "netProfit" : 45.62
  }, {
    "date" : "2010-06-30",
    "sales" : 476.93,
    "salesGrowthYoY" : 44.11,
    "grossProfitMargin" : 25.82,
    "grossProfit" : 123.14,
    "operatingProfitMargin" : 17.23,
    "operatingProfit" : 82.18,
    "netProfitMargin" : 7.82,
    "netProfit" : 37.30
  }, {
    "date" : "2010-09-30",
    "sales" : 343.96,
    "salesGrowthYoY" : 27.44,
    "grossProfitMargin" : 24.55,
    "grossProfit" : 84.44,
    "operatingProfitMargin" : 14.14,
    "operatingProfit" : 48.64,
    "netProfitMargin" : 2.89,
    "netProfit" : 9.94
  }, {
    "date" : "2010-12-31",
    "sales" : 531.11,
    "salesGrowthYoY" : 27.57,
    "grossProfitMargin" : 23.56,
    "grossProfit" : 125.13,
    "operatingProfitMargin" : 15.44,
    "operatingProfit" : 82.00,
    "netProfitMargin" : 6.70,
    "netProfit" : 35.58
  }, {
    "date" : "2011-03-31",
    "sales" : 625.73,
    "salesGrowthYoY" : 42.93,
    "grossProfitMargin" : 15.99,
    "grossProfit" : 100.05,
    "operatingProfitMargin" : 5.97,
    "operatingProfit" : 37.36,
    "netProfitMargin" : 1.54,
    "netProfit" : 9.64
  }, {
    "date" : "2011-06-30",
    "sales" : 506.35,
    "salesGrowthYoY" : 6.17,
    "grossProfitMargin" : 22.63,
    "grossProfit" : 114.59,
    "operatingProfitMargin" : 12.02,
    "operatingProfit" : 60.86,
    "netProfitMargin" : 3.81,
    "netProfit" : 19.29
  }, {
    "date" : "2011-09-30",
    "sales" : 431.72,
    "salesGrowthYoY" : 25.51,
    "grossProfitMargin" : 22.54,
    "grossProfit" : 97.31,
    "operatingProfitMargin" : 7.87,
    "operatingProfit" : 33.98,
    "netProfitMargin" : 0.93,
    "netProfit" : 4.01
  }, {
    "date" : "2011-12-31",
    "sales" : 568.70,
    "salesGrowthYoY" : 7.08,
    "grossProfitMargin" : 20.17,
    "grossProfit" : 114.71,
    "operatingProfitMargin" : 5.47,
    "operatingProfit" : 31.11,
    "netProfitMargin" : -0.31,
    "netProfit" : -1.76
  }, {
    "date" : "2012-03-31",
    "sales" : 593.00,
    "salesGrowthYoY" : -5.23,
    "grossProfitMargin" : 22.86,
    "grossProfit" : 135.56,
    "operatingProfitMargin" : 15.91,
    "operatingProfit" : 94.35,
    "netProfitMargin" : 9.48,
    "netProfit" : 56.22
  }, {
    "date" : "2012-06-30",
    "sales" : 519.85,
    "salesGrowthYoY" : 2.67,
    "grossProfitMargin" : 28.61,
    "grossProfit" : 148.73,
    "operatingProfitMargin" : 16.83,
    "operatingProfit" : 87.49,
    "netProfitMargin" : 11.53,
    "netProfit" : 59.94
  }, {
    "date" : "2012-09-30",
    "sales" : 384.48,
    "salesGrowthYoY" : -10.94,
    "grossProfitMargin" : 33.87,
    "grossProfit" : 130.22,
    "operatingProfitMargin" : 18.44,
    "operatingProfit" : 70.90,
    "netProfitMargin" : 11.08,
    "netProfit" : 42.60
  }, {
    "date" : "2012-12-31",
    "sales" : 619.91,
    "salesGrowthYoY" : 9.00,
    "grossProfitMargin" : 26.44,
    "grossProfit" : 163.90,
    "operatingProfitMargin" : 16.04,
    "operatingProfit" : 99.43,
    "netProfitMargin" : 9.24,
    "netProfit" : 57.28
  }, {
    "date" : "2013-03-31",
    "sales" : 629.59,
    "salesGrowthYoY" : 6.17,
    "grossProfitMargin" : 29.88,
    "grossProfit" : 188.12,
    "operatingProfitMargin" : 17.46,
    "operatingProfit" : 109.93,
    "netProfitMargin" : 10.58,
    "netProfit" : 66.61
  }, {
    "date" : "2013-06-30",
    "sales" : 563.49,
    "salesGrowthYoY" : 8.39,
    "grossProfitMargin" : 27.54,
    "grossProfit" : 155.19,
    "operatingProfitMargin" : 16.79,
    "operatingProfit" : 94.61,
    "netProfitMargin" : 10.84,
    "netProfit" : 61.08
  }, {
    "date" : "2013-09-30",
    "sales" : 389.91,
    "salesGrowthYoY" : 1.41,
    "grossProfitMargin" : 35.72,
    "grossProfit" : 139.28,
    "operatingProfitMargin" : 20.90,
    "operatingProfit" : 81.49,
    "netProfitMargin" : 12.89,
    "netProfit" : 50.26
  }, {
    "date" : "2013-12-31",
    "sales" : 659.88,
    "salesGrowthYoY" : 6.45,
    "grossProfitMargin" : 29.11,
    "grossProfit" : 192.09,
    "operatingProfitMargin" : 17.88,
    "operatingProfit" : 117.99,
    "netProfitMargin" : 8.67,
    "netProfit" : 57.21
  }, {
    "date" : "2014-03-31",
    "sales" : 839.74,
    "salesGrowthYoY" : 33.38,
    "grossProfitMargin" : 21.92,
    "grossProfit" : 184.07,
    "operatingProfitMargin" : 12.21,
    "operatingProfit" : 102.53,
    "netProfitMargin" : 6.09,
    "netProfit" : 51.14
  }, {
    "date" : "2014-06-30",
    "sales" : 662.72,
    "salesGrowthYoY" : 17.61,
    "grossProfitMargin" : 28.96,
    "grossProfit" : 191.92,
    "operatingProfitMargin" : 19.02,
    "operatingProfit" : 126.05,
    "netProfitMargin" : 9.34,
    "netProfit" : 61.90
  }, {
    "date" : "2014-09-30",
    "sales" : 385.86,
    "salesGrowthYoY" : -1.04,
    "grossProfitMargin" : 29.10,
    "grossProfit" : 112.29,
    "operatingProfitMargin" : 12.22,
    "operatingProfit" : 47.15,
    "netProfitMargin" : 3.55,
    "netProfit" : 13.70
  }, {
    "date" : "2014-12-31",
    "sales" : 642.93,
    "salesGrowthYoY" : -2.57,
    "grossProfitMargin" : 11.05,
    "grossProfit" : 71.04,
    "operatingProfitMargin" : -1.39,
    "operatingProfit" : -8.94,
    "netProfitMargin" : -4.78,
    "netProfit" : -30.73
  }, {
    "date" : "2015-03-31",
    "sales" : 784.64,
    "salesGrowthYoY" : -6.56,
    "grossProfitMargin" : 21.64,
    "grossProfit" : 169.80,
    "operatingProfitMargin" : 8.71,
    "operatingProfit" : 68.34,
    "netProfitMargin" : 3.23,
    "netProfit" : 25.34
  }, {
    "date" : "2015-06-30",
    "sales" : 633.39,
    "salesGrowthYoY" : -4.43,
    "grossProfitMargin" : 32.22,
    "grossProfit" : 204.08,
    "operatingProfitMargin" : 20.10,
    "operatingProfit" : 127.31,
    "netProfitMargin" : 11.38,
    "netProfit" : 72.08
  }, {
    "date" : "2015-09-30",
    "sales" : 466.74,
    "salesGrowthYoY" : 20.96,
    "grossProfitMargin" : 28.26,
    "grossProfit" : 131.90,
    "operatingProfitMargin" : 11.23,
    "operatingProfit" : 52.41,
    "netProfitMargin" : 5.05,
    "netProfit" : 23.57
  }, {
    "date" : "2015-12-31",
    "sales" : 547.16,
    "salesGrowthYoY" : -14.90,
    "grossProfitMargin" : 30.79,
    "grossProfit" : 168.47,
    "operatingProfitMargin" : 15.36,
    "operatingProfit" : 84.04,
    "netProfitMargin" : 7.76,
    "netProfit" : 42.46
  }, {
    "date" : "2016-03-31",
    "sales" : 926.02,
    "salesGrowthYoY" : 18.02,
    "grossProfitMargin" : 26.48,
    "grossProfit" : 245.21,
    "operatingProfitMargin" : 12.48,
    "operatingProfit" : 115.57,
    "netProfitMargin" : 8.86,
    "netProfit" : 82.05
  }, {
    "date" : "2016-06-30",
    "sales" : 776.91,
    "salesGrowthYoY" : 22.66,
    "grossProfitMargin" : 33.80,
    "grossProfit" : 262.60,
    "operatingProfitMargin" : 20.50,
    "operatingProfit" : 159.27,
    "netProfitMargin" : 12.62,
    "netProfit" : 98.05
  }, {
    "date" : "2016-09-30",
    "sales" : 456.83,
    "salesGrowthYoY" : -2.12,
    "grossProfitMargin" : 37.81,
    "grossProfit" : 172.73,
    "operatingProfitMargin" : 19.04,
    "operatingProfit" : 86.98,
    "netProfitMargin" : 11.23,
    "netProfit" : 51.30
  }, {
    "date" : "2016-12-31",
    "sales" : 576.50,
    "salesGrowthYoY" : 5.36,
    "grossProfitMargin" : 40.91,
    "grossProfit" : 235.85,
    "operatingProfitMargin" : 22.50,
    "operatingProfit" : 129.71,
    "netProfitMargin" : 12.48,
    "netProfit" : 71.95
  }, {
    "date" : "2017-03-31",
    "sales" : 887.64,
    "salesGrowthYoY" : -4.14,
    "grossProfitMargin" : 33.26,
    "grossProfit" : 295.23,
    "operatingProfitMargin" : 20.11,
    "operatingProfit" : 178.50,
    "netProfitMargin" : 13.89,
    "netProfit" : 123.29
  }, {
    "date" : "2017-06-30",
    "sales" : 730.66,
    "salesGrowthYoY" : -5.95,
    "grossProfitMargin" : 33.17,
    "grossProfit" : 242.36,
    "operatingProfitMargin" : 17.88,
    "operatingProfit" : 130.64,
    "netProfitMargin" : 10.92,
    "netProfit" : 79.79
  }, {
    "date" : "2017-09-30",
    "sales" : 475.28,
    "salesGrowthYoY" : 4.04,
    "grossProfitMargin" : 33.61,
    "grossProfit" : 159.74,
    "operatingProfitMargin" : 10.44,
    "operatingProfit" : 49.62,
    "netProfitMargin" : 5.95,
    "netProfit" : 28.28
  }, {
    "date" : "2017-12-31",
    "sales" : 722.72,
    "salesGrowthYoY" : 25.36,
    "grossProfitMargin" : 32.47,
    "grossProfit" : 234.67,
    "operatingProfitMargin" : 15.68,
    "operatingProfit" : 113.32,
    "netProfitMargin" : 9.62,
    "netProfit" : 69.53
  }, {
    "date" : "2018-03-31",
    "sales" : 809.13,
    "salesGrowthYoY" : -8.84,
    "grossProfitMargin" : 40.71,
    "grossProfit" : 329.40,
    "operatingProfitMargin" : 23.22,
    "operatingProfit" : 187.88,
    "netProfitMargin" : 14.95,
    "netProfit" : 120.96
  }, {
    "date" : "2018-06-30",
    "sales" : 827.85,
    "salesGrowthYoY" : 13.30,
    "grossProfitMargin" : 39.32,
    "grossProfit" : 325.51,
    "operatingProfitMargin" : 23.42,
    "operatingProfit" : 193.88,
    "netProfitMargin" : 14.65,
    "netProfit" : 121.28
  }, {
    "date" : "2018-09-30",
    "sales" : 542.62,
    "salesGrowthYoY" : 14.17,
    "grossProfitMargin" : 46.72,
    "grossProfit" : 253.51,
    "operatingProfitMargin" : 23.03,
    "operatingProfit" : 124.97,
    "netProfitMargin" : 14.08,
    "netProfit" : 76.40
  }, {
    "date" : "2018-12-31",
    "sales" : 756.59,
    "salesGrowthYoY" : 4.69,
    "grossProfitMargin" : 35.57,
    "grossProfit" : 269.12,
    "operatingProfitMargin" : 16.52,
    "operatingProfit" : 124.99,
    "netProfitMargin" : 10.40,
    "netProfit" : 78.69
  }, {
    "date" : "2019-03-31",
    "sales" : 964.24,
    "salesGrowthYoY" : 19.17,
    "grossProfitMargin" : 33.43,
    "grossProfit" : 322.35,
    "operatingProfitMargin" : 15.19,
    "operatingProfit" : 146.47,
    "netProfitMargin" : 9.48,
    "netProfit" : 91.41
  }, {
    "date" : "2019-06-30",
    "sales" : 943.81,
    "salesGrowthYoY" : 14.01,
    "grossProfitMargin" : 29.35,
    "grossProfit" : 277.01,
    "operatingProfitMargin" : 13.09,
    "operatingProfit" : 123.54,
    "netProfitMargin" : 7.68,
    "netProfit" : 72.48
  }, {
    "date" : "2019-09-30",
    "sales" : 576.67,
    "salesGrowthYoY" : 6.28,
    "grossProfitMargin" : 39.37,
    "grossProfit" : 227.03,
    "operatingProfitMargin" : 14.22,
    "operatingProfit" : 82.00,
    "netProfitMargin" : 17.80,
    "netProfit" : 102.65
  }, {
    "date" : "2019-12-31",
    "sales" : 699.40,
    "salesGrowthYoY" : -7.56,
    "grossProfitMargin" : 39.20,
    "grossProfit" : 274.16,
    "operatingProfitMargin" : 19.87,
    "operatingProfit" : 138.97,
    "netProfitMargin" : 13.34,
    "netProfit" : 93.30
  }, {
    "date" : "2020-03-31",
    "sales" : 768.66,
    "salesGrowthYoY" : -20.28,
    "grossProfitMargin" : 34.83,
    "grossProfit" : 267.72,
    "operatingProfitMargin" : 13.47,
    "operatingProfit" : 103.54,
    "netProfitMargin" : 7.25,
    "netProfit" : 55.73
  }, {
    "date" : "2020-06-30",
    "sales" : 562.07,
    "salesGrowthYoY" : -40.45,
    "grossProfitMargin" : 31.94,
    "grossProfit" : 179.53,
    "operatingProfitMargin" : 15.70,
    "operatingProfit" : 88.24,
    "netProfitMargin" : 9.80,
    "netProfit" : 55.08
  }, {
    "date" : "2020-09-30",
    "sales" : 585.78,
    "salesGrowthYoY" : 1.58,
    "grossProfitMargin" : 45.69,
    "grossProfit" : 267.64,
    "operatingProfitMargin" : 24.71,
    "operatingProfit" : 144.75,
    "netProfitMargin" : 20.44,
    "netProfit" : 119.73
  }, {
    "date" : "2020-12-31",
    "sales" : 1066.06,
    "salesGrowthYoY" : 52.42,
    "grossProfitMargin" : 45.00,
    "grossProfit" : 479.73,
    "operatingProfitMargin" : 32.48,
    "operatingProfit" : 346.26,
    "netProfitMargin" : 24.00,
    "netProfit" : 255.85
  }, {
    "date" : "2021-03-31",
    "sales" : 1249.08,
    "salesGrowthYoY" : 62.50,
    "grossProfitMargin" : 48.62,
    "grossProfit" : 607.30,
    "operatingProfitMargin" : 32.83,
    "operatingProfit" : 410.07,
    "netProfitMargin" : 23.80,
    "netProfit" : 297.28
  }, {
    "date" : "2021-06-30",
    "sales" : 965.72,
    "salesGrowthYoY" : 71.81,
    "grossProfitMargin" : 40.06,
    "grossProfit" : 386.87,
    "operatingProfitMargin" : 21.69,
    "operatingProfit" : 209.46,
    "netProfitMargin" : 15.20,
    "netProfit" : 146.79
  }, {
    "date" : "2021-09-30",
    "sales" : 1082.57,
    "salesGrowthYoY" : 84.81,
    "grossProfitMargin" : 44.32,
    "grossProfit" : 479.80,
    "operatingProfitMargin" : 27.67,
    "operatingProfit" : 299.55,
    "netProfitMargin" : 21.71,
    "netProfit" : 235.03
  }, {
    "date" : "2021-12-31",
    "sales" : 1004.73,
    "salesGrowthYoY" : -5.75,
    "grossProfitMargin" : 44.35,
    "grossProfit" : 445.60,
    "operatingProfitMargin" : 24.08,
    "operatingProfit" : 241.94,
    "netProfitMargin" : 17.69,
    "netProfit" : 177.74
  }, {
    "date" : "2022-03-31",
    "sales" : 1594.57,
    "salesGrowthYoY" : 27.66,
    "grossProfitMargin" : 30.50,
    "grossProfit" : 486.34,
    "operatingProfitMargin" : 16.60,
    "operatingProfit" : 264.70,
    "netProfitMargin" : 12.67,
    "netProfit" : 202.03
  }, {
    "date" : "2022-06-30",
    "sales" : 1189.81,
    "salesGrowthYoY" : 23.20,
    "grossProfitMargin" : 32.77,
    "grossProfit" : 389.90,
    "operatingProfitMargin" : 10.58,
    "operatingProfit" : 125.88,
    "netProfitMargin" : 8.41,
    "netProfit" : 100.06
  }, {
    "date" : "2022-09-30",
    "sales" : 941.13,
    "salesGrowthYoY" : -13.07,
    "grossProfitMargin" : 9.38,
    "grossProfit" : 88.28,
    "operatingProfitMargin" : -15.16,
    "operatingProfit" : -142.68,
    "netProfitMargin" : -9.98,
    "netProfit" : -93.92
  }, {
    "date" : "2022-12-31",
    "sales" : 1124.76,
    "salesGrowthYoY" : 11.95,
    "grossProfitMargin" : 32.41,
    "grossProfit" : 364.53,
    "operatingProfitMargin" : 8.17,
    "operatingProfit" : 91.89,
    "netProfitMargin" : 6.41,
    "netProfit" : 72.10
  }, {
    "date" : "2023-03-31",
    "sales" : 1141.06,
    "salesGrowthYoY" : -28.44,
    "grossProfitMargin" : 42.22,
    "grossProfit" : 481.76,
    "operatingProfitMargin" : 19.06,
    "operatingProfit" : 217.49,
    "netProfitMargin" : 13.88,
    "netProfit" : 158.38
  }, {
    "date" : "2023-06-30",
    "sales" : 1179.17,
    "salesGrowthYoY" : -0.89,
    "grossProfitMargin" : 33.83,
    "grossProfit" : 398.91,
    "operatingProfitMargin" : 12.93,
    "operatingProfit" : 152.47,
    "netProfitMargin" : 9.40,
    "netProfit" : 110.84
  }, {
    "date" : "2023-09-30",
    "sales" : 883.15,
    "salesGrowthYoY" : -6.16,
    "grossProfitMargin" : 39.92,
    "grossProfit" : 352.55,
    "operatingProfitMargin" : 11.66,
    "operatingProfit" : 102.98,
    "netProfitMargin" : 10.62,
    "netProfit" : 93.79
  }, {
    "date" : "2023-12-31",
    "sales" : 1019.69,
    "salesGrowthYoY" : -9.34,
    "grossProfitMargin" : 36.04,
    "grossProfit" : 367.50,
    "operatingProfitMargin" : 11.76,
    "operatingProfit" : 119.92,
    "netProfitMargin" : 8.75,
    "netProfit" : 89.22
  }, {
    "date" : "2024-03-31",
    "sales" : 1235.42,
    "salesGrowthYoY" : 8.27,
    "grossProfitMargin" : 37.36,
    "grossProfit" : 461.55,
    "operatingProfitMargin" : 16.91,
    "operatingProfit" : 208.91,
    "netProfitMargin" : 13.07,
    "netProfit" : 161.47
  }, {
    "date" : "2024-06-30",
    "sales" : 1140.49,
    "salesGrowthYoY" : -3.28,
    "grossProfitMargin" : 41.38,
    "grossProfit" : 471.93,
    "operatingProfitMargin" : 18.12,
    "operatingProfit" : 206.66,
    "netProfitMargin" : 15.70,
    "netProfit" : 179.06
  }, {
    "date" : "2024-09-30",
    "sales" : 828.43,
    "salesGrowthYoY" : -6.20,
    "grossProfitMargin" : 29.86,
    "grossProfit" : 247.37,
    "operatingProfitMargin" : 1.28,
    "operatingProfit" : 10.60,
    "netProfitMargin" : 6.21,
    "netProfit" : 51.45
  }, {
    "date" : "2024-12-31",
    "sales" : 1001.24,
    "salesGrowthYoY" : -1.81,
    "grossProfitMargin" : 34.23,
    "grossProfit" : 342.72,
    "operatingProfitMargin" : 8.33,
    "operatingProfit" : 83.40,
    "netProfitMargin" : 7.09,
    "netProfit" : 70.99
  }, {
    "date" : "2025-03-31",
    "sales" : 1171.81,
    "salesGrowthYoY" : -5.15,
    "grossProfitMargin" : 34.47,
    "grossProfit" : 403.92,
    "operatingProfitMargin" : 14.62,
    "operatingProfit" : 171.32,
    "netProfitMargin" : 12.82,
    "netProfit" : 150.23
  }, {
    "date" : "2025-06-30",
    "sales" : 1043.15,
    "salesGrowthYoY" : -8.53,
    "grossProfitMargin" : 32.62,
    "grossProfit" : 340.28,
    "operatingProfitMargin" : 8.97,
    "operatingProfit" : 93.57,
    "netProfitMargin" : 9.29,
    "netProfit" : 96.91
  }, {
    "date" : "2025-09-30",
    "sales" : 858.74,
    "salesGrowthYoY" : 3.66,
    "grossProfitMargin" : 42.68,
    "grossProfit" : 366.51,
    "operatingProfitMargin" : 15.16,
    "operatingProfit" : 130.18,
    "netProfitMargin" : 13.88,
    "netProfit" : 119.19
  } ],
  "latestQuarterlyResult" : {
    "date" : "2025-09-30",
    "sales" : 858.74,
    "salesGrowthYoY" : 3.66,
    "grossProfitMargin" : 42.68,
    "grossProfit" : 366.51,
    "operatingProfitMargin" : 15.16,
    "operatingProfit" : 130.18,
    "netProfitMargin" : 13.88,
    "netProfit" : 119.19
  },
  "companyScore" : {
    "priceHigherThanDma50" : 0.00,
    "priceHigherThanDma100" : 0.00,
    "priceHigherThanDma200" : 0.00,
    "dma50HigherThanDma100" : 0.00,
    "dma50HigherThanDma200" : 0.00,
    "dma100HigherThanDma200" : 0.00,
    "pricePercentageAboveDma50" : 5.03,
    "pricePercentageAboveDma100" : 5.34,
    "pricePercentageAboveDma200" : 5.50,
    "weeklyVolumeHigherThanYearlyVolume" : 0.00,
    "salesGrowthPercentile" : 9.11,
    "operatingProfitMarginPercentile" : 12.64,
    "netProfitMarginPercentile" : 8.31,
    "totalTechnicalScore" : 15.87,
    "totalFundamentalScore" : 30.06,
    "totalScore" : 45.93
  }
}