{
  "metadata" : {
    "screenerCompanyId" : "1070",
    "companyCode" : "GABRIEL",
    "companyName" : "Gabriel India",
    "screenerCompanyLink" : "https://www.screener.in/company/GABRIEL/",
    "screenerTechnicalHistoryLink" : "https://www.screener.in/api/company/1070/chart/?q=Price-DMA50-DMA200-Volume&days=365",
    "screenerQuarterlyResultsLink" : "https://www.screener.in/api/company/1070/chart/?q=GPM-OPM-NPM-Quarter+Sales&days=10000",
    "attributes" : {
      "companyCode" : "GABRIEL",
      "companyName" : "Gabriel India",
      "marketCap" : 13916.00,
      "peRatio" : 56.50,
      "description" : "Gabriel India is part of ANAND Group. The Company has established a significant presence across all automotive customer segments, including OEMs, Aftermarket, and exports. Company manufactures over 500 models of ride control products. [1] Its products include shock absorbers, struts, front forks and others.[2]"
    },
    "companyScore" : {
      "priceHigherThanDma50" : 0.00,
      "priceHigherThanDma100" : 0.00,
      "priceHigherThanDma200" : 5.00,
      "dma50HigherThanDma100" : 0.00,
      "dma50HigherThanDma200" : 5.00,
      "dma100HigherThanDma200" : 5.00,
      "pricePercentageAboveDma50" : 5.11,
      "pricePercentageAboveDma100" : 5.63,
      "pricePercentageAboveDma200" : 4.92,
      "weeklyVolumeHigherThanYearlyVolume" : 5.00,
      "salesGrowthPercentile" : 13.00,
      "operatingProfitMarginPercentile" : 16.31,
      "netProfitMarginPercentile" : 9.76,
      "totalTechnicalScore" : 35.65,
      "totalFundamentalScore" : 39.07,
      "totalScore" : 74.73
    }
  },
  "attributes" : {
    "companyCode" : "GABRIEL",
    "companyName" : "Gabriel India",
    "marketCap" : 13916.00,
    "peRatio" : 56.50,
    "description" : "Gabriel India is part of ANAND Group. The Company has established a significant presence across all automotive customer segments, including OEMs, Aftermarket, and exports. Company manufactures over 500 models of ride control products. [1] Its products include shock absorbers, struts, front forks and others.[2]"
  },
  "technicalHistory" : [ {
    "date" : "2025-02-05",
    "price" : 493.45,
    "dma50" : 459.64,
    "dma100" : null,
    "dma200" : 445.61,
    "volume" : 332587.00
  }, {
    "date" : "2025-02-06",
    "price" : 492.30,
    "dma50" : 460.92,
    "dma100" : null,
    "dma200" : 446.08,
    "volume" : 219755.00
  }, {
    "date" : "2025-02-07",
    "price" : 505.15,
    "dma50" : 462.66,
    "dma100" : null,
    "dma200" : 446.67,
    "volume" : 676924.00
  }, {
    "date" : "2025-02-10",
    "price" : 490.80,
    "dma50" : 463.76,
    "dma100" : null,
    "dma200" : 447.10,
    "volume" : 297346.00
  }, {
    "date" : "2025-02-11",
    "price" : 479.40,
    "dma50" : 464.38,
    "dma100" : null,
    "dma200" : 447.43,
    "volume" : 327351.00
  }, {
    "date" : "2025-02-12",
    "price" : 496.55,
    "dma50" : 465.64,
    "dma100" : null,
    "dma200" : 447.91,
    "volume" : 429637.00
  }, {
    "date" : "2025-02-13",
    "price" : 498.80,
    "dma50" : 466.94,
    "dma100" : null,
    "dma200" : 448.42,
    "volume" : 478713.00
  }, {
    "date" : "2025-02-14",
    "price" : 471.80,
    "dma50" : 467.13,
    "dma100" : null,
    "dma200" : 448.65,
    "volume" : 223215.00
  }, {
    "date" : "2025-02-17",
    "price" : 462.35,
    "dma50" : 466.94,
    "dma100" : null,
    "dma200" : 448.79,
    "volume" : 237917.00
  }, {
    "date" : "2025-02-18",
    "price" : 450.70,
    "dma50" : 466.30,
    "dma100" : null,
    "dma200" : 448.81,
    "volume" : 367444.00
  }, {
    "date" : "2025-02-19",
    "price" : 466.10,
    "dma50" : 466.30,
    "dma100" : null,
    "dma200" : 448.98,
    "volume" : 207152.00
  }, {
    "date" : "2025-02-20",
    "price" : 470.70,
    "dma50" : 466.47,
    "dma100" : null,
    "dma200" : 449.20,
    "volume" : 84273.00
  }, {
    "date" : "2025-02-21",
    "price" : 480.25,
    "dma50" : 467.01,
    "dma100" : null,
    "dma200" : 449.51,
    "volume" : 281588.00
  }, {
    "date" : "2025-02-24",
    "price" : 485.20,
    "dma50" : 467.72,
    "dma100" : null,
    "dma200" : 449.86,
    "volume" : 245664.00
  }, {
    "date" : "2025-02-25",
    "price" : 491.10,
    "dma50" : 468.64,
    "dma100" : null,
    "dma200" : 450.27,
    "volume" : 227418.00
  }, {
    "date" : "2025-02-27",
    "price" : 483.10,
    "dma50" : 469.21,
    "dma100" : null,
    "dma200" : 450.60,
    "volume" : 212652.00
  }, {
    "date" : "2025-02-28",
    "price" : 463.90,
    "dma50" : 469.00,
    "dma100" : null,
    "dma200" : 450.73,
    "volume" : 267055.00
  }, {
    "date" : "2025-03-03",
    "price" : 453.90,
    "dma50" : 468.41,
    "dma100" : null,
    "dma200" : 450.76,
    "volume" : 189448.00
  }, {
    "date" : "2025-03-04",
    "price" : 443.00,
    "dma50" : 467.41,
    "dma100" : null,
    "dma200" : 450.68,
    "volume" : 208851.00
  }, {
    "date" : "2025-03-05",
    "price" : 495.70,
    "dma50" : 468.52,
    "dma100" : null,
    "dma200" : 451.13,
    "volume" : 3679547.00
  }, {
    "date" : "2025-03-06",
    "price" : 513.65,
    "dma50" : 470.29,
    "dma100" : null,
    "dma200" : 451.75,
    "volume" : 1067069.00
  }, {
    "date" : "2025-03-07",
    "price" : 517.70,
    "dma50" : 472.15,
    "dma100" : null,
    "dma200" : 452.41,
    "volume" : 530152.00
  }, {
    "date" : "2025-03-10",
    "price" : 503.65,
    "dma50" : 473.38,
    "dma100" : null,
    "dma200" : 452.92,
    "volume" : 447380.00
  }, {
    "date" : "2025-03-11",
    "price" : 508.95,
    "dma50" : 474.78,
    "dma100" : null,
    "dma200" : 453.48,
    "volume" : 253320.00
  }, {
    "date" : "2025-03-12",
    "price" : 532.55,
    "dma50" : 477.04,
    "dma100" : null,
    "dma200" : 454.27,
    "volume" : 1558080.00
  }, {
    "date" : "2025-03-13",
    "price" : 509.60,
    "dma50" : 478.32,
    "dma100" : null,
    "dma200" : 454.82,
    "volume" : 402345.00
  }, {
    "date" : "2025-03-17",
    "price" : 512.05,
    "dma50" : 479.64,
    "dma100" : null,
    "dma200" : 455.39,
    "volume" : 289631.00
  }, {
    "date" : "2025-03-18",
    "price" : 572.05,
    "dma50" : 483.27,
    "dma100" : null,
    "dma200" : 456.55,
    "volume" : 5722647.00
  }, {
    "date" : "2025-03-19",
    "price" : 583.35,
    "dma50" : 487.19,
    "dma100" : null,
    "dma200" : 457.81,
    "volume" : 1812515.00
  }, {
    "date" : "2025-03-20",
    "price" : 585.40,
    "dma50" : 491.04,
    "dma100" : null,
    "dma200" : 459.08,
    "volume" : 1411263.00
  }, {
    "date" : "2025-03-21",
    "price" : 589.15,
    "dma50" : 494.89,
    "dma100" : null,
    "dma200" : 460.37,
    "volume" : 706866.00
  }, {
    "date" : "2025-03-24",
    "price" : 597.35,
    "dma50" : 498.91,
    "dma100" : null,
    "dma200" : 461.73,
    "volume" : 803294.00
  }, {
    "date" : "2025-03-25",
    "price" : 578.55,
    "dma50" : 502.03,
    "dma100" : null,
    "dma200" : 462.90,
    "volume" : 481360.00
  }, {
    "date" : "2025-03-26",
    "price" : 571.90,
    "dma50" : 504.77,
    "dma100" : null,
    "dma200" : 463.98,
    "volume" : 313700.00
  }, {
    "date" : "2025-03-27",
    "price" : 588.75,
    "dma50" : 508.07,
    "dma100" : null,
    "dma200" : 465.22,
    "volume" : 922870.00
  }, {
    "date" : "2025-03-28",
    "price" : 579.60,
    "dma50" : 510.87,
    "dma100" : null,
    "dma200" : 466.36,
    "volume" : 368502.00
  }, {
    "date" : "2025-04-01",
    "price" : 592.30,
    "dma50" : 514.06,
    "dma100" : null,
    "dma200" : 467.61,
    "volume" : 646852.00
  }, {
    "date" : "2025-04-02",
    "price" : 597.25,
    "dma50" : 517.33,
    "dma100" : null,
    "dma200" : 468.90,
    "volume" : 485577.00
  }, {
    "date" : "2025-04-03",
    "price" : 584.25,
    "dma50" : 519.95,
    "dma100" : null,
    "dma200" : 470.05,
    "volume" : 579564.00
  }, {
    "date" : "2025-04-04",
    "price" : 555.20,
    "dma50" : 521.33,
    "dma100" : null,
    "dma200" : 470.90,
    "volume" : 1093181.00
  }, {
    "date" : "2025-04-07",
    "price" : 518.25,
    "dma50" : 521.21,
    "dma100" : null,
    "dma200" : 471.37,
    "volume" : 611052.00
  }, {
    "date" : "2025-04-08",
    "price" : 527.25,
    "dma50" : 521.45,
    "dma100" : null,
    "dma200" : 471.93,
    "volume" : 229926.00
  }, {
    "date" : "2025-04-09",
    "price" : 518.65,
    "dma50" : 521.34,
    "dma100" : null,
    "dma200" : 472.39,
    "volume" : 165215.00
  }, {
    "date" : "2025-04-11",
    "price" : 532.00,
    "dma50" : 521.76,
    "dma100" : null,
    "dma200" : 472.98,
    "volume" : 292674.00
  }, {
    "date" : "2025-04-15",
    "price" : 555.65,
    "dma50" : 523.09,
    "dma100" : null,
    "dma200" : 473.81,
    "volume" : 414290.00
  }, {
    "date" : "2025-04-16",
    "price" : 562.90,
    "dma50" : 524.65,
    "dma100" : null,
    "dma200" : 474.69,
    "volume" : 234123.00
  }, {
    "date" : "2025-04-17",
    "price" : 560.45,
    "dma50" : 526.05,
    "dma100" : null,
    "dma200" : 475.55,
    "volume" : 219506.00
  }, {
    "date" : "2025-04-21",
    "price" : 576.50,
    "dma50" : 528.03,
    "dma100" : null,
    "dma200" : 476.55,
    "volume" : 426355.00
  }, {
    "date" : "2025-04-22",
    "price" : 574.95,
    "dma50" : 529.87,
    "dma100" : null,
    "dma200" : 477.53,
    "volume" : 195557.00
  }, {
    "date" : "2025-04-23",
    "price" : 578.50,
    "dma50" : 531.78,
    "dma100" : null,
    "dma200" : 478.53,
    "volume" : 222432.00
  }, {
    "date" : "2025-04-24",
    "price" : 569.25,
    "dma50" : 533.25,
    "dma100" : null,
    "dma200" : 479.44,
    "volume" : 198397.00
  }, {
    "date" : "2025-04-25",
    "price" : 546.45,
    "dma50" : 533.76,
    "dma100" : null,
    "dma200" : 480.10,
    "volume" : 364520.00
  }, {
    "date" : "2025-04-28",
    "price" : 560.90,
    "dma50" : 534.83,
    "dma100" : null,
    "dma200" : 480.91,
    "volume" : 271801.00
  }, {
    "date" : "2025-04-29",
    "price" : 549.35,
    "dma50" : 535.40,
    "dma100" : null,
    "dma200" : 481.59,
    "volume" : 168368.00
  }, {
    "date" : "2025-04-30",
    "price" : 541.50,
    "dma50" : 535.64,
    "dma100" : null,
    "dma200" : 482.19,
    "volume" : 192297.00
  }, {
    "date" : "2025-05-02",
    "price" : 536.50,
    "dma50" : 535.67,
    "dma100" : null,
    "dma200" : 482.73,
    "volume" : 194689.00
  }, {
    "date" : "2025-05-05",
    "price" : 546.30,
    "dma50" : 536.09,
    "dma100" : null,
    "dma200" : 483.36,
    "volume" : 136251.00
  }, {
    "date" : "2025-05-06",
    "price" : 554.45,
    "dma50" : 536.81,
    "dma100" : null,
    "dma200" : 484.07,
    "volume" : 365014.00
  }, {
    "date" : "2025-05-07",
    "price" : 581.75,
    "dma50" : 538.57,
    "dma100" : null,
    "dma200" : 485.04,
    "volume" : 709922.00
  }, {
    "date" : "2025-05-08",
    "price" : 571.05,
    "dma50" : 539.84,
    "dma100" : null,
    "dma200" : 485.89,
    "volume" : 364997.00
  }, {
    "date" : "2025-05-09",
    "price" : 570.70,
    "dma50" : 541.05,
    "dma100" : null,
    "dma200" : 486.74,
    "volume" : 251076.00
  }, {
    "date" : "2025-05-12",
    "price" : 615.40,
    "dma50" : 543.97,
    "dma100" : null,
    "dma200" : 488.02,
    "volume" : 1123064.00
  }, {
    "date" : "2025-05-13",
    "price" : 623.85,
    "dma50" : 547.10,
    "dma100" : null,
    "dma200" : 489.37,
    "volume" : 863787.00
  }, {
    "date" : "2025-05-14",
    "price" : 638.65,
    "dma50" : 550.69,
    "dma100" : null,
    "dma200" : 490.85,
    "volume" : 896323.00
  }, {
    "date" : "2025-05-15",
    "price" : 628.00,
    "dma50" : 553.72,
    "dma100" : null,
    "dma200" : 492.22,
    "volume" : 266830.00
  }, {
    "date" : "2025-05-16",
    "price" : 612.70,
    "dma50" : 556.04,
    "dma100" : null,
    "dma200" : 493.42,
    "volume" : 361088.00
  }, {
    "date" : "2025-05-19",
    "price" : 631.15,
    "dma50" : 558.98,
    "dma100" : null,
    "dma200" : 494.79,
    "volume" : 484628.00
  }, {
    "date" : "2025-05-20",
    "price" : 619.90,
    "dma50" : 561.37,
    "dma100" : null,
    "dma200" : 496.03,
    "volume" : 311971.00
  }, {
    "date" : "2025-05-21",
    "price" : 656.95,
    "dma50" : 565.12,
    "dma100" : null,
    "dma200" : 497.63,
    "volume" : 4749263.00
  }, {
    "date" : "2025-05-22",
    "price" : 635.85,
    "dma50" : 567.89,
    "dma100" : null,
    "dma200" : 499.01,
    "volume" : 956174.00
  }, {
    "date" : "2025-05-23",
    "price" : 637.35,
    "dma50" : 570.62,
    "dma100" : null,
    "dma200" : 500.39,
    "volume" : 361973.00
  }, {
    "date" : "2025-05-26",
    "price" : 653.00,
    "dma50" : 573.85,
    "dma100" : null,
    "dma200" : 501.90,
    "volume" : 490675.00
  }, {
    "date" : "2025-05-27",
    "price" : 648.75,
    "dma50" : 576.79,
    "dma100" : null,
    "dma200" : 503.37,
    "volume" : 191302.00
  }, {
    "date" : "2025-05-28",
    "price" : 647.20,
    "dma50" : 579.55,
    "dma100" : null,
    "dma200" : 504.80,
    "volume" : 280123.00
  }, {
    "date" : "2025-05-29",
    "price" : 637.80,
    "dma50" : 581.83,
    "dma100" : null,
    "dma200" : 506.12,
    "volume" : 235405.00
  }, {
    "date" : "2025-05-30",
    "price" : 658.55,
    "dma50" : 584.84,
    "dma100" : null,
    "dma200" : 507.64,
    "volume" : 444233.00
  }, {
    "date" : "2025-06-02",
    "price" : 659.10,
    "dma50" : 587.75,
    "dma100" : null,
    "dma200" : 509.14,
    "volume" : 367204.00
  }, {
    "date" : "2025-06-03",
    "price" : 650.75,
    "dma50" : 590.22,
    "dma100" : null,
    "dma200" : 510.55,
    "volume" : 321085.00
  }, {
    "date" : "2025-06-04",
    "price" : 650.90,
    "dma50" : 592.60,
    "dma100" : null,
    "dma200" : 511.95,
    "volume" : 216539.00
  }, {
    "date" : "2025-06-05",
    "price" : 638.90,
    "dma50" : 594.42,
    "dma100" : null,
    "dma200" : 513.21,
    "volume" : 449870.00
  }, {
    "date" : "2025-06-06",
    "price" : 635.90,
    "dma50" : 596.04,
    "dma100" : null,
    "dma200" : 514.43,
    "volume" : 212635.00
  }, {
    "date" : "2025-06-09",
    "price" : 631.05,
    "dma50" : 597.42,
    "dma100" : null,
    "dma200" : 515.59,
    "volume" : 249217.00
  }, {
    "date" : "2025-06-10",
    "price" : 644.05,
    "dma50" : 599.25,
    "dma100" : null,
    "dma200" : 516.87,
    "volume" : 268393.00
  }, {
    "date" : "2025-06-11",
    "price" : 639.30,
    "dma50" : 600.82,
    "dma100" : null,
    "dma200" : 518.09,
    "volume" : 139119.00
  }, {
    "date" : "2025-06-12",
    "price" : 620.85,
    "dma50" : 601.60,
    "dma100" : null,
    "dma200" : 519.11,
    "volume" : 244150.00
  }, {
    "date" : "2025-06-13",
    "price" : 610.70,
    "dma50" : 601.96,
    "dma100" : null,
    "dma200" : 520.02,
    "volume" : 206573.00
  }, {
    "date" : "2025-06-16",
    "price" : 609.20,
    "dma50" : 602.24,
    "dma100" : null,
    "dma200" : 520.91,
    "volume" : 203479.00
  }, {
    "date" : "2025-06-17",
    "price" : 596.50,
    "dma50" : 602.02,
    "dma100" : null,
    "dma200" : 521.66,
    "volume" : 168492.00
  }, {
    "date" : "2025-06-18",
    "price" : 609.30,
    "dma50" : 602.30,
    "dma100" : null,
    "dma200" : 522.54,
    "volume" : 931989.00
  }, {
    "date" : "2025-06-19",
    "price" : 592.20,
    "dma50" : 601.91,
    "dma100" : null,
    "dma200" : 523.23,
    "volume" : 276868.00
  }, {
    "date" : "2025-06-20",
    "price" : 593.25,
    "dma50" : 601.57,
    "dma100" : null,
    "dma200" : 523.93,
    "volume" : 168286.00
  }, {
    "date" : "2025-06-23",
    "price" : 592.20,
    "dma50" : 601.20,
    "dma100" : null,
    "dma200" : 524.61,
    "volume" : 210157.00
  }, {
    "date" : "2025-06-24",
    "price" : 603.15,
    "dma50" : 601.28,
    "dma100" : null,
    "dma200" : 525.39,
    "volume" : 208916.00
  }, {
    "date" : "2025-06-25",
    "price" : 637.30,
    "dma50" : 602.69,
    "dma100" : null,
    "dma200" : 526.50,
    "volume" : 420035.00
  }, {
    "date" : "2025-06-26",
    "price" : 659.80,
    "dma50" : 604.93,
    "dma100" : null,
    "dma200" : 527.83,
    "volume" : 2682461.00
  }, {
    "date" : "2025-06-27",
    "price" : 668.70,
    "dma50" : 607.43,
    "dma100" : null,
    "dma200" : 529.23,
    "volume" : 370867.00
  }, {
    "date" : "2025-06-30",
    "price" : 702.30,
    "dma50" : 611.15,
    "dma100" : null,
    "dma200" : 530.95,
    "volume" : 1705559.00
  }, {
    "date" : "2025-07-01",
    "price" : 842.75,
    "dma50" : 620.23,
    "dma100" : null,
    "dma200" : 534.05,
    "volume" : 564022.00
  }, {
    "date" : "2025-07-02",
    "price" : 976.20,
    "dma50" : 634.19,
    "dma100" : null,
    "dma200" : 538.45,
    "volume" : 3430013.00
  }, {
    "date" : "2025-07-03",
    "price" : 949.50,
    "dma50" : 646.56,
    "dma100" : null,
    "dma200" : 542.54,
    "volume" : 2588879.00
  }, {
    "date" : "2025-07-04",
    "price" : 951.65,
    "dma50" : 658.52,
    "dma100" : 583.98,
    "dma200" : 546.61,
    "volume" : 629620.00
  }, {
    "date" : "2025-07-07",
    "price" : 921.40,
    "dma50" : 668.83,
    "dma100" : 588.27,
    "dma200" : 550.34,
    "volume" : 471608.00
  }, {
    "date" : "2025-07-08",
    "price" : 989.90,
    "dma50" : 681.42,
    "dma100" : 593.12,
    "dma200" : 554.72,
    "volume" : 1989501.00
  }, {
    "date" : "2025-07-09",
    "price" : 1028.75,
    "dma50" : 695.04,
    "dma100" : 598.50,
    "dma200" : 559.43,
    "volume" : 1395560.00
  }, {
    "date" : "2025-07-10",
    "price" : 1076.00,
    "dma50" : 709.98,
    "dma100" : 604.46,
    "dma200" : 564.57,
    "volume" : 1374452.00
  }, {
    "date" : "2025-07-11",
    "price" : 1083.20,
    "dma50" : 724.62,
    "dma100" : 610.33,
    "dma200" : 569.73,
    "volume" : 772676.00
  }, {
    "date" : "2025-07-14",
    "price" : 1110.05,
    "dma50" : 739.73,
    "dma100" : 616.44,
    "dma200" : 575.11,
    "volume" : 941908.00
  }, {
    "date" : "2025-07-15",
    "price" : 1093.50,
    "dma50" : 753.61,
    "dma100" : 622.66,
    "dma200" : 580.27,
    "volume" : 616996.00
  }, {
    "date" : "2025-07-16",
    "price" : 1051.30,
    "dma50" : 765.28,
    "dma100" : 628.55,
    "dma200" : 584.95,
    "volume" : 1181429.00
  }, {
    "date" : "2025-07-17",
    "price" : 1034.70,
    "dma50" : 775.85,
    "dma100" : 634.39,
    "dma200" : 589.43,
    "volume" : 478819.00
  }, {
    "date" : "2025-07-18",
    "price" : 1015.35,
    "dma50" : 785.24,
    "dma100" : 639.88,
    "dma200" : 593.67,
    "volume" : 387018.00
  }, {
    "date" : "2025-07-21",
    "price" : 979.90,
    "dma50" : 792.87,
    "dma100" : 644.97,
    "dma200" : 597.51,
    "volume" : 816939.00
  }, {
    "date" : "2025-07-22",
    "price" : 985.45,
    "dma50" : 800.42,
    "dma100" : 650.03,
    "dma200" : 601.37,
    "volume" : 1192478.00
  }, {
    "date" : "2025-07-23",
    "price" : 1005.35,
    "dma50" : 808.46,
    "dma100" : 655.23,
    "dma200" : 605.39,
    "volume" : 531428.00
  }, {
    "date" : "2025-07-24",
    "price" : 992.00,
    "dma50" : 815.66,
    "dma100" : 660.24,
    "dma200" : 609.24,
    "volume" : 201397.00
  }, {
    "date" : "2025-07-25",
    "price" : 992.80,
    "dma50" : 822.60,
    "dma100" : 665.33,
    "dma200" : 613.05,
    "volume" : 278996.00
  }, {
    "date" : "2025-07-28",
    "price" : 984.30,
    "dma50" : 828.95,
    "dma100" : 670.54,
    "dma200" : 616.75,
    "volume" : 254688.00
  }, {
    "date" : "2025-07-29",
    "price" : 1026.10,
    "dma50" : 836.68,
    "dma100" : 676.26,
    "dma200" : 620.82,
    "volume" : 498871.00
  }, {
    "date" : "2025-07-30",
    "price" : 1049.85,
    "dma50" : 845.04,
    "dma100" : 682.33,
    "dma200" : 625.09,
    "volume" : 734242.00
  }, {
    "date" : "2025-07-31",
    "price" : 1037.25,
    "dma50" : 852.57,
    "dma100" : 687.74,
    "dma200" : 629.19,
    "volume" : 331220.00
  }, {
    "date" : "2025-08-01",
    "price" : 1002.40,
    "dma50" : 858.45,
    "dma100" : 692.63,
    "dma200" : 632.90,
    "volume" : 298463.00
  }, {
    "date" : "2025-08-04",
    "price" : 1029.00,
    "dma50" : 865.14,
    "dma100" : 697.74,
    "dma200" : 636.85,
    "volume" : 678356.00
  }, {
    "date" : "2025-08-05",
    "price" : 1003.30,
    "dma50" : 870.56,
    "dma100" : 702.74,
    "dma200" : 640.49,
    "volume" : 291084.00
  }, {
    "date" : "2025-08-06",
    "price" : 1008.40,
    "dma50" : 875.96,
    "dma100" : 707.73,
    "dma200" : 644.15,
    "volume" : 261773.00
  }, {
    "date" : "2025-08-07",
    "price" : 1015.00,
    "dma50" : 881.41,
    "dma100" : 712.56,
    "dma200" : 647.84,
    "volume" : 289766.00
  }, {
    "date" : "2025-08-08",
    "price" : 1010.00,
    "dma50" : 886.46,
    "dma100" : 717.56,
    "dma200" : 651.45,
    "volume" : 212488.00
  }, {
    "date" : "2025-08-11",
    "price" : 1013.20,
    "dma50" : 891.43,
    "dma100" : 722.57,
    "dma200" : 655.05,
    "volume" : 454480.00
  }, {
    "date" : "2025-08-12",
    "price" : 1065.60,
    "dma50" : 898.26,
    "dma100" : 727.51,
    "dma200" : 659.13,
    "volume" : 1076037.00
  }, {
    "date" : "2025-08-13",
    "price" : 1109.60,
    "dma50" : 906.55,
    "dma100" : 732.77,
    "dma200" : 663.61,
    "volume" : 1292902.00
  }, {
    "date" : "2025-08-14",
    "price" : 1075.30,
    "dma50" : 913.16,
    "dma100" : 737.67,
    "dma200" : 667.71,
    "volume" : 360395.00
  }, {
    "date" : "2025-08-18",
    "price" : 1146.70,
    "dma50" : 922.32,
    "dma100" : 743.25,
    "dma200" : 672.48,
    "volume" : 1709620.00
  }, {
    "date" : "2025-08-19",
    "price" : 1174.90,
    "dma50" : 932.23,
    "dma100" : 749.02,
    "dma200" : 677.48,
    "volume" : 708770.00
  }, {
    "date" : "2025-08-20",
    "price" : 1186.30,
    "dma50" : 942.19,
    "dma100" : 755.10,
    "dma200" : 682.54,
    "volume" : 581572.00
  }, {
    "date" : "2025-08-21",
    "price" : 1200.00,
    "dma50" : 952.30,
    "dma100" : 761.38,
    "dma200" : 687.69,
    "volume" : 527462.00
  }, {
    "date" : "2025-08-22",
    "price" : 1192.90,
    "dma50" : 961.74,
    "dma100" : 767.42,
    "dma200" : 692.71,
    "volume" : 299373.00
  }, {
    "date" : "2025-08-25",
    "price" : 1135.30,
    "dma50" : 968.54,
    "dma100" : 772.98,
    "dma200" : 697.12,
    "volume" : 510261.00
  }, {
    "date" : "2025-08-26",
    "price" : 1120.50,
    "dma50" : 974.50,
    "dma100" : 778.26,
    "dma200" : 701.33,
    "volume" : 477543.00
  }, {
    "date" : "2025-08-28",
    "price" : 1133.90,
    "dma50" : 980.75,
    "dma100" : 783.63,
    "dma200" : 705.63,
    "volume" : 646989.00
  }, {
    "date" : "2025-08-29",
    "price" : 1152.40,
    "dma50" : 987.48,
    "dma100" : 789.31,
    "dma200" : 710.08,
    "volume" : 543734.00
  }, {
    "date" : "2025-09-01",
    "price" : 1229.40,
    "dma50" : 996.97,
    "dma100" : 796.05,
    "dma200" : 715.25,
    "volume" : 1340430.00
  }, {
    "date" : "2025-09-02",
    "price" : 1265.00,
    "dma50" : 1007.48,
    "dma100" : 803.52,
    "dma200" : 720.72,
    "volume" : 699680.00
  }, {
    "date" : "2025-09-03",
    "price" : 1223.00,
    "dma50" : 1015.93,
    "dma100" : 810.48,
    "dma200" : 725.72,
    "volume" : 615060.00
  }, {
    "date" : "2025-09-04",
    "price" : 1222.20,
    "dma50" : 1024.02,
    "dma100" : 817.51,
    "dma200" : 730.66,
    "volume" : 464443.00
  }, {
    "date" : "2025-09-05",
    "price" : 1201.70,
    "dma50" : 1030.99,
    "dma100" : 824.21,
    "dma200" : 735.34,
    "volume" : 413950.00
  }, {
    "date" : "2025-09-08",
    "price" : 1221.10,
    "dma50" : 1038.45,
    "dma100" : 830.86,
    "dma200" : 740.18,
    "volume" : 231237.00
  }, {
    "date" : "2025-09-09",
    "price" : 1258.80,
    "dma50" : 1047.09,
    "dma100" : 837.82,
    "dma200" : 745.34,
    "volume" : 888495.00
  }, {
    "date" : "2025-09-10",
    "price" : 1262.90,
    "dma50" : 1055.55,
    "dma100" : 844.85,
    "dma200" : 750.49,
    "volume" : 674698.00
  }, {
    "date" : "2025-09-11",
    "price" : 1243.50,
    "dma50" : 1062.92,
    "dma100" : 851.52,
    "dma200" : 755.39,
    "volume" : 276940.00
  }, {
    "date" : "2025-09-12",
    "price" : 1231.30,
    "dma50" : 1069.52,
    "dma100" : 858.08,
    "dma200" : 760.13,
    "volume" : 250605.00
  }, {
    "date" : "2025-09-15",
    "price" : 1302.40,
    "dma50" : 1078.66,
    "dma100" : 865.32,
    "dma200" : 765.52,
    "volume" : 940968.00
  }, {
    "date" : "2025-09-16",
    "price" : 1317.20,
    "dma50" : 1088.01,
    "dma100" : 872.80,
    "dma200" : 771.01,
    "volume" : 636276.00
  }, {
    "date" : "2025-09-17",
    "price" : 1311.40,
    "dma50" : 1096.77,
    "dma100" : 880.45,
    "dma200" : 776.39,
    "volume" : 271128.00
  }, {
    "date" : "2025-09-18",
    "price" : 1247.30,
    "dma50" : 1102.67,
    "dma100" : 887.31,
    "dma200" : 781.08,
    "volume" : 681098.00
  }, {
    "date" : "2025-09-19",
    "price" : 1282.70,
    "dma50" : 1109.73,
    "dma100" : 894.65,
    "dma200" : 786.07,
    "volume" : 3231576.00
  }, {
    "date" : "2025-09-22",
    "price" : 1285.50,
    "dma50" : 1116.63,
    "dma100" : 902.09,
    "dma200" : 791.04,
    "volume" : 290504.00
  }, {
    "date" : "2025-09-23",
    "price" : 1289.50,
    "dma50" : 1123.41,
    "dma100" : 909.62,
    "dma200" : 796.00,
    "volume" : 342311.00
  }, {
    "date" : "2025-09-24",
    "price" : 1285.70,
    "dma50" : 1129.77,
    "dma100" : 917.01,
    "dma200" : 800.87,
    "volume" : 245964.00
  }, {
    "date" : "2025-09-25",
    "price" : 1254.10,
    "dma50" : 1134.65,
    "dma100" : 924.01,
    "dma200" : 805.38,
    "volume" : 372747.00
  }, {
    "date" : "2025-09-26",
    "price" : 1237.70,
    "dma50" : 1138.69,
    "dma100" : 930.57,
    "dma200" : 809.68,
    "volume" : 392022.00
  }, {
    "date" : "2025-09-29",
    "price" : 1219.20,
    "dma50" : 1141.84,
    "dma100" : 937.05,
    "dma200" : 813.75,
    "volume" : 199777.00
  }, {
    "date" : "2025-09-30",
    "price" : 1181.40,
    "dma50" : 1143.40,
    "dma100" : 943.15,
    "dma200" : 817.41,
    "volume" : 323879.00
  }, {
    "date" : "2025-10-01",
    "price" : 1241.10,
    "dma50" : 1147.23,
    "dma100" : 949.41,
    "dma200" : 821.63,
    "volume" : 404480.00
  }, {
    "date" : "2025-10-03",
    "price" : 1289.80,
    "dma50" : 1152.82,
    "dma100" : 956.07,
    "dma200" : 826.29,
    "volume" : 272060.00
  }, {
    "date" : "2025-10-06",
    "price" : 1278.60,
    "dma50" : 1157.75,
    "dma100" : 962.47,
    "dma200" : 830.79,
    "volume" : 288295.00
  }, {
    "date" : "2025-10-07",
    "price" : 1312.20,
    "dma50" : 1163.81,
    "dma100" : 969.31,
    "dma200" : 835.58,
    "volume" : 652132.00
  }, {
    "date" : "2025-10-08",
    "price" : 1316.30,
    "dma50" : 1169.79,
    "dma100" : 976.35,
    "dma200" : 840.36,
    "volume" : 726718.00
  }, {
    "date" : "2025-10-09",
    "price" : 1290.10,
    "dma50" : 1174.51,
    "dma100" : 982.94,
    "dma200" : 844.84,
    "volume" : 212068.00
  }, {
    "date" : "2025-10-10",
    "price" : 1271.20,
    "dma50" : 1178.30,
    "dma100" : 989.45,
    "dma200" : 849.08,
    "volume" : 136886.00
  }, {
    "date" : "2025-10-13",
    "price" : 1249.10,
    "dma50" : 1181.07,
    "dma100" : 995.37,
    "dma200" : 853.06,
    "volume" : 155734.00
  }, {
    "date" : "2025-10-14",
    "price" : 1218.60,
    "dma50" : 1182.55,
    "dma100" : 1001.20,
    "dma200" : 856.70,
    "volume" : 193224.00
  }, {
    "date" : "2025-10-15",
    "price" : 1294.00,
    "dma50" : 1186.92,
    "dma100" : 1007.77,
    "dma200" : 861.05,
    "volume" : 226251.00
  }, {
    "date" : "2025-10-16",
    "price" : 1266.20,
    "dma50" : 1190.03,
    "dma100" : 1013.90,
    "dma200" : 865.08,
    "volume" : 258865.00
  }, {
    "date" : "2025-10-17",
    "price" : 1235.40,
    "dma50" : 1191.81,
    "dma100" : 1019.77,
    "dma200" : 868.76,
    "volume" : 454874.00
  }, {
    "date" : "2025-10-20",
    "price" : 1294.50,
    "dma50" : 1195.83,
    "dma100" : 1026.24,
    "dma200" : 873.00,
    "volume" : 311299.00
  }, {
    "date" : "2025-10-21",
    "price" : 1281.60,
    "dma50" : 1199.20,
    "dma100" : 1032.68,
    "dma200" : 877.07,
    "volume" : 43897.00
  }, {
    "date" : "2025-10-23",
    "price" : 1248.00,
    "dma50" : 1201.11,
    "dma100" : 1038.57,
    "dma200" : 880.76,
    "volume" : 177796.00
  }, {
    "date" : "2025-10-24",
    "price" : 1237.00,
    "dma50" : 1202.52,
    "dma100" : 1044.35,
    "dma200" : 884.30,
    "volume" : 95735.00
  }, {
    "date" : "2025-10-27",
    "price" : 1241.50,
    "dma50" : 1204.05,
    "dma100" : 1050.26,
    "dma200" : 887.86,
    "volume" : 127133.00
  }, {
    "date" : "2025-10-28",
    "price" : 1283.90,
    "dma50" : 1207.18,
    "dma100" : 1056.59,
    "dma200" : 891.80,
    "volume" : 172294.00
  }, {
    "date" : "2025-10-29",
    "price" : 1289.30,
    "dma50" : 1210.40,
    "dma100" : 1063.09,
    "dma200" : 895.75,
    "volume" : 142072.00
  }, {
    "date" : "2025-10-30",
    "price" : 1258.70,
    "dma50" : 1212.29,
    "dma100" : 1069.32,
    "dma200" : 899.36,
    "volume" : 134402.00
  }, {
    "date" : "2025-10-31",
    "price" : 1273.90,
    "dma50" : 1214.71,
    "dma100" : 1075.75,
    "dma200" : 903.09,
    "volume" : 414035.00
  }, {
    "date" : "2025-11-03",
    "price" : 1287.40,
    "dma50" : 1217.56,
    "dma100" : 1082.18,
    "dma200" : 906.91,
    "volume" : 183308.00
  }, {
    "date" : "2025-11-04",
    "price" : 1265.60,
    "dma50" : 1219.44,
    "dma100" : 1088.44,
    "dma200" : 910.48,
    "volume" : 127076.00
  }, {
    "date" : "2025-11-06",
    "price" : 1223.00,
    "dma50" : 1219.58,
    "dma100" : 1094.47,
    "dma200" : 913.59,
    "volume" : 338881.00
  }, {
    "date" : "2025-11-07",
    "price" : 1243.40,
    "dma50" : 1220.52,
    "dma100" : 1100.79,
    "dma200" : 916.87,
    "volume" : 124177.00
  }, {
    "date" : "2025-11-10",
    "price" : 1269.20,
    "dma50" : 1222.43,
    "dma100" : 1107.39,
    "dma200" : 920.38,
    "volume" : 248427.00
  }, {
    "date" : "2025-11-11",
    "price" : 1264.00,
    "dma50" : 1224.06,
    "dma100" : 1114.07,
    "dma200" : 923.80,
    "volume" : 139996.00
  }, {
    "date" : "2025-11-12",
    "price" : 1261.60,
    "dma50" : 1225.53,
    "dma100" : 1120.59,
    "dma200" : 927.16,
    "volume" : 123079.00
  }, {
    "date" : "2025-11-13",
    "price" : 1229.60,
    "dma50" : 1225.69,
    "dma100" : 1126.96,
    "dma200" : 930.17,
    "volume" : 148184.00
  }, {
    "date" : "2025-11-14",
    "price" : 1166.80,
    "dma50" : 1223.38,
    "dma100" : 1132.70,
    "dma200" : 932.52,
    "volume" : 409424.00
  }, {
    "date" : "2025-11-17",
    "price" : 1023.10,
    "dma50" : 1215.52,
    "dma100" : 1137.01,
    "dma200" : 933.43,
    "volume" : 2078161.00
  }, {
    "date" : "2025-11-18",
    "price" : 982.20,
    "dma50" : 1206.37,
    "dma100" : 1140.80,
    "dma200" : 933.91,
    "volume" : 2331393.00
  }, {
    "date" : "2025-11-19",
    "price" : 1116.80,
    "dma50" : 1202.86,
    "dma100" : 1145.59,
    "dma200" : 935.73,
    "volume" : 4188079.00
  }, {
    "date" : "2025-11-20",
    "price" : 1053.90,
    "dma50" : 1197.02,
    "dma100" : 1149.54,
    "dma200" : 936.91,
    "volume" : 968382.00
  }, {
    "date" : "2025-11-21",
    "price" : 1019.80,
    "dma50" : 1190.07,
    "dma100" : 1153.05,
    "dma200" : 937.73,
    "volume" : 1695632.00
  }, {
    "date" : "2025-11-24",
    "price" : 1054.20,
    "dma50" : 1184.74,
    "dma100" : 1156.57,
    "dma200" : 938.89,
    "volume" : 568441.00
  }, {
    "date" : "2025-11-25",
    "price" : 1030.50,
    "dma50" : 1178.69,
    "dma100" : 1158.44,
    "dma200" : 939.80,
    "volume" : 284176.00
  }, {
    "date" : "2025-11-26",
    "price" : 1057.00,
    "dma50" : 1173.92,
    "dma100" : 1159.25,
    "dma200" : 940.97,
    "volume" : 367050.00
  }, {
    "date" : "2025-11-27",
    "price" : 1036.50,
    "dma50" : 1168.53,
    "dma100" : 1160.12,
    "dma200" : 941.92,
    "volume" : 187130.00
  }, {
    "date" : "2025-11-28",
    "price" : 1028.70,
    "dma50" : 1163.05,
    "dma100" : 1160.89,
    "dma200" : 942.78,
    "volume" : 306219.00
  }, {
    "date" : "2025-12-01",
    "price" : 1040.00,
    "dma50" : 1158.22,
    "dma100" : 1162.08,
    "dma200" : 943.75,
    "volume" : 303245.00
  }, {
    "date" : "2025-12-02",
    "price" : 1028.30,
    "dma50" : 1153.13,
    "dma100" : 1162.46,
    "dma200" : 944.59,
    "volume" : 135074.00
  }, {
    "date" : "2025-12-03",
    "price" : 999.60,
    "dma50" : 1147.11,
    "dma100" : 1162.17,
    "dma200" : 945.14,
    "volume" : 367131.00
  }, {
    "date" : "2025-12-04",
    "price" : 963.90,
    "dma50" : 1139.92,
    "dma100" : 1161.05,
    "dma200" : 945.32,
    "volume" : 466655.00
  }, {
    "date" : "2025-12-05",
    "price" : 959.20,
    "dma50" : 1132.84,
    "dma100" : 1159.81,
    "dma200" : 945.46,
    "volume" : 581923.00
  }, {
    "date" : "2025-12-08",
    "price" : 928.50,
    "dma50" : 1124.82,
    "dma100" : 1157.99,
    "dma200" : 945.29,
    "volume" : 828247.00
  }, {
    "date" : "2025-12-09",
    "price" : 976.20,
    "dma50" : 1118.99,
    "dma100" : 1156.82,
    "dma200" : 945.60,
    "volume" : 471157.00
  }, {
    "date" : "2025-12-10",
    "price" : 954.70,
    "dma50" : 1112.55,
    "dma100" : 1155.85,
    "dma200" : 945.69,
    "volume" : 273762.00
  }, {
    "date" : "2025-12-11",
    "price" : 962.80,
    "dma50" : 1106.68,
    "dma100" : 1155.14,
    "dma200" : 945.86,
    "volume" : 130730.00
  }, {
    "date" : "2025-12-12",
    "price" : 967.50,
    "dma50" : 1101.22,
    "dma100" : 1154.66,
    "dma200" : 946.08,
    "volume" : 337673.00
  }, {
    "date" : "2025-12-15",
    "price" : 965.70,
    "dma50" : 1095.91,
    "dma100" : 1154.52,
    "dma200" : 946.27,
    "volume" : 172627.00
  }, {
    "date" : "2025-12-16",
    "price" : 975.00,
    "dma50" : 1091.16,
    "dma100" : 1154.41,
    "dma200" : 946.56,
    "volume" : 231628.00
  }, {
    "date" : "2025-12-17",
    "price" : 958.30,
    "dma50" : 1085.95,
    "dma100" : 1153.94,
    "dma200" : 946.67,
    "volume" : 152878.00
  }, {
    "date" : "2025-12-18",
    "price" : 1087.40,
    "dma50" : 1086.01,
    "dma100" : 1154.89,
    "dma200" : 948.08,
    "volume" : 5357830.00
  }, {
    "date" : "2025-12-19",
    "price" : 1060.80,
    "dma50" : 1085.02,
    "dma100" : 1155.57,
    "dma200" : 949.20,
    "volume" : 1067888.00
  }, {
    "date" : "2025-12-22",
    "price" : 1059.00,
    "dma50" : 1084.00,
    "dma100" : 1156.32,
    "dma200" : 950.29,
    "volume" : 293775.00
  }, {
    "date" : "2025-12-23",
    "price" : 1062.40,
    "dma50" : 1083.15,
    "dma100" : 1156.68,
    "dma200" : 951.40,
    "volume" : 301002.00
  }, {
    "date" : "2025-12-24",
    "price" : 1047.90,
    "dma50" : 1081.77,
    "dma100" : 1156.66,
    "dma200" : 952.37,
    "volume" : 228590.00
  }, {
    "date" : "2025-12-26",
    "price" : 1029.10,
    "dma50" : 1079.71,
    "dma100" : 1156.58,
    "dma200" : 953.13,
    "volume" : 288245.00
  }, {
    "date" : "2025-12-29",
    "price" : 1003.80,
    "dma50" : 1076.73,
    "dma100" : 1156.60,
    "dma200" : 953.63,
    "volume" : 483945.00
  }, {
    "date" : "2025-12-30",
    "price" : 1001.20,
    "dma50" : 1073.77,
    "dma100" : 1156.32,
    "dma200" : 954.11,
    "volume" : 305981.00
  }, {
    "date" : "2025-12-31",
    "price" : 1009.80,
    "dma50" : 1071.26,
    "dma100" : 1156.38,
    "dma200" : 954.66,
    "volume" : 357989.00
  }, {
    "date" : "2026-01-01",
    "price" : 1038.90,
    "dma50" : 1069.99,
    "dma100" : 1156.69,
    "dma200" : 955.50,
    "volume" : 679822.00
  }, {
    "date" : "2026-01-02",
    "price" : 1051.60,
    "dma50" : 1069.27,
    "dma100" : 1157.06,
    "dma200" : 956.45,
    "volume" : 371146.00
  }, {
    "date" : "2026-01-05",
    "price" : 1058.60,
    "dma50" : 1068.85,
    "dma100" : 1157.54,
    "dma200" : 957.47,
    "volume" : 549320.00
  }, {
    "date" : "2026-01-06",
    "price" : 1044.70,
    "dma50" : 1067.90,
    "dma100" : 1157.86,
    "dma200" : 958.34,
    "volume" : 159025.00
  }, {
    "date" : "2026-01-07",
    "price" : 1032.40,
    "dma50" : 1066.51,
    "dma100" : 1157.52,
    "dma200" : 959.08,
    "volume" : 253992.00
  }, {
    "date" : "2026-01-08",
    "price" : 1012.90,
    "dma50" : 1064.41,
    "dma100" : 1156.56,
    "dma200" : 959.61,
    "volume" : 188787.00
  }, {
    "date" : "2026-01-09",
    "price" : 976.20,
    "dma50" : 1060.95,
    "dma100" : 1155.57,
    "dma200" : 959.78,
    "volume" : 358517.00
  }, {
    "date" : "2026-01-12",
    "price" : 959.00,
    "dma50" : 1056.95,
    "dma100" : 1153.69,
    "dma200" : 959.77,
    "volume" : 260043.00
  }, {
    "date" : "2026-01-13",
    "price" : 952.60,
    "dma50" : 1052.86,
    "dma100" : 1151.47,
    "dma200" : 959.70,
    "volume" : 351013.00
  }, {
    "date" : "2026-01-14",
    "price" : 932.70,
    "dma50" : 1048.15,
    "dma100" : 1148.93,
    "dma200" : 959.43,
    "volume" : 273136.00
  }, {
    "date" : "2026-01-16",
    "price" : 920.30,
    "dma50" : 1043.13,
    "dma100" : 1146.13,
    "dma200" : 959.04,
    "volume" : 300448.00
  }, {
    "date" : "2026-01-19",
    "price" : 925.30,
    "dma50" : 1038.51,
    "dma100" : 1143.46,
    "dma200" : 958.70,
    "volume" : 192814.00
  }, {
    "date" : "2026-01-20",
    "price" : 885.20,
    "dma50" : 1032.50,
    "dma100" : 1140.96,
    "dma200" : 957.97,
    "volume" : 327294.00
  }, {
    "date" : "2026-01-21",
    "price" : 892.70,
    "dma50" : 1027.02,
    "dma100" : 1138.68,
    "dma200" : 957.32,
    "volume" : 333025.00
  }, {
    "date" : "2026-01-22",
    "price" : 919.70,
    "dma50" : 1022.81,
    "dma100" : 1136.54,
    "dma200" : 956.95,
    "volume" : 203565.00
  }, {
    "date" : "2026-01-23",
    "price" : 900.70,
    "dma50" : 1018.02,
    "dma100" : 1134.02,
    "dma200" : 956.39,
    "volume" : 353364.00
  }, {
    "date" : "2026-01-27",
    "price" : 886.30,
    "dma50" : 1012.86,
    "dma100" : 1130.59,
    "dma200" : 955.69,
    "volume" : 189390.00
  }, {
    "date" : "2026-01-28",
    "price" : 897.00,
    "dma50" : 1008.31,
    "dma100" : 1126.91,
    "dma200" : 955.11,
    "volume" : 218735.00
  }, {
    "date" : "2026-01-29",
    "price" : 886.40,
    "dma50" : 1003.53,
    "dma100" : 1123.54,
    "dma200" : 954.42,
    "volume" : 298906.00
  }, {
    "date" : "2026-01-30",
    "price" : 933.40,
    "dma50" : 1000.78,
    "dma100" : 1120.65,
    "dma200" : 954.21,
    "volume" : 849449.00
  }, {
    "date" : "2026-02-01",
    "price" : 919.75,
    "dma50" : 997.60,
    "dma100" : 1117.83,
    "dma200" : 953.87,
    "volume" : 151555.00
  }, {
    "date" : "2026-02-02",
    "price" : 922.05,
    "dma50" : 994.64,
    "dma100" : 1114.84,
    "dma200" : 953.56,
    "volume" : 367744.00
  }, {
    "date" : "2026-02-03",
    "price" : 902.25,
    "dma50" : 991.02,
    "dma100" : 1111.28,
    "dma200" : 953.04,
    "volume" : 727235.00
  }, {
    "date" : "2026-02-04",
    "price" : 968.90,
    "dma50" : 990.15,
    "dma100" : 1108.34,
    "dma200" : 953.20,
    "volume" : 1397709.00
  } ],
  "latestTechnicalAttributes" : {
    "date" : "2026-02-04",
    "price" : 968.90,
    "dma50" : 990.15,
    "dma100" : 1108.34,
    "dma200" : 953.20,
    "volume" : 1397709.00
  },
  "quarterlyResults" : [ {
    "date" : "2005-03-31",
    "sales" : 106.24,
    "salesGrowthYoY" : null,
    "grossProfitMargin" : 30.00,
    "grossProfit" : 31.87,
    "operatingProfitMargin" : 6.97,
    "operatingProfit" : 7.40,
    "netProfitMargin" : 6.23,
    "netProfit" : 6.62
  }, {
    "date" : "2005-06-30",
    "sales" : 114.01,
    "salesGrowthYoY" : null,
    "grossProfitMargin" : 27.52,
    "grossProfit" : 31.38,
    "operatingProfitMargin" : 4.96,
    "operatingProfit" : 5.65,
    "netProfitMargin" : 1.58,
    "netProfit" : 1.80
  }, {
    "date" : "2005-09-30",
    "sales" : 118.48,
    "salesGrowthYoY" : null,
    "grossProfitMargin" : 28.64,
    "grossProfit" : 33.93,
    "operatingProfitMargin" : 5.94,
    "operatingProfit" : 7.04,
    "netProfitMargin" : 2.14,
    "netProfit" : 2.54
  }, {
    "date" : "2005-12-31",
    "sales" : 124.48,
    "salesGrowthYoY" : null,
    "grossProfitMargin" : 28.93,
    "grossProfit" : 36.01,
    "operatingProfitMargin" : 5.35,
    "operatingProfit" : 6.66,
    "netProfitMargin" : 1.90,
    "netProfit" : 2.37
  }, {
    "date" : "2006-03-31",
    "sales" : 127.76,
    "salesGrowthYoY" : 20.26,
    "grossProfitMargin" : 29.01,
    "grossProfit" : 37.06,
    "operatingProfitMargin" : 4.63,
    "operatingProfit" : 5.92,
    "netProfitMargin" : 1.96,
    "netProfit" : 2.50
  }, {
    "date" : "2006-06-30",
    "sales" : 128.28,
    "salesGrowthYoY" : 12.52,
    "grossProfitMargin" : 26.56,
    "grossProfit" : 34.07,
    "operatingProfitMargin" : 6.26,
    "operatingProfit" : 8.03,
    "netProfitMargin" : 3.64,
    "netProfit" : 4.67
  }, {
    "date" : "2006-09-30",
    "sales" : 130.64,
    "salesGrowthYoY" : 10.26,
    "grossProfitMargin" : 23.42,
    "grossProfit" : 30.60,
    "operatingProfitMargin" : 5.16,
    "operatingProfit" : 6.74,
    "netProfitMargin" : 2.72,
    "netProfit" : 3.55
  }, {
    "date" : "2006-12-31",
    "sales" : 131.28,
    "salesGrowthYoY" : 5.46,
    "grossProfitMargin" : 24.12,
    "grossProfit" : 31.66,
    "operatingProfitMargin" : 9.22,
    "operatingProfit" : 12.10,
    "netProfitMargin" : 7.11,
    "netProfit" : 9.33
  }, {
    "date" : "2007-03-31",
    "sales" : 124.91,
    "salesGrowthYoY" : -2.23,
    "grossProfitMargin" : 27.68,
    "grossProfit" : 34.58,
    "operatingProfitMargin" : 6.92,
    "operatingProfit" : 8.64,
    "netProfitMargin" : 1.79,
    "netProfit" : 2.24
  }, {
    "date" : "2007-06-30",
    "sales" : 108.49,
    "salesGrowthYoY" : -15.43,
    "grossProfitMargin" : 23.91,
    "grossProfit" : 25.94,
    "operatingProfitMargin" : 3.39,
    "operatingProfit" : 3.68,
    "netProfitMargin" : 2.25,
    "netProfit" : 2.44
  }, {
    "date" : "2007-09-30",
    "sales" : 112.98,
    "salesGrowthYoY" : -13.52,
    "grossProfitMargin" : 26.31,
    "grossProfit" : 29.73,
    "operatingProfitMargin" : 4.26,
    "operatingProfit" : 4.81,
    "netProfitMargin" : 1.33,
    "netProfit" : 1.50
  }, {
    "date" : "2007-12-31",
    "sales" : 124.51,
    "salesGrowthYoY" : -5.16,
    "grossProfitMargin" : 25.85,
    "grossProfit" : 32.19,
    "operatingProfitMargin" : 6.66,
    "operatingProfit" : 8.29,
    "netProfitMargin" : 2.45,
    "netProfit" : 3.05
  }, {
    "date" : "2008-03-31",
    "sales" : 123.97,
    "salesGrowthYoY" : -0.75,
    "grossProfitMargin" : 27.44,
    "grossProfit" : 34.02,
    "operatingProfitMargin" : 6.84,
    "operatingProfit" : 8.48,
    "netProfitMargin" : 1.98,
    "netProfit" : 2.45
  }, {
    "date" : "2008-06-30",
    "sales" : 127.64,
    "salesGrowthYoY" : 17.65,
    "grossProfitMargin" : 28.21,
    "grossProfit" : 36.01,
    "operatingProfitMargin" : 7.25,
    "operatingProfit" : 9.25,
    "netProfitMargin" : 1.98,
    "netProfit" : 2.53
  }, {
    "date" : "2008-09-30",
    "sales" : 145.45,
    "salesGrowthYoY" : 28.74,
    "grossProfitMargin" : 27.19,
    "grossProfit" : 39.55,
    "operatingProfitMargin" : 6.01,
    "operatingProfit" : 8.74,
    "netProfitMargin" : 1.39,
    "netProfit" : 2.02
  }, {
    "date" : "2008-12-31",
    "sales" : 122.21,
    "salesGrowthYoY" : -1.85,
    "grossProfitMargin" : 26.82,
    "grossProfit" : 32.78,
    "operatingProfitMargin" : 5.19,
    "operatingProfit" : 6.34,
    "netProfitMargin" : 0.03,
    "netProfit" : 0.04
  }, {
    "date" : "2009-03-31",
    "sales" : 140.99,
    "salesGrowthYoY" : 13.73,
    "grossProfitMargin" : 24.88,
    "grossProfit" : 35.08,
    "operatingProfitMargin" : 6.81,
    "operatingProfit" : 9.60,
    "netProfitMargin" : 0.50,
    "netProfit" : 0.70
  }, {
    "date" : "2009-06-30",
    "sales" : 154.11,
    "salesGrowthYoY" : 20.74,
    "grossProfitMargin" : 26.84,
    "grossProfit" : 41.36,
    "operatingProfitMargin" : 9.04,
    "operatingProfit" : 13.93,
    "netProfitMargin" : 4.09,
    "netProfit" : 6.30
  }, {
    "date" : "2009-09-30",
    "sales" : 174.58,
    "salesGrowthYoY" : 20.03,
    "grossProfitMargin" : 27.57,
    "grossProfit" : 48.13,
    "operatingProfitMargin" : 9.66,
    "operatingProfit" : 16.86,
    "netProfitMargin" : 3.20,
    "netProfit" : 5.59
  }, {
    "date" : "2009-12-31",
    "sales" : 183.73,
    "salesGrowthYoY" : 50.34,
    "grossProfitMargin" : 27.14,
    "grossProfit" : 49.86,
    "operatingProfitMargin" : 10.10,
    "operatingProfit" : 18.56,
    "netProfitMargin" : 3.15,
    "netProfit" : 5.79
  }, {
    "date" : "2010-03-31",
    "sales" : 192.42,
    "salesGrowthYoY" : 36.48,
    "grossProfitMargin" : 24.83,
    "grossProfit" : 47.78,
    "operatingProfitMargin" : 8.30,
    "operatingProfit" : 15.97,
    "netProfitMargin" : 3.32,
    "netProfit" : 6.39
  }, {
    "date" : "2010-06-30",
    "sales" : 212.68,
    "salesGrowthYoY" : 38.01,
    "grossProfitMargin" : 25.93,
    "grossProfit" : 55.15,
    "operatingProfitMargin" : 9.28,
    "operatingProfit" : 19.74,
    "netProfitMargin" : 4.03,
    "netProfit" : 8.57
  }, {
    "date" : "2010-09-30",
    "sales" : 236.42,
    "salesGrowthYoY" : 35.42,
    "grossProfitMargin" : 25.40,
    "grossProfit" : 60.05,
    "operatingProfitMargin" : 9.01,
    "operatingProfit" : 21.30,
    "netProfitMargin" : 3.58,
    "netProfit" : 8.46
  }, {
    "date" : "2010-12-31",
    "sales" : 246.79,
    "salesGrowthYoY" : 34.32,
    "grossProfitMargin" : 24.82,
    "grossProfit" : 61.25,
    "operatingProfitMargin" : 6.30,
    "operatingProfit" : 15.55,
    "netProfitMargin" : 2.20,
    "netProfit" : 5.43
  }, {
    "date" : "2011-03-31",
    "sales" : 280.33,
    "salesGrowthYoY" : 45.69,
    "grossProfitMargin" : 32.93,
    "grossProfit" : 92.31,
    "operatingProfitMargin" : 13.71,
    "operatingProfit" : 38.43,
    "netProfitMargin" : 8.77,
    "netProfit" : 24.58
  }, {
    "date" : "2011-06-30",
    "sales" : 270.04,
    "salesGrowthYoY" : 26.97,
    "grossProfitMargin" : 26.96,
    "grossProfit" : 72.80,
    "operatingProfitMargin" : 9.03,
    "operatingProfit" : 24.38,
    "netProfitMargin" : 4.12,
    "netProfit" : 11.13
  }, {
    "date" : "2011-09-30",
    "sales" : 279.64,
    "salesGrowthYoY" : 18.28,
    "grossProfitMargin" : 28.70,
    "grossProfit" : 80.26,
    "operatingProfitMargin" : 7.64,
    "operatingProfit" : 21.36,
    "netProfitMargin" : 3.67,
    "netProfit" : 10.26
  }, {
    "date" : "2011-12-31",
    "sales" : 277.14,
    "salesGrowthYoY" : 12.30,
    "grossProfitMargin" : 26.72,
    "grossProfit" : 74.05,
    "operatingProfitMargin" : 6.97,
    "operatingProfit" : 19.32,
    "netProfitMargin" : 3.20,
    "netProfit" : 8.87
  }, {
    "date" : "2012-03-31",
    "sales" : 299.30,
    "salesGrowthYoY" : 6.77,
    "grossProfitMargin" : 30.35,
    "grossProfit" : 90.84,
    "operatingProfitMargin" : 9.27,
    "operatingProfit" : 27.75,
    "netProfitMargin" : 5.56,
    "netProfit" : 16.64
  }, {
    "date" : "2012-06-30",
    "sales" : 292.49,
    "salesGrowthYoY" : 8.31,
    "grossProfitMargin" : 27.17,
    "grossProfit" : 79.47,
    "operatingProfitMargin" : 7.01,
    "operatingProfit" : 20.50,
    "netProfitMargin" : 3.01,
    "netProfit" : 8.80
  }, {
    "date" : "2012-09-30",
    "sales" : 304.49,
    "salesGrowthYoY" : 8.89,
    "grossProfitMargin" : 26.71,
    "grossProfit" : 81.33,
    "operatingProfitMargin" : 7.92,
    "operatingProfit" : 24.12,
    "netProfitMargin" : 4.16,
    "netProfit" : 12.67
  }, {
    "date" : "2012-12-31",
    "sales" : 296.50,
    "salesGrowthYoY" : 6.99,
    "grossProfitMargin" : 28.16,
    "grossProfit" : 83.49,
    "operatingProfitMargin" : 5.94,
    "operatingProfit" : 17.61,
    "netProfitMargin" : 3.05,
    "netProfit" : 9.04
  }, {
    "date" : "2013-03-31",
    "sales" : 311.02,
    "salesGrowthYoY" : 3.92,
    "grossProfitMargin" : 27.60,
    "grossProfit" : 85.84,
    "operatingProfitMargin" : 6.43,
    "operatingProfit" : 20.00,
    "netProfitMargin" : 4.12,
    "netProfit" : 12.81
  }, {
    "date" : "2013-06-30",
    "sales" : 295.57,
    "salesGrowthYoY" : 1.05,
    "grossProfitMargin" : 28.89,
    "grossProfit" : 85.39,
    "operatingProfitMargin" : 6.70,
    "operatingProfit" : 19.80,
    "netProfitMargin" : 2.94,
    "netProfit" : 8.69
  }, {
    "date" : "2013-09-30",
    "sales" : 317.14,
    "salesGrowthYoY" : 4.15,
    "grossProfitMargin" : 27.92,
    "grossProfit" : 88.55,
    "operatingProfitMargin" : 6.40,
    "operatingProfit" : 20.30,
    "netProfitMargin" : 3.63,
    "netProfit" : 11.51
  }, {
    "date" : "2013-12-31",
    "sales" : 339.46,
    "salesGrowthYoY" : 14.49,
    "grossProfitMargin" : 26.85,
    "grossProfit" : 91.15,
    "operatingProfitMargin" : 6.67,
    "operatingProfit" : 22.64,
    "netProfitMargin" : 4.15,
    "netProfit" : 14.09
  }, {
    "date" : "2014-03-31",
    "sales" : 335.18,
    "salesGrowthYoY" : 7.77,
    "grossProfitMargin" : 28.55,
    "grossProfit" : 95.69,
    "operatingProfitMargin" : 8.26,
    "operatingProfit" : 27.69,
    "netProfitMargin" : 3.21,
    "netProfit" : 10.76
  }, {
    "date" : "2014-06-30",
    "sales" : 351.42,
    "salesGrowthYoY" : 18.90,
    "grossProfitMargin" : 27.63,
    "grossProfit" : 97.10,
    "operatingProfitMargin" : 7.77,
    "operatingProfit" : 27.31,
    "netProfitMargin" : 3.93,
    "netProfit" : 13.81
  }, {
    "date" : "2014-09-30",
    "sales" : 384.83,
    "salesGrowthYoY" : 21.34,
    "grossProfitMargin" : 27.59,
    "grossProfit" : 106.17,
    "operatingProfitMargin" : 8.30,
    "operatingProfit" : 31.94,
    "netProfitMargin" : 4.56,
    "netProfit" : 17.55
  }, {
    "date" : "2014-12-31",
    "sales" : 359.49,
    "salesGrowthYoY" : 5.90,
    "grossProfitMargin" : 27.39,
    "grossProfit" : 98.46,
    "operatingProfitMargin" : 8.01,
    "operatingProfit" : 28.80,
    "netProfitMargin" : 4.47,
    "netProfit" : 16.07
  }, {
    "date" : "2015-03-31",
    "sales" : 348.36,
    "salesGrowthYoY" : 3.93,
    "grossProfitMargin" : 28.40,
    "grossProfit" : 98.93,
    "operatingProfitMargin" : 8.17,
    "operatingProfit" : 28.46,
    "netProfitMargin" : 3.75,
    "netProfit" : 13.06
  }, {
    "date" : "2015-06-30",
    "sales" : 341.89,
    "salesGrowthYoY" : -2.71,
    "grossProfitMargin" : 28.04,
    "grossProfit" : 95.87,
    "operatingProfitMargin" : 9.00,
    "operatingProfit" : 30.77,
    "netProfitMargin" : 5.14,
    "netProfit" : 17.57
  }, {
    "date" : "2015-09-30",
    "sales" : 375.20,
    "salesGrowthYoY" : -2.50,
    "grossProfitMargin" : 28.31,
    "grossProfit" : 106.22,
    "operatingProfitMargin" : 8.89,
    "operatingProfit" : 33.36,
    "netProfitMargin" : 5.17,
    "netProfit" : 19.40
  }, {
    "date" : "2015-12-31",
    "sales" : 354.93,
    "salesGrowthYoY" : -1.27,
    "grossProfitMargin" : 29.74,
    "grossProfit" : 105.56,
    "operatingProfitMargin" : 8.87,
    "operatingProfit" : 31.48,
    "netProfitMargin" : 4.98,
    "netProfit" : 17.68
  }, {
    "date" : "2016-03-31",
    "sales" : 366.22,
    "salesGrowthYoY" : 5.13,
    "grossProfitMargin" : 28.37,
    "grossProfit" : 103.90,
    "operatingProfitMargin" : 8.95,
    "operatingProfit" : 32.78,
    "netProfitMargin" : 5.75,
    "netProfit" : 21.06
  }, {
    "date" : "2016-06-30",
    "sales" : 368.46,
    "salesGrowthYoY" : 7.77,
    "grossProfitMargin" : 28.20,
    "grossProfit" : 103.91,
    "operatingProfitMargin" : 9.61,
    "operatingProfit" : 35.41,
    "netProfitMargin" : 5.44,
    "netProfit" : 20.04
  }, {
    "date" : "2016-09-30",
    "sales" : 392.07,
    "salesGrowthYoY" : 4.50,
    "grossProfitMargin" : 28.40,
    "grossProfit" : 111.35,
    "operatingProfitMargin" : 9.76,
    "operatingProfit" : 38.27,
    "netProfitMargin" : 5.42,
    "netProfit" : 21.25
  }, {
    "date" : "2016-12-31",
    "sales" : 372.08,
    "salesGrowthYoY" : 4.83,
    "grossProfitMargin" : 29.22,
    "grossProfit" : 108.72,
    "operatingProfitMargin" : 9.43,
    "operatingProfit" : 35.09,
    "netProfitMargin" : 5.03,
    "netProfit" : 18.72
  }, {
    "date" : "2017-03-31",
    "sales" : 388.21,
    "salesGrowthYoY" : 6.00,
    "grossProfitMargin" : 28.85,
    "grossProfit" : 112.00,
    "operatingProfitMargin" : 9.66,
    "operatingProfit" : 37.50,
    "netProfitMargin" : 5.82,
    "netProfit" : 22.59
  }, {
    "date" : "2017-06-30",
    "sales" : 417.62,
    "salesGrowthYoY" : 13.34,
    "grossProfitMargin" : 28.73,
    "grossProfit" : 119.98,
    "operatingProfitMargin" : 9.35,
    "operatingProfit" : 39.05,
    "netProfitMargin" : 4.89,
    "netProfit" : 20.42
  }, {
    "date" : "2017-09-30",
    "sales" : 471.69,
    "salesGrowthYoY" : 20.31,
    "grossProfitMargin" : 27.44,
    "grossProfit" : 129.43,
    "operatingProfitMargin" : 9.65,
    "operatingProfit" : 45.52,
    "netProfitMargin" : 5.63,
    "netProfit" : 26.56
  }, {
    "date" : "2017-12-31",
    "sales" : 447.06,
    "salesGrowthYoY" : 20.15,
    "grossProfitMargin" : 29.27,
    "grossProfit" : 130.85,
    "operatingProfitMargin" : 9.03,
    "operatingProfit" : 40.37,
    "netProfitMargin" : 4.82,
    "netProfit" : 21.55
  }, {
    "date" : "2018-03-31",
    "sales" : 496.76,
    "salesGrowthYoY" : 27.96,
    "grossProfitMargin" : 28.63,
    "grossProfit" : 142.22,
    "operatingProfitMargin" : 9.33,
    "operatingProfit" : 46.35,
    "netProfitMargin" : 5.17,
    "netProfit" : 25.68
  }, {
    "date" : "2018-06-30",
    "sales" : 514.62,
    "salesGrowthYoY" : 23.23,
    "grossProfitMargin" : 28.64,
    "grossProfit" : 147.39,
    "operatingProfitMargin" : 9.52,
    "operatingProfit" : 48.99,
    "netProfitMargin" : 5.19,
    "netProfit" : 26.71
  }, {
    "date" : "2018-09-30",
    "sales" : 541.53,
    "salesGrowthYoY" : 14.81,
    "grossProfitMargin" : 27.63,
    "grossProfit" : 149.62,
    "operatingProfitMargin" : 9.51,
    "operatingProfit" : 51.50,
    "netProfitMargin" : 5.35,
    "netProfit" : 28.97
  }, {
    "date" : "2018-12-31",
    "sales" : 510.00,
    "salesGrowthYoY" : 14.08,
    "grossProfitMargin" : 27.35,
    "grossProfit" : 139.49,
    "operatingProfitMargin" : 8.44,
    "operatingProfit" : 43.04,
    "netProfitMargin" : 4.32,
    "netProfit" : 22.03
  }, {
    "date" : "2019-03-31",
    "sales" : 510.31,
    "salesGrowthYoY" : 2.73,
    "grossProfitMargin" : 26.05,
    "grossProfit" : 132.94,
    "operatingProfitMargin" : 6.72,
    "operatingProfit" : 34.29,
    "netProfitMargin" : 3.39,
    "netProfit" : 17.30
  }, {
    "date" : "2019-06-30",
    "sales" : 517.15,
    "salesGrowthYoY" : 0.49,
    "grossProfitMargin" : 26.59,
    "grossProfit" : 137.51,
    "operatingProfitMargin" : 7.97,
    "operatingProfit" : 41.22,
    "netProfitMargin" : 4.27,
    "netProfit" : 22.08
  }, {
    "date" : "2019-09-30",
    "sales" : 472.67,
    "salesGrowthYoY" : -12.72,
    "grossProfitMargin" : 25.15,
    "grossProfit" : 118.88,
    "operatingProfitMargin" : 6.62,
    "operatingProfit" : 31.29,
    "netProfitMargin" : 3.91,
    "netProfit" : 18.48
  }, {
    "date" : "2019-12-31",
    "sales" : 455.50,
    "salesGrowthYoY" : -10.69,
    "grossProfitMargin" : 27.10,
    "grossProfit" : 123.44,
    "operatingProfitMargin" : 7.07,
    "operatingProfit" : 32.20,
    "netProfitMargin" : 3.86,
    "netProfit" : 17.58
  }, {
    "date" : "2020-03-31",
    "sales" : 424.64,
    "salesGrowthYoY" : -16.79,
    "grossProfitMargin" : 28.37,
    "grossProfit" : 120.47,
    "operatingProfitMargin" : 7.79,
    "operatingProfit" : 33.08,
    "netProfitMargin" : 6.22,
    "netProfit" : 26.41
  }, {
    "date" : "2020-06-30",
    "sales" : 122.85,
    "salesGrowthYoY" : -76.24,
    "grossProfitMargin" : 29.56,
    "grossProfit" : 36.31,
    "operatingProfitMargin" : -13.90,
    "operatingProfit" : -17.08,
    "netProfitMargin" : -19.36,
    "netProfit" : -23.78
  }, {
    "date" : "2020-09-30",
    "sales" : 458.96,
    "salesGrowthYoY" : -2.90,
    "grossProfitMargin" : 26.10,
    "grossProfit" : 119.79,
    "operatingProfitMargin" : 7.70,
    "operatingProfit" : 35.34,
    "netProfitMargin" : 6.67,
    "netProfit" : 30.61
  }, {
    "date" : "2020-12-31",
    "sales" : 534.83,
    "salesGrowthYoY" : 17.42,
    "grossProfitMargin" : 24.13,
    "grossProfit" : 129.05,
    "operatingProfitMargin" : 7.02,
    "operatingProfit" : 37.55,
    "netProfitMargin" : 4.60,
    "netProfit" : 24.60
  }, {
    "date" : "2021-03-31",
    "sales" : 578.29,
    "salesGrowthYoY" : 36.18,
    "grossProfitMargin" : 24.99,
    "grossProfit" : 144.51,
    "operatingProfitMargin" : 8.10,
    "operatingProfit" : 46.84,
    "netProfitMargin" : 4.99,
    "netProfit" : 28.86
  }, {
    "date" : "2021-06-30",
    "sales" : 451.82,
    "salesGrowthYoY" : 267.78,
    "grossProfitMargin" : 24.87,
    "grossProfit" : 112.37,
    "operatingProfitMargin" : 5.13,
    "operatingProfit" : 23.18,
    "netProfitMargin" : 2.66,
    "netProfit" : 12.02
  }, {
    "date" : "2021-09-30",
    "sales" : 589.70,
    "salesGrowthYoY" : 28.49,
    "grossProfitMargin" : 24.02,
    "grossProfit" : 141.65,
    "operatingProfitMargin" : 7.29,
    "operatingProfit" : 42.99,
    "netProfitMargin" : 4.23,
    "netProfit" : 24.94
  }, {
    "date" : "2021-12-31",
    "sales" : 606.14,
    "salesGrowthYoY" : 13.33,
    "grossProfitMargin" : 23.21,
    "grossProfit" : 140.69,
    "operatingProfitMargin" : 6.93,
    "operatingProfit" : 42.01,
    "netProfitMargin" : 4.24,
    "netProfit" : 25.70
  }, {
    "date" : "2022-03-31",
    "sales" : 684.33,
    "salesGrowthYoY" : 18.34,
    "grossProfitMargin" : 22.06,
    "grossProfit" : 150.96,
    "operatingProfitMargin" : 5.51,
    "operatingProfit" : 37.71,
    "netProfitMargin" : 3.93,
    "netProfit" : 26.89
  }, {
    "date" : "2022-06-30",
    "sales" : 720.90,
    "salesGrowthYoY" : 59.55,
    "grossProfitMargin" : 23.47,
    "grossProfit" : 169.20,
    "operatingProfitMargin" : 7.05,
    "operatingProfit" : 50.82,
    "netProfitMargin" : 4.57,
    "netProfit" : 32.95
  }, {
    "date" : "2022-09-30",
    "sales" : 802.87,
    "salesGrowthYoY" : 36.15,
    "grossProfitMargin" : 23.00,
    "grossProfit" : 184.66,
    "operatingProfitMargin" : 7.36,
    "operatingProfit" : 59.09,
    "netProfitMargin" : 4.55,
    "netProfit" : 36.53
  }, {
    "date" : "2022-12-31",
    "sales" : 710.99,
    "salesGrowthYoY" : 17.30,
    "grossProfitMargin" : 24.37,
    "grossProfit" : 173.27,
    "operatingProfitMargin" : 7.23,
    "operatingProfit" : 51.40,
    "netProfitMargin" : 4.10,
    "netProfit" : 29.15
  }, {
    "date" : "2023-03-31",
    "sales" : 736.98,
    "salesGrowthYoY" : 7.69,
    "grossProfitMargin" : 23.85,
    "grossProfit" : 175.77,
    "operatingProfitMargin" : 7.10,
    "operatingProfit" : 52.33,
    "netProfitMargin" : 4.58,
    "netProfit" : 33.75
  }, {
    "date" : "2023-06-30",
    "sales" : 805.77,
    "salesGrowthYoY" : 11.77,
    "grossProfitMargin" : 25.22,
    "grossProfit" : 203.22,
    "operatingProfitMargin" : 8.56,
    "operatingProfit" : 68.97,
    "netProfitMargin" : 5.27,
    "netProfit" : 42.46
  }, {
    "date" : "2023-09-30",
    "sales" : 864.45,
    "salesGrowthYoY" : 7.67,
    "grossProfitMargin" : 24.73,
    "grossProfit" : 213.78,
    "operatingProfitMargin" : 8.54,
    "operatingProfit" : 73.82,
    "netProfitMargin" : 5.43,
    "netProfit" : 46.94
  }, {
    "date" : "2023-12-31",
    "sales" : 813.81,
    "salesGrowthYoY" : 14.46,
    "grossProfitMargin" : 25.46,
    "grossProfit" : 207.20,
    "operatingProfitMargin" : 8.63,
    "operatingProfit" : 70.23,
    "netProfitMargin" : 5.28,
    "netProfit" : 42.97
  }, {
    "date" : "2024-03-31",
    "sales" : 858.63,
    "salesGrowthYoY" : 16.51,
    "grossProfitMargin" : 24.85,
    "grossProfit" : 213.37,
    "operatingProfitMargin" : 9.03,
    "operatingProfit" : 77.53,
    "netProfitMargin" : 6.14,
    "netProfit" : 52.72
  }, {
    "date" : "2024-06-30",
    "sales" : 864.23,
    "salesGrowthYoY" : 7.26,
    "grossProfitMargin" : 25.17,
    "grossProfit" : 217.53,
    "operatingProfitMargin" : 9.02,
    "operatingProfit" : 77.95,
    "netProfitMargin" : 5.92,
    "netProfit" : 51.16
  }, {
    "date" : "2024-09-30",
    "sales" : 924.01,
    "salesGrowthYoY" : 6.89,
    "grossProfitMargin" : 25.22,
    "grossProfit" : 233.04,
    "operatingProfitMargin" : 8.56,
    "operatingProfit" : 79.10,
    "netProfitMargin" : 5.70,
    "netProfit" : 52.67
  }, {
    "date" : "2024-12-31",
    "sales" : 924.18,
    "salesGrowthYoY" : 13.56,
    "grossProfitMargin" : 25.14,
    "grossProfit" : 232.34,
    "operatingProfitMargin" : 8.48,
    "operatingProfit" : 78.37,
    "netProfitMargin" : 5.84,
    "netProfit" : 53.97
  }, {
    "date" : "2025-03-31",
    "sales" : 930.87,
    "salesGrowthYoY" : 8.41,
    "grossProfitMargin" : 25.49,
    "grossProfit" : 237.28,
    "operatingProfitMargin" : 9.21,
    "operatingProfit" : 85.73,
    "netProfitMargin" : 5.81,
    "netProfit" : 54.08
  }, {
    "date" : "2025-06-30",
    "sales" : 984.55,
    "salesGrowthYoY" : 13.92,
    "grossProfitMargin" : 26.22,
    "grossProfit" : 258.15,
    "operatingProfitMargin" : 8.89,
    "operatingProfit" : 87.53,
    "netProfitMargin" : 5.65,
    "netProfit" : 55.63
  }, {
    "date" : "2025-09-30",
    "sales" : 1066.08,
    "salesGrowthYoY" : 15.38,
    "grossProfitMargin" : 25.57,
    "grossProfit" : 272.60,
    "operatingProfitMargin" : 8.66,
    "operatingProfit" : 92.32,
    "netProfitMargin" : 5.69,
    "netProfit" : 60.66
  }, {
    "date" : "2025-12-31",
    "sales" : 1071.57,
    "salesGrowthYoY" : 15.95,
    "grossProfitMargin" : 25.45,
    "grossProfit" : 272.71,
    "operatingProfitMargin" : 8.62,
    "operatingProfit" : 92.37,
    "netProfitMargin" : 7.10,
    "netProfit" : 76.08
  } ],
  "latestQuarterlyResult" : {
    "date" : "2025-12-31",
    "sales" : 1071.57,
    "salesGrowthYoY" : 15.95,
    "grossProfitMargin" : 25.45,
    "grossProfit" : 272.71,
    "operatingProfitMargin" : 8.62,
    "operatingProfit" : 92.37,
    "netProfitMargin" : 7.10,
    "netProfit" : 76.08
  },
  "companyScore" : {
    "priceHigherThanDma50" : 0.00,
    "priceHigherThanDma100" : 0.00,
    "priceHigherThanDma200" : 5.00,
    "dma50HigherThanDma100" : 0.00,
    "dma50HigherThanDma200" : 5.00,
    "dma100HigherThanDma200" : 5.00,
    "pricePercentageAboveDma50" : 5.11,
    "pricePercentageAboveDma100" : 5.63,
    "pricePercentageAboveDma200" : 4.92,
    "weeklyVolumeHigherThanYearlyVolume" : 5.00,
    "salesGrowthPercentile" : 13.00,
    "operatingProfitMarginPercentile" : 16.31,
    "netProfitMarginPercentile" : 9.76,
    "totalTechnicalScore" : 35.65,
    "totalFundamentalScore" : 39.07,
    "totalScore" : 74.73
  }
}