{
  "metadata" : {
    "screenerCompanyId" : "1204",
    "companyCode" : "GESHIP",
    "companyName" : "GE Shipping Co",
    "screenerCompanyLink" : "https://www.screener.in/company/GESHIP/consolidated/",
    "screenerTechnicalHistoryLink" : "https://www.screener.in/api/company/1204/chart/?q=Price-DMA50-DMA200-Volume&days=365",
    "screenerQuarterlyResultsLink" : "https://www.screener.in/api/company/1204/chart/?q=GPM-OPM-NPM-Quarter+Sales&days=10000",
    "attributes" : {
      "companyCode" : "GESHIP",
      "companyName" : "GE Shipping Co",
      "marketCap" : 15904.00,
      "peRatio" : 8.91,
      "description" : "Great Eastern Shipping Company Ltd, along with its subsidiaries is a major player in the Indian shipping and Oil drilling services industry.[1]"
    },
    "companyScore" : {
      "priceHigherThanDma50" : 5.00,
      "priceHigherThanDma100" : 5.00,
      "priceHigherThanDma200" : 5.00,
      "dma50HigherThanDma100" : 5.00,
      "dma50HigherThanDma200" : 5.00,
      "dma100HigherThanDma200" : 5.00,
      "pricePercentageAboveDma50" : 4.89,
      "pricePercentageAboveDma100" : 4.69,
      "pricePercentageAboveDma200" : 4.62,
      "weeklyVolumeHigherThanYearlyVolume" : 0.00,
      "salesGrowthPercentile" : 4.81,
      "operatingProfitMarginPercentile" : 19.52,
      "netProfitMarginPercentile" : 9.64,
      "totalTechnicalScore" : 44.19,
      "totalFundamentalScore" : 33.97,
      "totalScore" : 78.16
    }
  },
  "attributes" : {
    "companyCode" : "GESHIP",
    "companyName" : "GE Shipping Co",
    "marketCap" : 15904.00,
    "peRatio" : 8.91,
    "description" : "Great Eastern Shipping Company Ltd, along with its subsidiaries is a major player in the Indian shipping and Oil drilling services industry.[1]"
  },
  "technicalHistory" : [ {
    "date" : "2025-01-06",
    "price" : 945.30,
    "dma50" : 1081.44,
    "dma100" : null,
    "dma200" : 1123.07,
    "volume" : 359914.00
  }, {
    "date" : "2025-01-07",
    "price" : 980.75,
    "dma50" : 1077.49,
    "dma100" : null,
    "dma200" : 1121.66,
    "volume" : 479303.00
  }, {
    "date" : "2025-01-08",
    "price" : 964.20,
    "dma50" : 1073.05,
    "dma100" : null,
    "dma200" : 1120.09,
    "volume" : 474576.00
  }, {
    "date" : "2025-01-09",
    "price" : 952.30,
    "dma50" : 1068.31,
    "dma100" : null,
    "dma200" : 1118.42,
    "volume" : 281402.00
  }, {
    "date" : "2025-01-10",
    "price" : 937.85,
    "dma50" : 1063.20,
    "dma100" : null,
    "dma200" : 1116.62,
    "volume" : 347202.00
  }, {
    "date" : "2025-01-13",
    "price" : 896.70,
    "dma50" : 1056.67,
    "dma100" : null,
    "dma200" : 1114.44,
    "volume" : 529986.00
  }, {
    "date" : "2025-01-14",
    "price" : 932.95,
    "dma50" : 1051.82,
    "dma100" : null,
    "dma200" : 1112.63,
    "volume" : 330171.00
  }, {
    "date" : "2025-01-15",
    "price" : 913.45,
    "dma50" : 1046.39,
    "dma100" : null,
    "dma200" : 1110.65,
    "volume" : 407888.00
  }, {
    "date" : "2025-01-16",
    "price" : 988.30,
    "dma50" : 1044.11,
    "dma100" : null,
    "dma200" : 1109.43,
    "volume" : 1719314.00
  }, {
    "date" : "2025-01-17",
    "price" : 952.15,
    "dma50" : 1040.51,
    "dma100" : null,
    "dma200" : 1107.86,
    "volume" : 610128.00
  }, {
    "date" : "2025-01-20",
    "price" : 959.35,
    "dma50" : 1037.32,
    "dma100" : null,
    "dma200" : 1106.39,
    "volume" : 215186.00
  }, {
    "date" : "2025-01-21",
    "price" : 948.70,
    "dma50" : 1033.85,
    "dma100" : null,
    "dma200" : 1104.82,
    "volume" : 543382.00
  }, {
    "date" : "2025-01-22",
    "price" : 947.45,
    "dma50" : 1030.46,
    "dma100" : null,
    "dma200" : 1103.25,
    "volume" : 474507.00
  }, {
    "date" : "2025-01-23",
    "price" : 965.30,
    "dma50" : 1027.90,
    "dma100" : null,
    "dma200" : 1101.88,
    "volume" : 282849.00
  }, {
    "date" : "2025-01-24",
    "price" : 938.15,
    "dma50" : 1024.38,
    "dma100" : null,
    "dma200" : 1100.25,
    "volume" : 244391.00
  }, {
    "date" : "2025-01-27",
    "price" : 912.05,
    "dma50" : 1019.98,
    "dma100" : null,
    "dma200" : 1098.38,
    "volume" : 216734.00
  }, {
    "date" : "2025-01-28",
    "price" : 908.90,
    "dma50" : 1015.62,
    "dma100" : null,
    "dma200" : 1096.49,
    "volume" : 735008.00
  }, {
    "date" : "2025-01-29",
    "price" : 931.25,
    "dma50" : 1012.31,
    "dma100" : null,
    "dma200" : 1094.85,
    "volume" : 295674.00
  }, {
    "date" : "2025-01-30",
    "price" : 948.15,
    "dma50" : 1009.80,
    "dma100" : null,
    "dma200" : 1093.39,
    "volume" : 257091.00
  }, {
    "date" : "2025-01-31",
    "price" : 984.00,
    "dma50" : 1008.79,
    "dma100" : null,
    "dma200" : 1092.30,
    "volume" : 471205.00
  }, {
    "date" : "2025-02-01",
    "price" : 1000.05,
    "dma50" : 1008.44,
    "dma100" : null,
    "dma200" : 1091.38,
    "volume" : 610407.00
  }, {
    "date" : "2025-02-03",
    "price" : 954.85,
    "dma50" : 1006.34,
    "dma100" : null,
    "dma200" : 1090.02,
    "volume" : 605750.00
  }, {
    "date" : "2025-02-04",
    "price" : 938.40,
    "dma50" : 1003.68,
    "dma100" : null,
    "dma200" : 1088.52,
    "volume" : 410342.00
  }, {
    "date" : "2025-02-05",
    "price" : 924.45,
    "dma50" : 1000.57,
    "dma100" : null,
    "dma200" : 1086.88,
    "volume" : 660147.00
  }, {
    "date" : "2025-02-06",
    "price" : 898.50,
    "dma50" : 996.57,
    "dma100" : null,
    "dma200" : 1085.01,
    "volume" : 976726.00
  }, {
    "date" : "2025-02-07",
    "price" : 913.15,
    "dma50" : 993.30,
    "dma100" : null,
    "dma200" : 1083.30,
    "volume" : 807955.00
  }, {
    "date" : "2025-02-10",
    "price" : 912.90,
    "dma50" : 990.14,
    "dma100" : null,
    "dma200" : 1081.60,
    "volume" : 448180.00
  }, {
    "date" : "2025-02-11",
    "price" : 884.50,
    "dma50" : 986.00,
    "dma100" : null,
    "dma200" : 1079.64,
    "volume" : 514389.00
  }, {
    "date" : "2025-02-12",
    "price" : 893.00,
    "dma50" : 982.35,
    "dma100" : null,
    "dma200" : 1077.78,
    "volume" : 590454.00
  }, {
    "date" : "2025-02-13",
    "price" : 911.95,
    "dma50" : 979.59,
    "dma100" : null,
    "dma200" : 1076.13,
    "volume" : 437478.00
  }, {
    "date" : "2025-02-14",
    "price" : 902.50,
    "dma50" : 976.57,
    "dma100" : null,
    "dma200" : 1074.41,
    "volume" : 743982.00
  }, {
    "date" : "2025-02-17",
    "price" : 902.65,
    "dma50" : 973.67,
    "dma100" : null,
    "dma200" : 1072.70,
    "volume" : 283619.00
  }, {
    "date" : "2025-02-18",
    "price" : 894.55,
    "dma50" : 970.57,
    "dma100" : null,
    "dma200" : 1070.92,
    "volume" : 299875.00
  }, {
    "date" : "2025-02-19",
    "price" : 902.55,
    "dma50" : 967.90,
    "dma100" : null,
    "dma200" : 1069.25,
    "volume" : 202559.00
  }, {
    "date" : "2025-02-20",
    "price" : 911.65,
    "dma50" : 965.69,
    "dma100" : null,
    "dma200" : 1067.68,
    "volume" : 270788.00
  }, {
    "date" : "2025-02-21",
    "price" : 905.05,
    "dma50" : 963.32,
    "dma100" : null,
    "dma200" : 1066.06,
    "volume" : 531503.00
  }, {
    "date" : "2025-02-24",
    "price" : 891.70,
    "dma50" : 960.51,
    "dma100" : null,
    "dma200" : 1064.33,
    "volume" : 317148.00
  }, {
    "date" : "2025-02-25",
    "price" : 883.05,
    "dma50" : 957.47,
    "dma100" : null,
    "dma200" : 1062.52,
    "volume" : 225026.00
  }, {
    "date" : "2025-02-27",
    "price" : 837.95,
    "dma50" : 952.78,
    "dma100" : null,
    "dma200" : 1060.29,
    "volume" : 599190.00
  }, {
    "date" : "2025-02-28",
    "price" : 810.70,
    "dma50" : 947.21,
    "dma100" : null,
    "dma200" : 1057.81,
    "volume" : 462958.00
  }, {
    "date" : "2025-03-03",
    "price" : 821.90,
    "dma50" : 942.30,
    "dma100" : null,
    "dma200" : 1055.46,
    "volume" : 381874.00
  }, {
    "date" : "2025-03-04",
    "price" : 821.65,
    "dma50" : 937.57,
    "dma100" : null,
    "dma200" : 1053.13,
    "volume" : 682015.00
  }, {
    "date" : "2025-03-05",
    "price" : 847.30,
    "dma50" : 934.03,
    "dma100" : null,
    "dma200" : 1051.08,
    "volume" : 343989.00
  }, {
    "date" : "2025-03-06",
    "price" : 872.55,
    "dma50" : 931.62,
    "dma100" : null,
    "dma200" : 1049.31,
    "volume" : 306140.00
  }, {
    "date" : "2025-03-07",
    "price" : 906.50,
    "dma50" : 930.63,
    "dma100" : null,
    "dma200" : 1047.89,
    "volume" : 418071.00
  }, {
    "date" : "2025-03-10",
    "price" : 892.95,
    "dma50" : 929.15,
    "dma100" : null,
    "dma200" : 1046.35,
    "volume" : 542973.00
  }, {
    "date" : "2025-03-11",
    "price" : 905.15,
    "dma50" : 928.21,
    "dma100" : null,
    "dma200" : 1044.94,
    "volume" : 404682.00
  }, {
    "date" : "2025-03-12",
    "price" : 895.90,
    "dma50" : 926.94,
    "dma100" : null,
    "dma200" : 1043.46,
    "volume" : 397292.00
  }, {
    "date" : "2025-03-13",
    "price" : 897.10,
    "dma50" : 925.77,
    "dma100" : null,
    "dma200" : 1042.00,
    "volume" : 230829.00
  }, {
    "date" : "2025-03-17",
    "price" : 892.70,
    "dma50" : 924.48,
    "dma100" : null,
    "dma200" : 1040.52,
    "volume" : 248154.00
  }, {
    "date" : "2025-03-18",
    "price" : 898.20,
    "dma50" : 923.45,
    "dma100" : null,
    "dma200" : 1039.10,
    "volume" : 238863.00
  }, {
    "date" : "2025-03-19",
    "price" : 930.20,
    "dma50" : 923.71,
    "dma100" : null,
    "dma200" : 1038.02,
    "volume" : 885128.00
  }, {
    "date" : "2025-03-20",
    "price" : 952.95,
    "dma50" : 924.86,
    "dma100" : null,
    "dma200" : 1037.17,
    "volume" : 651899.00
  }, {
    "date" : "2025-03-21",
    "price" : 942.25,
    "dma50" : 925.54,
    "dma100" : null,
    "dma200" : 1036.22,
    "volume" : 419772.00
  }, {
    "date" : "2025-03-24",
    "price" : 945.40,
    "dma50" : 926.32,
    "dma100" : null,
    "dma200" : 1035.32,
    "volume" : 310994.00
  }, {
    "date" : "2025-03-25",
    "price" : 924.85,
    "dma50" : 926.26,
    "dma100" : null,
    "dma200" : 1034.22,
    "volume" : 391152.00
  }, {
    "date" : "2025-03-26",
    "price" : 915.60,
    "dma50" : 925.84,
    "dma100" : null,
    "dma200" : 1033.04,
    "volume" : 268289.00
  }, {
    "date" : "2025-03-27",
    "price" : 920.05,
    "dma50" : 925.62,
    "dma100" : null,
    "dma200" : 1031.92,
    "volume" : 376582.00
  }, {
    "date" : "2025-03-28",
    "price" : 931.65,
    "dma50" : 925.85,
    "dma100" : null,
    "dma200" : 1030.92,
    "volume" : 719104.00
  }, {
    "date" : "2025-04-01",
    "price" : 923.25,
    "dma50" : 925.75,
    "dma100" : null,
    "dma200" : 1029.85,
    "volume" : 244823.00
  }, {
    "date" : "2025-04-02",
    "price" : 928.35,
    "dma50" : 925.85,
    "dma100" : null,
    "dma200" : 1028.84,
    "volume" : 121126.00
  }, {
    "date" : "2025-04-03",
    "price" : 936.10,
    "dma50" : 926.25,
    "dma100" : null,
    "dma200" : 1027.92,
    "volume" : 228521.00
  }, {
    "date" : "2025-04-04",
    "price" : 906.60,
    "dma50" : 925.48,
    "dma100" : null,
    "dma200" : 1026.71,
    "volume" : 320839.00
  }, {
    "date" : "2025-04-07",
    "price" : 872.90,
    "dma50" : 923.42,
    "dma100" : null,
    "dma200" : 1025.18,
    "volume" : 322240.00
  }, {
    "date" : "2025-04-08",
    "price" : 864.60,
    "dma50" : 921.11,
    "dma100" : null,
    "dma200" : 1023.58,
    "volume" : 300547.00
  }, {
    "date" : "2025-04-09",
    "price" : 860.40,
    "dma50" : 918.73,
    "dma100" : null,
    "dma200" : 1021.96,
    "volume" : 333396.00
  }, {
    "date" : "2025-04-11",
    "price" : 862.95,
    "dma50" : 916.55,
    "dma100" : null,
    "dma200" : 1020.37,
    "volume" : 415510.00
  }, {
    "date" : "2025-04-15",
    "price" : 880.10,
    "dma50" : 915.12,
    "dma100" : null,
    "dma200" : 1018.98,
    "volume" : 577944.00
  }, {
    "date" : "2025-04-16",
    "price" : 889.45,
    "dma50" : 914.11,
    "dma100" : null,
    "dma200" : 1017.69,
    "volume" : 395257.00
  }, {
    "date" : "2025-04-17",
    "price" : 878.20,
    "dma50" : 912.70,
    "dma100" : null,
    "dma200" : 1016.30,
    "volume" : 465813.00
  }, {
    "date" : "2025-04-21",
    "price" : 906.85,
    "dma50" : 912.47,
    "dma100" : null,
    "dma200" : 1015.21,
    "volume" : 364037.00
  }, {
    "date" : "2025-04-22",
    "price" : 911.75,
    "dma50" : 912.44,
    "dma100" : null,
    "dma200" : 1014.18,
    "volume" : 430452.00
  }, {
    "date" : "2025-04-23",
    "price" : 924.25,
    "dma50" : 912.91,
    "dma100" : null,
    "dma200" : 1013.29,
    "volume" : 394041.00
  }, {
    "date" : "2025-04-24",
    "price" : 917.10,
    "dma50" : 913.07,
    "dma100" : null,
    "dma200" : 1012.33,
    "volume" : 344168.00
  }, {
    "date" : "2025-04-25",
    "price" : 886.70,
    "dma50" : 912.04,
    "dma100" : null,
    "dma200" : 1011.08,
    "volume" : 416020.00
  }, {
    "date" : "2025-04-28",
    "price" : 908.20,
    "dma50" : 911.89,
    "dma100" : null,
    "dma200" : 1010.06,
    "volume" : 279622.00
  }, {
    "date" : "2025-04-29",
    "price" : 900.70,
    "dma50" : 911.45,
    "dma100" : null,
    "dma200" : 1008.97,
    "volume" : 296317.00
  }, {
    "date" : "2025-04-30",
    "price" : 870.05,
    "dma50" : 909.82,
    "dma100" : null,
    "dma200" : 1007.59,
    "volume" : 280846.00
  }, {
    "date" : "2025-05-02",
    "price" : 877.60,
    "dma50" : 908.56,
    "dma100" : null,
    "dma200" : 1006.29,
    "volume" : 178784.00
  }, {
    "date" : "2025-05-05",
    "price" : 930.80,
    "dma50" : 909.43,
    "dma100" : null,
    "dma200" : 1005.54,
    "volume" : 1103139.00
  }, {
    "date" : "2025-05-06",
    "price" : 887.60,
    "dma50" : 908.58,
    "dma100" : null,
    "dma200" : 1004.37,
    "volume" : 482114.00
  }, {
    "date" : "2025-05-07",
    "price" : 872.55,
    "dma50" : 907.16,
    "dma100" : null,
    "dma200" : 1003.06,
    "volume" : 361169.00
  }, {
    "date" : "2025-05-08",
    "price" : 863.85,
    "dma50" : 905.47,
    "dma100" : null,
    "dma200" : 1001.67,
    "volume" : 207282.00
  }, {
    "date" : "2025-05-09",
    "price" : 875.55,
    "dma50" : 904.29,
    "dma100" : null,
    "dma200" : 1000.42,
    "volume" : 353767.00
  }, {
    "date" : "2025-05-12",
    "price" : 912.80,
    "dma50" : 904.63,
    "dma100" : null,
    "dma200" : 999.55,
    "volume" : 1506536.00
  }, {
    "date" : "2025-05-13",
    "price" : 895.45,
    "dma50" : 904.27,
    "dma100" : null,
    "dma200" : 998.51,
    "volume" : 508077.00
  }, {
    "date" : "2025-05-14",
    "price" : 921.50,
    "dma50" : 904.94,
    "dma100" : null,
    "dma200" : 997.74,
    "volume" : 923801.00
  }, {
    "date" : "2025-05-15",
    "price" : 909.40,
    "dma50" : 905.12,
    "dma100" : null,
    "dma200" : 996.86,
    "volume" : 508039.00
  }, {
    "date" : "2025-05-16",
    "price" : 972.75,
    "dma50" : 907.77,
    "dma100" : null,
    "dma200" : 996.62,
    "volume" : 2789113.00
  }, {
    "date" : "2025-05-19",
    "price" : 962.45,
    "dma50" : 909.91,
    "dma100" : null,
    "dma200" : 996.28,
    "volume" : 1141393.00
  }, {
    "date" : "2025-05-20",
    "price" : 917.55,
    "dma50" : 910.21,
    "dma100" : null,
    "dma200" : 995.50,
    "volume" : 675598.00
  }, {
    "date" : "2025-05-21",
    "price" : 910.50,
    "dma50" : 910.22,
    "dma100" : null,
    "dma200" : 994.66,
    "volume" : 529555.00
  }, {
    "date" : "2025-05-22",
    "price" : 911.80,
    "dma50" : 910.29,
    "dma100" : null,
    "dma200" : 993.83,
    "volume" : 773414.00
  }, {
    "date" : "2025-05-23",
    "price" : 923.30,
    "dma50" : 910.80,
    "dma100" : null,
    "dma200" : 993.13,
    "volume" : 397608.00
  }, {
    "date" : "2025-05-26",
    "price" : 931.80,
    "dma50" : 911.62,
    "dma100" : null,
    "dma200" : 992.52,
    "volume" : 355900.00
  }, {
    "date" : "2025-05-27",
    "price" : 934.30,
    "dma50" : 912.51,
    "dma100" : null,
    "dma200" : 991.94,
    "volume" : 403810.00
  }, {
    "date" : "2025-05-28",
    "price" : 941.35,
    "dma50" : 913.64,
    "dma100" : null,
    "dma200" : 991.44,
    "volume" : 386036.00
  }, {
    "date" : "2025-05-29",
    "price" : 936.90,
    "dma50" : 914.55,
    "dma100" : null,
    "dma200" : 990.89,
    "volume" : 375379.00
  }, {
    "date" : "2025-05-30",
    "price" : 930.80,
    "dma50" : 915.19,
    "dma100" : null,
    "dma200" : 990.30,
    "volume" : 651023.00
  }, {
    "date" : "2025-06-02",
    "price" : 971.85,
    "dma50" : 917.41,
    "dma100" : null,
    "dma200" : 990.11,
    "volume" : 1803308.00
  }, {
    "date" : "2025-06-03",
    "price" : 976.60,
    "dma50" : 919.73,
    "dma100" : 913.48,
    "dma200" : 989.98,
    "volume" : 593956.00
  }, {
    "date" : "2025-06-04",
    "price" : 990.50,
    "dma50" : 922.51,
    "dma100" : 913.58,
    "dma200" : 989.98,
    "volume" : 1470622.00
  }, {
    "date" : "2025-06-05",
    "price" : 1000.00,
    "dma50" : 925.55,
    "dma100" : 913.94,
    "dma200" : 990.08,
    "volume" : 1595684.00
  }, {
    "date" : "2025-06-06",
    "price" : 985.20,
    "dma50" : 927.89,
    "dma100" : 914.27,
    "dma200" : 990.03,
    "volume" : 875465.00
  }, {
    "date" : "2025-06-09",
    "price" : 987.35,
    "dma50" : 930.22,
    "dma100" : 914.76,
    "dma200" : 990.01,
    "volume" : 277702.00
  }, {
    "date" : "2025-06-10",
    "price" : 981.65,
    "dma50" : 932.24,
    "dma100" : 915.61,
    "dma200" : 989.92,
    "volume" : 422845.00
  }, {
    "date" : "2025-06-11",
    "price" : 966.70,
    "dma50" : 933.59,
    "dma100" : 915.95,
    "dma200" : 989.69,
    "volume" : 419759.00
  }, {
    "date" : "2025-06-12",
    "price" : 975.00,
    "dma50" : 935.21,
    "dma100" : 916.57,
    "dma200" : 989.55,
    "volume" : 656409.00
  }, {
    "date" : "2025-06-13",
    "price" : 989.45,
    "dma50" : 937.34,
    "dma100" : 916.58,
    "dma200" : 989.55,
    "volume" : 8712431.00
  }, {
    "date" : "2025-06-16",
    "price" : 1005.15,
    "dma50" : 940.00,
    "dma100" : 917.11,
    "dma200" : 989.70,
    "volume" : 1931006.00
  }, {
    "date" : "2025-06-17",
    "price" : 978.35,
    "dma50" : 941.50,
    "dma100" : 917.30,
    "dma200" : 989.59,
    "volume" : 975324.00
  }, {
    "date" : "2025-06-18",
    "price" : 962.60,
    "dma50" : 942.33,
    "dma100" : 917.44,
    "dma200" : 989.32,
    "volume" : 1179056.00
  }, {
    "date" : "2025-06-19",
    "price" : 956.20,
    "dma50" : 942.87,
    "dma100" : 917.52,
    "dma200" : 988.99,
    "volume" : 891990.00
  }, {
    "date" : "2025-06-20",
    "price" : 962.85,
    "dma50" : 943.66,
    "dma100" : 917.50,
    "dma200" : 988.73,
    "volume" : 729501.00
  }, {
    "date" : "2025-06-23",
    "price" : 994.55,
    "dma50" : 945.65,
    "dma100" : 918.06,
    "dma200" : 988.79,
    "volume" : 1275893.00
  }, {
    "date" : "2025-06-24",
    "price" : 972.70,
    "dma50" : 946.71,
    "dma100" : 918.67,
    "dma200" : 988.63,
    "volume" : 761066.00
  }, {
    "date" : "2025-06-25",
    "price" : 986.00,
    "dma50" : 948.25,
    "dma100" : 919.44,
    "dma200" : 988.60,
    "volume" : 686851.00
  }, {
    "date" : "2025-06-26",
    "price" : 987.95,
    "dma50" : 949.81,
    "dma100" : 920.01,
    "dma200" : 988.60,
    "volume" : 478278.00
  }, {
    "date" : "2025-06-27",
    "price" : 973.80,
    "dma50" : 950.75,
    "dma100" : 920.27,
    "dma200" : 988.45,
    "volume" : 672634.00
  }, {
    "date" : "2025-06-30",
    "price" : 978.85,
    "dma50" : 951.85,
    "dma100" : 920.21,
    "dma200" : 988.35,
    "volume" : 363390.00
  }, {
    "date" : "2025-07-01",
    "price" : 979.80,
    "dma50" : 952.95,
    "dma100" : 920.01,
    "dma200" : 988.27,
    "volume" : 561612.00
  }, {
    "date" : "2025-07-02",
    "price" : 1000.00,
    "dma50" : 954.79,
    "dma100" : 920.46,
    "dma200" : 988.38,
    "volume" : 631620.00
  }, {
    "date" : "2025-07-03",
    "price" : 999.95,
    "dma50" : 956.56,
    "dma100" : 921.08,
    "dma200" : 988.50,
    "volume" : 1189000.00
  }, {
    "date" : "2025-07-04",
    "price" : 1033.00,
    "dma50" : 959.56,
    "dma100" : 922.16,
    "dma200" : 988.94,
    "volume" : 1384533.00
  }, {
    "date" : "2025-07-07",
    "price" : 1023.50,
    "dma50" : 962.07,
    "dma100" : 923.41,
    "dma200" : 989.29,
    "volume" : 774094.00
  }, {
    "date" : "2025-07-08",
    "price" : 1015.40,
    "dma50" : 964.16,
    "dma100" : 924.44,
    "dma200" : 989.55,
    "volume" : 667734.00
  }, {
    "date" : "2025-07-09",
    "price" : 1028.50,
    "dma50" : 966.68,
    "dma100" : 925.59,
    "dma200" : 989.93,
    "volume" : 454354.00
  }, {
    "date" : "2025-07-10",
    "price" : 1006.25,
    "dma50" : 968.24,
    "dma100" : 926.81,
    "dma200" : 990.10,
    "volume" : 470046.00
  }, {
    "date" : "2025-07-11",
    "price" : 992.00,
    "dma50" : 969.17,
    "dma100" : 927.80,
    "dma200" : 990.11,
    "volume" : 305217.00
  }, {
    "date" : "2025-07-14",
    "price" : 994.80,
    "dma50" : 970.17,
    "dma100" : 928.63,
    "dma200" : 990.16,
    "volume" : 223632.00
  }, {
    "date" : "2025-07-15",
    "price" : 988.20,
    "dma50" : 970.88,
    "dma100" : 929.49,
    "dma200" : 990.14,
    "volume" : 356743.00
  }, {
    "date" : "2025-07-16",
    "price" : 990.40,
    "dma50" : 971.65,
    "dma100" : 930.36,
    "dma200" : 990.14,
    "volume" : 235204.00
  }, {
    "date" : "2025-07-17",
    "price" : 995.15,
    "dma50" : 972.57,
    "dma100" : 931.37,
    "dma200" : 990.19,
    "volume" : 291904.00
  }, {
    "date" : "2025-07-18",
    "price" : 991.60,
    "dma50" : 973.31,
    "dma100" : 932.26,
    "dma200" : 990.21,
    "volume" : 240603.00
  }, {
    "date" : "2025-07-21",
    "price" : 990.40,
    "dma50" : 973.98,
    "dma100" : 933.05,
    "dma200" : 990.21,
    "volume" : 181336.00
  }, {
    "date" : "2025-07-22",
    "price" : 990.15,
    "dma50" : 974.62,
    "dma100" : 933.90,
    "dma200" : 990.21,
    "volume" : 172482.00
  }, {
    "date" : "2025-07-23",
    "price" : 989.65,
    "dma50" : 975.21,
    "dma100" : 934.88,
    "dma200" : 990.20,
    "volume" : 171324.00
  }, {
    "date" : "2025-07-24",
    "price" : 976.05,
    "dma50" : 975.24,
    "dma100" : 935.81,
    "dma200" : 990.06,
    "volume" : 296083.00
  }, {
    "date" : "2025-07-25",
    "price" : 961.85,
    "dma50" : 974.71,
    "dma100" : 937.05,
    "dma200" : 989.78,
    "volume" : 362972.00
  }, {
    "date" : "2025-07-28",
    "price" : 933.80,
    "dma50" : 973.11,
    "dma100" : 938.28,
    "dma200" : 989.23,
    "volume" : 195065.00
  }, {
    "date" : "2025-07-29",
    "price" : 958.15,
    "dma50" : 972.52,
    "dma100" : 939.64,
    "dma200" : 988.92,
    "volume" : 359069.00
  }, {
    "date" : "2025-07-30",
    "price" : 947.00,
    "dma50" : 971.52,
    "dma100" : 940.89,
    "dma200" : 988.50,
    "volume" : 159912.00
  }, {
    "date" : "2025-07-31",
    "price" : 939.90,
    "dma50" : 970.28,
    "dma100" : 941.82,
    "dma200" : 988.02,
    "volume" : 131228.00
  }, {
    "date" : "2025-08-01",
    "price" : 929.25,
    "dma50" : 968.67,
    "dma100" : 942.39,
    "dma200" : 987.43,
    "volume" : 312031.00
  }, {
    "date" : "2025-08-04",
    "price" : 930.50,
    "dma50" : 967.18,
    "dma100" : 942.63,
    "dma200" : 986.86,
    "volume" : 182419.00
  }, {
    "date" : "2025-08-05",
    "price" : 924.50,
    "dma50" : 965.50,
    "dma100" : 942.94,
    "dma200" : 986.24,
    "volume" : 140473.00
  }, {
    "date" : "2025-08-06",
    "price" : 932.05,
    "dma50" : 964.19,
    "dma100" : 943.21,
    "dma200" : 985.70,
    "volume" : 231707.00
  }, {
    "date" : "2025-08-07",
    "price" : 939.95,
    "dma50" : 963.24,
    "dma100" : 943.65,
    "dma200" : 985.25,
    "volume" : 161204.00
  }, {
    "date" : "2025-08-08",
    "price" : 930.85,
    "dma50" : 961.97,
    "dma100" : 943.99,
    "dma200" : 984.71,
    "volume" : 97969.00
  }, {
    "date" : "2025-08-11",
    "price" : 946.85,
    "dma50" : 961.38,
    "dma100" : 944.53,
    "dma200" : 984.33,
    "volume" : 198323.00
  }, {
    "date" : "2025-08-12",
    "price" : 973.95,
    "dma50" : 961.87,
    "dma100" : 945.29,
    "dma200" : 984.23,
    "volume" : 298826.00
  }, {
    "date" : "2025-08-13",
    "price" : 958.85,
    "dma50" : 961.75,
    "dma100" : 945.57,
    "dma200" : 983.98,
    "volume" : 152076.00
  }, {
    "date" : "2025-08-14",
    "price" : 970.80,
    "dma50" : 962.11,
    "dma100" : 945.75,
    "dma200" : 983.84,
    "volume" : 178571.00
  }, {
    "date" : "2025-08-18",
    "price" : 974.05,
    "dma50" : 962.58,
    "dma100" : 946.07,
    "dma200" : 983.75,
    "volume" : 216211.00
  }, {
    "date" : "2025-08-19",
    "price" : 982.50,
    "dma50" : 963.36,
    "dma100" : 946.44,
    "dma200" : 983.73,
    "volume" : 143052.00
  }, {
    "date" : "2025-08-20",
    "price" : 982.30,
    "dma50" : 964.10,
    "dma100" : 947.02,
    "dma200" : 983.72,
    "volume" : 116352.00
  }, {
    "date" : "2025-08-21",
    "price" : 980.15,
    "dma50" : 964.73,
    "dma100" : 947.66,
    "dma200" : 983.68,
    "volume" : 144750.00
  }, {
    "date" : "2025-08-22",
    "price" : 967.85,
    "dma50" : 964.85,
    "dma100" : 948.14,
    "dma200" : 983.53,
    "volume" : 84246.00
  }, {
    "date" : "2025-08-25",
    "price" : 954.50,
    "dma50" : 964.45,
    "dma100" : 948.37,
    "dma200" : 983.24,
    "volume" : 74439.00
  }, {
    "date" : "2025-08-26",
    "price" : 947.40,
    "dma50" : 963.78,
    "dma100" : 948.61,
    "dma200" : 982.88,
    "volume" : 145770.00
  }, {
    "date" : "2025-08-28",
    "price" : 934.70,
    "dma50" : 962.64,
    "dma100" : 948.67,
    "dma200" : 982.40,
    "volume" : 176726.00
  }, {
    "date" : "2025-08-29",
    "price" : 927.35,
    "dma50" : 961.25,
    "dma100" : 948.59,
    "dma200" : 981.85,
    "volume" : 92509.00
  }, {
    "date" : "2025-09-01",
    "price" : 956.40,
    "dma50" : 961.06,
    "dma100" : 949.08,
    "dma200" : 981.60,
    "volume" : 138392.00
  }, {
    "date" : "2025-09-02",
    "price" : 960.60,
    "dma50" : 961.04,
    "dma100" : 949.96,
    "dma200" : 981.39,
    "volume" : 104818.00
  }, {
    "date" : "2025-09-03",
    "price" : 958.80,
    "dma50" : 960.96,
    "dma100" : 950.90,
    "dma200" : 981.17,
    "volume" : 121102.00
  }, {
    "date" : "2025-09-04",
    "price" : 971.00,
    "dma50" : 961.35,
    "dma100" : 952.01,
    "dma200" : 981.07,
    "volume" : 200504.00
  }, {
    "date" : "2025-09-05",
    "price" : 971.15,
    "dma50" : 961.73,
    "dma100" : 953.09,
    "dma200" : 980.97,
    "volume" : 108902.00
  }, {
    "date" : "2025-09-08",
    "price" : 951.90,
    "dma50" : 961.35,
    "dma100" : 953.81,
    "dma200" : 980.68,
    "volume" : 163278.00
  }, {
    "date" : "2025-09-09",
    "price" : 975.15,
    "dma50" : 961.89,
    "dma100" : 954.67,
    "dma200" : 980.62,
    "volume" : 674158.00
  }, {
    "date" : "2025-09-10",
    "price" : 987.75,
    "dma50" : 962.90,
    "dma100" : 955.76,
    "dma200" : 980.69,
    "volume" : 137511.00
  }, {
    "date" : "2025-09-11",
    "price" : 986.55,
    "dma50" : 963.83,
    "dma100" : 956.56,
    "dma200" : 980.75,
    "volume" : 199756.00
  }, {
    "date" : "2025-09-12",
    "price" : 992.00,
    "dma50" : 964.94,
    "dma100" : 957.36,
    "dma200" : 980.86,
    "volume" : 154709.00
  }, {
    "date" : "2025-09-15",
    "price" : 995.70,
    "dma50" : 966.14,
    "dma100" : 958.08,
    "dma200" : 981.01,
    "volume" : 226880.00
  }, {
    "date" : "2025-09-16",
    "price" : 1058.15,
    "dma50" : 969.75,
    "dma100" : 959.49,
    "dma200" : 981.78,
    "volume" : 2507252.00
  }, {
    "date" : "2025-09-17",
    "price" : 1047.70,
    "dma50" : 972.81,
    "dma100" : 961.10,
    "dma200" : 982.44,
    "volume" : 757490.00
  }, {
    "date" : "2025-09-18",
    "price" : 1059.65,
    "dma50" : 976.21,
    "dma100" : 962.61,
    "dma200" : 983.20,
    "volume" : 811759.00
  }, {
    "date" : "2025-09-19",
    "price" : 1054.40,
    "dma50" : 979.28,
    "dma100" : 964.15,
    "dma200" : 983.91,
    "volume" : 717325.00
  }, {
    "date" : "2025-09-22",
    "price" : 1047.85,
    "dma50" : 981.97,
    "dma100" : 965.93,
    "dma200" : 984.55,
    "volume" : 877843.00
  }, {
    "date" : "2025-09-23",
    "price" : 1042.00,
    "dma50" : 984.32,
    "dma100" : 967.57,
    "dma200" : 985.12,
    "volume" : 545403.00
  }, {
    "date" : "2025-09-24",
    "price" : 1028.95,
    "dma50" : 986.07,
    "dma100" : 968.55,
    "dma200" : 985.56,
    "volume" : 495258.00
  }, {
    "date" : "2025-09-25",
    "price" : 1018.00,
    "dma50" : 987.32,
    "dma100" : 969.85,
    "dma200" : 985.88,
    "volume" : 285186.00
  }, {
    "date" : "2025-09-26",
    "price" : 995.10,
    "dma50" : 987.63,
    "dma100" : 971.08,
    "dma200" : 985.97,
    "volume" : 341885.00
  }, {
    "date" : "2025-09-29",
    "price" : 976.00,
    "dma50" : 987.17,
    "dma100" : 972.20,
    "dma200" : 985.87,
    "volume" : 469864.00
  }, {
    "date" : "2025-09-30",
    "price" : 993.75,
    "dma50" : 987.43,
    "dma100" : 973.38,
    "dma200" : 985.95,
    "volume" : 788319.00
  }, {
    "date" : "2025-10-01",
    "price" : 994.60,
    "dma50" : 987.71,
    "dma100" : 974.20,
    "dma200" : 986.04,
    "volume" : 1013255.00
  }, {
    "date" : "2025-10-03",
    "price" : 1054.15,
    "dma50" : 990.32,
    "dma100" : 975.79,
    "dma200" : 986.71,
    "volume" : 2604944.00
  }, {
    "date" : "2025-10-06",
    "price" : 1061.55,
    "dma50" : 993.11,
    "dma100" : 977.19,
    "dma200" : 987.46,
    "volume" : 454138.00
  }, {
    "date" : "2025-10-07",
    "price" : 1048.25,
    "dma50" : 995.27,
    "dma100" : 978.58,
    "dma200" : 988.06,
    "volume" : 333011.00
  }, {
    "date" : "2025-10-08",
    "price" : 1040.50,
    "dma50" : 997.05,
    "dma100" : 979.26,
    "dma200" : 988.58,
    "volume" : 352303.00
  }, {
    "date" : "2025-10-09",
    "price" : 1050.20,
    "dma50" : 999.13,
    "dma100" : 980.13,
    "dma200" : 989.20,
    "volume" : 291074.00
  }, {
    "date" : "2025-10-10",
    "price" : 1049.75,
    "dma50" : 1001.12,
    "dma100" : 981.45,
    "dma200" : 989.80,
    "volume" : 239033.00
  }, {
    "date" : "2025-10-13",
    "price" : 1045.95,
    "dma50" : 1002.87,
    "dma100" : 982.81,
    "dma200" : 990.36,
    "volume" : 245454.00
  }, {
    "date" : "2025-10-14",
    "price" : 1029.20,
    "dma50" : 1003.91,
    "dma100" : 983.98,
    "dma200" : 990.75,
    "volume" : 300613.00
  }, {
    "date" : "2025-10-15",
    "price" : 1032.25,
    "dma50" : 1005.02,
    "dma100" : 985.07,
    "dma200" : 991.16,
    "volume" : 334503.00
  }, {
    "date" : "2025-10-16",
    "price" : 1045.00,
    "dma50" : 1006.59,
    "dma100" : 986.20,
    "dma200" : 991.69,
    "volume" : 133262.00
  }, {
    "date" : "2025-10-17",
    "price" : 1034.50,
    "dma50" : 1007.68,
    "dma100" : 987.21,
    "dma200" : 992.12,
    "volume" : 138435.00
  }, {
    "date" : "2025-10-20",
    "price" : 1033.45,
    "dma50" : 1008.69,
    "dma100" : 988.13,
    "dma200" : 992.53,
    "volume" : 114090.00
  }, {
    "date" : "2025-10-21",
    "price" : 1036.00,
    "dma50" : 1009.76,
    "dma100" : 989.12,
    "dma200" : 992.96,
    "volume" : 34241.00
  }, {
    "date" : "2025-10-23",
    "price" : 1019.25,
    "dma50" : 1010.13,
    "dma100" : 990.00,
    "dma200" : 993.23,
    "volume" : 153916.00
  }, {
    "date" : "2025-10-24",
    "price" : 1022.80,
    "dma50" : 1010.63,
    "dma100" : 990.51,
    "dma200" : 993.52,
    "volume" : 414990.00
  }, {
    "date" : "2025-10-27",
    "price" : 1052.50,
    "dma50" : 1012.27,
    "dma100" : 991.27,
    "dma200" : 994.11,
    "volume" : 670056.00
  }, {
    "date" : "2025-10-28",
    "price" : 1058.05,
    "dma50" : 1014.07,
    "dma100" : 991.95,
    "dma200" : 994.74,
    "volume" : 954948.00
  }, {
    "date" : "2025-10-29",
    "price" : 1071.90,
    "dma50" : 1016.34,
    "dma100" : 992.67,
    "dma200" : 995.51,
    "volume" : 469552.00
  }, {
    "date" : "2025-10-30",
    "price" : 1083.65,
    "dma50" : 1018.98,
    "dma100" : 993.65,
    "dma200" : 996.39,
    "volume" : 339298.00
  }, {
    "date" : "2025-10-31",
    "price" : 1099.60,
    "dma50" : 1022.14,
    "dma100" : 994.77,
    "dma200" : 997.41,
    "volume" : 1265589.00
  }, {
    "date" : "2025-11-03",
    "price" : 1084.60,
    "dma50" : 1024.59,
    "dma100" : 995.80,
    "dma200" : 998.28,
    "volume" : 269906.00
  }, {
    "date" : "2025-11-04",
    "price" : 1053.40,
    "dma50" : 1025.72,
    "dma100" : 996.67,
    "dma200" : 998.83,
    "volume" : 475869.00
  }, {
    "date" : "2025-11-06",
    "price" : 1049.50,
    "dma50" : 1026.65,
    "dma100" : 997.41,
    "dma200" : 999.33,
    "volume" : 220051.00
  }, {
    "date" : "2025-11-07",
    "price" : 1085.20,
    "dma50" : 1028.95,
    "dma100" : 998.37,
    "dma200" : 1000.19,
    "volume" : 458533.00
  }, {
    "date" : "2025-11-10",
    "price" : 1089.60,
    "dma50" : 1031.32,
    "dma100" : 999.22,
    "dma200" : 1001.08,
    "volume" : 421486.00
  }, {
    "date" : "2025-11-11",
    "price" : 1108.80,
    "dma50" : 1034.36,
    "dma100" : 1000.52,
    "dma200" : 1002.15,
    "volume" : 1195944.00
  }, {
    "date" : "2025-11-12",
    "price" : 1159.00,
    "dma50" : 1039.25,
    "dma100" : 1002.49,
    "dma200" : 1003.71,
    "volume" : 2047144.00
  }, {
    "date" : "2025-11-13",
    "price" : 1136.00,
    "dma50" : 1043.04,
    "dma100" : 1004.28,
    "dma200" : 1005.03,
    "volume" : 390516.00
  }, {
    "date" : "2025-11-14",
    "price" : 1133.20,
    "dma50" : 1046.58,
    "dma100" : 1005.99,
    "dma200" : 1006.30,
    "volume" : 159372.00
  }, {
    "date" : "2025-11-17",
    "price" : 1133.40,
    "dma50" : 1049.98,
    "dma100" : 1007.37,
    "dma200" : 1007.57,
    "volume" : 341957.00
  }, {
    "date" : "2025-11-18",
    "price" : 1131.30,
    "dma50" : 1053.17,
    "dma100" : 1008.96,
    "dma200" : 1008.80,
    "volume" : 239591.00
  }, {
    "date" : "2025-11-19",
    "price" : 1117.20,
    "dma50" : 1055.68,
    "dma100" : 1010.27,
    "dma200" : 1009.88,
    "volume" : 128035.00
  }, {
    "date" : "2025-11-20",
    "price" : 1100.60,
    "dma50" : 1057.45,
    "dma100" : 1011.40,
    "dma200" : 1010.78,
    "volume" : 207370.00
  }, {
    "date" : "2025-11-21",
    "price" : 1096.60,
    "dma50" : 1058.98,
    "dma100" : 1012.63,
    "dma200" : 1011.63,
    "volume" : 280658.00
  }, {
    "date" : "2025-11-24",
    "price" : 1088.10,
    "dma50" : 1060.12,
    "dma100" : 1013.72,
    "dma200" : 1012.40,
    "volume" : 278551.00
  }, {
    "date" : "2025-11-25",
    "price" : 1064.00,
    "dma50" : 1060.28,
    "dma100" : 1014.56,
    "dma200" : 1012.91,
    "volume" : 262139.00
  }, {
    "date" : "2025-11-26",
    "price" : 1093.90,
    "dma50" : 1061.59,
    "dma100" : 1015.50,
    "dma200" : 1013.71,
    "volume" : 257435.00
  }, {
    "date" : "2025-11-27",
    "price" : 1095.00,
    "dma50" : 1062.90,
    "dma100" : 1016.45,
    "dma200" : 1014.52,
    "volume" : 288780.00
  }, {
    "date" : "2025-11-28",
    "price" : 1106.90,
    "dma50" : 1064.63,
    "dma100" : 1017.19,
    "dma200" : 1015.44,
    "volume" : 240298.00
  }, {
    "date" : "2025-12-01",
    "price" : 1125.00,
    "dma50" : 1067.00,
    "dma100" : 1018.21,
    "dma200" : 1016.53,
    "volume" : 355489.00
  }, {
    "date" : "2025-12-02",
    "price" : 1097.10,
    "dma50" : 1068.18,
    "dma100" : 1019.02,
    "dma200" : 1017.33,
    "volume" : 291632.00
  }, {
    "date" : "2025-12-03",
    "price" : 1105.00,
    "dma50" : 1069.62,
    "dma100" : 1019.79,
    "dma200" : 1018.21,
    "volume" : 263266.00
  }, {
    "date" : "2025-12-04",
    "price" : 1104.00,
    "dma50" : 1070.97,
    "dma100" : 1020.76,
    "dma200" : 1019.06,
    "volume" : 218572.00
  }, {
    "date" : "2025-12-05",
    "price" : 1091.00,
    "dma50" : 1071.76,
    "dma100" : 1021.75,
    "dma200" : 1019.78,
    "volume" : 143034.00
  }, {
    "date" : "2025-12-08",
    "price" : 1071.40,
    "dma50" : 1071.74,
    "dma100" : 1022.52,
    "dma200" : 1020.29,
    "volume" : 317347.00
  }, {
    "date" : "2025-12-09",
    "price" : 1076.80,
    "dma50" : 1071.94,
    "dma100" : 1023.41,
    "dma200" : 1020.85,
    "volume" : 215332.00
  }, {
    "date" : "2025-12-10",
    "price" : 1085.90,
    "dma50" : 1072.49,
    "dma100" : 1024.36,
    "dma200" : 1021.50,
    "volume" : 165276.00
  }, {
    "date" : "2025-12-11",
    "price" : 1095.80,
    "dma50" : 1073.40,
    "dma100" : 1025.37,
    "dma200" : 1022.24,
    "volume" : 194853.00
  }, {
    "date" : "2025-12-12",
    "price" : 1109.40,
    "dma50" : 1074.81,
    "dma100" : 1026.55,
    "dma200" : 1023.11,
    "volume" : 1506372.00
  }, {
    "date" : "2025-12-15",
    "price" : 1128.80,
    "dma50" : 1076.93,
    "dma100" : 1027.93,
    "dma200" : 1024.16,
    "volume" : 202717.00
  }, {
    "date" : "2025-12-16",
    "price" : 1105.10,
    "dma50" : 1078.03,
    "dma100" : 1029.08,
    "dma200" : 1024.96,
    "volume" : 176044.00
  }, {
    "date" : "2025-12-17",
    "price" : 1112.00,
    "dma50" : 1079.37,
    "dma100" : 1030.30,
    "dma200" : 1025.83,
    "volume" : 458701.00
  }, {
    "date" : "2025-12-18",
    "price" : 1111.80,
    "dma50" : 1080.64,
    "dma100" : 1031.66,
    "dma200" : 1026.68,
    "volume" : 187103.00
  }, {
    "date" : "2025-12-19",
    "price" : 1092.90,
    "dma50" : 1081.12,
    "dma100" : 1032.97,
    "dma200" : 1027.34,
    "volume" : 369369.00
  }, {
    "date" : "2025-12-22",
    "price" : 1112.20,
    "dma50" : 1082.34,
    "dma100" : 1034.76,
    "dma200" : 1028.19,
    "volume" : 150539.00
  }, {
    "date" : "2025-12-23",
    "price" : 1109.10,
    "dma50" : 1083.39,
    "dma100" : 1036.27,
    "dma200" : 1028.99,
    "volume" : 357687.00
  }, {
    "date" : "2025-12-24",
    "price" : 1109.70,
    "dma50" : 1084.42,
    "dma100" : 1037.89,
    "dma200" : 1029.80,
    "volume" : 202277.00
  }, {
    "date" : "2025-12-26",
    "price" : 1096.70,
    "dma50" : 1084.90,
    "dma100" : 1039.46,
    "dma200" : 1030.46,
    "volume" : 321750.00
  }, {
    "date" : "2025-12-29",
    "price" : 1102.60,
    "dma50" : 1085.60,
    "dma100" : 1041.19,
    "dma200" : 1031.18,
    "volume" : 385018.00
  }, {
    "date" : "2025-12-30",
    "price" : 1102.20,
    "dma50" : 1086.25,
    "dma100" : 1042.91,
    "dma200" : 1031.89,
    "volume" : 457205.00
  }, {
    "date" : "2025-12-31",
    "price" : 1129.00,
    "dma50" : 1087.92,
    "dma100" : 1044.96,
    "dma200" : 1032.85,
    "volume" : 314026.00
  }, {
    "date" : "2026-01-01",
    "price" : 1114.60,
    "dma50" : 1088.97,
    "dma100" : 1046.78,
    "dma200" : 1033.67,
    "volume" : 235883.00
  }, {
    "date" : "2026-01-02",
    "price" : 1114.00,
    "dma50" : 1089.95,
    "dma100" : 1048.52,
    "dma200" : 1034.46,
    "volume" : 156584.00
  } ],
  "latestTechnicalAttributes" : {
    "date" : "2026-01-02",
    "price" : 1114.00,
    "dma50" : 1089.95,
    "dma100" : 1048.52,
    "dma200" : 1034.46,
    "volume" : 156584.00
  },
  "quarterlyResults" : [ {
    "date" : "2005-03-31",
    "sales" : 555.19,
    "salesGrowthYoY" : null,
    "grossProfitMargin" : 99.65,
    "grossProfit" : 553.25,
    "operatingProfitMargin" : 52.15,
    "operatingProfit" : 289.53,
    "netProfitMargin" : 45.33,
    "netProfit" : 251.67
  }, {
    "date" : "2005-06-30",
    "sales" : 576.38,
    "salesGrowthYoY" : null,
    "grossProfitMargin" : 98.44,
    "grossProfit" : 567.39,
    "operatingProfitMargin" : 48.32,
    "operatingProfit" : 278.51,
    "netProfitMargin" : 32.67,
    "netProfit" : 188.30
  }, {
    "date" : "2005-09-30",
    "sales" : 486.02,
    "salesGrowthYoY" : null,
    "grossProfitMargin" : 100.00,
    "grossProfit" : 486.02,
    "operatingProfitMargin" : 24.91,
    "operatingProfit" : 121.07,
    "netProfitMargin" : 8.79,
    "netProfit" : 42.72
  }, {
    "date" : "2005-12-31",
    "sales" : 486.02,
    "salesGrowthYoY" : null,
    "grossProfitMargin" : 100.00,
    "grossProfit" : 486.02,
    "operatingProfitMargin" : 24.91,
    "operatingProfit" : 121.07,
    "netProfitMargin" : 8.85,
    "netProfit" : 43.01
  }, {
    "date" : "2006-03-31",
    "sales" : 528.37,
    "salesGrowthYoY" : -4.83,
    "grossProfitMargin" : 100.00,
    "grossProfit" : 528.37,
    "operatingProfitMargin" : 50.16,
    "operatingProfit" : 265.03,
    "netProfitMargin" : 34.73,
    "netProfit" : 183.50
  }, {
    "date" : "2006-06-30",
    "sales" : 433.84,
    "salesGrowthYoY" : -24.73,
    "grossProfitMargin" : 100.00,
    "grossProfit" : 433.84,
    "operatingProfitMargin" : 53.74,
    "operatingProfit" : 233.15,
    "netProfitMargin" : 37.81,
    "netProfit" : 164.03
  }, {
    "date" : "2006-09-30",
    "sales" : 522.15,
    "salesGrowthYoY" : 7.43,
    "grossProfitMargin" : 100.00,
    "grossProfit" : 522.15,
    "operatingProfitMargin" : 50.85,
    "operatingProfit" : 265.51,
    "netProfitMargin" : 37.90,
    "netProfit" : 197.89
  }, {
    "date" : "2006-12-31",
    "sales" : 490.19,
    "salesGrowthYoY" : 0.86,
    "grossProfitMargin" : 100.00,
    "grossProfit" : 490.19,
    "operatingProfitMargin" : 45.55,
    "operatingProfit" : 223.28,
    "netProfitMargin" : 33.83,
    "netProfit" : 165.83
  }, {
    "date" : "2007-03-31",
    "sales" : 543.63,
    "salesGrowthYoY" : 2.89,
    "grossProfitMargin" : 100.00,
    "grossProfit" : 543.63,
    "operatingProfitMargin" : 54.93,
    "operatingProfit" : 298.62,
    "netProfitMargin" : 41.07,
    "netProfit" : 223.27
  }, {
    "date" : "2007-06-30",
    "sales" : 637.13,
    "salesGrowthYoY" : 46.86,
    "grossProfitMargin" : 100.00,
    "grossProfit" : 637.13,
    "operatingProfitMargin" : 49.08,
    "operatingProfit" : 312.70,
    "netProfitMargin" : 36.23,
    "netProfit" : 230.83
  }, {
    "date" : "2007-09-30",
    "sales" : 601.31,
    "salesGrowthYoY" : 15.16,
    "grossProfitMargin" : 100.00,
    "grossProfit" : 601.31,
    "operatingProfitMargin" : 46.21,
    "operatingProfit" : 277.87,
    "netProfitMargin" : 31.08,
    "netProfit" : 186.89
  }, {
    "date" : "2007-12-31",
    "sales" : 604.29,
    "salesGrowthYoY" : 23.28,
    "grossProfitMargin" : 100.00,
    "grossProfit" : 604.29,
    "operatingProfitMargin" : 48.04,
    "operatingProfit" : 290.30,
    "netProfitMargin" : 37.16,
    "netProfit" : 224.55
  }, {
    "date" : "2008-03-31",
    "sales" : 737.98,
    "salesGrowthYoY" : 35.75,
    "grossProfitMargin" : 100.00,
    "grossProfit" : 737.98,
    "operatingProfitMargin" : 52.79,
    "operatingProfit" : 389.58,
    "netProfitMargin" : 39.95,
    "netProfit" : 294.82
  }, {
    "date" : "2008-06-30",
    "sales" : 702.44,
    "salesGrowthYoY" : 10.25,
    "grossProfitMargin" : 100.00,
    "grossProfit" : 702.44,
    "operatingProfitMargin" : 34.98,
    "operatingProfit" : 245.71,
    "netProfitMargin" : 21.69,
    "netProfit" : 152.36
  }, {
    "date" : "2008-09-30",
    "sales" : 864.09,
    "salesGrowthYoY" : 43.70,
    "grossProfitMargin" : 100.00,
    "grossProfit" : 864.09,
    "operatingProfitMargin" : 65.02,
    "operatingProfit" : 561.83,
    "netProfitMargin" : 60.78,
    "netProfit" : 525.19
  }, {
    "date" : "2008-12-31",
    "sales" : 728.77,
    "salesGrowthYoY" : 20.60,
    "grossProfitMargin" : 100.00,
    "grossProfit" : 728.77,
    "operatingProfitMargin" : 45.94,
    "operatingProfit" : 334.80,
    "netProfitMargin" : 31.40,
    "netProfit" : 228.83
  }, {
    "date" : "2009-03-31",
    "sales" : 534.25,
    "salesGrowthYoY" : -27.61,
    "grossProfitMargin" : 100.00,
    "grossProfit" : 534.25,
    "operatingProfitMargin" : 72.28,
    "operatingProfit" : 386.16,
    "netProfitMargin" : 51.73,
    "netProfit" : 276.37
  }, {
    "date" : "2009-06-30",
    "sales" : 468.16,
    "salesGrowthYoY" : -33.35,
    "grossProfitMargin" : 100.00,
    "grossProfit" : 468.16,
    "operatingProfitMargin" : -3.37,
    "operatingProfit" : -15.78,
    "netProfitMargin" : 5.53,
    "netProfit" : 25.89
  }, {
    "date" : "2009-09-30",
    "sales" : 487.66,
    "salesGrowthYoY" : -43.56,
    "grossProfitMargin" : 100.00,
    "grossProfit" : 487.66,
    "operatingProfitMargin" : 42.97,
    "operatingProfit" : 209.55,
    "netProfitMargin" : 10.12,
    "netProfit" : 49.35
  }, {
    "date" : "2009-12-31",
    "sales" : 466.93,
    "salesGrowthYoY" : -35.93,
    "grossProfitMargin" : 100.00,
    "grossProfit" : 466.93,
    "operatingProfitMargin" : 28.34,
    "operatingProfit" : 132.33,
    "netProfitMargin" : 16.13,
    "netProfit" : 75.32
  }, {
    "date" : "2010-03-31",
    "sales" : 513.22,
    "salesGrowthYoY" : -3.94,
    "grossProfitMargin" : 100.00,
    "grossProfit" : 513.22,
    "operatingProfitMargin" : 32.41,
    "operatingProfit" : 166.33,
    "netProfitMargin" : 18.98,
    "netProfit" : 97.41
  }, {
    "date" : "2010-06-30",
    "sales" : 416.99,
    "salesGrowthYoY" : -10.93,
    "grossProfitMargin" : 100.00,
    "grossProfit" : 416.99,
    "operatingProfitMargin" : 53.54,
    "operatingProfit" : 223.26,
    "netProfitMargin" : 18.41,
    "netProfit" : 76.77
  }, {
    "date" : "2010-09-30",
    "sales" : 369.27,
    "salesGrowthYoY" : -24.28,
    "grossProfitMargin" : 100.00,
    "grossProfit" : 369.27,
    "operatingProfitMargin" : 39.10,
    "operatingProfit" : 144.38,
    "netProfitMargin" : 25.52,
    "netProfit" : 94.24
  }, {
    "date" : "2010-12-31",
    "sales" : 362.60,
    "salesGrowthYoY" : -22.34,
    "grossProfitMargin" : 100.00,
    "grossProfit" : 362.60,
    "operatingProfitMargin" : 45.36,
    "operatingProfit" : 164.48,
    "netProfitMargin" : 8.73,
    "netProfit" : 31.65
  }, {
    "date" : "2011-03-31",
    "sales" : 324.97,
    "salesGrowthYoY" : -36.68,
    "grossProfitMargin" : 80.96,
    "grossProfit" : 263.10,
    "operatingProfitMargin" : 9.88,
    "operatingProfit" : 32.11,
    "netProfitMargin" : -9.84,
    "netProfit" : -31.98
  }, {
    "date" : "2011-06-30",
    "sales" : 425.49,
    "salesGrowthYoY" : 2.04,
    "grossProfitMargin" : 80.43,
    "grossProfit" : 342.22,
    "operatingProfitMargin" : 34.21,
    "operatingProfit" : 145.56,
    "netProfitMargin" : 14.57,
    "netProfit" : 61.99
  }, {
    "date" : "2011-09-30",
    "sales" : 416.26,
    "salesGrowthYoY" : 12.73,
    "grossProfitMargin" : 76.43,
    "grossProfit" : 318.15,
    "operatingProfitMargin" : 26.52,
    "operatingProfit" : 110.39,
    "netProfitMargin" : 0.61,
    "netProfit" : 2.54
  }, {
    "date" : "2011-12-31",
    "sales" : 417.75,
    "salesGrowthYoY" : 15.21,
    "grossProfitMargin" : 77.67,
    "grossProfit" : 324.47,
    "operatingProfitMargin" : 26.04,
    "operatingProfit" : 108.78,
    "netProfitMargin" : 3.75,
    "netProfit" : 15.67
  }, {
    "date" : "2012-03-31",
    "sales" : 450.12,
    "salesGrowthYoY" : 38.51,
    "grossProfitMargin" : 76.64,
    "grossProfit" : 344.97,
    "operatingProfitMargin" : 29.59,
    "operatingProfit" : 133.19,
    "netProfitMargin" : -1.74,
    "netProfit" : -7.83
  }, {
    "date" : "2012-06-30",
    "sales" : 485.67,
    "salesGrowthYoY" : 14.14,
    "grossProfitMargin" : 76.93,
    "grossProfit" : 373.63,
    "operatingProfitMargin" : 25.67,
    "operatingProfit" : 124.67,
    "netProfitMargin" : 11.38,
    "netProfit" : 55.27
  }, {
    "date" : "2012-09-30",
    "sales" : 356.01,
    "salesGrowthYoY" : -14.47,
    "grossProfitMargin" : 74.07,
    "grossProfit" : 263.70,
    "operatingProfitMargin" : 20.65,
    "operatingProfit" : 73.52,
    "netProfitMargin" : -10.71,
    "netProfit" : -38.13
  }, {
    "date" : "2012-12-31",
    "sales" : 465.52,
    "salesGrowthYoY" : 11.44,
    "grossProfitMargin" : 74.21,
    "grossProfit" : 345.46,
    "operatingProfitMargin" : 30.56,
    "operatingProfit" : 142.26,
    "netProfitMargin" : 16.14,
    "netProfit" : 75.13
  }, {
    "date" : "2013-03-31",
    "sales" : 427.99,
    "salesGrowthYoY" : -4.92,
    "grossProfitMargin" : 81.61,
    "grossProfit" : 349.28,
    "operatingProfitMargin" : 21.18,
    "operatingProfit" : 90.65,
    "netProfitMargin" : 2.27,
    "netProfit" : 9.72
  }, {
    "date" : "2013-06-30",
    "sales" : 362.14,
    "salesGrowthYoY" : -25.43,
    "grossProfitMargin" : 74.24,
    "grossProfit" : 268.85,
    "operatingProfitMargin" : 30.57,
    "operatingProfit" : 110.71,
    "netProfitMargin" : 39.20,
    "netProfit" : 141.96
  }, {
    "date" : "2013-09-30",
    "sales" : 329.62,
    "salesGrowthYoY" : -7.41,
    "grossProfitMargin" : 75.65,
    "grossProfit" : 249.36,
    "operatingProfitMargin" : 33.66,
    "operatingProfit" : 110.95,
    "netProfitMargin" : 18.91,
    "netProfit" : 62.33
  }, {
    "date" : "2013-12-31",
    "sales" : 397.90,
    "salesGrowthYoY" : -14.53,
    "grossProfitMargin" : 76.64,
    "grossProfit" : 304.95,
    "operatingProfitMargin" : 35.14,
    "operatingProfit" : 139.82,
    "netProfitMargin" : 3.30,
    "netProfit" : 13.13
  }, {
    "date" : "2014-03-31",
    "sales" : 402.92,
    "salesGrowthYoY" : -5.86,
    "grossProfitMargin" : 75.70,
    "grossProfit" : 305.01,
    "operatingProfitMargin" : 32.93,
    "operatingProfit" : 132.68,
    "netProfitMargin" : -3.16,
    "netProfit" : -12.73
  }, {
    "date" : "2014-06-30",
    "sales" : 385.08,
    "salesGrowthYoY" : 6.33,
    "grossProfitMargin" : 70.51,
    "grossProfit" : 271.52,
    "operatingProfitMargin" : 28.44,
    "operatingProfit" : 109.52,
    "netProfitMargin" : 21.74,
    "netProfit" : 83.72
  }, {
    "date" : "2014-09-30",
    "sales" : 426.49,
    "salesGrowthYoY" : 29.39,
    "grossProfitMargin" : 73.15,
    "grossProfit" : 311.98,
    "operatingProfitMargin" : 28.39,
    "operatingProfit" : 121.08,
    "netProfitMargin" : 22.23,
    "netProfit" : 94.81
  }, {
    "date" : "2014-12-31",
    "sales" : 455.55,
    "salesGrowthYoY" : 14.49,
    "grossProfitMargin" : 73.53,
    "grossProfit" : 334.97,
    "operatingProfitMargin" : 32.91,
    "operatingProfit" : 149.92,
    "netProfitMargin" : 15.10,
    "netProfit" : 68.79
  }, {
    "date" : "2015-03-31",
    "sales" : 466.96,
    "salesGrowthYoY" : 15.89,
    "grossProfitMargin" : 77.50,
    "grossProfit" : 361.89,
    "operatingProfitMargin" : 47.26,
    "operatingProfit" : 220.69,
    "netProfitMargin" : 19.09,
    "netProfit" : 89.14
  }, {
    "date" : "2015-06-30",
    "sales" : 473.48,
    "salesGrowthYoY" : 22.96,
    "grossProfitMargin" : 84.80,
    "grossProfit" : 401.51,
    "operatingProfitMargin" : 46.48,
    "operatingProfit" : 220.07,
    "netProfitMargin" : 25.92,
    "netProfit" : 122.73
  }, {
    "date" : "2015-09-30",
    "sales" : 541.18,
    "salesGrowthYoY" : 26.89,
    "grossProfitMargin" : 86.31,
    "grossProfit" : 467.09,
    "operatingProfitMargin" : 51.47,
    "operatingProfit" : 278.55,
    "netProfitMargin" : 40.87,
    "netProfit" : 221.18
  }, {
    "date" : "2015-12-31",
    "sales" : 515.46,
    "salesGrowthYoY" : 13.15,
    "grossProfitMargin" : 86.13,
    "grossProfit" : 443.97,
    "operatingProfitMargin" : 48.92,
    "operatingProfit" : 252.16,
    "netProfitMargin" : 39.03,
    "netProfit" : 201.18
  }, {
    "date" : "2016-03-31",
    "sales" : 441.78,
    "salesGrowthYoY" : -5.39,
    "grossProfitMargin" : 89.58,
    "grossProfit" : 395.75,
    "operatingProfitMargin" : 45.26,
    "operatingProfit" : 199.95,
    "netProfitMargin" : 16.73,
    "netProfit" : 73.91
  }, {
    "date" : "2016-06-30",
    "sales" : 410.86,
    "salesGrowthYoY" : -13.23,
    "grossProfitMargin" : 92.76,
    "grossProfit" : 381.11,
    "operatingProfitMargin" : 44.49,
    "operatingProfit" : 182.79,
    "netProfitMargin" : 15.87,
    "netProfit" : 65.20
  }, {
    "date" : "2016-09-30",
    "sales" : 426.73,
    "salesGrowthYoY" : -21.15,
    "grossProfitMargin" : 90.33,
    "grossProfit" : 385.47,
    "operatingProfitMargin" : 40.88,
    "operatingProfit" : 174.45,
    "netProfitMargin" : 39.93,
    "netProfit" : 170.39
  }, {
    "date" : "2016-12-31",
    "sales" : 397.93,
    "salesGrowthYoY" : -22.80,
    "grossProfitMargin" : 89.08,
    "grossProfit" : 354.48,
    "operatingProfitMargin" : 56.37,
    "operatingProfit" : 224.31,
    "netProfitMargin" : 43.21,
    "netProfit" : 171.95
  }, {
    "date" : "2017-03-31",
    "sales" : 468.44,
    "salesGrowthYoY" : 6.03,
    "grossProfitMargin" : 86.71,
    "grossProfit" : 406.18,
    "operatingProfitMargin" : 42.29,
    "operatingProfit" : 198.10,
    "netProfitMargin" : 33.14,
    "netProfit" : 155.24
  }, {
    "date" : "2017-06-30",
    "sales" : 464.82,
    "salesGrowthYoY" : 13.13,
    "grossProfitMargin" : 85.41,
    "grossProfit" : 397.00,
    "operatingProfitMargin" : 32.63,
    "operatingProfit" : 151.67,
    "netProfitMargin" : -1.72,
    "netProfit" : -7.99
  }, {
    "date" : "2017-09-30",
    "sales" : 447.26,
    "salesGrowthYoY" : 4.81,
    "grossProfitMargin" : 85.14,
    "grossProfit" : 380.80,
    "operatingProfitMargin" : 30.77,
    "operatingProfit" : 137.62,
    "netProfitMargin" : -9.30,
    "netProfit" : -41.60
  }, {
    "date" : "2017-12-31",
    "sales" : 584.42,
    "salesGrowthYoY" : 46.87,
    "grossProfitMargin" : 84.84,
    "grossProfit" : 495.82,
    "operatingProfitMargin" : 37.68,
    "operatingProfit" : 220.21,
    "netProfitMargin" : 2.48,
    "netProfit" : 14.49
  }, {
    "date" : "2018-03-31",
    "sales" : 564.53,
    "salesGrowthYoY" : 20.51,
    "grossProfitMargin" : 82.54,
    "grossProfit" : 465.96,
    "operatingProfitMargin" : 25.14,
    "operatingProfit" : 141.92,
    "netProfitMargin" : -1.40,
    "netProfit" : -7.90
  }, {
    "date" : "2018-06-30",
    "sales" : 581.79,
    "salesGrowthYoY" : 25.16,
    "grossProfitMargin" : 78.00,
    "grossProfit" : 453.80,
    "operatingProfitMargin" : 39.88,
    "operatingProfit" : 232.02,
    "netProfitMargin" : 6.14,
    "netProfit" : 35.72
  }, {
    "date" : "2018-09-30",
    "sales" : 569.00,
    "salesGrowthYoY" : 27.22,
    "grossProfitMargin" : 76.38,
    "grossProfit" : 434.60,
    "operatingProfitMargin" : 20.66,
    "operatingProfit" : 117.56,
    "netProfitMargin" : 3.25,
    "netProfit" : 18.49
  }, {
    "date" : "2018-12-31",
    "sales" : 743.06,
    "salesGrowthYoY" : 27.14,
    "grossProfitMargin" : 77.60,
    "grossProfit" : 576.61,
    "operatingProfitMargin" : 65.97,
    "operatingProfit" : 490.20,
    "netProfitMargin" : 33.16,
    "netProfit" : 246.40
  }, {
    "date" : "2019-03-31",
    "sales" : 757.42,
    "salesGrowthYoY" : 34.17,
    "grossProfitMargin" : 79.60,
    "grossProfit" : 602.91,
    "operatingProfitMargin" : 29.54,
    "operatingProfit" : 223.74,
    "netProfitMargin" : 6.36,
    "netProfit" : 48.17
  }, {
    "date" : "2019-06-30",
    "sales" : 589.70,
    "salesGrowthYoY" : 1.36,
    "grossProfitMargin" : 78.12,
    "grossProfit" : 460.67,
    "operatingProfitMargin" : 31.46,
    "operatingProfit" : 185.52,
    "netProfitMargin" : 0.11,
    "netProfit" : 0.65
  }, {
    "date" : "2019-09-30",
    "sales" : 610.81,
    "salesGrowthYoY" : 7.35,
    "grossProfitMargin" : 79.38,
    "grossProfit" : 484.86,
    "operatingProfitMargin" : 24.42,
    "operatingProfit" : 149.16,
    "netProfitMargin" : 0.77,
    "netProfit" : 4.70
  }, {
    "date" : "2019-12-31",
    "sales" : 861.06,
    "salesGrowthYoY" : 15.88,
    "grossProfitMargin" : 84.73,
    "grossProfit" : 729.58,
    "operatingProfitMargin" : 53.62,
    "operatingProfit" : 461.70,
    "netProfitMargin" : 33.88,
    "netProfit" : 291.73
  }, {
    "date" : "2020-03-31",
    "sales" : 809.19,
    "salesGrowthYoY" : 6.84,
    "grossProfitMargin" : 76.58,
    "grossProfit" : 619.68,
    "operatingProfitMargin" : 15.80,
    "operatingProfit" : 127.85,
    "netProfitMargin" : -1.52,
    "netProfit" : -12.30
  }, {
    "date" : "2020-06-30",
    "sales" : 905.47,
    "salesGrowthYoY" : 53.55,
    "grossProfitMargin" : 88.96,
    "grossProfit" : 805.51,
    "operatingProfitMargin" : 66.72,
    "operatingProfit" : 604.13,
    "netProfitMargin" : 51.37,
    "netProfit" : 465.14
  }, {
    "date" : "2020-09-30",
    "sales" : 599.04,
    "salesGrowthYoY" : -1.93,
    "grossProfitMargin" : 88.01,
    "grossProfit" : 527.22,
    "operatingProfitMargin" : 59.20,
    "operatingProfit" : 354.63,
    "netProfitMargin" : 36.03,
    "netProfit" : 215.83
  }, {
    "date" : "2020-12-31",
    "sales" : 592.21,
    "salesGrowthYoY" : -31.22,
    "grossProfitMargin" : 84.02,
    "grossProfit" : 497.57,
    "operatingProfitMargin" : 49.04,
    "operatingProfit" : 290.42,
    "netProfitMargin" : 25.32,
    "netProfit" : 149.95
  }, {
    "date" : "2021-03-31",
    "sales" : 577.40,
    "salesGrowthYoY" : -28.64,
    "grossProfitMargin" : 84.91,
    "grossProfit" : 490.27,
    "operatingProfitMargin" : 45.71,
    "operatingProfit" : 263.93,
    "netProfitMargin" : 20.30,
    "netProfit" : 117.21
  }, {
    "date" : "2021-06-30",
    "sales" : 626.94,
    "salesGrowthYoY" : -30.76,
    "grossProfitMargin" : 82.59,
    "grossProfit" : 517.79,
    "operatingProfitMargin" : 38.26,
    "operatingProfit" : 239.87,
    "netProfitMargin" : 14.04,
    "netProfit" : 88.02
  }, {
    "date" : "2021-09-30",
    "sales" : 722.96,
    "salesGrowthYoY" : 20.69,
    "grossProfitMargin" : 83.39,
    "grossProfit" : 602.88,
    "operatingProfitMargin" : 54.81,
    "operatingProfit" : 396.25,
    "netProfitMargin" : 33.05,
    "netProfit" : 238.94
  }, {
    "date" : "2021-12-31",
    "sales" : 758.82,
    "salesGrowthYoY" : 28.13,
    "grossProfitMargin" : 82.39,
    "grossProfit" : 625.19,
    "operatingProfitMargin" : 54.83,
    "operatingProfit" : 416.06,
    "netProfitMargin" : 33.31,
    "netProfit" : 252.76
  }, {
    "date" : "2022-03-31",
    "sales" : 723.31,
    "salesGrowthYoY" : 25.27,
    "grossProfitMargin" : 81.30,
    "grossProfit" : 588.05,
    "operatingProfitMargin" : 47.19,
    "operatingProfit" : 341.33,
    "netProfitMargin" : 25.70,
    "netProfit" : 185.89
  }, {
    "date" : "2022-06-30",
    "sales" : 1163.27,
    "salesGrowthYoY" : 85.55,
    "grossProfitMargin" : 85.61,
    "grossProfit" : 995.88,
    "operatingProfitMargin" : 52.78,
    "operatingProfit" : 613.97,
    "netProfitMargin" : 36.82,
    "netProfit" : 428.32
  }, {
    "date" : "2022-09-30",
    "sales" : 1245.36,
    "salesGrowthYoY" : 72.26,
    "grossProfitMargin" : 87.54,
    "grossProfit" : 1090.19,
    "operatingProfitMargin" : 57.95,
    "operatingProfit" : 721.69,
    "netProfitMargin" : 45.96,
    "netProfit" : 572.37
  }, {
    "date" : "2022-12-31",
    "sales" : 1212.78,
    "salesGrowthYoY" : 59.82,
    "grossProfitMargin" : 88.12,
    "grossProfit" : 1068.70,
    "operatingProfitMargin" : 61.66,
    "operatingProfit" : 747.80,
    "netProfitMargin" : 49.78,
    "netProfit" : 603.72
  }, {
    "date" : "2023-03-31",
    "sales" : 1213.41,
    "salesGrowthYoY" : 67.76,
    "grossProfitMargin" : 90.26,
    "grossProfit" : 1095.22,
    "operatingProfitMargin" : 62.06,
    "operatingProfit" : 753.04,
    "netProfitMargin" : 52.11,
    "netProfit" : 632.31
  }, {
    "date" : "2023-06-30",
    "sales" : 1041.30,
    "salesGrowthYoY" : -10.49,
    "grossProfitMargin" : 90.72,
    "grossProfit" : 944.67,
    "operatingProfitMargin" : 65.13,
    "operatingProfit" : 678.20,
    "netProfitMargin" : 54.34,
    "netProfit" : 565.84
  }, {
    "date" : "2023-09-30",
    "sales" : 972.45,
    "salesGrowthYoY" : -21.91,
    "grossProfitMargin" : 87.21,
    "grossProfit" : 848.07,
    "operatingProfitMargin" : 52.84,
    "operatingProfit" : 513.84,
    "netProfitMargin" : 40.96,
    "netProfit" : 398.32
  }, {
    "date" : "2023-12-31",
    "sales" : 996.18,
    "salesGrowthYoY" : -17.86,
    "grossProfitMargin" : 91.04,
    "grossProfit" : 906.92,
    "operatingProfitMargin" : 57.42,
    "operatingProfit" : 572.01,
    "netProfitMargin" : 45.87,
    "netProfit" : 456.95
  }, {
    "date" : "2024-03-31",
    "sales" : 1154.86,
    "salesGrowthYoY" : -4.83,
    "grossProfitMargin" : 91.35,
    "grossProfit" : 1054.96,
    "operatingProfitMargin" : 62.92,
    "operatingProfit" : 726.64,
    "netProfitMargin" : 57.41,
    "netProfit" : 663.01
  }, {
    "date" : "2024-06-30",
    "sales" : 1153.27,
    "salesGrowthYoY" : 10.75,
    "grossProfitMargin" : 91.89,
    "grossProfit" : 1059.74,
    "operatingProfitMargin" : 61.13,
    "operatingProfit" : 704.99,
    "netProfitMargin" : 52.25,
    "netProfit" : 602.58
  }, {
    "date" : "2024-09-30",
    "sales" : 1011.00,
    "salesGrowthYoY" : 3.96,
    "grossProfitMargin" : 89.19,
    "grossProfit" : 901.71,
    "operatingProfitMargin" : 52.22,
    "operatingProfit" : 527.94,
    "netProfitMargin" : 43.76,
    "netProfit" : 442.41
  }, {
    "date" : "2024-12-31",
    "sales" : 878.50,
    "salesGrowthYoY" : -11.81,
    "grossProfitMargin" : 92.17,
    "grossProfit" : 809.71,
    "operatingProfitMargin" : 59.98,
    "operatingProfit" : 526.92,
    "netProfitMargin" : 47.81,
    "netProfit" : 420.01
  }, {
    "date" : "2025-03-31",
    "sales" : 786.83,
    "salesGrowthYoY" : -31.87,
    "grossProfitMargin" : 92.80,
    "grossProfit" : 730.18,
    "operatingProfitMargin" : 39.85,
    "operatingProfit" : 313.55,
    "netProfitMargin" : 29.19,
    "netProfit" : 229.68
  }, {
    "date" : "2025-06-30",
    "sales" : 802.59,
    "salesGrowthYoY" : -30.41,
    "grossProfitMargin" : 93.03,
    "grossProfit" : 746.65,
    "operatingProfitMargin" : 57.17,
    "operatingProfit" : 458.84,
    "netProfitMargin" : 48.39,
    "netProfit" : 388.37
  }, {
    "date" : "2025-09-30",
    "sales" : 852.99,
    "salesGrowthYoY" : -15.63,
    "grossProfitMargin" : 92.65,
    "grossProfit" : 790.30,
    "operatingProfitMargin" : 66.08,
    "operatingProfit" : 563.66,
    "netProfitMargin" : 53.88,
    "netProfit" : 459.59
  } ],
  "latestQuarterlyResult" : {
    "date" : "2025-09-30",
    "sales" : 852.99,
    "salesGrowthYoY" : -15.63,
    "grossProfitMargin" : 92.65,
    "grossProfit" : 790.30,
    "operatingProfitMargin" : 66.08,
    "operatingProfit" : 563.66,
    "netProfitMargin" : 53.88,
    "netProfit" : 459.59
  },
  "companyScore" : {
    "priceHigherThanDma50" : 5.00,
    "priceHigherThanDma100" : 5.00,
    "priceHigherThanDma200" : 5.00,
    "dma50HigherThanDma100" : 5.00,
    "dma50HigherThanDma200" : 5.00,
    "dma100HigherThanDma200" : 5.00,
    "pricePercentageAboveDma50" : 4.89,
    "pricePercentageAboveDma100" : 4.69,
    "pricePercentageAboveDma200" : 4.62,
    "weeklyVolumeHigherThanYearlyVolume" : 0.00,
    "salesGrowthPercentile" : 4.81,
    "operatingProfitMarginPercentile" : 19.52,
    "netProfitMarginPercentile" : 9.64,
    "totalTechnicalScore" : 44.19,
    "totalFundamentalScore" : 33.97,
    "totalScore" : 78.16
  }
}