{
  "metadata" : {
    "screenerCompanyId" : "1144",
    "companyCode" : "GLENMARK",
    "companyName" : "Glenmark Pharma.",
    "screenerCompanyLink" : "https://www.screener.in/company/GLENMARK/consolidated/",
    "screenerTechnicalHistoryLink" : "https://www.screener.in/api/company/1144/chart/?q=Price-DMA50-DMA200-Volume&days=365",
    "screenerQuarterlyResultsLink" : "https://www.screener.in/api/company/1144/chart/?q=GPM-OPM-NPM-Quarter+Sales&days=10000",
    "attributes" : {
      "companyCode" : "GLENMARK",
      "companyName" : "Glenmark Pharma.",
      "marketCap" : 56217.00,
      "peRatio" : 22.40,
      "description" : "Glenmark Pharmaceuticals Ltd is a global research-led pharmaceutical company with presence across generics, Specialty and OTC business with operations in over 80 countries.[1]"
    },
    "companyScore" : {
      "priceHigherThanDma50" : 5.00,
      "priceHigherThanDma100" : 5.00,
      "priceHigherThanDma200" : 5.00,
      "dma50HigherThanDma100" : 0.00,
      "dma50HigherThanDma200" : 5.00,
      "dma100HigherThanDma200" : 5.00,
      "pricePercentageAboveDma50" : 4.83,
      "pricePercentageAboveDma100" : 4.92,
      "pricePercentageAboveDma200" : 4.48,
      "weeklyVolumeHigherThanYearlyVolume" : 0.00,
      "salesGrowthPercentile" : 0.76,
      "operatingProfitMarginPercentile" : 0.66,
      "netProfitMarginPercentile" : 3.13,
      "totalTechnicalScore" : 39.23,
      "totalFundamentalScore" : 4.55,
      "totalScore" : 43.79
    }
  },
  "attributes" : {
    "companyCode" : "GLENMARK",
    "companyName" : "Glenmark Pharma.",
    "marketCap" : 56217.00,
    "peRatio" : 22.40,
    "description" : "Glenmark Pharmaceuticals Ltd is a global research-led pharmaceutical company with presence across generics, Specialty and OTC business with operations in over 80 countries.[1]"
  },
  "technicalHistory" : [ {
    "date" : "2024-12-23",
    "price" : 1550.60,
    "dma50" : 1574.86,
    "dma100" : null,
    "dma200" : 1398.85,
    "volume" : 428434.00
  }, {
    "date" : "2024-12-24",
    "price" : 1535.80,
    "dma50" : 1573.33,
    "dma100" : null,
    "dma200" : 1400.21,
    "volume" : 381269.00
  }, {
    "date" : "2024-12-26",
    "price" : 1541.45,
    "dma50" : 1572.08,
    "dma100" : null,
    "dma200" : 1401.62,
    "volume" : 497502.00
  }, {
    "date" : "2024-12-27",
    "price" : 1585.95,
    "dma50" : 1572.62,
    "dma100" : null,
    "dma200" : 1403.45,
    "volume" : 1313106.00
  }, {
    "date" : "2024-12-30",
    "price" : 1589.80,
    "dma50" : 1573.29,
    "dma100" : null,
    "dma200" : 1405.31,
    "volume" : 947773.00
  }, {
    "date" : "2024-12-31",
    "price" : 1609.10,
    "dma50" : 1574.70,
    "dma100" : null,
    "dma200" : 1407.33,
    "volume" : 1128980.00
  }, {
    "date" : "2025-01-01",
    "price" : 1614.50,
    "dma50" : 1576.26,
    "dma100" : null,
    "dma200" : 1409.40,
    "volume" : 187480.00
  }, {
    "date" : "2025-01-02",
    "price" : 1639.35,
    "dma50" : 1578.73,
    "dma100" : null,
    "dma200" : 1411.68,
    "volume" : 334502.00
  }, {
    "date" : "2025-01-03",
    "price" : 1636.10,
    "dma50" : 1580.98,
    "dma100" : null,
    "dma200" : 1413.92,
    "volume" : 303617.00
  }, {
    "date" : "2025-01-06",
    "price" : 1623.75,
    "dma50" : 1582.66,
    "dma100" : null,
    "dma200" : 1416.00,
    "volume" : 244590.00
  }, {
    "date" : "2025-01-07",
    "price" : 1642.05,
    "dma50" : 1584.99,
    "dma100" : null,
    "dma200" : 1418.25,
    "volume" : 338034.00
  }, {
    "date" : "2025-01-08",
    "price" : 1627.90,
    "dma50" : 1586.67,
    "dma100" : null,
    "dma200" : 1420.34,
    "volume" : 402928.00
  }, {
    "date" : "2025-01-09",
    "price" : 1593.30,
    "dma50" : 1586.93,
    "dma100" : null,
    "dma200" : 1422.06,
    "volume" : 351546.00
  }, {
    "date" : "2025-01-10",
    "price" : 1541.70,
    "dma50" : 1585.16,
    "dma100" : null,
    "dma200" : 1423.25,
    "volume" : 240529.00
  }, {
    "date" : "2025-01-13",
    "price" : 1496.90,
    "dma50" : 1581.70,
    "dma100" : null,
    "dma200" : 1423.98,
    "volume" : 438874.00
  }, {
    "date" : "2025-01-14",
    "price" : 1515.95,
    "dma50" : 1579.12,
    "dma100" : null,
    "dma200" : 1424.90,
    "volume" : 599613.00
  }, {
    "date" : "2025-01-15",
    "price" : 1477.25,
    "dma50" : 1575.12,
    "dma100" : null,
    "dma200" : 1425.42,
    "volume" : 1036536.00
  }, {
    "date" : "2025-01-16",
    "price" : 1461.55,
    "dma50" : 1570.67,
    "dma100" : null,
    "dma200" : 1425.78,
    "volume" : 195179.00
  }, {
    "date" : "2025-01-17",
    "price" : 1468.10,
    "dma50" : 1566.65,
    "dma100" : null,
    "dma200" : 1426.20,
    "volume" : 420971.00
  }, {
    "date" : "2025-01-20",
    "price" : 1503.60,
    "dma50" : 1564.18,
    "dma100" : null,
    "dma200" : 1426.97,
    "volume" : 389955.00
  }, {
    "date" : "2025-01-21",
    "price" : 1499.50,
    "dma50" : 1561.64,
    "dma100" : null,
    "dma200" : 1427.69,
    "volume" : 281336.00
  }, {
    "date" : "2025-01-22",
    "price" : 1501.35,
    "dma50" : 1559.27,
    "dma100" : null,
    "dma200" : 1428.43,
    "volume" : 196032.00
  }, {
    "date" : "2025-01-23",
    "price" : 1510.95,
    "dma50" : 1557.38,
    "dma100" : null,
    "dma200" : 1429.25,
    "volume" : 281551.00
  }, {
    "date" : "2025-01-24",
    "price" : 1450.10,
    "dma50" : 1553.17,
    "dma100" : null,
    "dma200" : 1429.45,
    "volume" : 352821.00
  }, {
    "date" : "2025-01-27",
    "price" : 1400.40,
    "dma50" : 1547.18,
    "dma100" : null,
    "dma200" : 1429.17,
    "volume" : 236898.00
  }, {
    "date" : "2025-01-28",
    "price" : 1399.20,
    "dma50" : 1541.38,
    "dma100" : null,
    "dma200" : 1428.87,
    "volume" : 635124.00
  }, {
    "date" : "2025-01-29",
    "price" : 1453.60,
    "dma50" : 1537.94,
    "dma100" : null,
    "dma200" : 1429.11,
    "volume" : 292172.00
  }, {
    "date" : "2025-01-30",
    "price" : 1448.85,
    "dma50" : 1534.44,
    "dma100" : null,
    "dma200" : 1429.31,
    "volume" : 290339.00
  }, {
    "date" : "2025-01-31",
    "price" : 1453.20,
    "dma50" : 1531.26,
    "dma100" : null,
    "dma200" : 1429.55,
    "volume" : 390915.00
  }, {
    "date" : "2025-02-01",
    "price" : 1436.90,
    "dma50" : 1527.56,
    "dma100" : null,
    "dma200" : 1429.62,
    "volume" : 306215.00
  }, {
    "date" : "2025-02-03",
    "price" : 1414.45,
    "dma50" : 1523.12,
    "dma100" : null,
    "dma200" : 1429.47,
    "volume" : 373425.00
  }, {
    "date" : "2025-02-04",
    "price" : 1451.55,
    "dma50" : 1520.31,
    "dma100" : null,
    "dma200" : 1429.69,
    "volume" : 346029.00
  }, {
    "date" : "2025-02-05",
    "price" : 1493.20,
    "dma50" : 1519.25,
    "dma100" : null,
    "dma200" : 1430.32,
    "volume" : 1153836.00
  }, {
    "date" : "2025-02-06",
    "price" : 1499.85,
    "dma50" : 1518.49,
    "dma100" : null,
    "dma200" : 1431.01,
    "volume" : 473030.00
  }, {
    "date" : "2025-02-07",
    "price" : 1540.15,
    "dma50" : 1519.34,
    "dma100" : null,
    "dma200" : 1432.10,
    "volume" : 551710.00
  }, {
    "date" : "2025-02-10",
    "price" : 1511.10,
    "dma50" : 1519.02,
    "dma100" : null,
    "dma200" : 1432.88,
    "volume" : 320663.00
  }, {
    "date" : "2025-02-11",
    "price" : 1453.05,
    "dma50" : 1516.43,
    "dma100" : null,
    "dma200" : 1433.09,
    "volume" : 446378.00
  }, {
    "date" : "2025-02-12",
    "price" : 1406.15,
    "dma50" : 1512.10,
    "dma100" : null,
    "dma200" : 1432.82,
    "volume" : 619421.00
  }, {
    "date" : "2025-02-13",
    "price" : 1411.20,
    "dma50" : 1508.15,
    "dma100" : null,
    "dma200" : 1432.60,
    "volume" : 964448.00
  }, {
    "date" : "2025-02-14",
    "price" : 1323.05,
    "dma50" : 1500.89,
    "dma100" : null,
    "dma200" : 1431.51,
    "volume" : 1595653.00
  }, {
    "date" : "2025-02-17",
    "price" : 1373.80,
    "dma50" : 1495.90,
    "dma100" : null,
    "dma200" : 1430.94,
    "volume" : 2470408.00
  }, {
    "date" : "2025-02-18",
    "price" : 1379.30,
    "dma50" : 1491.33,
    "dma100" : null,
    "dma200" : 1430.42,
    "volume" : 786115.00
  }, {
    "date" : "2025-02-19",
    "price" : 1369.45,
    "dma50" : 1486.55,
    "dma100" : null,
    "dma200" : 1429.82,
    "volume" : 605089.00
  }, {
    "date" : "2025-02-20",
    "price" : 1348.95,
    "dma50" : 1481.16,
    "dma100" : null,
    "dma200" : 1429.01,
    "volume" : 428493.00
  }, {
    "date" : "2025-02-21",
    "price" : 1300.80,
    "dma50" : 1474.08,
    "dma100" : null,
    "dma200" : 1427.74,
    "volume" : 732462.00
  }, {
    "date" : "2025-02-24",
    "price" : 1325.15,
    "dma50" : 1468.24,
    "dma100" : null,
    "dma200" : 1426.72,
    "volume" : 930506.00
  }, {
    "date" : "2025-02-25",
    "price" : 1316.35,
    "dma50" : 1462.29,
    "dma100" : null,
    "dma200" : 1425.62,
    "volume" : 653876.00
  }, {
    "date" : "2025-02-27",
    "price" : 1313.35,
    "dma50" : 1456.45,
    "dma100" : null,
    "dma200" : 1424.50,
    "volume" : 505249.00
  }, {
    "date" : "2025-02-28",
    "price" : 1278.95,
    "dma50" : 1449.49,
    "dma100" : null,
    "dma200" : 1423.05,
    "volume" : 714553.00
  }, {
    "date" : "2025-03-03",
    "price" : 1313.20,
    "dma50" : 1444.14,
    "dma100" : null,
    "dma200" : 1421.96,
    "volume" : 492361.00
  }, {
    "date" : "2025-03-04",
    "price" : 1334.25,
    "dma50" : 1439.83,
    "dma100" : null,
    "dma200" : 1421.09,
    "volume" : 282612.00
  }, {
    "date" : "2025-03-05",
    "price" : 1388.00,
    "dma50" : 1437.80,
    "dma100" : null,
    "dma200" : 1420.76,
    "volume" : 642563.00
  }, {
    "date" : "2025-03-06",
    "price" : 1396.70,
    "dma50" : 1436.19,
    "dma100" : null,
    "dma200" : 1420.52,
    "volume" : 369570.00
  }, {
    "date" : "2025-03-07",
    "price" : 1404.40,
    "dma50" : 1434.94,
    "dma100" : null,
    "dma200" : 1420.36,
    "volume" : 353304.00
  }, {
    "date" : "2025-03-10",
    "price" : 1403.10,
    "dma50" : 1433.69,
    "dma100" : null,
    "dma200" : 1420.19,
    "volume" : 693047.00
  }, {
    "date" : "2025-03-11",
    "price" : 1400.20,
    "dma50" : 1432.38,
    "dma100" : null,
    "dma200" : 1419.99,
    "volume" : 422216.00
  }, {
    "date" : "2025-03-12",
    "price" : 1422.30,
    "dma50" : 1431.98,
    "dma100" : null,
    "dma200" : 1420.01,
    "volume" : 730441.00
  }, {
    "date" : "2025-03-13",
    "price" : 1405.15,
    "dma50" : 1430.93,
    "dma100" : null,
    "dma200" : 1419.86,
    "volume" : 337642.00
  }, {
    "date" : "2025-03-17",
    "price" : 1429.60,
    "dma50" : 1430.88,
    "dma100" : null,
    "dma200" : 1419.96,
    "volume" : 547624.00
  }, {
    "date" : "2025-03-18",
    "price" : 1456.35,
    "dma50" : 1431.88,
    "dma100" : null,
    "dma200" : 1420.32,
    "volume" : 298635.00
  }, {
    "date" : "2025-03-19",
    "price" : 1486.70,
    "dma50" : 1434.03,
    "dma100" : null,
    "dma200" : 1420.98,
    "volume" : 306289.00
  }, {
    "date" : "2025-03-20",
    "price" : 1478.80,
    "dma50" : 1435.78,
    "dma100" : null,
    "dma200" : 1421.56,
    "volume" : 306941.00
  }, {
    "date" : "2025-03-21",
    "price" : 1514.75,
    "dma50" : 1438.88,
    "dma100" : null,
    "dma200" : 1422.48,
    "volume" : 857407.00
  }, {
    "date" : "2025-03-24",
    "price" : 1492.65,
    "dma50" : 1440.99,
    "dma100" : null,
    "dma200" : 1423.18,
    "volume" : 1004171.00
  }, {
    "date" : "2025-03-25",
    "price" : 1480.75,
    "dma50" : 1442.55,
    "dma100" : null,
    "dma200" : 1423.76,
    "volume" : 404681.00
  }, {
    "date" : "2025-03-26",
    "price" : 1461.80,
    "dma50" : 1443.30,
    "dma100" : null,
    "dma200" : 1424.13,
    "volume" : 792415.00
  }, {
    "date" : "2025-03-27",
    "price" : 1519.85,
    "dma50" : 1446.30,
    "dma100" : null,
    "dma200" : 1425.09,
    "volume" : 1939190.00
  }, {
    "date" : "2025-03-28",
    "price" : 1541.05,
    "dma50" : 1450.02,
    "dma100" : null,
    "dma200" : 1426.24,
    "volume" : 803817.00
  }, {
    "date" : "2025-04-01",
    "price" : 1509.20,
    "dma50" : 1452.34,
    "dma100" : null,
    "dma200" : 1427.07,
    "volume" : 365897.00
  }, {
    "date" : "2025-04-02",
    "price" : 1515.45,
    "dma50" : 1454.82,
    "dma100" : null,
    "dma200" : 1427.95,
    "volume" : 341742.00
  }, {
    "date" : "2025-04-03",
    "price" : 1545.25,
    "dma50" : 1458.36,
    "dma100" : null,
    "dma200" : 1429.11,
    "volume" : 728918.00
  }, {
    "date" : "2025-04-04",
    "price" : 1499.85,
    "dma50" : 1459.99,
    "dma100" : null,
    "dma200" : 1429.82,
    "volume" : 866562.00
  }, {
    "date" : "2025-04-07",
    "price" : 1442.20,
    "dma50" : 1459.29,
    "dma100" : null,
    "dma200" : 1429.94,
    "volume" : 557604.00
  }, {
    "date" : "2025-04-08",
    "price" : 1440.80,
    "dma50" : 1458.57,
    "dma100" : null,
    "dma200" : 1430.05,
    "volume" : 404596.00
  }, {
    "date" : "2025-04-09",
    "price" : 1376.30,
    "dma50" : 1455.34,
    "dma100" : null,
    "dma200" : 1429.51,
    "volume" : 1095736.00
  }, {
    "date" : "2025-04-11",
    "price" : 1378.10,
    "dma50" : 1452.31,
    "dma100" : null,
    "dma200" : 1429.00,
    "volume" : 671055.00
  }, {
    "date" : "2025-04-15",
    "price" : 1376.90,
    "dma50" : 1449.35,
    "dma100" : null,
    "dma200" : 1428.48,
    "volume" : 1180990.00
  }, {
    "date" : "2025-04-16",
    "price" : 1356.80,
    "dma50" : 1445.72,
    "dma100" : null,
    "dma200" : 1427.77,
    "volume" : 666911.00
  }, {
    "date" : "2025-04-17",
    "price" : 1342.40,
    "dma50" : 1441.67,
    "dma100" : null,
    "dma200" : 1426.92,
    "volume" : 1083071.00
  }, {
    "date" : "2025-04-21",
    "price" : 1368.80,
    "dma50" : 1438.81,
    "dma100" : null,
    "dma200" : 1426.34,
    "volume" : 2291750.00
  }, {
    "date" : "2025-04-22",
    "price" : 1390.80,
    "dma50" : 1436.93,
    "dma100" : null,
    "dma200" : 1425.99,
    "volume" : 857384.00
  }, {
    "date" : "2025-04-23",
    "price" : 1412.50,
    "dma50" : 1435.97,
    "dma100" : null,
    "dma200" : 1425.85,
    "volume" : 1477515.00
  }, {
    "date" : "2025-04-24",
    "price" : 1420.90,
    "dma50" : 1435.38,
    "dma100" : null,
    "dma200" : 1425.80,
    "volume" : 1411092.00
  }, {
    "date" : "2025-04-25",
    "price" : 1360.70,
    "dma50" : 1432.45,
    "dma100" : null,
    "dma200" : 1425.16,
    "volume" : 681565.00
  }, {
    "date" : "2025-04-28",
    "price" : 1407.60,
    "dma50" : 1431.48,
    "dma100" : null,
    "dma200" : 1424.98,
    "volume" : 517043.00
  }, {
    "date" : "2025-04-29",
    "price" : 1384.40,
    "dma50" : 1429.63,
    "dma100" : null,
    "dma200" : 1424.58,
    "volume" : 320490.00
  }, {
    "date" : "2025-04-30",
    "price" : 1381.20,
    "dma50" : 1427.73,
    "dma100" : null,
    "dma200" : 1424.15,
    "volume" : 701702.00
  }, {
    "date" : "2025-05-02",
    "price" : 1375.00,
    "dma50" : 1425.67,
    "dma100" : null,
    "dma200" : 1423.66,
    "volume" : 748905.00
  }, {
    "date" : "2025-05-05",
    "price" : 1406.40,
    "dma50" : 1424.91,
    "dma100" : null,
    "dma200" : 1423.49,
    "volume" : 840904.00
  }, {
    "date" : "2025-05-06",
    "price" : 1405.90,
    "dma50" : 1424.16,
    "dma100" : null,
    "dma200" : 1423.31,
    "volume" : 1594235.00
  }, {
    "date" : "2025-05-07",
    "price" : 1435.10,
    "dma50" : 1424.59,
    "dma100" : null,
    "dma200" : 1423.43,
    "volume" : 623947.00
  }, {
    "date" : "2025-05-08",
    "price" : 1418.90,
    "dma50" : 1424.37,
    "dma100" : null,
    "dma200" : 1423.38,
    "volume" : 522246.00
  }, {
    "date" : "2025-05-09",
    "price" : 1398.20,
    "dma50" : 1423.34,
    "dma100" : null,
    "dma200" : 1423.13,
    "volume" : 487077.00
  }, {
    "date" : "2025-05-12",
    "price" : 1381.70,
    "dma50" : 1421.71,
    "dma100" : null,
    "dma200" : 1422.72,
    "volume" : 725744.00
  }, {
    "date" : "2025-05-13",
    "price" : 1417.40,
    "dma50" : 1421.54,
    "dma100" : null,
    "dma200" : 1422.67,
    "volume" : 769951.00
  }, {
    "date" : "2025-05-14",
    "price" : 1442.90,
    "dma50" : 1422.38,
    "dma100" : null,
    "dma200" : 1422.87,
    "volume" : 442315.00
  }, {
    "date" : "2025-05-15",
    "price" : 1447.00,
    "dma50" : 1423.34,
    "dma100" : null,
    "dma200" : 1423.11,
    "volume" : 417321.00
  }, {
    "date" : "2025-05-16",
    "price" : 1448.60,
    "dma50" : 1424.34,
    "dma100" : null,
    "dma200" : 1423.36,
    "volume" : 326842.00
  }, {
    "date" : "2025-05-19",
    "price" : 1438.50,
    "dma50" : 1424.89,
    "dma100" : null,
    "dma200" : 1423.51,
    "volume" : 486415.00
  }, {
    "date" : "2025-05-20",
    "price" : 1436.20,
    "dma50" : 1425.33,
    "dma100" : null,
    "dma200" : 1423.64,
    "volume" : 866008.00
  }, {
    "date" : "2025-05-21",
    "price" : 1440.10,
    "dma50" : 1425.91,
    "dma100" : 1449.00,
    "dma200" : 1423.80,
    "volume" : 410275.00
  }, {
    "date" : "2025-05-22",
    "price" : 1431.40,
    "dma50" : 1426.13,
    "dma100" : 1447.95,
    "dma200" : 1423.88,
    "volume" : 347372.00
  }, {
    "date" : "2025-05-23",
    "price" : 1420.20,
    "dma50" : 1425.90,
    "dma100" : 1446.74,
    "dma200" : 1423.84,
    "volume" : 494920.00
  }, {
    "date" : "2025-05-26",
    "price" : 1390.10,
    "dma50" : 1424.49,
    "dma100" : 1444.78,
    "dma200" : 1423.51,
    "volume" : 2182288.00
  }, {
    "date" : "2025-05-27",
    "price" : 1385.00,
    "dma50" : 1422.94,
    "dma100" : 1442.73,
    "dma200" : 1423.12,
    "volume" : 390443.00
  }, {
    "date" : "2025-05-28",
    "price" : 1380.00,
    "dma50" : 1421.26,
    "dma100" : 1440.44,
    "dma200" : 1422.69,
    "volume" : 846065.00
  }, {
    "date" : "2025-05-29",
    "price" : 1406.40,
    "dma50" : 1420.68,
    "dma100" : 1438.36,
    "dma200" : 1422.53,
    "volume" : 1601681.00
  }, {
    "date" : "2025-05-30",
    "price" : 1457.10,
    "dma50" : 1422.11,
    "dma100" : 1436.54,
    "dma200" : 1422.88,
    "volume" : 1362297.00
  }, {
    "date" : "2025-06-02",
    "price" : 1497.50,
    "dma50" : 1425.06,
    "dma100" : 1435.15,
    "dma200" : 1423.62,
    "volume" : 938231.00
  }, {
    "date" : "2025-06-03",
    "price" : 1514.00,
    "dma50" : 1428.55,
    "dma100" : 1434.06,
    "dma200" : 1424.52,
    "volume" : 2667294.00
  }, {
    "date" : "2025-06-04",
    "price" : 1512.80,
    "dma50" : 1431.85,
    "dma100" : 1432.76,
    "dma200" : 1425.40,
    "volume" : 1548661.00
  }, {
    "date" : "2025-06-05",
    "price" : 1584.80,
    "dma50" : 1437.85,
    "dma100" : 1432.33,
    "dma200" : 1426.98,
    "volume" : 2373849.00
  }, {
    "date" : "2025-06-06",
    "price" : 1590.20,
    "dma50" : 1443.83,
    "dma100" : 1432.30,
    "dma200" : 1428.61,
    "volume" : 971931.00
  }, {
    "date" : "2025-06-09",
    "price" : 1599.20,
    "dma50" : 1449.92,
    "dma100" : 1432.88,
    "dma200" : 1430.30,
    "volume" : 961467.00
  }, {
    "date" : "2025-06-10",
    "price" : 1615.60,
    "dma50" : 1456.42,
    "dma100" : 1434.06,
    "dma200" : 1432.15,
    "volume" : 750639.00
  }, {
    "date" : "2025-06-11",
    "price" : 1635.40,
    "dma50" : 1463.44,
    "dma100" : 1435.26,
    "dma200" : 1434.17,
    "volume" : 1022550.00
  }, {
    "date" : "2025-06-12",
    "price" : 1639.60,
    "dma50" : 1470.34,
    "dma100" : 1436.88,
    "dma200" : 1436.21,
    "volume" : 879570.00
  }, {
    "date" : "2025-06-13",
    "price" : 1669.90,
    "dma50" : 1478.17,
    "dma100" : 1438.96,
    "dma200" : 1438.54,
    "volume" : 954324.00
  }, {
    "date" : "2025-06-16",
    "price" : 1683.40,
    "dma50" : 1486.22,
    "dma100" : 1441.12,
    "dma200" : 1440.98,
    "volume" : 728000.00
  }, {
    "date" : "2025-06-17",
    "price" : 1653.20,
    "dma50" : 1492.77,
    "dma100" : 1442.61,
    "dma200" : 1443.09,
    "volume" : 1555780.00
  }, {
    "date" : "2025-06-18",
    "price" : 1660.40,
    "dma50" : 1499.34,
    "dma100" : 1444.22,
    "dma200" : 1445.25,
    "volume" : 998580.00
  }, {
    "date" : "2025-06-19",
    "price" : 1639.20,
    "dma50" : 1504.82,
    "dma100" : 1445.60,
    "dma200" : 1447.18,
    "volume" : 779549.00
  }, {
    "date" : "2025-06-20",
    "price" : 1636.70,
    "dma50" : 1510.00,
    "dma100" : 1446.86,
    "dma200" : 1449.07,
    "volume" : 1164363.00
  }, {
    "date" : "2025-06-23",
    "price" : 1684.80,
    "dma50" : 1516.85,
    "dma100" : 1449.21,
    "dma200" : 1451.41,
    "volume" : 1982349.00
  }, {
    "date" : "2025-06-24",
    "price" : 1683.10,
    "dma50" : 1523.37,
    "dma100" : 1452.03,
    "dma200" : 1453.72,
    "volume" : 1373441.00
  }, {
    "date" : "2025-06-25",
    "price" : 1717.10,
    "dma50" : 1530.97,
    "dma100" : 1455.21,
    "dma200" : 1456.34,
    "volume" : 1356231.00
  }, {
    "date" : "2025-06-26",
    "price" : 1732.00,
    "dma50" : 1538.85,
    "dma100" : 1458.00,
    "dma200" : 1459.08,
    "volume" : 834393.00
  }, {
    "date" : "2025-06-27",
    "price" : 1711.20,
    "dma50" : 1545.61,
    "dma100" : 1460.62,
    "dma200" : 1461.59,
    "volume" : 1149901.00
  }, {
    "date" : "2025-06-30",
    "price" : 1753.80,
    "dma50" : 1553.77,
    "dma100" : 1463.62,
    "dma200" : 1464.50,
    "volume" : 943373.00
  }, {
    "date" : "2025-07-01",
    "price" : 1754.30,
    "dma50" : 1561.64,
    "dma100" : 1466.80,
    "dma200" : 1467.38,
    "volume" : 454079.00
  }, {
    "date" : "2025-07-02",
    "price" : 1770.00,
    "dma50" : 1569.81,
    "dma100" : 1470.35,
    "dma200" : 1470.39,
    "volume" : 521323.00
  }, {
    "date" : "2025-07-03",
    "price" : 1783.50,
    "dma50" : 1578.19,
    "dma100" : 1473.67,
    "dma200" : 1473.51,
    "volume" : 453111.00
  }, {
    "date" : "2025-07-04",
    "price" : 1830.40,
    "dma50" : 1588.08,
    "dma100" : 1477.05,
    "dma200" : 1477.06,
    "volume" : 833713.00
  }, {
    "date" : "2025-07-07",
    "price" : 1860.10,
    "dma50" : 1598.75,
    "dma100" : 1480.65,
    "dma200" : 1480.87,
    "volume" : 1137675.00
  }, {
    "date" : "2025-07-08",
    "price" : 1830.50,
    "dma50" : 1607.84,
    "dma100" : 1483.55,
    "dma200" : 1484.35,
    "volume" : 1497185.00
  }, {
    "date" : "2025-07-09",
    "price" : 1818.80,
    "dma50" : 1616.11,
    "dma100" : 1486.63,
    "dma200" : 1487.68,
    "volume" : 1241173.00
  }, {
    "date" : "2025-07-10",
    "price" : 1904.00,
    "dma50" : 1627.40,
    "dma100" : 1491.14,
    "dma200" : 1491.82,
    "volume" : 3516851.00
  }, {
    "date" : "2025-07-11",
    "price" : 2181.10,
    "dma50" : 1649.11,
    "dma100" : 1498.89,
    "dma200" : 1498.68,
    "volume" : 16505242.00
  }, {
    "date" : "2025-07-14",
    "price" : 2219.20,
    "dma50" : 1671.47,
    "dma100" : 1506.97,
    "dma200" : 1505.85,
    "volume" : 3827949.00
  }, {
    "date" : "2025-07-15",
    "price" : 2226.10,
    "dma50" : 1693.22,
    "dma100" : 1516.00,
    "dma200" : 1513.01,
    "volume" : 1737810.00
  }, {
    "date" : "2025-07-16",
    "price" : 2204.80,
    "dma50" : 1713.28,
    "dma100" : 1524.31,
    "dma200" : 1519.90,
    "volume" : 1540138.00
  }, {
    "date" : "2025-07-17",
    "price" : 2226.70,
    "dma50" : 1733.42,
    "dma100" : 1532.78,
    "dma200" : 1526.93,
    "volume" : 3363199.00
  }, {
    "date" : "2025-07-18",
    "price" : 2225.50,
    "dma50" : 1752.71,
    "dma100" : 1541.34,
    "dma200" : 1533.88,
    "volume" : 1307360.00
  }, {
    "date" : "2025-07-21",
    "price" : 2184.80,
    "dma50" : 1769.66,
    "dma100" : 1549.70,
    "dma200" : 1540.36,
    "volume" : 1677668.00
  }, {
    "date" : "2025-07-22",
    "price" : 2157.90,
    "dma50" : 1784.88,
    "dma100" : 1558.27,
    "dma200" : 1546.50,
    "volume" : 1559612.00
  }, {
    "date" : "2025-07-23",
    "price" : 2138.80,
    "dma50" : 1798.76,
    "dma100" : 1566.41,
    "dma200" : 1552.40,
    "volume" : 1436259.00
  }, {
    "date" : "2025-07-24",
    "price" : 2144.20,
    "dma50" : 1812.31,
    "dma100" : 1574.69,
    "dma200" : 1558.28,
    "volume" : 764591.00
  }, {
    "date" : "2025-07-25",
    "price" : 2145.30,
    "dma50" : 1825.37,
    "dma100" : 1583.01,
    "dma200" : 1564.12,
    "volume" : 1125400.00
  }, {
    "date" : "2025-07-28",
    "price" : 2144.40,
    "dma50" : 1837.88,
    "dma100" : 1591.66,
    "dma200" : 1569.90,
    "volume" : 1286185.00
  }, {
    "date" : "2025-07-29",
    "price" : 2158.00,
    "dma50" : 1850.43,
    "dma100" : 1600.11,
    "dma200" : 1575.75,
    "volume" : 1090780.00
  }, {
    "date" : "2025-07-30",
    "price" : 2153.60,
    "dma50" : 1862.32,
    "dma100" : 1608.30,
    "dma200" : 1581.50,
    "volume" : 793948.00
  }, {
    "date" : "2025-07-31",
    "price" : 2134.10,
    "dma50" : 1872.98,
    "dma100" : 1615.76,
    "dma200" : 1587.00,
    "volume" : 1018268.00
  }, {
    "date" : "2025-08-01",
    "price" : 2067.80,
    "dma50" : 1880.62,
    "dma100" : 1622.47,
    "dma200" : 1591.78,
    "volume" : 1562141.00
  }, {
    "date" : "2025-08-04",
    "price" : 2074.90,
    "dma50" : 1888.24,
    "dma100" : 1629.18,
    "dma200" : 1596.59,
    "volume" : 712860.00
  }, {
    "date" : "2025-08-05",
    "price" : 2052.60,
    "dma50" : 1894.68,
    "dma100" : 1635.67,
    "dma200" : 1601.13,
    "volume" : 452633.00
  }, {
    "date" : "2025-08-06",
    "price" : 2025.60,
    "dma50" : 1899.82,
    "dma100" : 1641.93,
    "dma200" : 1605.35,
    "volume" : 932635.00
  }, {
    "date" : "2025-08-07",
    "price" : 2062.80,
    "dma50" : 1906.21,
    "dma100" : 1648.33,
    "dma200" : 1609.90,
    "volume" : 500070.00
  }, {
    "date" : "2025-08-08",
    "price" : 2019.60,
    "dma50" : 1910.66,
    "dma100" : 1654.48,
    "dma200" : 1613.98,
    "volume" : 306405.00
  }, {
    "date" : "2025-08-11",
    "price" : 2049.30,
    "dma50" : 1916.09,
    "dma100" : 1660.68,
    "dma200" : 1618.31,
    "volume" : 555734.00
  }, {
    "date" : "2025-08-12",
    "price" : 2058.20,
    "dma50" : 1921.67,
    "dma100" : 1666.69,
    "dma200" : 1622.69,
    "volume" : 399028.00
  }, {
    "date" : "2025-08-13",
    "price" : 2029.30,
    "dma50" : 1925.89,
    "dma100" : 1672.12,
    "dma200" : 1626.73,
    "volume" : 476336.00
  }, {
    "date" : "2025-08-14",
    "price" : 2044.60,
    "dma50" : 1930.54,
    "dma100" : 1677.78,
    "dma200" : 1630.89,
    "volume" : 1012964.00
  }, {
    "date" : "2025-08-18",
    "price" : 1973.90,
    "dma50" : 1932.24,
    "dma100" : 1682.37,
    "dma200" : 1634.30,
    "volume" : 1801335.00
  }, {
    "date" : "2025-08-19",
    "price" : 1945.80,
    "dma50" : 1932.77,
    "dma100" : 1686.90,
    "dma200" : 1637.40,
    "volume" : 1007645.00
  }, {
    "date" : "2025-08-20",
    "price" : 1924.00,
    "dma50" : 1932.43,
    "dma100" : 1691.33,
    "dma200" : 1640.26,
    "volume" : 1257067.00
  }, {
    "date" : "2025-08-21",
    "price" : 1940.90,
    "dma50" : 1932.76,
    "dma100" : 1696.12,
    "dma200" : 1643.25,
    "volume" : 902140.00
  }, {
    "date" : "2025-08-22",
    "price" : 1937.30,
    "dma50" : 1932.94,
    "dma100" : 1700.30,
    "dma200" : 1646.17,
    "volume" : 483446.00
  }, {
    "date" : "2025-08-25",
    "price" : 1956.10,
    "dma50" : 1933.85,
    "dma100" : 1704.45,
    "dma200" : 1649.26,
    "volume" : 538087.00
  }, {
    "date" : "2025-08-26",
    "price" : 1950.70,
    "dma50" : 1934.51,
    "dma100" : 1708.86,
    "dma200" : 1652.26,
    "volume" : 1154727.00
  }, {
    "date" : "2025-08-28",
    "price" : 1936.90,
    "dma50" : 1934.60,
    "dma100" : 1713.08,
    "dma200" : 1655.09,
    "volume" : 488803.00
  }, {
    "date" : "2025-08-29",
    "price" : 1923.90,
    "dma50" : 1934.18,
    "dma100" : 1716.87,
    "dma200" : 1657.76,
    "volume" : 249090.00
  }, {
    "date" : "2025-09-01",
    "price" : 1926.80,
    "dma50" : 1933.89,
    "dma100" : 1721.13,
    "dma200" : 1660.44,
    "volume" : 424478.00
  }, {
    "date" : "2025-09-02",
    "price" : 1918.80,
    "dma50" : 1933.30,
    "dma100" : 1725.90,
    "dma200" : 1663.01,
    "volume" : 270520.00
  }, {
    "date" : "2025-09-03",
    "price" : 2004.40,
    "dma50" : 1936.09,
    "dma100" : 1731.54,
    "dma200" : 1666.41,
    "volume" : 1414136.00
  }, {
    "date" : "2025-09-04",
    "price" : 1990.90,
    "dma50" : 1938.24,
    "dma100" : 1737.68,
    "dma200" : 1669.64,
    "volume" : 512638.00
  }, {
    "date" : "2025-09-05",
    "price" : 2051.90,
    "dma50" : 1942.70,
    "dma100" : 1744.42,
    "dma200" : 1673.44,
    "volume" : 995786.00
  }, {
    "date" : "2025-09-08",
    "price" : 2051.90,
    "dma50" : 1946.98,
    "dma100" : 1751.17,
    "dma200" : 1677.21,
    "volume" : 866362.00
  }, {
    "date" : "2025-09-09",
    "price" : 2116.30,
    "dma50" : 1953.62,
    "dma100" : 1758.77,
    "dma200" : 1681.58,
    "volume" : 1309632.00
  }, {
    "date" : "2025-09-10",
    "price" : 2130.90,
    "dma50" : 1960.57,
    "dma100" : 1766.65,
    "dma200" : 1686.05,
    "volume" : 808669.00
  }, {
    "date" : "2025-09-11",
    "price" : 2127.70,
    "dma50" : 1967.13,
    "dma100" : 1774.24,
    "dma200" : 1690.44,
    "volume" : 755984.00
  }, {
    "date" : "2025-09-12",
    "price" : 2132.50,
    "dma50" : 1973.61,
    "dma100" : 1781.66,
    "dma200" : 1694.84,
    "volume" : 623365.00
  }, {
    "date" : "2025-09-15",
    "price" : 2099.50,
    "dma50" : 1978.55,
    "dma100" : 1788.53,
    "dma200" : 1698.87,
    "volume" : 555335.00
  }, {
    "date" : "2025-09-16",
    "price" : 2077.00,
    "dma50" : 1982.41,
    "dma100" : 1795.09,
    "dma200" : 1702.63,
    "volume" : 588424.00
  }, {
    "date" : "2025-09-17",
    "price" : 2042.40,
    "dma50" : 1984.76,
    "dma100" : 1801.90,
    "dma200" : 1706.01,
    "volume" : 583663.00
  }, {
    "date" : "2025-09-18",
    "price" : 2108.40,
    "dma50" : 1989.61,
    "dma100" : 1808.91,
    "dma200" : 1710.01,
    "volume" : 1228488.00
  }, {
    "date" : "2025-09-19",
    "price" : 2085.20,
    "dma50" : 1993.36,
    "dma100" : 1815.92,
    "dma200" : 1713.75,
    "volume" : 696113.00
  }, {
    "date" : "2025-09-22",
    "price" : 2017.80,
    "dma50" : 1994.32,
    "dma100" : 1822.29,
    "dma200" : 1716.77,
    "volume" : 720833.00
  }, {
    "date" : "2025-09-23",
    "price" : 2016.80,
    "dma50" : 1995.20,
    "dma100" : 1828.70,
    "dma200" : 1719.76,
    "volume" : 424442.00
  }, {
    "date" : "2025-09-24",
    "price" : 2018.60,
    "dma50" : 1996.12,
    "dma100" : 1834.83,
    "dma200" : 1722.73,
    "volume" : 660599.00
  }, {
    "date" : "2025-09-25",
    "price" : 2030.70,
    "dma50" : 1997.47,
    "dma100" : 1841.07,
    "dma200" : 1725.80,
    "volume" : 1097368.00
  }, {
    "date" : "2025-09-26",
    "price" : 1971.70,
    "dma50" : 1996.46,
    "dma100" : 1846.44,
    "dma200" : 1728.24,
    "volume" : 958852.00
  }, {
    "date" : "2025-09-29",
    "price" : 1958.20,
    "dma50" : 1994.96,
    "dma100" : 1851.83,
    "dma200" : 1730.53,
    "volume" : 563257.00
  }, {
    "date" : "2025-09-30",
    "price" : 1952.70,
    "dma50" : 1993.30,
    "dma100" : 1857.38,
    "dma200" : 1732.74,
    "volume" : 312672.00
  }, {
    "date" : "2025-10-01",
    "price" : 1959.20,
    "dma50" : 1991.97,
    "dma100" : 1863.15,
    "dma200" : 1734.99,
    "volume" : 532976.00
  }, {
    "date" : "2025-10-03",
    "price" : 1980.20,
    "dma50" : 1991.50,
    "dma100" : 1868.78,
    "dma200" : 1737.43,
    "volume" : 427658.00
  }, {
    "date" : "2025-10-06",
    "price" : 1971.20,
    "dma50" : 1990.71,
    "dma100" : 1874.06,
    "dma200" : 1739.76,
    "volume" : 352230.00
  }, {
    "date" : "2025-10-07",
    "price" : 1962.60,
    "dma50" : 1989.61,
    "dma100" : 1879.22,
    "dma200" : 1741.98,
    "volume" : 356164.00
  }, {
    "date" : "2025-10-08",
    "price" : 1929.30,
    "dma50" : 1987.24,
    "dma100" : 1884.03,
    "dma200" : 1743.84,
    "volume" : 312859.00
  }, {
    "date" : "2025-10-09",
    "price" : 1935.60,
    "dma50" : 1985.22,
    "dma100" : 1889.00,
    "dma200" : 1745.75,
    "volume" : 634686.00
  }, {
    "date" : "2025-10-10",
    "price" : 1939.30,
    "dma50" : 1983.42,
    "dma100" : 1894.03,
    "dma200" : 1747.68,
    "volume" : 903374.00
  }, {
    "date" : "2025-10-13",
    "price" : 1909.60,
    "dma50" : 1980.52,
    "dma100" : 1898.72,
    "dma200" : 1749.29,
    "volume" : 883219.00
  }, {
    "date" : "2025-10-14",
    "price" : 1892.80,
    "dma50" : 1977.08,
    "dma100" : 1903.34,
    "dma200" : 1750.71,
    "volume" : 446257.00
  }, {
    "date" : "2025-10-15",
    "price" : 1894.20,
    "dma50" : 1973.83,
    "dma100" : 1908.08,
    "dma200" : 1752.14,
    "volume" : 666308.00
  }, {
    "date" : "2025-10-16",
    "price" : 1864.40,
    "dma50" : 1969.54,
    "dma100" : 1912.82,
    "dma200" : 1753.26,
    "volume" : 1342487.00
  }, {
    "date" : "2025-10-17",
    "price" : 1861.90,
    "dma50" : 1965.32,
    "dma100" : 1917.59,
    "dma200" : 1754.34,
    "volume" : 357968.00
  }, {
    "date" : "2025-10-20",
    "price" : 1852.80,
    "dma50" : 1960.91,
    "dma100" : 1922.32,
    "dma200" : 1755.32,
    "volume" : 191907.00
  }, {
    "date" : "2025-10-21",
    "price" : 1855.40,
    "dma50" : 1956.77,
    "dma100" : 1926.81,
    "dma200" : 1756.32,
    "volume" : 53498.00
  }, {
    "date" : "2025-10-23",
    "price" : 1850.60,
    "dma50" : 1952.60,
    "dma100" : 1930.74,
    "dma200" : 1757.25,
    "volume" : 681583.00
  }, {
    "date" : "2025-10-24",
    "price" : 1818.80,
    "dma50" : 1947.36,
    "dma100" : 1933.96,
    "dma200" : 1757.87,
    "volume" : 546568.00
  }, {
    "date" : "2025-10-27",
    "price" : 1812.70,
    "dma50" : 1942.08,
    "dma100" : 1936.94,
    "dma200" : 1758.41,
    "volume" : 1264432.00
  }, {
    "date" : "2025-10-28",
    "price" : 1815.10,
    "dma50" : 1937.10,
    "dma100" : 1939.97,
    "dma200" : 1758.98,
    "volume" : 348154.00
  }, {
    "date" : "2025-10-29",
    "price" : 1843.30,
    "dma50" : 1933.42,
    "dma100" : 1942.55,
    "dma200" : 1759.81,
    "volume" : 1259452.00
  }, {
    "date" : "2025-10-30",
    "price" : 1882.80,
    "dma50" : 1931.43,
    "dma100" : 1945.48,
    "dma200" : 1761.04,
    "volume" : 873587.00
  }, {
    "date" : "2025-10-31",
    "price" : 1891.20,
    "dma50" : 1929.86,
    "dma100" : 1948.40,
    "dma200" : 1762.33,
    "volume" : 416218.00
  }, {
    "date" : "2025-11-03",
    "price" : 1898.40,
    "dma50" : 1928.62,
    "dma100" : 1951.23,
    "dma200" : 1763.69,
    "volume" : 528196.00
  }, {
    "date" : "2025-11-04",
    "price" : 1845.10,
    "dma50" : 1925.35,
    "dma100" : 1953.32,
    "dma200" : 1764.50,
    "volume" : 715967.00
  }, {
    "date" : "2025-11-06",
    "price" : 1810.40,
    "dma50" : 1920.84,
    "dma100" : 1955.03,
    "dma200" : 1764.95,
    "volume" : 366002.00
  }, {
    "date" : "2025-11-07",
    "price" : 1811.50,
    "dma50" : 1916.55,
    "dma100" : 1956.45,
    "dma200" : 1765.42,
    "volume" : 563374.00
  }, {
    "date" : "2025-11-10",
    "price" : 1829.90,
    "dma50" : 1913.15,
    "dma100" : 1957.91,
    "dma200" : 1766.06,
    "volume" : 598137.00
  }, {
    "date" : "2025-11-11",
    "price" : 1817.30,
    "dma50" : 1909.39,
    "dma100" : 1959.55,
    "dma200" : 1766.57,
    "volume" : 394036.00
  }, {
    "date" : "2025-11-12",
    "price" : 1847.80,
    "dma50" : 1906.98,
    "dma100" : 1961.43,
    "dma200" : 1767.38,
    "volume" : 1832172.00
  }, {
    "date" : "2025-11-13",
    "price" : 1880.60,
    "dma50" : 1905.94,
    "dma100" : 1963.84,
    "dma200" : 1768.50,
    "volume" : 1751292.00
  }, {
    "date" : "2025-11-14",
    "price" : 1895.60,
    "dma50" : 1905.54,
    "dma100" : 1966.43,
    "dma200" : 1769.77,
    "volume" : 1848585.00
  }, {
    "date" : "2025-11-17",
    "price" : 1868.90,
    "dma50" : 1904.10,
    "dma100" : 1968.27,
    "dma200" : 1770.75,
    "volume" : 6291801.00
  }, {
    "date" : "2025-11-18",
    "price" : 1842.80,
    "dma50" : 1901.70,
    "dma100" : 1969.87,
    "dma200" : 1771.47,
    "volume" : 2152019.00
  }, {
    "date" : "2025-11-19",
    "price" : 1840.80,
    "dma50" : 1899.31,
    "dma100" : 1971.10,
    "dma200" : 1772.16,
    "volume" : 562830.00
  }, {
    "date" : "2025-11-20",
    "price" : 1878.00,
    "dma50" : 1898.47,
    "dma100" : 1972.56,
    "dma200" : 1773.21,
    "volume" : 1299036.00
  }, {
    "date" : "2025-11-21",
    "price" : 1844.20,
    "dma50" : 1896.35,
    "dma100" : 1973.89,
    "dma200" : 1773.92,
    "volume" : 973589.00
  }, {
    "date" : "2025-11-24",
    "price" : 1842.40,
    "dma50" : 1894.23,
    "dma100" : 1974.78,
    "dma200" : 1774.60,
    "volume" : 1463471.00
  }, {
    "date" : "2025-11-25",
    "price" : 1881.50,
    "dma50" : 1893.73,
    "dma100" : 1976.05,
    "dma200" : 1775.67,
    "volume" : 1038466.00
  }, {
    "date" : "2025-11-26",
    "price" : 1921.30,
    "dma50" : 1894.81,
    "dma100" : 1977.57,
    "dma200" : 1777.12,
    "volume" : 850804.00
  }, {
    "date" : "2025-11-27",
    "price" : 1944.00,
    "dma50" : 1896.74,
    "dma100" : 1979.17,
    "dma200" : 1778.78,
    "volume" : 1307302.00
  }, {
    "date" : "2025-11-28",
    "price" : 1946.20,
    "dma50" : 1898.68,
    "dma100" : 1980.33,
    "dma200" : 1780.44,
    "volume" : 700010.00
  }, {
    "date" : "2025-12-01",
    "price" : 1941.70,
    "dma50" : 1900.37,
    "dma100" : 1981.14,
    "dma200" : 1782.05,
    "volume" : 484190.00
  }, {
    "date" : "2025-12-02",
    "price" : 1978.60,
    "dma50" : 1903.44,
    "dma100" : 1982.63,
    "dma200" : 1784.00,
    "volume" : 1299292.00
  }, {
    "date" : "2025-12-03",
    "price" : 1965.90,
    "dma50" : 1905.89,
    "dma100" : 1984.10,
    "dma200" : 1785.81,
    "volume" : 1026790.00
  }, {
    "date" : "2025-12-04",
    "price" : 1973.80,
    "dma50" : 1908.55,
    "dma100" : 1984.79,
    "dma200" : 1787.68,
    "volume" : 437051.00
  }, {
    "date" : "2025-12-05",
    "price" : 1968.20,
    "dma50" : 1910.89,
    "dma100" : 1982.67,
    "dma200" : 1789.48,
    "volume" : 441089.00
  }, {
    "date" : "2025-12-08",
    "price" : 1921.90,
    "dma50" : 1911.32,
    "dma100" : 1979.69,
    "dma200" : 1790.80,
    "volume" : 841835.00
  }, {
    "date" : "2025-12-09",
    "price" : 1938.50,
    "dma50" : 1912.39,
    "dma100" : 1976.82,
    "dma200" : 1792.27,
    "volume" : 792119.00
  }, {
    "date" : "2025-12-10",
    "price" : 1950.80,
    "dma50" : 1913.89,
    "dma100" : 1974.28,
    "dma200" : 1793.84,
    "volume" : 495166.00
  }, {
    "date" : "2025-12-11",
    "price" : 1956.00,
    "dma50" : 1915.54,
    "dma100" : 1971.57,
    "dma200" : 1795.46,
    "volume" : 397058.00
  }, {
    "date" : "2025-12-12",
    "price" : 1975.00,
    "dma50" : 1917.87,
    "dma100" : 1969.06,
    "dma200" : 1797.24,
    "volume" : 373693.00
  }, {
    "date" : "2025-12-15",
    "price" : 1985.60,
    "dma50" : 1920.53,
    "dma100" : 1967.07,
    "dma200" : 1799.12,
    "volume" : 306183.00
  }, {
    "date" : "2025-12-16",
    "price" : 1966.50,
    "dma50" : 1922.33,
    "dma100" : 1965.16,
    "dma200" : 1800.78,
    "volume" : 512530.00
  }, {
    "date" : "2025-12-17",
    "price" : 1948.40,
    "dma50" : 1923.36,
    "dma100" : 1963.25,
    "dma200" : 1802.25,
    "volume" : 290956.00
  }, {
    "date" : "2025-12-18",
    "price" : 1957.10,
    "dma50" : 1924.68,
    "dma100" : 1961.38,
    "dma200" : 1803.79,
    "volume" : 365094.00
  }, {
    "date" : "2025-12-19",
    "price" : 1992.10,
    "dma50" : 1927.32,
    "dma100" : 1959.85,
    "dma200" : 1805.67,
    "volume" : 538253.00
  } ],
  "latestTechnicalAttributes" : {
    "date" : "2025-12-19",
    "price" : 1992.10,
    "dma50" : 1927.32,
    "dma100" : 1959.85,
    "dma200" : 1805.67,
    "volume" : 538253.00
  },
  "quarterlyResults" : [ {
    "date" : "2005-03-31",
    "sales" : 126.62,
    "salesGrowthYoY" : null,
    "grossProfitMargin" : 64.01,
    "grossProfit" : 81.05,
    "operatingProfitMargin" : 16.51,
    "operatingProfit" : 20.90,
    "netProfitMargin" : 9.98,
    "netProfit" : 12.64
  }, {
    "date" : "2005-06-30",
    "sales" : 113.41,
    "salesGrowthYoY" : null,
    "grossProfitMargin" : 61.29,
    "grossProfit" : 69.51,
    "operatingProfitMargin" : 13.07,
    "operatingProfit" : 14.82,
    "netProfitMargin" : 9.78,
    "netProfit" : 11.09
  }, {
    "date" : "2005-09-30",
    "sales" : 125.60,
    "salesGrowthYoY" : null,
    "grossProfitMargin" : 70.25,
    "grossProfit" : 88.23,
    "operatingProfitMargin" : 19.22,
    "operatingProfit" : 24.14,
    "netProfitMargin" : 11.03,
    "netProfit" : 13.85
  }, {
    "date" : "2005-12-31",
    "sales" : 162.55,
    "salesGrowthYoY" : null,
    "grossProfitMargin" : 63.03,
    "grossProfit" : 102.46,
    "operatingProfitMargin" : 18.70,
    "operatingProfit" : 30.40,
    "netProfitMargin" : 10.64,
    "netProfit" : 17.30
  }, {
    "date" : "2006-03-31",
    "sales" : 159.01,
    "salesGrowthYoY" : 25.58,
    "grossProfitMargin" : 63.49,
    "grossProfit" : 100.96,
    "operatingProfitMargin" : 21.34,
    "operatingProfit" : 33.93,
    "netProfitMargin" : 15.77,
    "netProfit" : 25.08
  }, {
    "date" : "2006-06-30",
    "sales" : 129.63,
    "salesGrowthYoY" : 14.30,
    "grossProfitMargin" : 67.18,
    "grossProfit" : 87.09,
    "operatingProfitMargin" : 15.00,
    "operatingProfit" : 19.44,
    "netProfitMargin" : 7.73,
    "netProfit" : 10.02
  }, {
    "date" : "2006-09-30",
    "sales" : 196.35,
    "salesGrowthYoY" : 56.33,
    "grossProfitMargin" : 65.97,
    "grossProfit" : 129.53,
    "operatingProfitMargin" : 23.98,
    "operatingProfit" : 47.08,
    "netProfitMargin" : 16.32,
    "netProfit" : 32.04
  }, {
    "date" : "2006-12-31",
    "sales" : 201.87,
    "salesGrowthYoY" : 24.19,
    "grossProfitMargin" : 67.22,
    "grossProfit" : 135.70,
    "operatingProfitMargin" : 25.61,
    "operatingProfit" : 51.70,
    "netProfitMargin" : 14.95,
    "netProfit" : 30.18
  }, {
    "date" : "2007-03-31",
    "sales" : 274.79,
    "salesGrowthYoY" : 72.81,
    "grossProfitMargin" : 71.72,
    "grossProfit" : 197.08,
    "operatingProfitMargin" : 33.02,
    "operatingProfit" : 90.74,
    "netProfitMargin" : 22.77,
    "netProfit" : 62.57
  }, {
    "date" : "2007-06-30",
    "sales" : 262.95,
    "salesGrowthYoY" : 102.85,
    "grossProfitMargin" : 69.94,
    "grossProfit" : 183.91,
    "operatingProfitMargin" : 28.34,
    "operatingProfit" : 74.52,
    "netProfitMargin" : 18.48,
    "netProfit" : 48.59
  }, {
    "date" : "2007-09-30",
    "sales" : 279.27,
    "salesGrowthYoY" : 42.23,
    "grossProfitMargin" : 71.95,
    "grossProfit" : 200.93,
    "operatingProfitMargin" : 34.66,
    "operatingProfit" : 96.79,
    "netProfitMargin" : 22.87,
    "netProfit" : 63.87
  }, {
    "date" : "2007-12-31",
    "sales" : 433.58,
    "salesGrowthYoY" : 114.78,
    "grossProfitMargin" : 70.64,
    "grossProfit" : 306.28,
    "operatingProfitMargin" : 44.96,
    "operatingProfit" : 194.94,
    "netProfitMargin" : 33.77,
    "netProfit" : 146.42
  }, {
    "date" : "2008-03-31",
    "sales" : 398.43,
    "salesGrowthYoY" : 44.99,
    "grossProfitMargin" : 61.35,
    "grossProfit" : 244.44,
    "operatingProfitMargin" : 29.36,
    "operatingProfit" : 116.98,
    "netProfitMargin" : 31.27,
    "netProfit" : 124.59
  }, {
    "date" : "2008-06-30",
    "sales" : 194.15,
    "salesGrowthYoY" : -26.16,
    "grossProfitMargin" : 75.73,
    "grossProfit" : 147.03,
    "operatingProfitMargin" : 24.41,
    "operatingProfit" : 47.39,
    "netProfitMargin" : 29.41,
    "netProfit" : 57.10
  }, {
    "date" : "2008-09-30",
    "sales" : 226.02,
    "salesGrowthYoY" : -19.07,
    "grossProfitMargin" : 78.26,
    "grossProfit" : 176.88,
    "operatingProfitMargin" : 33.66,
    "operatingProfit" : 76.08,
    "netProfitMargin" : 29.59,
    "netProfit" : 66.88
  }, {
    "date" : "2008-12-31",
    "sales" : 244.55,
    "salesGrowthYoY" : -43.60,
    "grossProfitMargin" : 76.43,
    "grossProfit" : 186.91,
    "operatingProfitMargin" : 32.51,
    "operatingProfit" : 79.50,
    "netProfitMargin" : 15.10,
    "netProfit" : 36.93
  }, {
    "date" : "2009-03-31",
    "sales" : 191.38,
    "salesGrowthYoY" : -51.97,
    "grossProfitMargin" : 62.09,
    "grossProfit" : 118.83,
    "operatingProfitMargin" : 9.91,
    "operatingProfit" : 18.97,
    "netProfitMargin" : 29.93,
    "netProfit" : 57.28
  }, {
    "date" : "2009-06-30",
    "sales" : 220.10,
    "salesGrowthYoY" : 13.37,
    "grossProfitMargin" : 72.95,
    "grossProfit" : 160.56,
    "operatingProfitMargin" : 2.91,
    "operatingProfit" : 6.40,
    "netProfitMargin" : 2.37,
    "netProfit" : 5.22
  }, {
    "date" : "2009-09-30",
    "sales" : 236.09,
    "salesGrowthYoY" : 4.46,
    "grossProfitMargin" : 71.16,
    "grossProfit" : 168.00,
    "operatingProfitMargin" : 26.60,
    "operatingProfit" : 62.80,
    "netProfitMargin" : 24.36,
    "netProfit" : 57.51
  }, {
    "date" : "2009-12-31",
    "sales" : 277.15,
    "salesGrowthYoY" : 13.33,
    "grossProfitMargin" : 72.24,
    "grossProfit" : 200.21,
    "operatingProfitMargin" : 19.87,
    "operatingProfit" : 55.07,
    "netProfitMargin" : 13.53,
    "netProfit" : 37.50
  }, {
    "date" : "2010-03-31",
    "sales" : 289.44,
    "salesGrowthYoY" : 51.24,
    "grossProfitMargin" : 71.73,
    "grossProfit" : 207.62,
    "operatingProfitMargin" : 13.77,
    "operatingProfit" : 39.86,
    "netProfitMargin" : 9.76,
    "netProfit" : 28.25
  }, {
    "date" : "2010-06-30",
    "sales" : 247.76,
    "salesGrowthYoY" : 12.57,
    "grossProfitMargin" : 65.39,
    "grossProfit" : 162.01,
    "operatingProfitMargin" : 22.84,
    "operatingProfit" : 56.59,
    "netProfitMargin" : 24.54,
    "netProfit" : 60.80
  }, {
    "date" : "2010-09-30",
    "sales" : 284.47,
    "salesGrowthYoY" : 20.49,
    "grossProfitMargin" : 74.56,
    "grossProfit" : 212.10,
    "operatingProfitMargin" : 23.58,
    "operatingProfit" : 67.08,
    "netProfitMargin" : 9.68,
    "netProfit" : 27.54
  }, {
    "date" : "2010-12-31",
    "sales" : 308.09,
    "salesGrowthYoY" : 11.16,
    "grossProfitMargin" : 68.49,
    "grossProfit" : 211.01,
    "operatingProfitMargin" : 24.73,
    "operatingProfit" : 76.19,
    "netProfitMargin" : 18.81,
    "netProfit" : 57.95
  }, {
    "date" : "2011-03-31",
    "sales" : 322.62,
    "salesGrowthYoY" : 11.46,
    "grossProfitMargin" : 73.21,
    "grossProfit" : 236.19,
    "operatingProfitMargin" : 26.63,
    "operatingProfit" : 85.91,
    "netProfitMargin" : 20.42,
    "netProfit" : 65.88
  }, {
    "date" : "2011-06-30",
    "sales" : 327.09,
    "salesGrowthYoY" : 32.02,
    "grossProfitMargin" : 74.22,
    "grossProfit" : 242.77,
    "operatingProfitMargin" : 32.31,
    "operatingProfit" : 105.68,
    "netProfitMargin" : 22.16,
    "netProfit" : 72.48
  }, {
    "date" : "2011-09-30",
    "sales" : 382.72,
    "salesGrowthYoY" : 34.54,
    "grossProfitMargin" : 70.39,
    "grossProfit" : 269.40,
    "operatingProfitMargin" : 10.44,
    "operatingProfit" : 39.96,
    "netProfitMargin" : 8.22,
    "netProfit" : 31.46
  }, {
    "date" : "2011-12-31",
    "sales" : 399.22,
    "salesGrowthYoY" : 29.58,
    "grossProfitMargin" : 71.25,
    "grossProfit" : 284.44,
    "operatingProfitMargin" : 4.99,
    "operatingProfit" : 19.92,
    "netProfitMargin" : 3.29,
    "netProfit" : 13.13
  }, {
    "date" : "2012-03-31",
    "sales" : 455.64,
    "salesGrowthYoY" : 41.23,
    "grossProfitMargin" : 74.25,
    "grossProfit" : 338.31,
    "operatingProfitMargin" : 31.92,
    "operatingProfit" : 145.44,
    "netProfitMargin" : 32.53,
    "netProfit" : 148.22
  }, {
    "date" : "2012-06-30",
    "sales" : 392.49,
    "salesGrowthYoY" : 19.99,
    "grossProfitMargin" : 69.35,
    "grossProfit" : 272.19,
    "operatingProfitMargin" : 16.72,
    "operatingProfit" : 65.62,
    "netProfitMargin" : 13.97,
    "netProfit" : 54.83
  }, {
    "date" : "2012-09-30",
    "sales" : 529.06,
    "salesGrowthYoY" : 38.24,
    "grossProfitMargin" : 73.80,
    "grossProfit" : 390.45,
    "operatingProfitMargin" : 18.71,
    "operatingProfit" : 98.99,
    "netProfitMargin" : 25.96,
    "netProfit" : 137.34
  }, {
    "date" : "2012-12-31",
    "sales" : 542.54,
    "salesGrowthYoY" : 35.90,
    "grossProfitMargin" : 71.57,
    "grossProfit" : 388.30,
    "operatingProfitMargin" : 20.21,
    "operatingProfit" : 109.65,
    "netProfitMargin" : 20.10,
    "netProfit" : 109.05
  }, {
    "date" : "2013-03-31",
    "sales" : 485.22,
    "salesGrowthYoY" : 6.49,
    "grossProfitMargin" : 71.15,
    "grossProfit" : 345.23,
    "operatingProfitMargin" : 11.98,
    "operatingProfit" : 58.13,
    "netProfitMargin" : 17.50,
    "netProfit" : 84.91
  }, {
    "date" : "2013-06-30",
    "sales" : 509.44,
    "salesGrowthYoY" : 29.80,
    "grossProfitMargin" : 72.49,
    "grossProfit" : 369.29,
    "operatingProfitMargin" : 25.80,
    "operatingProfit" : 131.44,
    "netProfitMargin" : 23.12,
    "netProfit" : 117.78
  }, {
    "date" : "2013-09-30",
    "sales" : 585.38,
    "salesGrowthYoY" : 10.65,
    "grossProfitMargin" : 74.83,
    "grossProfit" : 438.04,
    "operatingProfitMargin" : 19.19,
    "operatingProfit" : 112.33,
    "netProfitMargin" : 18.10,
    "netProfit" : 105.95
  }, {
    "date" : "2013-12-31",
    "sales" : 531.93,
    "salesGrowthYoY" : -1.96,
    "grossProfitMargin" : 72.37,
    "grossProfit" : 384.96,
    "operatingProfitMargin" : 14.34,
    "operatingProfit" : 76.28,
    "netProfitMargin" : 10.98,
    "netProfit" : 58.41
  }, {
    "date" : "2014-03-31",
    "sales" : 674.17,
    "salesGrowthYoY" : 38.94,
    "grossProfitMargin" : 72.08,
    "grossProfit" : 485.94,
    "operatingProfitMargin" : 26.10,
    "operatingProfit" : 175.96,
    "netProfitMargin" : 22.50,
    "netProfit" : 151.69
  }, {
    "date" : "2014-06-30",
    "sales" : 616.46,
    "salesGrowthYoY" : 21.01,
    "grossProfitMargin" : 73.46,
    "grossProfit" : 452.85,
    "operatingProfitMargin" : 19.82,
    "operatingProfit" : 122.18,
    "netProfitMargin" : 16.86,
    "netProfit" : 103.94
  }, {
    "date" : "2014-09-30",
    "sales" : 693.15,
    "salesGrowthYoY" : 18.41,
    "grossProfitMargin" : 73.60,
    "grossProfit" : 510.16,
    "operatingProfitMargin" : 18.31,
    "operatingProfit" : 126.92,
    "netProfitMargin" : 16.80,
    "netProfit" : 116.45
  }, {
    "date" : "2014-12-31",
    "sales" : 657.27,
    "salesGrowthYoY" : 23.56,
    "grossProfitMargin" : 71.55,
    "grossProfit" : 470.28,
    "operatingProfitMargin" : 19.97,
    "operatingProfit" : 131.26,
    "netProfitMargin" : 17.76,
    "netProfit" : 116.73
  }, {
    "date" : "2015-03-31",
    "sales" : 3118.72,
    "salesGrowthYoY" : 362.60,
    "grossProfitMargin" : 63.62,
    "grossProfit" : 1984.13,
    "operatingProfitMargin" : 34.78,
    "operatingProfit" : 1084.69,
    "netProfitMargin" : 25.75,
    "netProfit" : 803.07
  }, {
    "date" : "2015-06-30",
    "sales" : 1247.81,
    "salesGrowthYoY" : 102.42,
    "grossProfitMargin" : 69.14,
    "grossProfit" : 862.74,
    "operatingProfitMargin" : 34.38,
    "operatingProfit" : 429.00,
    "netProfitMargin" : 27.13,
    "netProfit" : 338.53
  }, {
    "date" : "2015-09-30",
    "sales" : 1600.31,
    "salesGrowthYoY" : 130.87,
    "grossProfitMargin" : 71.20,
    "grossProfit" : 1139.42,
    "operatingProfitMargin" : 29.42,
    "operatingProfit" : 470.81,
    "netProfitMargin" : 23.26,
    "netProfit" : 372.23
  }, {
    "date" : "2015-12-31",
    "sales" : 1416.27,
    "salesGrowthYoY" : 115.48,
    "grossProfitMargin" : 67.52,
    "grossProfit" : 956.27,
    "operatingProfitMargin" : 24.73,
    "operatingProfit" : 350.24,
    "netProfitMargin" : 18.58,
    "netProfit" : 263.14
  }, {
    "date" : "2016-03-31",
    "sales" : 1931.18,
    "salesGrowthYoY" : -38.08,
    "grossProfitMargin" : 67.23,
    "grossProfit" : 1298.33,
    "operatingProfitMargin" : 26.68,
    "operatingProfit" : 515.24,
    "netProfitMargin" : 26.50,
    "netProfit" : 511.76
  }, {
    "date" : "2016-06-30",
    "sales" : 1667.20,
    "salesGrowthYoY" : 33.61,
    "grossProfitMargin" : 68.23,
    "grossProfit" : 1137.53,
    "operatingProfitMargin" : 36.04,
    "operatingProfit" : 600.86,
    "netProfitMargin" : 31.12,
    "netProfit" : 518.83
  }, {
    "date" : "2016-09-30",
    "sales" : 2171.44,
    "salesGrowthYoY" : 35.69,
    "grossProfitMargin" : 69.75,
    "grossProfit" : 1514.58,
    "operatingProfitMargin" : 35.98,
    "operatingProfit" : 781.28,
    "netProfitMargin" : 25.60,
    "netProfit" : 555.89
  }, {
    "date" : "2016-12-31",
    "sales" : 2191.78,
    "salesGrowthYoY" : 54.76,
    "grossProfitMargin" : 71.03,
    "grossProfit" : 1556.82,
    "operatingProfitMargin" : 38.53,
    "operatingProfit" : 844.49,
    "netProfitMargin" : 32.45,
    "netProfit" : 711.23
  }, {
    "date" : "2017-03-31",
    "sales" : 2065.09,
    "salesGrowthYoY" : 6.93,
    "grossProfitMargin" : 70.75,
    "grossProfit" : 1461.05,
    "operatingProfitMargin" : 32.55,
    "operatingProfit" : 672.19,
    "netProfitMargin" : 23.31,
    "netProfit" : 481.37
  }, {
    "date" : "2017-06-30",
    "sales" : 1547.78,
    "salesGrowthYoY" : -7.16,
    "grossProfitMargin" : 63.92,
    "grossProfit" : 989.34,
    "operatingProfitMargin" : 22.80,
    "operatingProfit" : 352.89,
    "netProfitMargin" : 17.50,
    "netProfit" : 270.86
  }, {
    "date" : "2017-09-30",
    "sales" : 1427.21,
    "salesGrowthYoY" : -34.27,
    "grossProfitMargin" : 62.74,
    "grossProfit" : 895.43,
    "operatingProfitMargin" : 22.45,
    "operatingProfit" : 320.41,
    "netProfitMargin" : 22.97,
    "netProfit" : 327.83
  }, {
    "date" : "2017-12-31",
    "sales" : 1330.12,
    "salesGrowthYoY" : -39.31,
    "grossProfitMargin" : 62.39,
    "grossProfit" : 829.86,
    "operatingProfitMargin" : 15.81,
    "operatingProfit" : 210.29,
    "netProfitMargin" : 14.59,
    "netProfit" : 194.06
  }, {
    "date" : "2018-03-31",
    "sales" : 1446.16,
    "salesGrowthYoY" : -29.97,
    "grossProfitMargin" : 62.13,
    "grossProfit" : 898.50,
    "operatingProfitMargin" : 19.40,
    "operatingProfit" : 280.56,
    "netProfitMargin" : 15.32,
    "netProfit" : 221.55
  }, {
    "date" : "2018-06-30",
    "sales" : 1405.84,
    "salesGrowthYoY" : -9.17,
    "grossProfitMargin" : 62.50,
    "grossProfit" : 878.65,
    "operatingProfitMargin" : 22.59,
    "operatingProfit" : 317.58,
    "netProfitMargin" : 28.27,
    "netProfit" : 397.43
  }, {
    "date" : "2018-09-30",
    "sales" : 1679.71,
    "salesGrowthYoY" : 17.69,
    "grossProfitMargin" : 65.03,
    "grossProfit" : 1092.32,
    "operatingProfitMargin" : 23.33,
    "operatingProfit" : 391.88,
    "netProfitMargin" : 28.45,
    "netProfit" : 477.88
  }, {
    "date" : "2018-12-31",
    "sales" : 1632.04,
    "salesGrowthYoY" : 22.70,
    "grossProfitMargin" : 61.71,
    "grossProfit" : 1007.13,
    "operatingProfitMargin" : 21.41,
    "operatingProfit" : 349.42,
    "netProfitMargin" : 12.00,
    "netProfit" : 195.84
  }, {
    "date" : "2019-03-31",
    "sales" : 1587.28,
    "salesGrowthYoY" : 9.76,
    "grossProfitMargin" : 60.97,
    "grossProfit" : 967.76,
    "operatingProfitMargin" : 16.93,
    "operatingProfit" : 268.73,
    "netProfitMargin" : 17.72,
    "netProfit" : 281.27
  }, {
    "date" : "2019-06-30",
    "sales" : 1498.79,
    "salesGrowthYoY" : 6.61,
    "grossProfitMargin" : 59.52,
    "grossProfit" : 892.08,
    "operatingProfitMargin" : 20.59,
    "operatingProfit" : 308.60,
    "netProfitMargin" : 15.20,
    "netProfit" : 227.82
  }, {
    "date" : "2019-09-30",
    "sales" : 1789.82,
    "salesGrowthYoY" : 6.56,
    "grossProfitMargin" : 62.00,
    "grossProfit" : 1109.69,
    "operatingProfitMargin" : 21.26,
    "operatingProfit" : 380.52,
    "netProfitMargin" : 24.14,
    "netProfit" : 432.06
  }, {
    "date" : "2019-12-31",
    "sales" : 1816.29,
    "salesGrowthYoY" : 11.29,
    "grossProfitMargin" : 61.79,
    "grossProfit" : 1122.29,
    "operatingProfitMargin" : 22.77,
    "operatingProfit" : 413.57,
    "netProfitMargin" : 19.02,
    "netProfit" : 345.46
  }, {
    "date" : "2020-03-31",
    "sales" : 1607.74,
    "salesGrowthYoY" : 1.29,
    "grossProfitMargin" : 57.38,
    "grossProfit" : 922.52,
    "operatingProfitMargin" : 12.53,
    "operatingProfit" : 201.45,
    "netProfitMargin" : 20.77,
    "netProfit" : 333.93
  }, {
    "date" : "2020-06-30",
    "sales" : 1682.93,
    "salesGrowthYoY" : 12.29,
    "grossProfitMargin" : 61.24,
    "grossProfit" : 1030.63,
    "operatingProfitMargin" : 30.23,
    "operatingProfit" : 508.75,
    "netProfitMargin" : 26.14,
    "netProfit" : 439.92
  }, {
    "date" : "2020-09-30",
    "sales" : 2062.16,
    "salesGrowthYoY" : 15.22,
    "grossProfitMargin" : 60.22,
    "grossProfit" : 1241.83,
    "operatingProfitMargin" : 24.02,
    "operatingProfit" : 495.33,
    "netProfitMargin" : 19.54,
    "netProfit" : 402.95
  }, {
    "date" : "2020-12-31",
    "sales" : 1972.48,
    "salesGrowthYoY" : 8.60,
    "grossProfitMargin" : 61.45,
    "grossProfit" : 1212.09,
    "operatingProfitMargin" : 26.88,
    "operatingProfit" : 530.20,
    "netProfitMargin" : 20.50,
    "netProfit" : 404.36
  }, {
    "date" : "2021-03-31",
    "sales" : 1850.37,
    "salesGrowthYoY" : 15.09,
    "grossProfitMargin" : 58.58,
    "grossProfit" : 1083.95,
    "operatingProfitMargin" : 19.24,
    "operatingProfit" : 356.01,
    "netProfitMargin" : 18.47,
    "netProfit" : 341.76
  }, {
    "date" : "2021-06-30",
    "sales" : 2142.12,
    "salesGrowthYoY" : 27.29,
    "grossProfitMargin" : 53.77,
    "grossProfit" : 1151.82,
    "operatingProfitMargin" : 25.99,
    "operatingProfit" : 556.74,
    "netProfitMargin" : 22.85,
    "netProfit" : 489.47
  }, {
    "date" : "2021-09-30",
    "sales" : 2180.86,
    "salesGrowthYoY" : 5.76,
    "grossProfitMargin" : 57.45,
    "grossProfit" : 1252.90,
    "operatingProfitMargin" : 21.07,
    "operatingProfit" : 459.51,
    "netProfitMargin" : 17.67,
    "netProfit" : 385.36
  }, {
    "date" : "2021-12-31",
    "sales" : 2033.06,
    "salesGrowthYoY" : 3.07,
    "grossProfitMargin" : 61.97,
    "grossProfit" : 1259.89,
    "operatingProfitMargin" : 25.11,
    "operatingProfit" : 510.50,
    "netProfitMargin" : 26.98,
    "netProfit" : 548.52
  }, {
    "date" : "2022-03-31",
    "sales" : 1785.55,
    "salesGrowthYoY" : -3.50,
    "grossProfitMargin" : 57.04,
    "grossProfit" : 1018.48,
    "operatingProfitMargin" : 9.05,
    "operatingProfit" : 161.59,
    "netProfitMargin" : 11.51,
    "netProfit" : 205.52
  }, {
    "date" : "2022-06-30",
    "sales" : 1911.93,
    "salesGrowthYoY" : -10.75,
    "grossProfitMargin" : 59.16,
    "grossProfit" : 1131.10,
    "operatingProfitMargin" : 22.69,
    "operatingProfit" : 433.82,
    "netProfitMargin" : 25.76,
    "netProfit" : 492.51
  }, {
    "date" : "2022-09-30",
    "sales" : 2208.21,
    "salesGrowthYoY" : 1.25,
    "grossProfitMargin" : 59.22,
    "grossProfit" : 1307.70,
    "operatingProfitMargin" : 17.32,
    "operatingProfit" : 382.46,
    "netProfitMargin" : 19.16,
    "netProfit" : 423.09
  }, {
    "date" : "2022-12-31",
    "sales" : 2161.47,
    "salesGrowthYoY" : 6.32,
    "grossProfitMargin" : 60.32,
    "grossProfit" : 1303.80,
    "operatingProfitMargin" : 20.30,
    "operatingProfit" : 438.78,
    "netProfitMargin" : 14.42,
    "netProfit" : 311.68
  }, {
    "date" : "2023-03-31",
    "sales" : 1939.05,
    "salesGrowthYoY" : 8.60,
    "grossProfitMargin" : 55.82,
    "grossProfit" : 1082.38,
    "operatingProfitMargin" : 11.23,
    "operatingProfit" : 217.76,
    "netProfitMargin" : 22.50,
    "netProfit" : 436.29
  }, {
    "date" : "2023-06-30",
    "sales" : 2144.38,
    "salesGrowthYoY" : 12.16,
    "grossProfitMargin" : 60.09,
    "grossProfit" : 1288.56,
    "operatingProfitMargin" : 22.62,
    "operatingProfit" : 485.06,
    "netProfitMargin" : 13.69,
    "netProfit" : 293.57
  }, {
    "date" : "2023-09-30",
    "sales" : 2233.41,
    "salesGrowthYoY" : 1.14,
    "grossProfitMargin" : 59.96,
    "grossProfit" : 1339.15,
    "operatingProfitMargin" : 19.86,
    "operatingProfit" : 443.56,
    "netProfitMargin" : 14.22,
    "netProfit" : 317.59
  }, {
    "date" : "2023-12-31",
    "sales" : 1365.09,
    "salesGrowthYoY" : -36.84,
    "grossProfitMargin" : 49.09,
    "grossProfit" : 670.12,
    "operatingProfitMargin" : -13.50,
    "operatingProfit" : -184.29,
    "netProfitMargin" : 0.36,
    "netProfit" : 4.91
  }, {
    "date" : "2024-03-31",
    "sales" : 2148.22,
    "salesGrowthYoY" : 10.79,
    "grossProfitMargin" : 64.39,
    "grossProfit" : 1383.24,
    "operatingProfitMargin" : 23.16,
    "operatingProfit" : 497.53,
    "netProfitMargin" : 39.17,
    "netProfit" : 841.46
  }, {
    "date" : "2024-06-30",
    "sales" : 2329.54,
    "salesGrowthYoY" : 8.63,
    "grossProfitMargin" : 65.92,
    "grossProfit" : 1535.63,
    "operatingProfitMargin" : 27.09,
    "operatingProfit" : 631.07,
    "netProfitMargin" : 19.48,
    "netProfit" : 453.79
  }, {
    "date" : "2024-09-30",
    "sales" : 2636.10,
    "salesGrowthYoY" : 18.03,
    "grossProfitMargin" : 68.36,
    "grossProfit" : 1802.04,
    "operatingProfitMargin" : 29.54,
    "operatingProfit" : 778.70,
    "netProfitMargin" : 22.57,
    "netProfit" : 594.97
  }, {
    "date" : "2024-12-31",
    "sales" : 2251.28,
    "salesGrowthYoY" : 64.92,
    "grossProfitMargin" : 65.14,
    "grossProfit" : 1466.48,
    "operatingProfitMargin" : 21.94,
    "operatingProfit" : 493.93,
    "netProfitMargin" : 18.38,
    "netProfit" : 413.79
  }, {
    "date" : "2025-03-31",
    "sales" : 2009.50,
    "salesGrowthYoY" : -6.46,
    "grossProfitMargin" : 60.88,
    "grossProfit" : 1223.38,
    "operatingProfitMargin" : 16.95,
    "operatingProfit" : 340.61,
    "netProfitMargin" : 13.36,
    "netProfit" : 268.47
  }, {
    "date" : "2025-06-30",
    "sales" : 2394.93,
    "salesGrowthYoY" : 2.81,
    "grossProfitMargin" : 70.01,
    "grossProfit" : 1676.69,
    "operatingProfitMargin" : 30.40,
    "operatingProfit" : 728.06,
    "netProfitMargin" : 24.90,
    "netProfit" : 596.34
  }, {
    "date" : "2025-09-30",
    "sales" : 1538.66,
    "salesGrowthYoY" : -41.63,
    "grossProfitMargin" : 57.35,
    "grossProfit" : 882.42,
    "operatingProfitMargin" : -11.57,
    "operatingProfit" : -178.02,
    "netProfitMargin" : 12.52,
    "netProfit" : 192.64
  } ],
  "latestQuarterlyResult" : {
    "date" : "2025-09-30",
    "sales" : 1538.66,
    "salesGrowthYoY" : -41.63,
    "grossProfitMargin" : 57.35,
    "grossProfit" : 882.42,
    "operatingProfitMargin" : -11.57,
    "operatingProfit" : -178.02,
    "netProfitMargin" : 12.52,
    "netProfit" : 192.64
  },
  "companyScore" : {
    "priceHigherThanDma50" : 5.00,
    "priceHigherThanDma100" : 5.00,
    "priceHigherThanDma200" : 5.00,
    "dma50HigherThanDma100" : 0.00,
    "dma50HigherThanDma200" : 5.00,
    "dma100HigherThanDma200" : 5.00,
    "pricePercentageAboveDma50" : 4.83,
    "pricePercentageAboveDma100" : 4.92,
    "pricePercentageAboveDma200" : 4.48,
    "weeklyVolumeHigherThanYearlyVolume" : 0.00,
    "salesGrowthPercentile" : 0.76,
    "operatingProfitMarginPercentile" : 0.66,
    "netProfitMarginPercentile" : 3.13,
    "totalTechnicalScore" : 39.23,
    "totalFundamentalScore" : 4.55,
    "totalScore" : 43.79
  }
}