{
  "metadata" : {
    "screenerCompanyId" : "1065",
    "companyCode" : "GMBREW",
    "companyName" : "G M Breweries",
    "screenerCompanyLink" : "https://www.screener.in/company/GMBREW/",
    "screenerTechnicalHistoryLink" : "https://www.screener.in/api/company/1065/chart/?q=Price-DMA50-DMA200-Volume&days=365",
    "screenerQuarterlyResultsLink" : "https://www.screener.in/api/company/1065/chart/?q=GPM-OPM-NPM-Quarter+Sales&days=10000",
    "attributes" : {
      "companyCode" : "GMBREW",
      "companyName" : "G M Breweries",
      "marketCap" : 2400.00,
      "peRatio" : 14.70,
      "description" : "G M Breweries Ltd, set up in 1981 manufactures and markets Alcoholic Beverages such as Country Liquor (CL) and Indian-made Foreign Liquor (IMFL). [1]"
    },
    "companyScore" : {
      "priceHigherThanDma50" : 5.00,
      "priceHigherThanDma100" : 5.00,
      "priceHigherThanDma200" : 5.00,
      "dma50HigherThanDma100" : 5.00,
      "dma50HigherThanDma200" : 5.00,
      "dma100HigherThanDma200" : 5.00,
      "pricePercentageAboveDma50" : 4.91,
      "pricePercentageAboveDma100" : 4.87,
      "pricePercentageAboveDma200" : 4.26,
      "weeklyVolumeHigherThanYearlyVolume" : 0.00,
      "salesGrowthPercentile" : 18.50,
      "operatingProfitMarginPercentile" : 18.81,
      "netProfitMarginPercentile" : 9.29,
      "totalTechnicalScore" : 44.04,
      "totalFundamentalScore" : 46.60,
      "totalScore" : 90.63
    }
  },
  "attributes" : {
    "companyCode" : "GMBREW",
    "companyName" : "G M Breweries",
    "marketCap" : 2400.00,
    "peRatio" : 14.70,
    "description" : "G M Breweries Ltd, set up in 1981 manufactures and markets Alcoholic Beverages such as Country Liquor (CL) and Indian-made Foreign Liquor (IMFL). [1]"
  },
  "technicalHistory" : [ {
    "date" : "2025-02-11",
    "price" : 697.90,
    "dma50" : 757.67,
    "dma100" : null,
    "dma200" : 748.63,
    "volume" : 23321.00
  }, {
    "date" : "2025-02-12",
    "price" : 697.30,
    "dma50" : 755.30,
    "dma100" : null,
    "dma200" : 748.12,
    "volume" : 33038.00
  }, {
    "date" : "2025-02-13",
    "price" : 708.90,
    "dma50" : 753.48,
    "dma100" : null,
    "dma200" : 747.73,
    "volume" : 25191.00
  }, {
    "date" : "2025-02-14",
    "price" : 667.90,
    "dma50" : 750.13,
    "dma100" : null,
    "dma200" : 746.93,
    "volume" : 53265.00
  }, {
    "date" : "2025-02-17",
    "price" : 674.95,
    "dma50" : 747.18,
    "dma100" : null,
    "dma200" : 746.22,
    "volume" : 27650.00
  }, {
    "date" : "2025-02-18",
    "price" : 646.25,
    "dma50" : 743.22,
    "dma100" : null,
    "dma200" : 745.22,
    "volume" : 36044.00
  }, {
    "date" : "2025-02-19",
    "price" : 670.85,
    "dma50" : 740.38,
    "dma100" : null,
    "dma200" : 744.48,
    "volume" : 21863.00
  }, {
    "date" : "2025-02-20",
    "price" : 689.35,
    "dma50" : 738.38,
    "dma100" : null,
    "dma200" : 743.93,
    "volume" : 13911.00
  }, {
    "date" : "2025-02-21",
    "price" : 671.45,
    "dma50" : 735.76,
    "dma100" : null,
    "dma200" : 743.21,
    "volume" : 27773.00
  }, {
    "date" : "2025-02-24",
    "price" : 653.10,
    "dma50" : 732.51,
    "dma100" : null,
    "dma200" : 742.32,
    "volume" : 18405.00
  }, {
    "date" : "2025-02-25",
    "price" : 655.70,
    "dma50" : 729.50,
    "dma100" : null,
    "dma200" : 741.45,
    "volume" : 17081.00
  }, {
    "date" : "2025-02-27",
    "price" : 637.90,
    "dma50" : 725.91,
    "dma100" : null,
    "dma200" : 740.42,
    "volume" : 29310.00
  }, {
    "date" : "2025-02-28",
    "price" : 602.40,
    "dma50" : 721.07,
    "dma100" : null,
    "dma200" : 739.05,
    "volume" : 56143.00
  }, {
    "date" : "2025-03-03",
    "price" : 612.10,
    "dma50" : 716.79,
    "dma100" : null,
    "dma200" : 737.79,
    "volume" : 40341.00
  }, {
    "date" : "2025-03-04",
    "price" : 619.65,
    "dma50" : 712.98,
    "dma100" : null,
    "dma200" : 736.61,
    "volume" : 35862.00
  }, {
    "date" : "2025-03-05",
    "price" : 632.95,
    "dma50" : 709.85,
    "dma100" : null,
    "dma200" : 735.58,
    "volume" : 24432.00
  }, {
    "date" : "2025-03-06",
    "price" : 663.65,
    "dma50" : 708.03,
    "dma100" : null,
    "dma200" : 734.86,
    "volume" : 61307.00
  }, {
    "date" : "2025-03-07",
    "price" : 678.55,
    "dma50" : 706.88,
    "dma100" : null,
    "dma200" : 734.30,
    "volume" : 34758.00
  }, {
    "date" : "2025-03-10",
    "price" : 654.10,
    "dma50" : 704.81,
    "dma100" : null,
    "dma200" : 733.51,
    "volume" : 25397.00
  }, {
    "date" : "2025-03-11",
    "price" : 638.50,
    "dma50" : 702.21,
    "dma100" : null,
    "dma200" : 732.56,
    "volume" : 21999.00
  }, {
    "date" : "2025-03-12",
    "price" : 636.10,
    "dma50" : 699.62,
    "dma100" : null,
    "dma200" : 731.60,
    "volume" : 21279.00
  }, {
    "date" : "2025-03-13",
    "price" : 626.70,
    "dma50" : 696.76,
    "dma100" : null,
    "dma200" : 730.56,
    "volume" : 15294.00
  }, {
    "date" : "2025-03-17",
    "price" : 616.10,
    "dma50" : 693.59,
    "dma100" : null,
    "dma200" : 729.42,
    "volume" : 55456.00
  }, {
    "date" : "2025-03-18",
    "price" : 620.25,
    "dma50" : 690.72,
    "dma100" : null,
    "dma200" : 728.33,
    "volume" : 72530.00
  }, {
    "date" : "2025-03-19",
    "price" : 621.10,
    "dma50" : 687.99,
    "dma100" : null,
    "dma200" : 727.27,
    "volume" : 55705.00
  }, {
    "date" : "2025-03-20",
    "price" : 623.60,
    "dma50" : 685.46,
    "dma100" : null,
    "dma200" : 726.23,
    "volume" : 65006.00
  }, {
    "date" : "2025-03-21",
    "price" : 637.60,
    "dma50" : 683.58,
    "dma100" : null,
    "dma200" : 725.35,
    "volume" : 102436.00
  }, {
    "date" : "2025-03-24",
    "price" : 642.60,
    "dma50" : 681.98,
    "dma100" : null,
    "dma200" : 724.53,
    "volume" : 105663.00
  }, {
    "date" : "2025-03-25",
    "price" : 626.25,
    "dma50" : 679.79,
    "dma100" : null,
    "dma200" : 723.55,
    "volume" : 95394.00
  }, {
    "date" : "2025-03-26",
    "price" : 608.40,
    "dma50" : 676.99,
    "dma100" : null,
    "dma200" : 722.40,
    "volume" : 103927.00
  }, {
    "date" : "2025-03-27",
    "price" : 617.55,
    "dma50" : 674.66,
    "dma100" : null,
    "dma200" : 721.36,
    "volume" : 118857.00
  }, {
    "date" : "2025-03-28",
    "price" : 623.25,
    "dma50" : 672.65,
    "dma100" : null,
    "dma200" : 720.39,
    "volume" : 59788.00
  }, {
    "date" : "2025-04-01",
    "price" : 662.95,
    "dma50" : 672.26,
    "dma100" : null,
    "dma200" : 719.81,
    "volume" : 130850.00
  }, {
    "date" : "2025-04-02",
    "price" : 661.15,
    "dma50" : 671.83,
    "dma100" : null,
    "dma200" : 719.23,
    "volume" : 78246.00
  }, {
    "date" : "2025-04-03",
    "price" : 682.90,
    "dma50" : 672.26,
    "dma100" : null,
    "dma200" : 718.87,
    "volume" : 98252.00
  }, {
    "date" : "2025-04-04",
    "price" : 653.50,
    "dma50" : 671.53,
    "dma100" : null,
    "dma200" : 718.22,
    "volume" : 57853.00
  }, {
    "date" : "2025-04-07",
    "price" : 628.45,
    "dma50" : 669.84,
    "dma100" : null,
    "dma200" : 717.32,
    "volume" : 77123.00
  }, {
    "date" : "2025-04-08",
    "price" : 649.50,
    "dma50" : 669.04,
    "dma100" : null,
    "dma200" : 716.65,
    "volume" : 43693.00
  }, {
    "date" : "2025-04-09",
    "price" : 654.00,
    "dma50" : 668.45,
    "dma100" : null,
    "dma200" : 716.03,
    "volume" : 43700.00
  }, {
    "date" : "2025-04-11",
    "price" : 641.90,
    "dma50" : 667.41,
    "dma100" : null,
    "dma200" : 715.29,
    "volume" : 87099.00
  }, {
    "date" : "2025-04-15",
    "price" : 654.70,
    "dma50" : 666.91,
    "dma100" : null,
    "dma200" : 714.69,
    "volume" : 513993.00
  }, {
    "date" : "2025-04-16",
    "price" : 697.65,
    "dma50" : 668.12,
    "dma100" : null,
    "dma200" : 714.52,
    "volume" : 388479.00
  }, {
    "date" : "2025-04-17",
    "price" : 692.60,
    "dma50" : 669.08,
    "dma100" : null,
    "dma200" : 714.30,
    "volume" : 99362.00
  }, {
    "date" : "2025-04-21",
    "price" : 691.75,
    "dma50" : 669.97,
    "dma100" : null,
    "dma200" : 714.07,
    "volume" : 90954.00
  }, {
    "date" : "2025-04-22",
    "price" : 699.85,
    "dma50" : 671.14,
    "dma100" : null,
    "dma200" : 713.93,
    "volume" : 86584.00
  }, {
    "date" : "2025-04-23",
    "price" : 717.35,
    "dma50" : 672.95,
    "dma100" : null,
    "dma200" : 713.97,
    "volume" : 131496.00
  }, {
    "date" : "2025-04-24",
    "price" : 710.05,
    "dma50" : 674.40,
    "dma100" : null,
    "dma200" : 713.93,
    "volume" : 52664.00
  }, {
    "date" : "2025-04-25",
    "price" : 684.30,
    "dma50" : 674.79,
    "dma100" : null,
    "dma200" : 713.63,
    "volume" : 70090.00
  }, {
    "date" : "2025-04-28",
    "price" : 684.15,
    "dma50" : 675.16,
    "dma100" : null,
    "dma200" : 713.34,
    "volume" : 46823.00
  }, {
    "date" : "2025-04-29",
    "price" : 677.80,
    "dma50" : 675.26,
    "dma100" : null,
    "dma200" : 712.99,
    "volume" : 34175.00
  }, {
    "date" : "2025-04-30",
    "price" : 663.90,
    "dma50" : 674.82,
    "dma100" : null,
    "dma200" : 712.50,
    "volume" : 31735.00
  }, {
    "date" : "2025-05-02",
    "price" : 658.80,
    "dma50" : 674.19,
    "dma100" : null,
    "dma200" : 711.96,
    "volume" : 32269.00
  }, {
    "date" : "2025-05-05",
    "price" : 668.25,
    "dma50" : 673.96,
    "dma100" : null,
    "dma200" : 711.53,
    "volume" : 19365.00
  }, {
    "date" : "2025-05-06",
    "price" : 651.70,
    "dma50" : 673.08,
    "dma100" : null,
    "dma200" : 710.93,
    "volume" : 22609.00
  }, {
    "date" : "2025-05-07",
    "price" : 657.05,
    "dma50" : 672.46,
    "dma100" : null,
    "dma200" : 710.40,
    "volume" : 32790.00
  }, {
    "date" : "2025-05-08",
    "price" : 649.85,
    "dma50" : 671.57,
    "dma100" : null,
    "dma200" : 709.79,
    "volume" : 27571.00
  }, {
    "date" : "2025-05-09",
    "price" : 657.65,
    "dma50" : 671.02,
    "dma100" : null,
    "dma200" : 709.28,
    "volume" : 29427.00
  }, {
    "date" : "2025-05-12",
    "price" : 681.05,
    "dma50" : 671.42,
    "dma100" : null,
    "dma200" : 708.99,
    "volume" : 37764.00
  }, {
    "date" : "2025-05-13",
    "price" : 693.00,
    "dma50" : 672.26,
    "dma100" : null,
    "dma200" : 708.84,
    "volume" : 52797.00
  }, {
    "date" : "2025-05-14",
    "price" : 702.15,
    "dma50" : 673.43,
    "dma100" : null,
    "dma200" : 708.77,
    "volume" : 38489.00
  }, {
    "date" : "2025-05-15",
    "price" : 712.90,
    "dma50" : 674.98,
    "dma100" : null,
    "dma200" : 708.81,
    "volume" : 46976.00
  }, {
    "date" : "2025-05-16",
    "price" : 728.45,
    "dma50" : 677.08,
    "dma100" : null,
    "dma200" : 709.01,
    "volume" : 93723.00
  }, {
    "date" : "2025-05-19",
    "price" : 745.60,
    "dma50" : 679.77,
    "dma100" : null,
    "dma200" : 709.37,
    "volume" : 91951.00
  }, {
    "date" : "2025-05-20",
    "price" : 727.50,
    "dma50" : 681.64,
    "dma100" : null,
    "dma200" : 709.55,
    "volume" : 70204.00
  }, {
    "date" : "2025-05-21",
    "price" : 729.35,
    "dma50" : 683.51,
    "dma100" : null,
    "dma200" : 709.75,
    "volume" : 50319.00
  }, {
    "date" : "2025-05-22",
    "price" : 720.05,
    "dma50" : 684.94,
    "dma100" : null,
    "dma200" : 709.85,
    "volume" : 30899.00
  }, {
    "date" : "2025-05-23",
    "price" : 716.20,
    "dma50" : 686.17,
    "dma100" : null,
    "dma200" : 709.91,
    "volume" : 17073.00
  }, {
    "date" : "2025-05-26",
    "price" : 711.45,
    "dma50" : 687.16,
    "dma100" : null,
    "dma200" : 709.93,
    "volume" : 20672.00
  }, {
    "date" : "2025-05-27",
    "price" : 712.50,
    "dma50" : 688.15,
    "dma100" : null,
    "dma200" : 709.95,
    "volume" : 24026.00
  }, {
    "date" : "2025-05-28",
    "price" : 708.80,
    "dma50" : 688.96,
    "dma100" : null,
    "dma200" : 709.94,
    "volume" : 18593.00
  }, {
    "date" : "2025-05-29",
    "price" : 703.65,
    "dma50" : 689.54,
    "dma100" : null,
    "dma200" : 709.88,
    "volume" : 30374.00
  }, {
    "date" : "2025-05-30",
    "price" : 704.20,
    "dma50" : 690.11,
    "dma100" : null,
    "dma200" : 709.82,
    "volume" : 22512.00
  }, {
    "date" : "2025-06-02",
    "price" : 708.25,
    "dma50" : 690.82,
    "dma100" : null,
    "dma200" : 709.81,
    "volume" : 33300.00
  }, {
    "date" : "2025-06-03",
    "price" : 709.15,
    "dma50" : 691.54,
    "dma100" : null,
    "dma200" : 709.80,
    "volume" : 23150.00
  }, {
    "date" : "2025-06-04",
    "price" : 713.35,
    "dma50" : 692.40,
    "dma100" : null,
    "dma200" : 709.84,
    "volume" : 19738.00
  }, {
    "date" : "2025-06-05",
    "price" : 711.50,
    "dma50" : 693.15,
    "dma100" : null,
    "dma200" : 709.85,
    "volume" : 22268.00
  }, {
    "date" : "2025-06-06",
    "price" : 710.50,
    "dma50" : 693.83,
    "dma100" : null,
    "dma200" : 709.86,
    "volume" : 17957.00
  }, {
    "date" : "2025-06-09",
    "price" : 717.10,
    "dma50" : 694.74,
    "dma100" : null,
    "dma200" : 709.93,
    "volume" : 46707.00
  }, {
    "date" : "2025-06-10",
    "price" : 717.15,
    "dma50" : 695.62,
    "dma100" : null,
    "dma200" : 710.00,
    "volume" : 24398.00
  }, {
    "date" : "2025-06-11",
    "price" : 794.25,
    "dma50" : 699.49,
    "dma100" : null,
    "dma200" : 710.84,
    "volume" : 4926766.00
  }, {
    "date" : "2025-06-12",
    "price" : 755.30,
    "dma50" : 701.68,
    "dma100" : null,
    "dma200" : 711.28,
    "volume" : 423781.00
  }, {
    "date" : "2025-06-13",
    "price" : 739.65,
    "dma50" : 703.17,
    "dma100" : null,
    "dma200" : 711.57,
    "volume" : 178458.00
  }, {
    "date" : "2025-06-16",
    "price" : 740.15,
    "dma50" : 704.62,
    "dma100" : null,
    "dma200" : 711.85,
    "volume" : 137080.00
  }, {
    "date" : "2025-06-17",
    "price" : 732.40,
    "dma50" : 705.71,
    "dma100" : null,
    "dma200" : 712.05,
    "volume" : 81436.00
  }, {
    "date" : "2025-06-18",
    "price" : 721.70,
    "dma50" : 706.33,
    "dma100" : null,
    "dma200" : 712.15,
    "volume" : 82414.00
  }, {
    "date" : "2025-06-19",
    "price" : 708.10,
    "dma50" : 706.40,
    "dma100" : null,
    "dma200" : 712.11,
    "volume" : 65298.00
  }, {
    "date" : "2025-06-20",
    "price" : 718.30,
    "dma50" : 706.87,
    "dma100" : null,
    "dma200" : 712.17,
    "volume" : 45175.00
  }, {
    "date" : "2025-06-23",
    "price" : 713.50,
    "dma50" : 707.13,
    "dma100" : null,
    "dma200" : 712.19,
    "volume" : 41282.00
  }, {
    "date" : "2025-06-24",
    "price" : 732.00,
    "dma50" : 708.10,
    "dma100" : null,
    "dma200" : 712.38,
    "volume" : 67170.00
  }, {
    "date" : "2025-06-25",
    "price" : 731.85,
    "dma50" : 709.04,
    "dma100" : null,
    "dma200" : 712.58,
    "volume" : 21970.00
  }, {
    "date" : "2025-06-26",
    "price" : 729.30,
    "dma50" : 709.83,
    "dma100" : null,
    "dma200" : 712.74,
    "volume" : 34305.00
  }, {
    "date" : "2025-06-27",
    "price" : 729.65,
    "dma50" : 710.61,
    "dma100" : null,
    "dma200" : 712.91,
    "volume" : 39306.00
  }, {
    "date" : "2025-06-30",
    "price" : 741.55,
    "dma50" : 711.82,
    "dma100" : null,
    "dma200" : 713.20,
    "volume" : 55236.00
  }, {
    "date" : "2025-07-01",
    "price" : 742.35,
    "dma50" : 713.02,
    "dma100" : null,
    "dma200" : 713.49,
    "volume" : 57232.00
  }, {
    "date" : "2025-07-02",
    "price" : 742.60,
    "dma50" : 714.18,
    "dma100" : null,
    "dma200" : 713.78,
    "volume" : 47670.00
  }, {
    "date" : "2025-07-03",
    "price" : 746.15,
    "dma50" : 715.43,
    "dma100" : null,
    "dma200" : 714.10,
    "volume" : 59067.00
  }, {
    "date" : "2025-07-04",
    "price" : 756.10,
    "dma50" : 717.03,
    "dma100" : null,
    "dma200" : 714.52,
    "volume" : 95632.00
  }, {
    "date" : "2025-07-07",
    "price" : 760.75,
    "dma50" : 718.74,
    "dma100" : null,
    "dma200" : 714.98,
    "volume" : 36331.00
  }, {
    "date" : "2025-07-08",
    "price" : 751.60,
    "dma50" : 720.03,
    "dma100" : null,
    "dma200" : 715.34,
    "volume" : 39455.00
  }, {
    "date" : "2025-07-09",
    "price" : 746.50,
    "dma50" : 721.07,
    "dma100" : null,
    "dma200" : 715.65,
    "volume" : 27740.00
  }, {
    "date" : "2025-07-10",
    "price" : 743.55,
    "dma50" : 721.95,
    "dma100" : 686.88,
    "dma200" : 715.93,
    "volume" : 31945.00
  }, {
    "date" : "2025-07-11",
    "price" : 747.90,
    "dma50" : 722.97,
    "dma100" : 687.39,
    "dma200" : 716.25,
    "volume" : 36778.00
  }, {
    "date" : "2025-07-14",
    "price" : 757.55,
    "dma50" : 724.32,
    "dma100" : 687.87,
    "dma200" : 716.66,
    "volume" : 97094.00
  }, {
    "date" : "2025-07-15",
    "price" : 731.65,
    "dma50" : 724.61,
    "dma100" : 688.51,
    "dma200" : 716.81,
    "volume" : 290287.00
  }, {
    "date" : "2025-07-16",
    "price" : 734.85,
    "dma50" : 725.01,
    "dma100" : 689.11,
    "dma200" : 716.99,
    "volume" : 35881.00
  }, {
    "date" : "2025-07-17",
    "price" : 732.90,
    "dma50" : 725.32,
    "dma100" : 689.98,
    "dma200" : 717.14,
    "volume" : 24027.00
  }, {
    "date" : "2025-07-18",
    "price" : 726.95,
    "dma50" : 725.39,
    "dma100" : 690.54,
    "dma200" : 717.24,
    "volume" : 36562.00
  }, {
    "date" : "2025-07-21",
    "price" : 727.40,
    "dma50" : 725.46,
    "dma100" : 690.92,
    "dma200" : 717.34,
    "volume" : 19373.00
  }, {
    "date" : "2025-07-22",
    "price" : 732.25,
    "dma50" : 725.73,
    "dma100" : 691.52,
    "dma200" : 717.49,
    "volume" : 38634.00
  }, {
    "date" : "2025-07-23",
    "price" : 726.20,
    "dma50" : 725.75,
    "dma100" : 692.26,
    "dma200" : 717.58,
    "volume" : 18794.00
  }, {
    "date" : "2025-07-24",
    "price" : 723.35,
    "dma50" : 725.65,
    "dma100" : 692.93,
    "dma200" : 717.64,
    "volume" : 17700.00
  }, {
    "date" : "2025-07-25",
    "price" : 716.50,
    "dma50" : 725.30,
    "dma100" : 693.72,
    "dma200" : 717.62,
    "volume" : 50751.00
  }, {
    "date" : "2025-07-28",
    "price" : 711.65,
    "dma50" : 724.76,
    "dma100" : 694.81,
    "dma200" : 717.56,
    "volume" : 21083.00
  }, {
    "date" : "2025-07-29",
    "price" : 700.50,
    "dma50" : 723.81,
    "dma100" : 695.69,
    "dma200" : 717.39,
    "volume" : 48745.00
  }, {
    "date" : "2025-07-30",
    "price" : 695.90,
    "dma50" : 722.71,
    "dma100" : 696.46,
    "dma200" : 717.18,
    "volume" : 25125.00
  }, {
    "date" : "2025-07-31",
    "price" : 689.60,
    "dma50" : 721.42,
    "dma100" : 697.02,
    "dma200" : 716.91,
    "volume" : 29753.00
  }, {
    "date" : "2025-08-01",
    "price" : 678.75,
    "dma50" : 719.74,
    "dma100" : 697.17,
    "dma200" : 716.53,
    "volume" : 40355.00
  }, {
    "date" : "2025-08-04",
    "price" : 691.25,
    "dma50" : 718.63,
    "dma100" : 697.30,
    "dma200" : 716.28,
    "volume" : 29211.00
  }, {
    "date" : "2025-08-05",
    "price" : 689.35,
    "dma50" : 717.48,
    "dma100" : 697.65,
    "dma200" : 716.01,
    "volume" : 24083.00
  }, {
    "date" : "2025-08-06",
    "price" : 685.15,
    "dma50" : 716.21,
    "dma100" : 698.12,
    "dma200" : 715.70,
    "volume" : 17363.00
  }, {
    "date" : "2025-08-07",
    "price" : 686.50,
    "dma50" : 715.04,
    "dma100" : 698.62,
    "dma200" : 715.41,
    "volume" : 19275.00
  }, {
    "date" : "2025-08-08",
    "price" : 678.45,
    "dma50" : 713.61,
    "dma100" : 699.14,
    "dma200" : 715.04,
    "volume" : 17552.00
  }, {
    "date" : "2025-08-11",
    "price" : 677.45,
    "dma50" : 712.19,
    "dma100" : 699.76,
    "dma200" : 714.67,
    "volume" : 14323.00
  }, {
    "date" : "2025-08-12",
    "price" : 682.50,
    "dma50" : 711.03,
    "dma100" : 700.38,
    "dma200" : 714.35,
    "volume" : 18997.00
  }, {
    "date" : "2025-08-13",
    "price" : 679.35,
    "dma50" : 709.78,
    "dma100" : 700.96,
    "dma200" : 714.00,
    "volume" : 23054.00
  }, {
    "date" : "2025-08-14",
    "price" : 678.55,
    "dma50" : 708.56,
    "dma100" : 701.51,
    "dma200" : 713.65,
    "volume" : 13006.00
  }, {
    "date" : "2025-08-18",
    "price" : 672.85,
    "dma50" : 707.16,
    "dma100" : 701.86,
    "dma200" : 713.24,
    "volume" : 28092.00
  }, {
    "date" : "2025-08-19",
    "price" : 682.80,
    "dma50" : 706.20,
    "dma100" : 702.26,
    "dma200" : 712.94,
    "volume" : 23713.00
  }, {
    "date" : "2025-08-20",
    "price" : 687.10,
    "dma50" : 705.46,
    "dma100" : 702.87,
    "dma200" : 712.68,
    "volume" : 15875.00
  }, {
    "date" : "2025-08-21",
    "price" : 681.65,
    "dma50" : 704.52,
    "dma100" : 703.61,
    "dma200" : 712.37,
    "volume" : 20514.00
  }, {
    "date" : "2025-08-22",
    "price" : 680.25,
    "dma50" : 703.57,
    "dma100" : 704.23,
    "dma200" : 712.05,
    "volume" : 12854.00
  }, {
    "date" : "2025-08-25",
    "price" : 677.95,
    "dma50" : 702.57,
    "dma100" : 704.78,
    "dma200" : 711.71,
    "volume" : 10749.00
  }, {
    "date" : "2025-08-26",
    "price" : 682.35,
    "dma50" : 701.77,
    "dma100" : 704.97,
    "dma200" : 711.42,
    "volume" : 16710.00
  }, {
    "date" : "2025-08-28",
    "price" : 673.05,
    "dma50" : 700.65,
    "dma100" : 705.09,
    "dma200" : 711.04,
    "volume" : 12796.00
  }, {
    "date" : "2025-08-29",
    "price" : 675.55,
    "dma50" : 699.66,
    "dma100" : 705.02,
    "dma200" : 710.69,
    "volume" : 12167.00
  }, {
    "date" : "2025-09-01",
    "price" : 683.95,
    "dma50" : 699.05,
    "dma100" : 705.32,
    "dma200" : 710.42,
    "volume" : 12567.00
  }, {
    "date" : "2025-09-02",
    "price" : 698.60,
    "dma50" : 699.03,
    "dma100" : 706.03,
    "dma200" : 710.30,
    "volume" : 25496.00
  }, {
    "date" : "2025-09-03",
    "price" : 702.70,
    "dma50" : 699.17,
    "dma100" : 706.56,
    "dma200" : 710.23,
    "volume" : 20497.00
  }, {
    "date" : "2025-09-04",
    "price" : 696.15,
    "dma50" : 699.05,
    "dma100" : 706.98,
    "dma200" : 710.09,
    "volume" : 15901.00
  }, {
    "date" : "2025-09-05",
    "price" : 691.45,
    "dma50" : 698.76,
    "dma100" : 707.47,
    "dma200" : 709.90,
    "volume" : 11532.00
  }, {
    "date" : "2025-09-08",
    "price" : 685.90,
    "dma50" : 698.25,
    "dma100" : 707.79,
    "dma200" : 709.66,
    "volume" : 18975.00
  }, {
    "date" : "2025-09-09",
    "price" : 691.60,
    "dma50" : 697.99,
    "dma100" : 707.73,
    "dma200" : 709.48,
    "volume" : 17738.00
  }, {
    "date" : "2025-09-10",
    "price" : 697.00,
    "dma50" : 697.95,
    "dma100" : 707.77,
    "dma200" : 709.36,
    "volume" : 14904.00
  }, {
    "date" : "2025-09-11",
    "price" : 692.70,
    "dma50" : 697.75,
    "dma100" : 707.78,
    "dma200" : 709.19,
    "volume" : 14190.00
  }, {
    "date" : "2025-09-12",
    "price" : 702.85,
    "dma50" : 697.95,
    "dma100" : 707.81,
    "dma200" : 709.13,
    "volume" : 22561.00
  }, {
    "date" : "2025-09-15",
    "price" : 708.30,
    "dma50" : 698.35,
    "dma100" : 707.72,
    "dma200" : 709.12,
    "volume" : 25556.00
  }, {
    "date" : "2025-09-16",
    "price" : 707.90,
    "dma50" : 698.73,
    "dma100" : 707.70,
    "dma200" : 709.11,
    "volume" : 17045.00
  }, {
    "date" : "2025-09-17",
    "price" : 725.75,
    "dma50" : 699.79,
    "dma100" : 708.11,
    "dma200" : 709.27,
    "volume" : 55611.00
  }, {
    "date" : "2025-09-18",
    "price" : 720.15,
    "dma50" : 700.58,
    "dma100" : 708.47,
    "dma200" : 709.38,
    "volume" : 27739.00
  }, {
    "date" : "2025-09-19",
    "price" : 715.25,
    "dma50" : 701.16,
    "dma100" : 708.85,
    "dma200" : 709.44,
    "volume" : 19537.00
  }, {
    "date" : "2025-09-22",
    "price" : 725.00,
    "dma50" : 702.09,
    "dma100" : 709.46,
    "dma200" : 709.60,
    "volume" : 74985.00
  }, {
    "date" : "2025-09-23",
    "price" : 720.35,
    "dma50" : 702.81,
    "dma100" : 710.07,
    "dma200" : 709.70,
    "volume" : 31368.00
  }, {
    "date" : "2025-09-24",
    "price" : 718.50,
    "dma50" : 703.43,
    "dma100" : 710.58,
    "dma200" : 709.79,
    "volume" : 17092.00
  }, {
    "date" : "2025-09-25",
    "price" : 712.60,
    "dma50" : 703.79,
    "dma100" : 711.18,
    "dma200" : 709.82,
    "volume" : 50305.00
  }, {
    "date" : "2025-09-26",
    "price" : 705.55,
    "dma50" : 703.85,
    "dma100" : 711.67,
    "dma200" : 709.78,
    "volume" : 47234.00
  }, {
    "date" : "2025-09-29",
    "price" : 705.50,
    "dma50" : 703.92,
    "dma100" : 712.23,
    "dma200" : 709.73,
    "volume" : 21151.00
  }, {
    "date" : "2025-09-30",
    "price" : 702.40,
    "dma50" : 703.86,
    "dma100" : 712.67,
    "dma200" : 709.66,
    "volume" : 23220.00
  }, {
    "date" : "2025-10-01",
    "price" : 727.45,
    "dma50" : 704.78,
    "dma100" : 713.14,
    "dma200" : 709.84,
    "volume" : 86887.00
  }, {
    "date" : "2025-10-03",
    "price" : 733.15,
    "dma50" : 705.90,
    "dma100" : 713.54,
    "dma200" : 710.07,
    "volume" : 57033.00
  }, {
    "date" : "2025-10-06",
    "price" : 736.10,
    "dma50" : 707.08,
    "dma100" : 713.88,
    "dma200" : 710.33,
    "volume" : 40981.00
  }, {
    "date" : "2025-10-07",
    "price" : 738.25,
    "dma50" : 708.30,
    "dma100" : 714.13,
    "dma200" : 710.61,
    "volume" : 69851.00
  }, {
    "date" : "2025-10-08",
    "price" : 764.10,
    "dma50" : 710.49,
    "dma100" : 714.49,
    "dma200" : 711.14,
    "volume" : 253596.00
  }, {
    "date" : "2025-10-09",
    "price" : 910.10,
    "dma50" : 718.32,
    "dma100" : 716.13,
    "dma200" : 713.12,
    "volume" : 9588330.00
  }, {
    "date" : "2025-10-10",
    "price" : 894.45,
    "dma50" : 725.23,
    "dma100" : 717.80,
    "dma200" : 714.92,
    "volume" : 3137908.00
  }, {
    "date" : "2025-10-13",
    "price" : 941.40,
    "dma50" : 733.70,
    "dma100" : 719.92,
    "dma200" : 717.18,
    "volume" : 6992990.00
  }, {
    "date" : "2025-10-14",
    "price" : 1004.85,
    "dma50" : 744.34,
    "dma100" : 722.77,
    "dma200" : 720.04,
    "volume" : 4015785.00
  }, {
    "date" : "2025-10-15",
    "price" : 1160.00,
    "dma50" : 760.64,
    "dma100" : 727.21,
    "dma200" : 724.42,
    "volume" : 11678386.00
  }, {
    "date" : "2025-10-16",
    "price" : 1088.65,
    "dma50" : 773.50,
    "dma100" : 730.98,
    "dma200" : 728.04,
    "volume" : 5413946.00
  }, {
    "date" : "2025-10-17",
    "price" : 1112.05,
    "dma50" : 786.78,
    "dma100" : 734.98,
    "dma200" : 731.86,
    "volume" : 5279260.00
  }, {
    "date" : "2025-10-20",
    "price" : 1163.80,
    "dma50" : 801.56,
    "dma100" : 739.53,
    "dma200" : 736.16,
    "volume" : 5064239.00
  }, {
    "date" : "2025-10-21",
    "price" : 1189.50,
    "dma50" : 816.78,
    "dma100" : 744.39,
    "dma200" : 740.67,
    "volume" : 868538.00
  }, {
    "date" : "2025-10-23",
    "price" : 1256.85,
    "dma50" : 834.03,
    "dma100" : 749.91,
    "dma200" : 745.81,
    "volume" : 4792992.00
  }, {
    "date" : "2025-10-24",
    "price" : 1264.20,
    "dma50" : 850.90,
    "dma100" : 755.47,
    "dma200" : 750.96,
    "volume" : 3778031.00
  }, {
    "date" : "2025-10-27",
    "price" : 1137.80,
    "dma50" : 862.15,
    "dma100" : 759.76,
    "dma200" : 754.81,
    "volume" : 2015612.00
  }, {
    "date" : "2025-10-28",
    "price" : 1210.30,
    "dma50" : 875.81,
    "dma100" : 764.73,
    "dma200" : 759.35,
    "volume" : 3742113.00
  }, {
    "date" : "2025-10-29",
    "price" : 1257.50,
    "dma50" : 890.78,
    "dma100" : 770.19,
    "dma200" : 764.30,
    "volume" : 3039859.00
  }, {
    "date" : "2025-10-30",
    "price" : 1248.65,
    "dma50" : 904.81,
    "dma100" : 775.57,
    "dma200" : 769.12,
    "volume" : 2705493.00
  }, {
    "date" : "2025-10-31",
    "price" : 1226.40,
    "dma50" : 917.42,
    "dma100" : 780.66,
    "dma200" : 773.67,
    "volume" : 1399476.00
  }, {
    "date" : "2025-11-03",
    "price" : 1241.10,
    "dma50" : 930.11,
    "dma100" : 785.90,
    "dma200" : 778.32,
    "volume" : 1188754.00
  }, {
    "date" : "2025-11-04",
    "price" : 1249.60,
    "dma50" : 942.64,
    "dma100" : 790.45,
    "dma200" : 783.01,
    "volume" : 979415.00
  }, {
    "date" : "2025-11-06",
    "price" : 1224.20,
    "dma50" : 953.68,
    "dma100" : 795.14,
    "dma200" : 787.40,
    "volume" : 726115.00
  }, {
    "date" : "2025-11-07",
    "price" : 1232.70,
    "dma50" : 964.63,
    "dma100" : 800.07,
    "dma200" : 791.83,
    "volume" : 777153.00
  }, {
    "date" : "2025-11-10",
    "price" : 1204.60,
    "dma50" : 974.04,
    "dma100" : 804.72,
    "dma200" : 795.94,
    "volume" : 431159.00
  }, {
    "date" : "2025-11-11",
    "price" : 1165.30,
    "dma50" : 981.54,
    "dma100" : 809.05,
    "dma200" : 799.62,
    "volume" : 502217.00
  }, {
    "date" : "2025-11-12",
    "price" : 1211.10,
    "dma50" : 990.54,
    "dma100" : 813.94,
    "dma200" : 803.71,
    "volume" : 770092.00
  }, {
    "date" : "2025-11-13",
    "price" : 1218.70,
    "dma50" : 999.49,
    "dma100" : 819.05,
    "dma200" : 807.84,
    "volume" : 489213.00
  }, {
    "date" : "2025-11-14",
    "price" : 1197.30,
    "dma50" : 1007.24,
    "dma100" : 823.84,
    "dma200" : 811.71,
    "volume" : 368396.00
  }, {
    "date" : "2025-11-17",
    "price" : 1154.00,
    "dma50" : 1013.00,
    "dma100" : 828.24,
    "dma200" : 815.12,
    "volume" : 339609.00
  }, {
    "date" : "2025-11-18",
    "price" : 1078.20,
    "dma50" : 1015.56,
    "dma100" : 831.70,
    "dma200" : 817.74,
    "volume" : 468840.00
  }, {
    "date" : "2025-11-19",
    "price" : 1050.00,
    "dma50" : 1016.91,
    "dma100" : 834.89,
    "dma200" : 820.05,
    "volume" : 366612.00
  }, {
    "date" : "2025-11-20",
    "price" : 1050.60,
    "dma50" : 1018.23,
    "dma100" : 838.10,
    "dma200" : 822.34,
    "volume" : 319137.00
  }, {
    "date" : "2025-11-21",
    "price" : 1031.20,
    "dma50" : 1018.74,
    "dma100" : 841.11,
    "dma200" : 824.42,
    "volume" : 223370.00
  }, {
    "date" : "2025-11-24",
    "price" : 1001.30,
    "dma50" : 1018.05,
    "dma100" : 843.71,
    "dma200" : 826.18,
    "volume" : 181434.00
  }, {
    "date" : "2025-11-25",
    "price" : 994.90,
    "dma50" : 1017.15,
    "dma100" : 846.24,
    "dma200" : 827.86,
    "volume" : 256633.00
  }, {
    "date" : "2025-11-26",
    "price" : 1032.50,
    "dma50" : 1017.75,
    "dma100" : 849.14,
    "dma200" : 829.90,
    "volume" : 675146.00
  }, {
    "date" : "2025-11-27",
    "price" : 1044.50,
    "dma50" : 1018.80,
    "dma100" : 852.12,
    "dma200" : 832.03,
    "volume" : 410166.00
  }, {
    "date" : "2025-11-28",
    "price" : 1020.50,
    "dma50" : 1018.86,
    "dma100" : 854.76,
    "dma200" : 833.91,
    "volume" : 172182.00
  }, {
    "date" : "2025-12-01",
    "price" : 1026.40,
    "dma50" : 1019.16,
    "dma100" : 857.42,
    "dma200" : 835.82,
    "volume" : 177538.00
  }, {
    "date" : "2025-12-02",
    "price" : 1017.80,
    "dma50" : 1019.11,
    "dma100" : 860.08,
    "dma200" : 837.63,
    "volume" : 166481.00
  }, {
    "date" : "2025-12-03",
    "price" : 1011.60,
    "dma50" : 1018.81,
    "dma100" : 862.73,
    "dma200" : 839.36,
    "volume" : 83661.00
  }, {
    "date" : "2025-12-04",
    "price" : 992.60,
    "dma50" : 1017.78,
    "dma100" : 865.22,
    "dma200" : 840.89,
    "volume" : 124643.00
  }, {
    "date" : "2025-12-05",
    "price" : 948.00,
    "dma50" : 1015.05,
    "dma100" : 867.23,
    "dma200" : 841.95,
    "volume" : 157990.00
  }, {
    "date" : "2025-12-08",
    "price" : 949.00,
    "dma50" : 1012.46,
    "dma100" : 869.14,
    "dma200" : 843.02,
    "volume" : 183480.00
  }, {
    "date" : "2025-12-09",
    "price" : 1011.00,
    "dma50" : 1012.40,
    "dma100" : 871.93,
    "dma200" : 844.69,
    "volume" : 419936.00
  }, {
    "date" : "2025-12-10",
    "price" : 977.00,
    "dma50" : 1011.01,
    "dma100" : 874.35,
    "dma200" : 846.01,
    "volume" : 186907.00
  }, {
    "date" : "2025-12-11",
    "price" : 1003.10,
    "dma50" : 1010.70,
    "dma100" : 877.06,
    "dma200" : 847.57,
    "volume" : 196680.00
  }, {
    "date" : "2025-12-12",
    "price" : 1000.20,
    "dma50" : 1010.29,
    "dma100" : 879.79,
    "dma200" : 849.09,
    "volume" : 88470.00
  }, {
    "date" : "2025-12-15",
    "price" : 990.60,
    "dma50" : 1009.52,
    "dma100" : 882.42,
    "dma200" : 850.50,
    "volume" : 95917.00
  }, {
    "date" : "2025-12-16",
    "price" : 975.70,
    "dma50" : 1008.19,
    "dma100" : 884.86,
    "dma200" : 851.74,
    "volume" : 74225.00
  }, {
    "date" : "2025-12-17",
    "price" : 966.10,
    "dma50" : 1006.54,
    "dma100" : 887.25,
    "dma200" : 852.88,
    "volume" : 66383.00
  }, {
    "date" : "2025-12-18",
    "price" : 962.80,
    "dma50" : 1004.83,
    "dma100" : 889.65,
    "dma200" : 853.97,
    "volume" : 72014.00
  }, {
    "date" : "2025-12-19",
    "price" : 1002.20,
    "dma50" : 1004.72,
    "dma100" : 892.51,
    "dma200" : 855.45,
    "volume" : 175906.00
  }, {
    "date" : "2025-12-22",
    "price" : 997.70,
    "dma50" : 1004.45,
    "dma100" : 895.37,
    "dma200" : 856.87,
    "volume" : 92641.00
  }, {
    "date" : "2025-12-23",
    "price" : 1033.60,
    "dma50" : 1005.59,
    "dma100" : 898.70,
    "dma200" : 858.62,
    "volume" : 258736.00
  }, {
    "date" : "2025-12-24",
    "price" : 1110.40,
    "dma50" : 1009.70,
    "dma100" : 902.84,
    "dma200" : 861.13,
    "volume" : 866216.00
  }, {
    "date" : "2025-12-26",
    "price" : 1196.40,
    "dma50" : 1017.02,
    "dma100" : 907.91,
    "dma200" : 864.46,
    "volume" : 935039.00
  }, {
    "date" : "2025-12-29",
    "price" : 1176.50,
    "dma50" : 1023.28,
    "dma100" : 912.89,
    "dma200" : 867.57,
    "volume" : 461608.00
  }, {
    "date" : "2025-12-30",
    "price" : 1187.90,
    "dma50" : 1029.73,
    "dma100" : 917.85,
    "dma200" : 870.76,
    "volume" : 206118.00
  }, {
    "date" : "2025-12-31",
    "price" : 1207.50,
    "dma50" : 1036.70,
    "dma100" : 923.04,
    "dma200" : 874.11,
    "volume" : 234229.00
  }, {
    "date" : "2026-01-01",
    "price" : 1208.50,
    "dma50" : 1043.44,
    "dma100" : 928.27,
    "dma200" : 877.44,
    "volume" : 154166.00
  }, {
    "date" : "2026-01-02",
    "price" : 1207.20,
    "dma50" : 1049.86,
    "dma100" : 933.48,
    "dma200" : 880.72,
    "volume" : 237460.00
  }, {
    "date" : "2026-01-05",
    "price" : 1247.80,
    "dma50" : 1057.62,
    "dma100" : 939.17,
    "dma200" : 884.37,
    "volume" : 506271.00
  }, {
    "date" : "2026-01-06",
    "price" : 1193.50,
    "dma50" : 1062.95,
    "dma100" : 944.33,
    "dma200" : 887.44,
    "volume" : 3466528.00
  }, {
    "date" : "2026-01-07",
    "price" : 1215.80,
    "dma50" : 1068.95,
    "dma100" : 949.66,
    "dma200" : 890.71,
    "volume" : 611537.00
  }, {
    "date" : "2026-01-08",
    "price" : 1121.20,
    "dma50" : 1071.00,
    "dma100" : 954.08,
    "dma200" : 893.01,
    "volume" : 419587.00
  }, {
    "date" : "2026-01-09",
    "price" : 1070.40,
    "dma50" : 1070.97,
    "dma100" : 958.00,
    "dma200" : 894.77,
    "volume" : 374462.00
  }, {
    "date" : "2026-01-12",
    "price" : 1053.30,
    "dma50" : 1070.28,
    "dma100" : 961.81,
    "dma200" : 896.35,
    "volume" : 296940.00
  }, {
    "date" : "2026-01-13",
    "price" : 1060.20,
    "dma50" : 1069.88,
    "dma100" : 965.58,
    "dma200" : 897.98,
    "volume" : 182836.00
  }, {
    "date" : "2026-01-14",
    "price" : 1033.60,
    "dma50" : 1068.46,
    "dma100" : 969.04,
    "dma200" : 899.33,
    "volume" : 257666.00
  }, {
    "date" : "2026-01-16",
    "price" : 1005.70,
    "dma50" : 1066.00,
    "dma100" : 972.28,
    "dma200" : 900.39,
    "volume" : 140309.00
  }, {
    "date" : "2026-01-19",
    "price" : 978.50,
    "dma50" : 1062.57,
    "dma100" : 975.27,
    "dma200" : 901.16,
    "volume" : 190202.00
  }, {
    "date" : "2026-01-20",
    "price" : 952.50,
    "dma50" : 1058.25,
    "dma100" : 978.01,
    "dma200" : 901.67,
    "volume" : 126498.00
  }, {
    "date" : "2026-01-21",
    "price" : 947.50,
    "dma50" : 1053.91,
    "dma100" : 980.66,
    "dma200" : 902.13,
    "volume" : 171898.00
  }, {
    "date" : "2026-01-22",
    "price" : 985.90,
    "dma50" : 1051.24,
    "dma100" : 983.79,
    "dma200" : 902.96,
    "volume" : 167334.00
  }, {
    "date" : "2026-01-23",
    "price" : 947.30,
    "dma50" : 1047.17,
    "dma100" : 986.51,
    "dma200" : 903.40,
    "volume" : 107121.00
  }, {
    "date" : "2026-01-27",
    "price" : 960.30,
    "dma50" : 1043.76,
    "dma100" : 989.27,
    "dma200" : 903.97,
    "volume" : 113130.00
  }, {
    "date" : "2026-01-28",
    "price" : 983.20,
    "dma50" : 1041.38,
    "dma100" : 992.12,
    "dma200" : 904.76,
    "volume" : 84320.00
  }, {
    "date" : "2026-01-29",
    "price" : 962.10,
    "dma50" : 1038.28,
    "dma100" : 994.71,
    "dma200" : 905.33,
    "volume" : 84805.00
  }, {
    "date" : "2026-01-30",
    "price" : 974.20,
    "dma50" : 1035.76,
    "dma100" : 997.49,
    "dma200" : 906.02,
    "volume" : 70975.00
  }, {
    "date" : "2026-02-01",
    "price" : 960.85,
    "dma50" : 1032.82,
    "dma100" : 1000.19,
    "dma200" : 906.56,
    "volume" : 77903.00
  }, {
    "date" : "2026-02-02",
    "price" : 962.25,
    "dma50" : 1030.06,
    "dma100" : 1002.95,
    "dma200" : 907.12,
    "volume" : 124522.00
  }, {
    "date" : "2026-02-03",
    "price" : 993.85,
    "dma50" : 1028.64,
    "dma100" : 1005.97,
    "dma200" : 907.98,
    "volume" : 172574.00
  }, {
    "date" : "2026-02-04",
    "price" : 1060.15,
    "dma50" : 1029.87,
    "dma100" : 1009.61,
    "dma200" : 909.49,
    "volume" : 281175.00
  }, {
    "date" : "2026-02-05",
    "price" : 1017.00,
    "dma50" : 1029.37,
    "dma100" : 1012.85,
    "dma200" : 910.56,
    "volume" : 135962.00
  }, {
    "date" : "2026-02-06",
    "price" : 1033.70,
    "dma50" : 1029.54,
    "dma100" : 1016.16,
    "dma200" : 911.79,
    "volume" : 114856.00
  }, {
    "date" : "2026-02-09",
    "price" : 1060.65,
    "dma50" : 1030.76,
    "dma100" : 1019.68,
    "dma200" : 913.27,
    "volume" : 131111.00
  }, {
    "date" : "2026-02-10",
    "price" : 1050.00,
    "dma50" : 1031.51,
    "dma100" : 1023.10,
    "dma200" : 914.63,
    "volume" : 168094.00
  } ],
  "latestTechnicalAttributes" : {
    "date" : "2026-02-10",
    "price" : 1050.00,
    "dma50" : 1031.51,
    "dma100" : 1023.10,
    "dma200" : 914.63,
    "volume" : 168094.00
  },
  "quarterlyResults" : [ {
    "date" : "2005-03-31",
    "sales" : 29.88,
    "salesGrowthYoY" : null,
    "grossProfitMargin" : 97.22,
    "grossProfit" : 29.05,
    "operatingProfitMargin" : 11.81,
    "operatingProfit" : 3.53,
    "netProfitMargin" : 7.13,
    "netProfit" : 2.13
  }, {
    "date" : "2005-06-30",
    "sales" : 33.89,
    "salesGrowthYoY" : null,
    "grossProfitMargin" : 55.56,
    "grossProfit" : 18.83,
    "operatingProfitMargin" : 9.29,
    "operatingProfit" : 3.15,
    "netProfitMargin" : 3.92,
    "netProfit" : 1.33
  }, {
    "date" : "2005-09-30",
    "sales" : 35.95,
    "salesGrowthYoY" : null,
    "grossProfitMargin" : 24.01,
    "grossProfit" : 8.63,
    "operatingProfitMargin" : 10.32,
    "operatingProfit" : 3.71,
    "netProfitMargin" : 4.56,
    "netProfit" : 1.64
  }, {
    "date" : "2005-12-31",
    "sales" : 41.25,
    "salesGrowthYoY" : null,
    "grossProfitMargin" : 57.41,
    "grossProfit" : 23.68,
    "operatingProfitMargin" : 13.72,
    "operatingProfit" : 5.66,
    "netProfitMargin" : 7.37,
    "netProfit" : 3.04
  }, {
    "date" : "2006-03-31",
    "sales" : 43.65,
    "salesGrowthYoY" : 46.08,
    "grossProfitMargin" : 64.72,
    "grossProfit" : 28.25,
    "operatingProfitMargin" : 25.45,
    "operatingProfit" : 11.11,
    "netProfitMargin" : 16.88,
    "netProfit" : 7.37
  }, {
    "date" : "2006-06-30",
    "sales" : 41.14,
    "salesGrowthYoY" : 21.39,
    "grossProfitMargin" : 66.09,
    "grossProfit" : 27.19,
    "operatingProfitMargin" : 13.20,
    "operatingProfit" : 5.43,
    "netProfitMargin" : 7.17,
    "netProfit" : 2.95
  }, {
    "date" : "2006-09-30",
    "sales" : 40.41,
    "salesGrowthYoY" : 12.41,
    "grossProfitMargin" : 62.26,
    "grossProfit" : 25.16,
    "operatingProfitMargin" : 13.71,
    "operatingProfit" : 5.54,
    "netProfitMargin" : 7.40,
    "netProfit" : 2.99
  }, {
    "date" : "2006-12-31",
    "sales" : 44.64,
    "salesGrowthYoY" : 8.22,
    "grossProfitMargin" : 57.71,
    "grossProfit" : 25.76,
    "operatingProfitMargin" : 9.90,
    "operatingProfit" : 4.42,
    "netProfitMargin" : 5.29,
    "netProfit" : 2.36
  }, {
    "date" : "2007-03-31",
    "sales" : 46.83,
    "salesGrowthYoY" : 7.29,
    "grossProfitMargin" : 58.32,
    "grossProfit" : 27.31,
    "operatingProfitMargin" : 14.41,
    "operatingProfit" : 6.75,
    "netProfitMargin" : 7.64,
    "netProfit" : 3.58
  }, {
    "date" : "2007-06-30",
    "sales" : 42.74,
    "salesGrowthYoY" : 3.89,
    "grossProfitMargin" : 63.99,
    "grossProfit" : 27.35,
    "operatingProfitMargin" : 12.63,
    "operatingProfit" : 5.40,
    "netProfitMargin" : 7.04,
    "netProfit" : 3.01
  }, {
    "date" : "2007-09-30",
    "sales" : 44.82,
    "salesGrowthYoY" : 10.91,
    "grossProfitMargin" : 65.84,
    "grossProfit" : 29.51,
    "operatingProfitMargin" : 18.25,
    "operatingProfit" : 8.18,
    "netProfitMargin" : 10.44,
    "netProfit" : 4.68
  }, {
    "date" : "2007-12-31",
    "sales" : 49.36,
    "salesGrowthYoY" : 10.57,
    "grossProfitMargin" : 66.41,
    "grossProfit" : 32.78,
    "operatingProfitMargin" : 14.81,
    "operatingProfit" : 7.31,
    "netProfitMargin" : 8.89,
    "netProfit" : 4.39
  }, {
    "date" : "2008-03-31",
    "sales" : 48.91,
    "salesGrowthYoY" : 4.44,
    "grossProfitMargin" : 69.35,
    "grossProfit" : 33.92,
    "operatingProfitMargin" : 11.94,
    "operatingProfit" : 5.84,
    "netProfitMargin" : 5.42,
    "netProfit" : 2.65
  }, {
    "date" : "2008-06-30",
    "sales" : 49.96,
    "salesGrowthYoY" : 16.89,
    "grossProfitMargin" : 64.15,
    "grossProfit" : 32.05,
    "operatingProfitMargin" : 8.57,
    "operatingProfit" : 4.28,
    "netProfitMargin" : 3.96,
    "netProfit" : 1.98
  }, {
    "date" : "2008-09-30",
    "sales" : 50.79,
    "salesGrowthYoY" : 13.32,
    "grossProfitMargin" : 54.77,
    "grossProfit" : 27.82,
    "operatingProfitMargin" : 6.69,
    "operatingProfit" : 3.40,
    "netProfitMargin" : 2.89,
    "netProfit" : 1.47
  }, {
    "date" : "2008-12-31",
    "sales" : 57.59,
    "salesGrowthYoY" : 16.67,
    "grossProfitMargin" : 52.11,
    "grossProfit" : 30.01,
    "operatingProfitMargin" : 9.64,
    "operatingProfit" : 5.55,
    "netProfitMargin" : 4.81,
    "netProfit" : 2.77
  }, {
    "date" : "2009-03-31",
    "sales" : 51.46,
    "salesGrowthYoY" : 5.21,
    "grossProfitMargin" : 60.44,
    "grossProfit" : 31.10,
    "operatingProfitMargin" : 10.84,
    "operatingProfit" : 5.58,
    "netProfitMargin" : 5.52,
    "netProfit" : 2.84
  }, {
    "date" : "2009-06-30",
    "sales" : 54.89,
    "salesGrowthYoY" : 9.87,
    "grossProfitMargin" : 55.49,
    "grossProfit" : 30.46,
    "operatingProfitMargin" : 9.13,
    "operatingProfit" : 5.01,
    "netProfitMargin" : 4.61,
    "netProfit" : 2.53
  }, {
    "date" : "2009-09-30",
    "sales" : 49.25,
    "salesGrowthYoY" : -3.03,
    "grossProfitMargin" : 54.31,
    "grossProfit" : 26.75,
    "operatingProfitMargin" : 6.96,
    "operatingProfit" : 3.43,
    "netProfitMargin" : 2.90,
    "netProfit" : 1.43
  }, {
    "date" : "2009-12-31",
    "sales" : 59.59,
    "salesGrowthYoY" : 3.47,
    "grossProfitMargin" : 52.68,
    "grossProfit" : 31.39,
    "operatingProfitMargin" : 7.32,
    "operatingProfit" : 4.36,
    "netProfitMargin" : 3.39,
    "netProfit" : 2.02
  }, {
    "date" : "2010-03-31",
    "sales" : 55.97,
    "salesGrowthYoY" : 8.76,
    "grossProfitMargin" : 52.89,
    "grossProfit" : 29.60,
    "operatingProfitMargin" : 4.98,
    "operatingProfit" : 2.79,
    "netProfitMargin" : 1.18,
    "netProfit" : 0.66
  }, {
    "date" : "2010-06-30",
    "sales" : 56.91,
    "salesGrowthYoY" : 3.68,
    "grossProfitMargin" : 59.99,
    "grossProfit" : 34.14,
    "operatingProfitMargin" : 13.53,
    "operatingProfit" : 7.70,
    "netProfitMargin" : 8.17,
    "netProfit" : 4.65
  }, {
    "date" : "2010-09-30",
    "sales" : 53.15,
    "salesGrowthYoY" : 7.92,
    "grossProfitMargin" : 66.98,
    "grossProfit" : 35.60,
    "operatingProfitMargin" : 15.82,
    "operatingProfit" : 8.41,
    "netProfitMargin" : 10.31,
    "netProfit" : 5.48
  }, {
    "date" : "2010-12-31",
    "sales" : 59.10,
    "salesGrowthYoY" : -0.82,
    "grossProfitMargin" : 58.80,
    "grossProfit" : 34.75,
    "operatingProfitMargin" : 15.57,
    "operatingProfit" : 9.20,
    "netProfitMargin" : 9.81,
    "netProfit" : 5.80
  }, {
    "date" : "2011-03-31",
    "sales" : 62.54,
    "salesGrowthYoY" : 11.74,
    "grossProfitMargin" : 65.54,
    "grossProfit" : 40.99,
    "operatingProfitMargin" : 15.48,
    "operatingProfit" : 9.68,
    "netProfitMargin" : 8.15,
    "netProfit" : 5.10
  }, {
    "date" : "2011-06-30",
    "sales" : 57.54,
    "salesGrowthYoY" : 1.11,
    "grossProfitMargin" : 62.32,
    "grossProfit" : 35.86,
    "operatingProfitMargin" : 11.49,
    "operatingProfit" : 6.61,
    "netProfitMargin" : 5.87,
    "netProfit" : 3.38
  }, {
    "date" : "2011-09-30",
    "sales" : 61.77,
    "salesGrowthYoY" : 16.22,
    "grossProfitMargin" : 59.45,
    "grossProfit" : 36.72,
    "operatingProfitMargin" : 11.12,
    "operatingProfit" : 6.87,
    "netProfitMargin" : 5.68,
    "netProfit" : 3.51
  }, {
    "date" : "2011-12-31",
    "sales" : 68.74,
    "salesGrowthYoY" : 16.31,
    "grossProfitMargin" : 54.70,
    "grossProfit" : 37.60,
    "operatingProfitMargin" : 8.57,
    "operatingProfit" : 5.89,
    "netProfitMargin" : 6.34,
    "netProfit" : 4.36
  }, {
    "date" : "2012-03-31",
    "sales" : 69.02,
    "salesGrowthYoY" : 10.36,
    "grossProfitMargin" : 57.43,
    "grossProfit" : 39.64,
    "operatingProfitMargin" : 6.98,
    "operatingProfit" : 4.82,
    "netProfitMargin" : 3.72,
    "netProfit" : 2.57
  }, {
    "date" : "2012-06-30",
    "sales" : 67.36,
    "salesGrowthYoY" : 17.07,
    "grossProfitMargin" : 58.43,
    "grossProfit" : 39.36,
    "operatingProfitMargin" : 12.26,
    "operatingProfit" : 8.26,
    "netProfitMargin" : 6.74,
    "netProfit" : 4.54
  }, {
    "date" : "2012-09-30",
    "sales" : 68.75,
    "salesGrowthYoY" : 11.30,
    "grossProfitMargin" : 51.11,
    "grossProfit" : 35.14,
    "operatingProfitMargin" : 6.87,
    "operatingProfit" : 4.72,
    "netProfitMargin" : 3.40,
    "netProfit" : 2.34
  }, {
    "date" : "2012-12-31",
    "sales" : 75.85,
    "salesGrowthYoY" : 10.34,
    "grossProfitMargin" : 14.26,
    "grossProfit" : 10.82,
    "operatingProfitMargin" : 6.21,
    "operatingProfit" : 4.71,
    "netProfitMargin" : 2.79,
    "netProfit" : 2.12
  }, {
    "date" : "2013-03-31",
    "sales" : 75.89,
    "salesGrowthYoY" : 9.95,
    "grossProfitMargin" : 53.81,
    "grossProfit" : 40.84,
    "operatingProfitMargin" : 11.21,
    "operatingProfit" : 8.51,
    "netProfitMargin" : 4.98,
    "netProfit" : 3.78
  }, {
    "date" : "2013-06-30",
    "sales" : 66.81,
    "salesGrowthYoY" : -0.82,
    "grossProfitMargin" : 59.90,
    "grossProfit" : 40.02,
    "operatingProfitMargin" : 14.26,
    "operatingProfit" : 9.53,
    "netProfitMargin" : 7.90,
    "netProfit" : 5.28
  }, {
    "date" : "2013-09-30",
    "sales" : 70.03,
    "salesGrowthYoY" : 1.86,
    "grossProfitMargin" : 56.86,
    "grossProfit" : 39.82,
    "operatingProfitMargin" : 14.34,
    "operatingProfit" : 10.04,
    "netProfitMargin" : 8.41,
    "netProfit" : 5.89
  }, {
    "date" : "2013-12-31",
    "sales" : 76.87,
    "salesGrowthYoY" : 1.34,
    "grossProfitMargin" : 54.03,
    "grossProfit" : 41.53,
    "operatingProfitMargin" : 10.76,
    "operatingProfit" : 8.27,
    "netProfitMargin" : 5.58,
    "netProfit" : 4.29
  }, {
    "date" : "2014-03-31",
    "sales" : 75.02,
    "salesGrowthYoY" : -1.15,
    "grossProfitMargin" : 62.08,
    "grossProfit" : 46.57,
    "operatingProfitMargin" : 15.56,
    "operatingProfit" : 11.67,
    "netProfitMargin" : 8.05,
    "netProfit" : 6.04
  }, {
    "date" : "2014-06-30",
    "sales" : 75.66,
    "salesGrowthYoY" : 13.25,
    "grossProfitMargin" : 54.44,
    "grossProfit" : 41.19,
    "operatingProfitMargin" : 11.74,
    "operatingProfit" : 8.88,
    "netProfitMargin" : 6.03,
    "netProfit" : 4.56
  }, {
    "date" : "2014-09-30",
    "sales" : 75.08,
    "salesGrowthYoY" : 7.21,
    "grossProfitMargin" : 51.45,
    "grossProfit" : 38.63,
    "operatingProfitMargin" : 7.58,
    "operatingProfit" : 5.69,
    "netProfitMargin" : 3.10,
    "netProfit" : 2.33
  }, {
    "date" : "2014-12-31",
    "sales" : 78.77,
    "salesGrowthYoY" : 2.47,
    "grossProfitMargin" : 52.35,
    "grossProfit" : 41.24,
    "operatingProfitMargin" : 10.64,
    "operatingProfit" : 8.38,
    "netProfitMargin" : 7.68,
    "netProfit" : 6.05
  }, {
    "date" : "2015-03-31",
    "sales" : 77.92,
    "salesGrowthYoY" : 3.87,
    "grossProfitMargin" : 61.28,
    "grossProfit" : 47.75,
    "operatingProfitMargin" : 15.91,
    "operatingProfit" : 12.40,
    "netProfitMargin" : 7.34,
    "netProfit" : 5.72
  }, {
    "date" : "2015-06-30",
    "sales" : 81.22,
    "salesGrowthYoY" : 7.35,
    "grossProfitMargin" : 65.91,
    "grossProfit" : 53.53,
    "operatingProfitMargin" : 26.31,
    "operatingProfit" : 21.37,
    "netProfitMargin" : 19.56,
    "netProfit" : 15.89
  }, {
    "date" : "2015-09-30",
    "sales" : 93.78,
    "salesGrowthYoY" : 24.91,
    "grossProfitMargin" : 64.53,
    "grossProfit" : 60.52,
    "operatingProfitMargin" : 19.31,
    "operatingProfit" : 18.11,
    "netProfitMargin" : 10.06,
    "netProfit" : 9.43
  }, {
    "date" : "2015-12-31",
    "sales" : 92.94,
    "salesGrowthYoY" : 17.99,
    "grossProfitMargin" : 63.80,
    "grossProfit" : 59.30,
    "operatingProfitMargin" : 25.63,
    "operatingProfit" : 23.82,
    "netProfitMargin" : 16.75,
    "netProfit" : 15.57
  }, {
    "date" : "2016-03-31",
    "sales" : 91.70,
    "salesGrowthYoY" : 17.68,
    "grossProfitMargin" : 37.22,
    "grossProfit" : 34.13,
    "operatingProfitMargin" : 24.55,
    "operatingProfit" : 22.51,
    "netProfitMargin" : 16.56,
    "netProfit" : 15.19
  }, {
    "date" : "2016-06-30",
    "sales" : 89.05,
    "salesGrowthYoY" : 9.64,
    "grossProfitMargin" : 31.97,
    "grossProfit" : 28.47,
    "operatingProfitMargin" : 22.35,
    "operatingProfit" : 19.90,
    "netProfitMargin" : 14.13,
    "netProfit" : 12.58
  }, {
    "date" : "2016-09-30",
    "sales" : 87.69,
    "salesGrowthYoY" : -6.49,
    "grossProfitMargin" : 29.73,
    "grossProfit" : 26.07,
    "operatingProfitMargin" : 19.51,
    "operatingProfit" : 17.11,
    "netProfitMargin" : 12.68,
    "netProfit" : 11.12
  }, {
    "date" : "2016-12-31",
    "sales" : 97.55,
    "salesGrowthYoY" : 4.96,
    "grossProfitMargin" : 25.29,
    "grossProfit" : 24.67,
    "operatingProfitMargin" : 15.90,
    "operatingProfit" : 15.51,
    "netProfitMargin" : 10.15,
    "netProfit" : 9.90
  }, {
    "date" : "2017-03-31",
    "sales" : 101.04,
    "salesGrowthYoY" : 10.19,
    "grossProfitMargin" : 26.44,
    "grossProfit" : 26.71,
    "operatingProfitMargin" : 16.35,
    "operatingProfit" : 16.52,
    "netProfitMargin" : 10.21,
    "netProfit" : 10.32
  }, {
    "date" : "2017-06-30",
    "sales" : 94.50,
    "salesGrowthYoY" : 6.12,
    "grossProfitMargin" : 25.65,
    "grossProfit" : 24.24,
    "operatingProfitMargin" : 16.39,
    "operatingProfit" : 15.49,
    "netProfitMargin" : 10.79,
    "netProfit" : 10.20
  }, {
    "date" : "2017-09-30",
    "sales" : 101.27,
    "salesGrowthYoY" : 15.49,
    "grossProfitMargin" : 34.04,
    "grossProfit" : 34.47,
    "operatingProfitMargin" : 24.56,
    "operatingProfit" : 24.87,
    "netProfitMargin" : 15.53,
    "netProfit" : 15.73
  }, {
    "date" : "2017-12-31",
    "sales" : 117.90,
    "salesGrowthYoY" : 20.86,
    "grossProfitMargin" : 35.88,
    "grossProfit" : 42.30,
    "operatingProfitMargin" : 28.91,
    "operatingProfit" : 34.08,
    "netProfitMargin" : 18.91,
    "netProfit" : 22.29
  }, {
    "date" : "2018-03-31",
    "sales" : 112.33,
    "salesGrowthYoY" : 11.17,
    "grossProfitMargin" : 39.00,
    "grossProfit" : 43.81,
    "operatingProfitMargin" : 29.61,
    "operatingProfit" : 33.26,
    "netProfitMargin" : 21.96,
    "netProfit" : 24.67
  }, {
    "date" : "2018-06-30",
    "sales" : 110.39,
    "salesGrowthYoY" : 16.81,
    "grossProfitMargin" : 39.02,
    "grossProfit" : 43.07,
    "operatingProfitMargin" : 30.66,
    "operatingProfit" : 33.85,
    "netProfitMargin" : 20.10,
    "netProfit" : 22.19
  }, {
    "date" : "2018-09-30",
    "sales" : 111.79,
    "salesGrowthYoY" : 10.39,
    "grossProfitMargin" : 35.44,
    "grossProfit" : 39.62,
    "operatingProfitMargin" : 27.16,
    "operatingProfit" : 30.36,
    "netProfitMargin" : 17.37,
    "netProfit" : 19.42
  }, {
    "date" : "2018-12-31",
    "sales" : 124.58,
    "salesGrowthYoY" : 5.67,
    "grossProfitMargin" : 28.02,
    "grossProfit" : 34.91,
    "operatingProfitMargin" : 19.96,
    "operatingProfit" : 24.87,
    "netProfitMargin" : 13.41,
    "netProfit" : 16.71
  }, {
    "date" : "2019-03-31",
    "sales" : 117.37,
    "salesGrowthYoY" : 4.49,
    "grossProfitMargin" : 33.50,
    "grossProfit" : 39.32,
    "operatingProfitMargin" : 23.79,
    "operatingProfit" : 27.92,
    "netProfitMargin" : 20.72,
    "netProfit" : 24.32
  }, {
    "date" : "2019-06-30",
    "sales" : 118.63,
    "salesGrowthYoY" : 7.46,
    "grossProfitMargin" : 30.35,
    "grossProfit" : 36.00,
    "operatingProfitMargin" : 21.76,
    "operatingProfit" : 25.81,
    "netProfitMargin" : 13.71,
    "netProfit" : 16.26
  }, {
    "date" : "2019-09-30",
    "sales" : 121.40,
    "salesGrowthYoY" : 8.60,
    "grossProfitMargin" : 28.28,
    "grossProfit" : 34.33,
    "operatingProfitMargin" : 19.98,
    "operatingProfit" : 24.26,
    "netProfitMargin" : 16.35,
    "netProfit" : 19.85
  }, {
    "date" : "2019-12-31",
    "sales" : 119.74,
    "salesGrowthYoY" : -3.89,
    "grossProfitMargin" : 24.95,
    "grossProfit" : 29.88,
    "operatingProfitMargin" : 16.64,
    "operatingProfit" : 19.92,
    "netProfitMargin" : 11.68,
    "netProfit" : 13.99
  }, {
    "date" : "2020-03-31",
    "sales" : 108.98,
    "salesGrowthYoY" : -7.15,
    "grossProfitMargin" : 27.47,
    "grossProfit" : 29.94,
    "operatingProfitMargin" : 17.27,
    "operatingProfit" : 18.82,
    "netProfitMargin" : 16.30,
    "netProfit" : 17.76
  }, {
    "date" : "2020-06-30",
    "sales" : 27.87,
    "salesGrowthYoY" : -76.51,
    "grossProfitMargin" : 33.98,
    "grossProfit" : 9.47,
    "operatingProfitMargin" : 17.80,
    "operatingProfit" : 4.96,
    "netProfitMargin" : 8.72,
    "netProfit" : 2.43
  }, {
    "date" : "2020-09-30",
    "sales" : 72.61,
    "salesGrowthYoY" : -40.19,
    "grossProfitMargin" : 31.25,
    "grossProfit" : 22.69,
    "operatingProfitMargin" : 21.00,
    "operatingProfit" : 15.25,
    "netProfitMargin" : 15.44,
    "netProfit" : 11.21
  }, {
    "date" : "2020-12-31",
    "sales" : 112.06,
    "salesGrowthYoY" : -6.41,
    "grossProfitMargin" : 36.43,
    "grossProfit" : 40.82,
    "operatingProfitMargin" : 24.72,
    "operatingProfit" : 27.70,
    "netProfitMargin" : 18.84,
    "netProfit" : 21.11
  }, {
    "date" : "2021-03-31",
    "sales" : 127.70,
    "salesGrowthYoY" : 17.18,
    "grossProfitMargin" : 27.97,
    "grossProfit" : 35.72,
    "operatingProfitMargin" : 21.56,
    "operatingProfit" : 27.53,
    "netProfitMargin" : 35.51,
    "netProfit" : 45.35
  }, {
    "date" : "2021-06-30",
    "sales" : 69.70,
    "salesGrowthYoY" : 150.09,
    "grossProfitMargin" : 33.64,
    "grossProfit" : 23.45,
    "operatingProfitMargin" : 23.52,
    "operatingProfit" : 16.39,
    "netProfitMargin" : 16.70,
    "netProfit" : 11.64
  }, {
    "date" : "2021-09-30",
    "sales" : 115.95,
    "salesGrowthYoY" : 59.69,
    "grossProfitMargin" : 32.24,
    "grossProfit" : 37.38,
    "operatingProfitMargin" : 25.17,
    "operatingProfit" : 29.18,
    "netProfitMargin" : 18.84,
    "netProfit" : 21.84
  }, {
    "date" : "2021-12-31",
    "sales" : 130.88,
    "salesGrowthYoY" : 16.79,
    "grossProfitMargin" : 27.70,
    "grossProfit" : 36.25,
    "operatingProfitMargin" : 20.63,
    "operatingProfit" : 27.00,
    "netProfitMargin" : 15.12,
    "netProfit" : 19.79
  }, {
    "date" : "2022-03-31",
    "sales" : 142.03,
    "salesGrowthYoY" : 11.22,
    "grossProfitMargin" : 22.82,
    "grossProfit" : 32.41,
    "operatingProfitMargin" : 16.24,
    "operatingProfit" : 23.07,
    "netProfitMargin" : 28.22,
    "netProfit" : 40.08
  }, {
    "date" : "2022-06-30",
    "sales" : 142.02,
    "salesGrowthYoY" : 103.76,
    "grossProfitMargin" : 22.28,
    "grossProfit" : 31.64,
    "operatingProfitMargin" : 15.26,
    "operatingProfit" : 21.67,
    "netProfitMargin" : 11.38,
    "netProfit" : 16.16
  }, {
    "date" : "2022-09-30",
    "sales" : 141.86,
    "salesGrowthYoY" : 22.35,
    "grossProfitMargin" : 28.87,
    "grossProfit" : 40.95,
    "operatingProfitMargin" : 21.73,
    "operatingProfit" : 30.83,
    "netProfitMargin" : 15.99,
    "netProfit" : 22.68
  }, {
    "date" : "2022-12-31",
    "sales" : 153.66,
    "salesGrowthYoY" : 17.41,
    "grossProfitMargin" : 29.02,
    "grossProfit" : 44.59,
    "operatingProfitMargin" : 21.59,
    "operatingProfit" : 33.18,
    "netProfitMargin" : 16.87,
    "netProfit" : 25.92
  }, {
    "date" : "2023-03-31",
    "sales" : 155.97,
    "salesGrowthYoY" : 9.81,
    "grossProfitMargin" : 27.13,
    "grossProfit" : 42.31,
    "operatingProfitMargin" : 20.08,
    "operatingProfit" : 31.32,
    "netProfitMargin" : 22.50,
    "netProfit" : 35.09
  }, {
    "date" : "2023-06-30",
    "sales" : 146.86,
    "salesGrowthYoY" : 3.41,
    "grossProfitMargin" : 26.04,
    "grossProfit" : 38.24,
    "operatingProfitMargin" : 18.43,
    "operatingProfit" : 27.07,
    "netProfitMargin" : 13.56,
    "netProfit" : 19.91
  }, {
    "date" : "2023-09-30",
    "sales" : 151.57,
    "salesGrowthYoY" : 6.84,
    "grossProfitMargin" : 26.61,
    "grossProfit" : 40.33,
    "operatingProfitMargin" : 19.61,
    "operatingProfit" : 29.72,
    "netProfitMargin" : 14.76,
    "netProfit" : 22.37
  }, {
    "date" : "2023-12-31",
    "sales" : 156.95,
    "salesGrowthYoY" : 2.14,
    "grossProfitMargin" : 24.03,
    "grossProfit" : 37.72,
    "operatingProfitMargin" : 16.18,
    "operatingProfit" : 25.39,
    "netProfitMargin" : 14.40,
    "netProfit" : 22.60
  }, {
    "date" : "2024-03-31",
    "sales" : 159.85,
    "salesGrowthYoY" : 2.49,
    "grossProfitMargin" : 23.92,
    "grossProfit" : 38.24,
    "operatingProfitMargin" : 15.77,
    "operatingProfit" : 25.21,
    "netProfitMargin" : 54.20,
    "netProfit" : 86.64
  }, {
    "date" : "2024-06-30",
    "sales" : 152.40,
    "salesGrowthYoY" : 3.77,
    "grossProfitMargin" : 27.45,
    "grossProfit" : 41.83,
    "operatingProfitMargin" : 20.64,
    "operatingProfit" : 31.46,
    "netProfitMargin" : 16.36,
    "netProfit" : 24.93
  }, {
    "date" : "2024-09-30",
    "sales" : 149.00,
    "salesGrowthYoY" : -1.70,
    "grossProfitMargin" : 26.40,
    "grossProfit" : 39.34,
    "operatingProfitMargin" : 18.47,
    "operatingProfit" : 27.52,
    "netProfitMargin" : 14.54,
    "netProfit" : 21.66
  }, {
    "date" : "2024-12-31",
    "sales" : 165.84,
    "salesGrowthYoY" : 5.66,
    "grossProfitMargin" : 26.14,
    "grossProfit" : 43.35,
    "operatingProfitMargin" : 18.05,
    "operatingProfit" : 29.93,
    "netProfitMargin" : 13.25,
    "netProfit" : 21.97
  }, {
    "date" : "2025-03-31",
    "sales" : 169.33,
    "salesGrowthYoY" : 5.93,
    "grossProfitMargin" : 24.53,
    "grossProfit" : 41.54,
    "operatingProfitMargin" : 16.96,
    "operatingProfit" : 28.72,
    "netProfitMargin" : 35.71,
    "netProfit" : 60.47
  }, {
    "date" : "2025-06-30",
    "sales" : 162.86,
    "salesGrowthYoY" : 6.86,
    "grossProfitMargin" : 25.99,
    "grossProfit" : 42.33,
    "operatingProfitMargin" : 18.97,
    "operatingProfit" : 30.89,
    "netProfitMargin" : 15.88,
    "netProfit" : 25.86
  }, {
    "date" : "2025-09-30",
    "sales" : 180.52,
    "salesGrowthYoY" : 21.15,
    "grossProfitMargin" : 31.06,
    "grossProfit" : 56.07,
    "operatingProfitMargin" : 24.82,
    "operatingProfit" : 44.81,
    "netProfitMargin" : 19.33,
    "netProfit" : 34.89
  }, {
    "date" : "2025-12-31",
    "sales" : 202.14,
    "salesGrowthYoY" : 21.89,
    "grossProfitMargin" : 32.97,
    "grossProfit" : 66.65,
    "operatingProfitMargin" : 26.01,
    "operatingProfit" : 52.58,
    "netProfitMargin" : 20.78,
    "netProfit" : 42.00
  } ],
  "latestQuarterlyResult" : {
    "date" : "2025-12-31",
    "sales" : 202.14,
    "salesGrowthYoY" : 21.89,
    "grossProfitMargin" : 32.97,
    "grossProfit" : 66.65,
    "operatingProfitMargin" : 26.01,
    "operatingProfit" : 52.58,
    "netProfitMargin" : 20.78,
    "netProfit" : 42.00
  },
  "companyScore" : {
    "priceHigherThanDma50" : 5.00,
    "priceHigherThanDma100" : 5.00,
    "priceHigherThanDma200" : 5.00,
    "dma50HigherThanDma100" : 5.00,
    "dma50HigherThanDma200" : 5.00,
    "dma100HigherThanDma200" : 5.00,
    "pricePercentageAboveDma50" : 4.91,
    "pricePercentageAboveDma100" : 4.87,
    "pricePercentageAboveDma200" : 4.26,
    "weeklyVolumeHigherThanYearlyVolume" : 0.00,
    "salesGrowthPercentile" : 18.50,
    "operatingProfitMarginPercentile" : 18.81,
    "netProfitMarginPercentile" : 9.29,
    "totalTechnicalScore" : 44.04,
    "totalFundamentalScore" : 46.60,
    "totalScore" : 90.63
  }
}