{
  "metadata" : {
    "screenerCompanyId" : "1244",
    "companyCode" : "GNFC",
    "companyName" : "G N F C",
    "screenerCompanyLink" : "https://www.screener.in/company/GNFC/consolidated/",
    "screenerTechnicalHistoryLink" : "https://www.screener.in/api/company/1244/chart/?q=Price-DMA50-DMA200-Volume&days=365",
    "screenerQuarterlyResultsLink" : "https://www.screener.in/api/company/1244/chart/?q=GPM-OPM-NPM-Quarter+Sales&days=10000",
    "attributes" : {
      "companyCode" : "GNFC",
      "companyName" : "G N F C",
      "marketCap" : 7177.00,
      "peRatio" : 11.30,
      "description" : "Gujarat Narmada Valley Fertilizers & Chemicals Limited (GNFC), is a joint sector enterprise promoted by the Gujarat State Investments Limited (GSIL), a Government of Gujarat undertaking, and the Gujarat State Fertilizers & Chemicals Ltd.(GSFC). The company was set up in Bharuch in 1976 while its manufacturing and marketing operations were started in 1982. The company operates businesses mainly in the Industrial Chemicals, Fertilizers apart from the small presence of IT services. In the chemical segment, it has a product portfolio of various bulk chemicals that are used in industries for manufacturing various specialty chemicals as well as end products."
    },
    "companyScore" : {
      "priceHigherThanDma50" : 0.00,
      "priceHigherThanDma100" : 0.00,
      "priceHigherThanDma200" : 0.00,
      "dma50HigherThanDma100" : 0.00,
      "dma50HigherThanDma200" : 0.00,
      "dma100HigherThanDma200" : 0.00,
      "pricePercentageAboveDma50" : 5.10,
      "pricePercentageAboveDma100" : 5.17,
      "pricePercentageAboveDma200" : 5.32,
      "weeklyVolumeHigherThanYearlyVolume" : 0.00,
      "salesGrowthPercentile" : 8.35,
      "operatingProfitMarginPercentile" : 9.52,
      "netProfitMarginPercentile" : 5.54,
      "totalTechnicalScore" : 15.59,
      "totalFundamentalScore" : 23.42,
      "totalScore" : 39.01
    }
  },
  "attributes" : {
    "companyCode" : "GNFC",
    "companyName" : "G N F C",
    "marketCap" : 7177.00,
    "peRatio" : 11.30,
    "description" : "Gujarat Narmada Valley Fertilizers & Chemicals Limited (GNFC), is a joint sector enterprise promoted by the Gujarat State Investments Limited (GSIL), a Government of Gujarat undertaking, and the Gujarat State Fertilizers & Chemicals Ltd.(GSFC). The company was set up in Bharuch in 1976 while its manufacturing and marketing operations were started in 1982. The company operates businesses mainly in the Industrial Chemicals, Fertilizers apart from the small presence of IT services. In the chemical segment, it has a product portfolio of various bulk chemicals that are used in industries for manufacturing various specialty chemicals as well as end products."
  },
  "technicalHistory" : [ {
    "date" : "2024-12-23",
    "price" : 580.25,
    "dma50" : 618.08,
    "dma100" : null,
    "dma200" : 647.17,
    "volume" : 455279.00
  }, {
    "date" : "2024-12-24",
    "price" : 582.50,
    "dma50" : 616.69,
    "dma100" : null,
    "dma200" : 646.52,
    "volume" : 574770.00
  }, {
    "date" : "2024-12-26",
    "price" : 575.50,
    "dma50" : 615.07,
    "dma100" : null,
    "dma200" : 645.82,
    "volume" : 450228.00
  }, {
    "date" : "2024-12-27",
    "price" : 571.55,
    "dma50" : 613.36,
    "dma100" : null,
    "dma200" : 645.08,
    "volume" : 280897.00
  }, {
    "date" : "2024-12-30",
    "price" : 553.60,
    "dma50" : 611.02,
    "dma100" : null,
    "dma200" : 644.17,
    "volume" : 963338.00
  }, {
    "date" : "2024-12-31",
    "price" : 559.00,
    "dma50" : 608.98,
    "dma100" : null,
    "dma200" : 643.32,
    "volume" : 520992.00
  }, {
    "date" : "2025-01-01",
    "price" : 565.95,
    "dma50" : 607.29,
    "dma100" : null,
    "dma200" : 642.55,
    "volume" : 370387.00
  }, {
    "date" : "2025-01-02",
    "price" : 574.35,
    "dma50" : 606.00,
    "dma100" : null,
    "dma200" : 641.87,
    "volume" : 573915.00
  }, {
    "date" : "2025-01-03",
    "price" : 567.00,
    "dma50" : 604.47,
    "dma100" : null,
    "dma200" : 641.13,
    "volume" : 269604.00
  }, {
    "date" : "2025-01-06",
    "price" : 537.40,
    "dma50" : 601.84,
    "dma100" : null,
    "dma200" : 640.09,
    "volume" : 1058734.00
  }, {
    "date" : "2025-01-07",
    "price" : 554.45,
    "dma50" : 599.98,
    "dma100" : null,
    "dma200" : 639.24,
    "volume" : 473430.00
  }, {
    "date" : "2025-01-08",
    "price" : 557.30,
    "dma50" : 598.31,
    "dma100" : null,
    "dma200" : 638.43,
    "volume" : 851669.00
  }, {
    "date" : "2025-01-09",
    "price" : 569.95,
    "dma50" : 597.20,
    "dma100" : null,
    "dma200" : 637.74,
    "volume" : 1025712.00
  }, {
    "date" : "2025-01-10",
    "price" : 546.40,
    "dma50" : 595.20,
    "dma100" : null,
    "dma200" : 636.84,
    "volume" : 804005.00
  }, {
    "date" : "2025-01-13",
    "price" : 521.25,
    "dma50" : 592.30,
    "dma100" : null,
    "dma200" : 635.69,
    "volume" : 778462.00
  }, {
    "date" : "2025-01-14",
    "price" : 535.15,
    "dma50" : 590.06,
    "dma100" : null,
    "dma200" : 634.68,
    "volume" : 339913.00
  }, {
    "date" : "2025-01-15",
    "price" : 533.30,
    "dma50" : 587.84,
    "dma100" : null,
    "dma200" : 633.68,
    "volume" : 300309.00
  }, {
    "date" : "2025-01-16",
    "price" : 551.15,
    "dma50" : 586.40,
    "dma100" : null,
    "dma200" : 632.85,
    "volume" : 601034.00
  }, {
    "date" : "2025-01-17",
    "price" : 563.15,
    "dma50" : 585.49,
    "dma100" : null,
    "dma200" : 632.16,
    "volume" : 646663.00
  }, {
    "date" : "2025-01-20",
    "price" : 561.20,
    "dma50" : 584.53,
    "dma100" : null,
    "dma200" : 631.46,
    "volume" : 171188.00
  }, {
    "date" : "2025-01-21",
    "price" : 556.10,
    "dma50" : 583.42,
    "dma100" : null,
    "dma200" : 630.71,
    "volume" : 336961.00
  }, {
    "date" : "2025-01-22",
    "price" : 549.25,
    "dma50" : 582.08,
    "dma100" : null,
    "dma200" : 629.89,
    "volume" : 543578.00
  }, {
    "date" : "2025-01-23",
    "price" : 560.90,
    "dma50" : 581.25,
    "dma100" : null,
    "dma200" : 629.21,
    "volume" : 344810.00
  }, {
    "date" : "2025-01-24",
    "price" : 556.45,
    "dma50" : 580.28,
    "dma100" : null,
    "dma200" : 628.48,
    "volume" : 604268.00
  }, {
    "date" : "2025-01-27",
    "price" : 535.45,
    "dma50" : 578.52,
    "dma100" : null,
    "dma200" : 627.56,
    "volume" : 452345.00
  }, {
    "date" : "2025-01-28",
    "price" : 524.25,
    "dma50" : 576.39,
    "dma100" : null,
    "dma200" : 626.53,
    "volume" : 647386.00
  }, {
    "date" : "2025-01-29",
    "price" : 548.55,
    "dma50" : 575.30,
    "dma100" : null,
    "dma200" : 625.75,
    "volume" : 448119.00
  }, {
    "date" : "2025-01-30",
    "price" : 545.60,
    "dma50" : 574.13,
    "dma100" : null,
    "dma200" : 624.96,
    "volume" : 418712.00
  }, {
    "date" : "2025-01-31",
    "price" : 554.45,
    "dma50" : 573.36,
    "dma100" : null,
    "dma200" : 624.26,
    "volume" : 519807.00
  }, {
    "date" : "2025-02-01",
    "price" : 553.75,
    "dma50" : 572.59,
    "dma100" : null,
    "dma200" : 623.55,
    "volume" : 693078.00
  }, {
    "date" : "2025-02-03",
    "price" : 556.55,
    "dma50" : 571.96,
    "dma100" : null,
    "dma200" : 622.89,
    "volume" : 430253.00
  }, {
    "date" : "2025-02-04",
    "price" : 577.00,
    "dma50" : 572.16,
    "dma100" : null,
    "dma200" : 622.43,
    "volume" : 935647.00
  }, {
    "date" : "2025-02-05",
    "price" : 579.55,
    "dma50" : 572.45,
    "dma100" : null,
    "dma200" : 622.00,
    "volume" : 413691.00
  }, {
    "date" : "2025-02-06",
    "price" : 575.55,
    "dma50" : 572.57,
    "dma100" : null,
    "dma200" : 621.54,
    "volume" : 268617.00
  }, {
    "date" : "2025-02-07",
    "price" : 576.65,
    "dma50" : 572.73,
    "dma100" : null,
    "dma200" : 621.10,
    "volume" : 320877.00
  }, {
    "date" : "2025-02-10",
    "price" : 574.00,
    "dma50" : 572.78,
    "dma100" : null,
    "dma200" : 620.63,
    "volume" : 552880.00
  }, {
    "date" : "2025-02-11",
    "price" : 561.55,
    "dma50" : 572.34,
    "dma100" : null,
    "dma200" : 620.04,
    "volume" : 709110.00
  }, {
    "date" : "2025-02-12",
    "price" : 559.45,
    "dma50" : 571.84,
    "dma100" : null,
    "dma200" : 619.44,
    "volume" : 835718.00
  }, {
    "date" : "2025-02-13",
    "price" : 571.70,
    "dma50" : 571.83,
    "dma100" : null,
    "dma200" : 618.96,
    "volume" : 598047.00
  }, {
    "date" : "2025-02-14",
    "price" : 551.80,
    "dma50" : 571.05,
    "dma100" : null,
    "dma200" : 618.29,
    "volume" : 736770.00
  }, {
    "date" : "2025-02-17",
    "price" : 557.10,
    "dma50" : 570.50,
    "dma100" : null,
    "dma200" : 617.68,
    "volume" : 1535112.00
  }, {
    "date" : "2025-02-18",
    "price" : 545.25,
    "dma50" : 569.51,
    "dma100" : null,
    "dma200" : 616.96,
    "volume" : 543529.00
  }, {
    "date" : "2025-02-19",
    "price" : 545.25,
    "dma50" : 568.56,
    "dma100" : null,
    "dma200" : 616.25,
    "volume" : 463741.00
  }, {
    "date" : "2025-02-20",
    "price" : 551.15,
    "dma50" : 567.87,
    "dma100" : null,
    "dma200" : 615.60,
    "volume" : 322950.00
  }, {
    "date" : "2025-02-21",
    "price" : 543.65,
    "dma50" : 566.92,
    "dma100" : null,
    "dma200" : 614.89,
    "volume" : 626206.00
  }, {
    "date" : "2025-02-24",
    "price" : 543.75,
    "dma50" : 566.02,
    "dma100" : null,
    "dma200" : 614.18,
    "volume" : 337119.00
  }, {
    "date" : "2025-02-25",
    "price" : 543.90,
    "dma50" : 565.15,
    "dma100" : null,
    "dma200" : 613.48,
    "volume" : 409842.00
  }, {
    "date" : "2025-02-27",
    "price" : 489.40,
    "dma50" : 562.18,
    "dma100" : null,
    "dma200" : 612.24,
    "volume" : 3499736.00
  }, {
    "date" : "2025-02-28",
    "price" : 468.85,
    "dma50" : 558.52,
    "dma100" : null,
    "dma200" : 610.82,
    "volume" : 938500.00
  }, {
    "date" : "2025-03-03",
    "price" : 470.55,
    "dma50" : 555.07,
    "dma100" : null,
    "dma200" : 609.42,
    "volume" : 957425.00
  }, {
    "date" : "2025-03-04",
    "price" : 485.70,
    "dma50" : 552.35,
    "dma100" : null,
    "dma200" : 608.19,
    "volume" : 714020.00
  }, {
    "date" : "2025-03-05",
    "price" : 495.05,
    "dma50" : 550.10,
    "dma100" : null,
    "dma200" : 607.06,
    "volume" : 358326.00
  }, {
    "date" : "2025-03-06",
    "price" : 500.30,
    "dma50" : 548.15,
    "dma100" : null,
    "dma200" : 606.00,
    "volume" : 360867.00
  }, {
    "date" : "2025-03-07",
    "price" : 502.45,
    "dma50" : 546.36,
    "dma100" : null,
    "dma200" : 604.97,
    "volume" : 360680.00
  }, {
    "date" : "2025-03-10",
    "price" : 501.85,
    "dma50" : 544.61,
    "dma100" : null,
    "dma200" : 603.95,
    "volume" : 563732.00
  }, {
    "date" : "2025-03-11",
    "price" : 493.80,
    "dma50" : 542.62,
    "dma100" : null,
    "dma200" : 602.85,
    "volume" : 366696.00
  }, {
    "date" : "2025-03-12",
    "price" : 491.10,
    "dma50" : 540.60,
    "dma100" : null,
    "dma200" : 601.74,
    "volume" : 326883.00
  }, {
    "date" : "2025-03-13",
    "price" : 482.40,
    "dma50" : 538.32,
    "dma100" : null,
    "dma200" : 600.55,
    "volume" : 234713.00
  }, {
    "date" : "2025-03-17",
    "price" : 473.55,
    "dma50" : 535.78,
    "dma100" : null,
    "dma200" : 599.29,
    "volume" : 310307.00
  }, {
    "date" : "2025-03-18",
    "price" : 481.25,
    "dma50" : 533.64,
    "dma100" : null,
    "dma200" : 598.11,
    "volume" : 312581.00
  }, {
    "date" : "2025-03-19",
    "price" : 485.70,
    "dma50" : 531.76,
    "dma100" : null,
    "dma200" : 596.99,
    "volume" : 451164.00
  }, {
    "date" : "2025-03-20",
    "price" : 496.00,
    "dma50" : 530.36,
    "dma100" : null,
    "dma200" : 595.99,
    "volume" : 529492.00
  }, {
    "date" : "2025-03-21",
    "price" : 491.00,
    "dma50" : 528.81,
    "dma100" : null,
    "dma200" : 594.94,
    "volume" : 600901.00
  }, {
    "date" : "2025-03-24",
    "price" : 498.50,
    "dma50" : 527.62,
    "dma100" : null,
    "dma200" : 593.98,
    "volume" : 649143.00
  }, {
    "date" : "2025-03-25",
    "price" : 492.00,
    "dma50" : 526.23,
    "dma100" : null,
    "dma200" : 592.97,
    "volume" : 1100662.00
  }, {
    "date" : "2025-03-26",
    "price" : 496.05,
    "dma50" : 525.04,
    "dma100" : null,
    "dma200" : 592.01,
    "volume" : 769158.00
  }, {
    "date" : "2025-03-27",
    "price" : 504.85,
    "dma50" : 524.25,
    "dma100" : null,
    "dma200" : 591.14,
    "volume" : 987039.00
  }, {
    "date" : "2025-03-28",
    "price" : 496.45,
    "dma50" : 523.16,
    "dma100" : null,
    "dma200" : 590.20,
    "volume" : 709462.00
  }, {
    "date" : "2025-04-01",
    "price" : 494.25,
    "dma50" : 522.03,
    "dma100" : null,
    "dma200" : 589.24,
    "volume" : 276078.00
  }, {
    "date" : "2025-04-02",
    "price" : 500.40,
    "dma50" : 521.18,
    "dma100" : null,
    "dma200" : 588.36,
    "volume" : 263229.00
  }, {
    "date" : "2025-04-03",
    "price" : 504.30,
    "dma50" : 520.52,
    "dma100" : null,
    "dma200" : 587.52,
    "volume" : 264228.00
  }, {
    "date" : "2025-04-04",
    "price" : 491.45,
    "dma50" : 519.38,
    "dma100" : null,
    "dma200" : 586.57,
    "volume" : 286692.00
  }, {
    "date" : "2025-04-07",
    "price" : 469.60,
    "dma50" : 517.42,
    "dma100" : null,
    "dma200" : 585.40,
    "volume" : 483251.00
  }, {
    "date" : "2025-04-08",
    "price" : 480.30,
    "dma50" : 515.97,
    "dma100" : null,
    "dma200" : 584.36,
    "volume" : 194654.00
  }, {
    "date" : "2025-04-09",
    "price" : 476.20,
    "dma50" : 514.41,
    "dma100" : null,
    "dma200" : 583.28,
    "volume" : 106279.00
  }, {
    "date" : "2025-04-11",
    "price" : 480.80,
    "dma50" : 513.09,
    "dma100" : null,
    "dma200" : 582.26,
    "volume" : 284508.00
  }, {
    "date" : "2025-04-15",
    "price" : 491.25,
    "dma50" : 512.23,
    "dma100" : null,
    "dma200" : 581.35,
    "volume" : 428438.00
  }, {
    "date" : "2025-04-16",
    "price" : 495.60,
    "dma50" : 511.58,
    "dma100" : null,
    "dma200" : 580.50,
    "volume" : 311503.00
  }, {
    "date" : "2025-04-17",
    "price" : 507.10,
    "dma50" : 511.41,
    "dma100" : null,
    "dma200" : 579.77,
    "volume" : 1809583.00
  }, {
    "date" : "2025-04-21",
    "price" : 507.65,
    "dma50" : 511.26,
    "dma100" : null,
    "dma200" : 579.05,
    "volume" : 840196.00
  }, {
    "date" : "2025-04-22",
    "price" : 514.30,
    "dma50" : 511.38,
    "dma100" : null,
    "dma200" : 578.41,
    "volume" : 1182566.00
  }, {
    "date" : "2025-04-23",
    "price" : 505.60,
    "dma50" : 511.15,
    "dma100" : null,
    "dma200" : 577.68,
    "volume" : 674565.00
  }, {
    "date" : "2025-04-24",
    "price" : 510.10,
    "dma50" : 511.11,
    "dma100" : null,
    "dma200" : 577.01,
    "volume" : 417147.00
  }, {
    "date" : "2025-04-25",
    "price" : 487.60,
    "dma50" : 510.19,
    "dma100" : null,
    "dma200" : 576.12,
    "volume" : 758723.00
  }, {
    "date" : "2025-04-28",
    "price" : 495.20,
    "dma50" : 509.60,
    "dma100" : null,
    "dma200" : 575.32,
    "volume" : 332695.00
  }, {
    "date" : "2025-04-29",
    "price" : 497.80,
    "dma50" : 509.14,
    "dma100" : null,
    "dma200" : 574.55,
    "volume" : 308479.00
  }, {
    "date" : "2025-04-30",
    "price" : 486.35,
    "dma50" : 508.24,
    "dma100" : null,
    "dma200" : 573.67,
    "volume" : 333108.00
  }, {
    "date" : "2025-05-02",
    "price" : 486.55,
    "dma50" : 507.39,
    "dma100" : null,
    "dma200" : 572.80,
    "volume" : 223877.00
  }, {
    "date" : "2025-05-05",
    "price" : 486.60,
    "dma50" : 506.58,
    "dma100" : null,
    "dma200" : 571.94,
    "volume" : 225761.00
  }, {
    "date" : "2025-05-06",
    "price" : 490.35,
    "dma50" : 505.94,
    "dma100" : null,
    "dma200" : 571.13,
    "volume" : 424480.00
  }, {
    "date" : "2025-05-07",
    "price" : 492.75,
    "dma50" : 505.42,
    "dma100" : null,
    "dma200" : 570.35,
    "volume" : 393325.00
  }, {
    "date" : "2025-05-08",
    "price" : 480.10,
    "dma50" : 504.43,
    "dma100" : null,
    "dma200" : 569.45,
    "volume" : 322121.00
  }, {
    "date" : "2025-05-09",
    "price" : 466.35,
    "dma50" : 502.94,
    "dma100" : null,
    "dma200" : 568.43,
    "volume" : 518264.00
  }, {
    "date" : "2025-05-12",
    "price" : 486.80,
    "dma50" : 502.31,
    "dma100" : null,
    "dma200" : 567.62,
    "volume" : 698666.00
  }, {
    "date" : "2025-05-13",
    "price" : 485.45,
    "dma50" : 501.64,
    "dma100" : null,
    "dma200" : 566.80,
    "volume" : 414403.00
  }, {
    "date" : "2025-05-14",
    "price" : 498.05,
    "dma50" : 501.50,
    "dma100" : null,
    "dma200" : 566.11,
    "volume" : 418602.00
  }, {
    "date" : "2025-05-15",
    "price" : 505.20,
    "dma50" : 501.65,
    "dma100" : null,
    "dma200" : 565.51,
    "volume" : 642871.00
  }, {
    "date" : "2025-05-16",
    "price" : 510.45,
    "dma50" : 501.99,
    "dma100" : null,
    "dma200" : 564.96,
    "volume" : 525783.00
  }, {
    "date" : "2025-05-19",
    "price" : 515.25,
    "dma50" : 502.51,
    "dma100" : null,
    "dma200" : 564.47,
    "volume" : 728627.00
  }, {
    "date" : "2025-05-20",
    "price" : 505.65,
    "dma50" : 502.64,
    "dma100" : null,
    "dma200" : 563.88,
    "volume" : 612127.00
  }, {
    "date" : "2025-05-21",
    "price" : 498.85,
    "dma50" : 502.49,
    "dma100" : 521.80,
    "dma200" : 563.23,
    "volume" : 421903.00
  }, {
    "date" : "2025-05-22",
    "price" : 509.20,
    "dma50" : 502.75,
    "dma100" : 521.06,
    "dma200" : 562.70,
    "volume" : 507582.00
  }, {
    "date" : "2025-05-23",
    "price" : 513.40,
    "dma50" : 503.17,
    "dma100" : 520.44,
    "dma200" : 562.20,
    "volume" : 739720.00
  }, {
    "date" : "2025-05-26",
    "price" : 546.40,
    "dma50" : 504.86,
    "dma100" : 520.19,
    "dma200" : 562.05,
    "volume" : 9946162.00
  }, {
    "date" : "2025-05-27",
    "price" : 547.85,
    "dma50" : 506.55,
    "dma100" : 520.13,
    "dma200" : 561.91,
    "volume" : 2299834.00
  }, {
    "date" : "2025-05-28",
    "price" : 547.15,
    "dma50" : 508.14,
    "dma100" : 520.02,
    "dma200" : 561.76,
    "volume" : 924421.00
  }, {
    "date" : "2025-05-29",
    "price" : 544.40,
    "dma50" : 509.56,
    "dma100" : 519.80,
    "dma200" : 561.59,
    "volume" : 885131.00
  }, {
    "date" : "2025-05-30",
    "price" : 535.45,
    "dma50" : 510.58,
    "dma100" : 519.41,
    "dma200" : 561.33,
    "volume" : 767399.00
  }, {
    "date" : "2025-06-02",
    "price" : 535.40,
    "dma50" : 511.55,
    "dma100" : 519.10,
    "dma200" : 561.07,
    "volume" : 466324.00
  }, {
    "date" : "2025-06-03",
    "price" : 551.35,
    "dma50" : 513.11,
    "dma100" : 519.24,
    "dma200" : 560.97,
    "volume" : 2013869.00
  }, {
    "date" : "2025-06-04",
    "price" : 548.65,
    "dma50" : 514.51,
    "dma100" : 519.18,
    "dma200" : 560.85,
    "volume" : 919767.00
  }, {
    "date" : "2025-06-05",
    "price" : 546.15,
    "dma50" : 515.75,
    "dma100" : 519.07,
    "dma200" : 560.70,
    "volume" : 501879.00
  }, {
    "date" : "2025-06-06",
    "price" : 547.00,
    "dma50" : 516.97,
    "dma100" : 518.84,
    "dma200" : 560.57,
    "volume" : 332327.00
  }, {
    "date" : "2025-06-09",
    "price" : 553.70,
    "dma50" : 518.41,
    "dma100" : 518.91,
    "dma200" : 560.50,
    "volume" : 894614.00
  }, {
    "date" : "2025-06-10",
    "price" : 552.10,
    "dma50" : 519.73,
    "dma100" : 519.22,
    "dma200" : 560.41,
    "volume" : 299341.00
  }, {
    "date" : "2025-06-11",
    "price" : 552.50,
    "dma50" : 521.02,
    "dma100" : 519.39,
    "dma200" : 560.34,
    "volume" : 576042.00
  }, {
    "date" : "2025-06-12",
    "price" : 541.45,
    "dma50" : 521.82,
    "dma100" : 519.47,
    "dma200" : 560.15,
    "volume" : 614155.00
  }, {
    "date" : "2025-06-13",
    "price" : 536.00,
    "dma50" : 522.38,
    "dma100" : 519.32,
    "dma200" : 559.91,
    "volume" : 364910.00
  }, {
    "date" : "2025-06-16",
    "price" : 539.25,
    "dma50" : 523.04,
    "dma100" : 519.08,
    "dma200" : 559.70,
    "volume" : 383283.00
  }, {
    "date" : "2025-06-17",
    "price" : 539.75,
    "dma50" : 523.69,
    "dma100" : 518.87,
    "dma200" : 559.50,
    "volume" : 451593.00
  }, {
    "date" : "2025-06-18",
    "price" : 531.35,
    "dma50" : 523.99,
    "dma100" : 518.62,
    "dma200" : 559.22,
    "volume" : 325668.00
  }, {
    "date" : "2025-06-19",
    "price" : 519.35,
    "dma50" : 523.81,
    "dma100" : 518.32,
    "dma200" : 558.83,
    "volume" : 521150.00
  }, {
    "date" : "2025-06-20",
    "price" : 522.85,
    "dma50" : 523.77,
    "dma100" : 517.94,
    "dma200" : 558.47,
    "volume" : 346974.00
  }, {
    "date" : "2025-06-23",
    "price" : 528.55,
    "dma50" : 523.96,
    "dma100" : 517.66,
    "dma200" : 558.17,
    "volume" : 283099.00
  }, {
    "date" : "2025-06-24",
    "price" : 538.15,
    "dma50" : 524.52,
    "dma100" : 517.69,
    "dma200" : 557.97,
    "volume" : 358633.00
  }, {
    "date" : "2025-06-25",
    "price" : 553.65,
    "dma50" : 525.66,
    "dma100" : 517.98,
    "dma200" : 557.93,
    "volume" : 745361.00
  }, {
    "date" : "2025-06-26",
    "price" : 550.05,
    "dma50" : 526.62,
    "dma100" : 518.00,
    "dma200" : 557.85,
    "volume" : 407470.00
  }, {
    "date" : "2025-06-27",
    "price" : 546.20,
    "dma50" : 527.38,
    "dma100" : 518.00,
    "dma200" : 557.73,
    "volume" : 673550.00
  }, {
    "date" : "2025-06-30",
    "price" : 553.00,
    "dma50" : 528.39,
    "dma100" : 517.99,
    "dma200" : 557.69,
    "volume" : 383464.00
  }, {
    "date" : "2025-07-01",
    "price" : 568.90,
    "dma50" : 529.98,
    "dma100" : 518.14,
    "dma200" : 557.80,
    "volume" : 2058260.00
  }, {
    "date" : "2025-07-02",
    "price" : 561.10,
    "dma50" : 531.20,
    "dma100" : 518.19,
    "dma200" : 557.83,
    "volume" : 686210.00
  }, {
    "date" : "2025-07-03",
    "price" : 558.80,
    "dma50" : 532.28,
    "dma100" : 518.00,
    "dma200" : 557.84,
    "volume" : 421598.00
  }, {
    "date" : "2025-07-04",
    "price" : 558.35,
    "dma50" : 533.30,
    "dma100" : 517.79,
    "dma200" : 557.85,
    "volume" : 280279.00
  }, {
    "date" : "2025-07-07",
    "price" : 552.15,
    "dma50" : 534.04,
    "dma100" : 517.56,
    "dma200" : 557.79,
    "volume" : 288998.00
  }, {
    "date" : "2025-07-08",
    "price" : 555.25,
    "dma50" : 534.87,
    "dma100" : 517.34,
    "dma200" : 557.76,
    "volume" : 279389.00
  }, {
    "date" : "2025-07-09",
    "price" : 550.20,
    "dma50" : 535.47,
    "dma100" : 517.11,
    "dma200" : 557.69,
    "volume" : 292659.00
  }, {
    "date" : "2025-07-10",
    "price" : 545.85,
    "dma50" : 535.88,
    "dma100" : 516.95,
    "dma200" : 557.57,
    "volume" : 218379.00
  }, {
    "date" : "2025-07-11",
    "price" : 539.10,
    "dma50" : 536.01,
    "dma100" : 516.75,
    "dma200" : 557.39,
    "volume" : 205057.00
  }, {
    "date" : "2025-07-14",
    "price" : 535.60,
    "dma50" : 535.99,
    "dma100" : 516.38,
    "dma200" : 557.17,
    "volume" : 155435.00
  }, {
    "date" : "2025-07-15",
    "price" : 551.10,
    "dma50" : 536.58,
    "dma100" : 516.38,
    "dma200" : 557.11,
    "volume" : 463222.00
  }, {
    "date" : "2025-07-16",
    "price" : 548.70,
    "dma50" : 537.06,
    "dma100" : 516.29,
    "dma200" : 557.03,
    "volume" : 202045.00
  }, {
    "date" : "2025-07-17",
    "price" : 547.55,
    "dma50" : 537.47,
    "dma100" : 516.32,
    "dma200" : 556.93,
    "volume" : 189658.00
  }, {
    "date" : "2025-07-18",
    "price" : 545.85,
    "dma50" : 537.80,
    "dma100" : 516.32,
    "dma200" : 556.82,
    "volume" : 247886.00
  }, {
    "date" : "2025-07-21",
    "price" : 546.55,
    "dma50" : 538.14,
    "dma100" : 516.28,
    "dma200" : 556.72,
    "volume" : 303388.00
  }, {
    "date" : "2025-07-22",
    "price" : 545.50,
    "dma50" : 538.43,
    "dma100" : 516.30,
    "dma200" : 556.61,
    "volume" : 163489.00
  }, {
    "date" : "2025-07-23",
    "price" : 552.90,
    "dma50" : 539.00,
    "dma100" : 516.39,
    "dma200" : 556.57,
    "volume" : 368141.00
  }, {
    "date" : "2025-07-24",
    "price" : 551.40,
    "dma50" : 539.48,
    "dma100" : 516.46,
    "dma200" : 556.52,
    "volume" : 348518.00
  }, {
    "date" : "2025-07-25",
    "price" : 538.40,
    "dma50" : 539.44,
    "dma100" : 516.95,
    "dma200" : 556.34,
    "volume" : 309102.00
  }, {
    "date" : "2025-07-28",
    "price" : 531.35,
    "dma50" : 539.13,
    "dma100" : 517.58,
    "dma200" : 556.09,
    "volume" : 232495.00
  }, {
    "date" : "2025-07-29",
    "price" : 540.00,
    "dma50" : 539.16,
    "dma100" : 518.27,
    "dma200" : 555.93,
    "volume" : 581377.00
  }, {
    "date" : "2025-07-30",
    "price" : 546.20,
    "dma50" : 539.44,
    "dma100" : 518.88,
    "dma200" : 555.83,
    "volume" : 311176.00
  }, {
    "date" : "2025-07-31",
    "price" : 540.80,
    "dma50" : 539.49,
    "dma100" : 519.33,
    "dma200" : 555.68,
    "volume" : 238109.00
  }, {
    "date" : "2025-08-01",
    "price" : 535.05,
    "dma50" : 539.31,
    "dma100" : 519.68,
    "dma200" : 555.48,
    "volume" : 404854.00
  }, {
    "date" : "2025-08-04",
    "price" : 539.75,
    "dma50" : 539.33,
    "dma100" : 520.05,
    "dma200" : 555.32,
    "volume" : 216491.00
  }, {
    "date" : "2025-08-05",
    "price" : 545.75,
    "dma50" : 539.58,
    "dma100" : 520.49,
    "dma200" : 555.23,
    "volume" : 365179.00
  }, {
    "date" : "2025-08-06",
    "price" : 544.95,
    "dma50" : 539.79,
    "dma100" : 521.00,
    "dma200" : 555.13,
    "volume" : 310931.00
  }, {
    "date" : "2025-08-07",
    "price" : 503.25,
    "dma50" : 538.36,
    "dma100" : 521.13,
    "dma200" : 554.61,
    "volume" : 2573685.00
  }, {
    "date" : "2025-08-08",
    "price" : 498.25,
    "dma50" : 536.79,
    "dma100" : 521.28,
    "dma200" : 554.05,
    "volume" : 763412.00
  }, {
    "date" : "2025-08-11",
    "price" : 498.50,
    "dma50" : 535.29,
    "dma100" : 521.53,
    "dma200" : 553.50,
    "volume" : 294933.00
  }, {
    "date" : "2025-08-12",
    "price" : 503.10,
    "dma50" : 534.02,
    "dma100" : 521.75,
    "dma200" : 552.99,
    "volume" : 350798.00
  }, {
    "date" : "2025-08-13",
    "price" : 506.60,
    "dma50" : 532.95,
    "dma100" : 521.96,
    "dma200" : 552.53,
    "volume" : 252668.00
  }, {
    "date" : "2025-08-14",
    "price" : 501.60,
    "dma50" : 531.72,
    "dma100" : 522.02,
    "dma200" : 552.03,
    "volume" : 192942.00
  }, {
    "date" : "2025-08-18",
    "price" : 508.20,
    "dma50" : 530.80,
    "dma100" : 522.19,
    "dma200" : 551.59,
    "volume" : 287824.00
  }, {
    "date" : "2025-08-19",
    "price" : 518.90,
    "dma50" : 530.33,
    "dma100" : 522.39,
    "dma200" : 551.26,
    "volume" : 388749.00
  }, {
    "date" : "2025-08-20",
    "price" : 528.70,
    "dma50" : 530.27,
    "dma100" : 522.76,
    "dma200" : 551.04,
    "volume" : 527063.00
  }, {
    "date" : "2025-08-21",
    "price" : 532.55,
    "dma50" : 530.36,
    "dma100" : 523.13,
    "dma200" : 550.86,
    "volume" : 290436.00
  }, {
    "date" : "2025-08-22",
    "price" : 531.55,
    "dma50" : 530.40,
    "dma100" : 523.39,
    "dma200" : 550.66,
    "volume" : 308423.00
  }, {
    "date" : "2025-08-25",
    "price" : 530.25,
    "dma50" : 530.40,
    "dma100" : 523.73,
    "dma200" : 550.46,
    "volume" : 323107.00
  }, {
    "date" : "2025-08-26",
    "price" : 526.35,
    "dma50" : 530.24,
    "dma100" : 524.05,
    "dma200" : 550.22,
    "volume" : 477277.00
  }, {
    "date" : "2025-08-28",
    "price" : 520.90,
    "dma50" : 529.87,
    "dma100" : 524.26,
    "dma200" : 549.93,
    "volume" : 360033.00
  }, {
    "date" : "2025-08-29",
    "price" : 522.75,
    "dma50" : 529.59,
    "dma100" : 524.44,
    "dma200" : 549.66,
    "volume" : 399358.00
  }, {
    "date" : "2025-09-01",
    "price" : 537.45,
    "dma50" : 529.90,
    "dma100" : 524.90,
    "dma200" : 549.54,
    "volume" : 964595.00
  }, {
    "date" : "2025-09-02",
    "price" : 519.90,
    "dma50" : 529.51,
    "dma100" : 525.40,
    "dma200" : 549.24,
    "volume" : 795274.00
  }, {
    "date" : "2025-09-03",
    "price" : 519.00,
    "dma50" : 529.10,
    "dma100" : 525.79,
    "dma200" : 548.94,
    "volume" : 384932.00
  }, {
    "date" : "2025-09-04",
    "price" : 514.80,
    "dma50" : 528.54,
    "dma100" : 526.18,
    "dma200" : 548.60,
    "volume" : 276568.00
  }, {
    "date" : "2025-09-05",
    "price" : 504.45,
    "dma50" : 527.59,
    "dma100" : 526.41,
    "dma200" : 548.16,
    "volume" : 391970.00
  }, {
    "date" : "2025-09-08",
    "price" : 504.55,
    "dma50" : 526.69,
    "dma100" : 526.55,
    "dma200" : 547.73,
    "volume" : 176890.00
  }, {
    "date" : "2025-09-09",
    "price" : 505.45,
    "dma50" : 525.85,
    "dma100" : 526.65,
    "dma200" : 547.31,
    "volume" : 164858.00
  }, {
    "date" : "2025-09-10",
    "price" : 507.10,
    "dma50" : 525.12,
    "dma100" : 526.65,
    "dma200" : 546.91,
    "volume" : 150225.00
  }, {
    "date" : "2025-09-11",
    "price" : 506.75,
    "dma50" : 524.40,
    "dma100" : 526.64,
    "dma200" : 546.51,
    "volume" : 251483.00
  }, {
    "date" : "2025-09-12",
    "price" : 505.45,
    "dma50" : 523.66,
    "dma100" : 526.55,
    "dma200" : 546.10,
    "volume" : 143058.00
  }, {
    "date" : "2025-09-15",
    "price" : 506.00,
    "dma50" : 522.96,
    "dma100" : 526.55,
    "dma200" : 545.70,
    "volume" : 134926.00
  }, {
    "date" : "2025-09-16",
    "price" : 507.90,
    "dma50" : 522.37,
    "dma100" : 526.53,
    "dma200" : 545.32,
    "volume" : 157881.00
  }, {
    "date" : "2025-09-17",
    "price" : 507.75,
    "dma50" : 521.80,
    "dma100" : 526.73,
    "dma200" : 544.95,
    "volume" : 239747.00
  }, {
    "date" : "2025-09-18",
    "price" : 516.20,
    "dma50" : 521.58,
    "dma100" : 526.94,
    "dma200" : 544.66,
    "volume" : 512726.00
  }, {
    "date" : "2025-09-19",
    "price" : 513.00,
    "dma50" : 521.24,
    "dma100" : 527.09,
    "dma200" : 544.35,
    "volume" : 328133.00
  }, {
    "date" : "2025-09-22",
    "price" : 506.70,
    "dma50" : 520.67,
    "dma100" : 527.30,
    "dma200" : 543.97,
    "volume" : 198389.00
  }, {
    "date" : "2025-09-23",
    "price" : 503.65,
    "dma50" : 520.01,
    "dma100" : 527.47,
    "dma200" : 543.57,
    "volume" : 157171.00
  }, {
    "date" : "2025-09-24",
    "price" : 501.25,
    "dma50" : 519.27,
    "dma100" : 527.61,
    "dma200" : 543.15,
    "volume" : 171286.00
  }, {
    "date" : "2025-09-25",
    "price" : 502.25,
    "dma50" : 518.60,
    "dma100" : 527.73,
    "dma200" : 542.75,
    "volume" : 264602.00
  }, {
    "date" : "2025-09-26",
    "price" : 497.30,
    "dma50" : 517.77,
    "dma100" : 527.78,
    "dma200" : 542.29,
    "volume" : 269478.00
  }, {
    "date" : "2025-09-29",
    "price" : 494.50,
    "dma50" : 516.85,
    "dma100" : 527.92,
    "dma200" : 541.82,
    "volume" : 1243993.00
  }, {
    "date" : "2025-09-30",
    "price" : 491.00,
    "dma50" : 515.84,
    "dma100" : 528.17,
    "dma200" : 541.31,
    "volume" : 264974.00
  }, {
    "date" : "2025-10-01",
    "price" : 496.20,
    "dma50" : 515.07,
    "dma100" : 528.26,
    "dma200" : 540.86,
    "volume" : 194415.00
  }, {
    "date" : "2025-10-03",
    "price" : 502.30,
    "dma50" : 514.57,
    "dma100" : 528.43,
    "dma200" : 540.48,
    "volume" : 168396.00
  }, {
    "date" : "2025-10-06",
    "price" : 496.45,
    "dma50" : 513.86,
    "dma100" : 528.42,
    "dma200" : 540.04,
    "volume" : 270057.00
  }, {
    "date" : "2025-10-07",
    "price" : 496.80,
    "dma50" : 513.19,
    "dma100" : 528.33,
    "dma200" : 539.61,
    "volume" : 232007.00
  }, {
    "date" : "2025-10-08",
    "price" : 494.60,
    "dma50" : 512.46,
    "dma100" : 528.17,
    "dma200" : 539.16,
    "volume" : 165501.00
  }, {
    "date" : "2025-10-09",
    "price" : 496.90,
    "dma50" : 511.85,
    "dma100" : 527.99,
    "dma200" : 538.74,
    "volume" : 159452.00
  }, {
    "date" : "2025-10-10",
    "price" : 498.00,
    "dma50" : 511.31,
    "dma100" : 527.91,
    "dma200" : 538.34,
    "volume" : 164945.00
  }, {
    "date" : "2025-10-13",
    "price" : 498.25,
    "dma50" : 510.80,
    "dma100" : 527.91,
    "dma200" : 537.94,
    "volume" : 118579.00
  }, {
    "date" : "2025-10-14",
    "price" : 490.50,
    "dma50" : 510.00,
    "dma100" : 527.72,
    "dma200" : 537.47,
    "volume" : 136835.00
  }, {
    "date" : "2025-10-15",
    "price" : 501.85,
    "dma50" : 509.68,
    "dma100" : 527.60,
    "dma200" : 537.11,
    "volume" : 309824.00
  }, {
    "date" : "2025-10-16",
    "price" : 501.35,
    "dma50" : 509.35,
    "dma100" : 527.15,
    "dma200" : 536.76,
    "volume" : 175884.00
  }, {
    "date" : "2025-10-17",
    "price" : 496.70,
    "dma50" : 508.86,
    "dma100" : 526.64,
    "dma200" : 536.36,
    "volume" : 97779.00
  }, {
    "date" : "2025-10-20",
    "price" : 497.65,
    "dma50" : 508.42,
    "dma100" : 526.15,
    "dma200" : 535.97,
    "volume" : 148456.00
  }, {
    "date" : "2025-10-21",
    "price" : 499.00,
    "dma50" : 508.05,
    "dma100" : 525.69,
    "dma200" : 535.60,
    "volume" : 27632.00
  }, {
    "date" : "2025-10-23",
    "price" : 501.35,
    "dma50" : 507.79,
    "dma100" : 525.35,
    "dma200" : 535.26,
    "volume" : 140416.00
  }, {
    "date" : "2025-10-24",
    "price" : 497.40,
    "dma50" : 507.38,
    "dma100" : 524.97,
    "dma200" : 534.89,
    "volume" : 155432.00
  }, {
    "date" : "2025-10-27",
    "price" : 499.45,
    "dma50" : 507.07,
    "dma100" : 524.45,
    "dma200" : 534.53,
    "volume" : 115267.00
  }, {
    "date" : "2025-10-28",
    "price" : 509.30,
    "dma50" : 507.16,
    "dma100" : 524.06,
    "dma200" : 534.28,
    "volume" : 367841.00
  }, {
    "date" : "2025-10-29",
    "price" : 508.75,
    "dma50" : 507.22,
    "dma100" : 523.69,
    "dma200" : 534.03,
    "volume" : 252057.00
  }, {
    "date" : "2025-10-30",
    "price" : 508.25,
    "dma50" : 507.26,
    "dma100" : 523.30,
    "dma200" : 533.77,
    "volume" : 138689.00
  }, {
    "date" : "2025-10-31",
    "price" : 502.95,
    "dma50" : 507.09,
    "dma100" : 522.79,
    "dma200" : 533.47,
    "volume" : 131424.00
  }, {
    "date" : "2025-11-03",
    "price" : 506.35,
    "dma50" : 507.06,
    "dma100" : 522.33,
    "dma200" : 533.20,
    "volume" : 126372.00
  }, {
    "date" : "2025-11-04",
    "price" : 496.30,
    "dma50" : 506.64,
    "dma100" : 521.77,
    "dma200" : 532.83,
    "volume" : 151038.00
  }, {
    "date" : "2025-11-06",
    "price" : 490.30,
    "dma50" : 506.00,
    "dma100" : 521.26,
    "dma200" : 532.41,
    "volume" : 151274.00
  }, {
    "date" : "2025-11-07",
    "price" : 490.65,
    "dma50" : 505.40,
    "dma100" : 520.81,
    "dma200" : 531.99,
    "volume" : 148545.00
  }, {
    "date" : "2025-11-10",
    "price" : 492.30,
    "dma50" : 504.88,
    "dma100" : 520.34,
    "dma200" : 531.60,
    "volume" : 108391.00
  }, {
    "date" : "2025-11-11",
    "price" : 493.35,
    "dma50" : 504.43,
    "dma100" : 519.87,
    "dma200" : 531.21,
    "volume" : 137839.00
  }, {
    "date" : "2025-11-12",
    "price" : 519.45,
    "dma50" : 505.02,
    "dma100" : 519.75,
    "dma200" : 531.10,
    "volume" : 1072737.00
  }, {
    "date" : "2025-11-13",
    "price" : 516.35,
    "dma50" : 505.46,
    "dma100" : 519.72,
    "dma200" : 530.95,
    "volume" : 1100162.00
  }, {
    "date" : "2025-11-14",
    "price" : 504.50,
    "dma50" : 505.43,
    "dma100" : 519.54,
    "dma200" : 530.69,
    "volume" : 481138.00
  }, {
    "date" : "2025-11-17",
    "price" : 500.95,
    "dma50" : 505.25,
    "dma100" : 519.26,
    "dma200" : 530.39,
    "volume" : 272342.00
  }, {
    "date" : "2025-11-18",
    "price" : 497.70,
    "dma50" : 504.95,
    "dma100" : 518.86,
    "dma200" : 530.07,
    "volume" : 186673.00
  }, {
    "date" : "2025-11-19",
    "price" : 493.85,
    "dma50" : 504.52,
    "dma100" : 518.26,
    "dma200" : 529.71,
    "volume" : 143580.00
  }, {
    "date" : "2025-11-20",
    "price" : 491.75,
    "dma50" : 504.02,
    "dma100" : 517.68,
    "dma200" : 529.33,
    "volume" : 106119.00
  }, {
    "date" : "2025-11-21",
    "price" : 492.30,
    "dma50" : 503.56,
    "dma100" : 517.14,
    "dma200" : 528.96,
    "volume" : 139937.00
  }, {
    "date" : "2025-11-24",
    "price" : 487.90,
    "dma50" : 502.94,
    "dma100" : 516.49,
    "dma200" : 528.55,
    "volume" : 194957.00
  }, {
    "date" : "2025-11-25",
    "price" : 485.15,
    "dma50" : 502.25,
    "dma100" : 515.65,
    "dma200" : 528.12,
    "volume" : 146786.00
  }, {
    "date" : "2025-11-26",
    "price" : 489.00,
    "dma50" : 501.73,
    "dma100" : 514.93,
    "dma200" : 527.73,
    "volume" : 174565.00
  }, {
    "date" : "2025-11-27",
    "price" : 496.55,
    "dma50" : 501.52,
    "dma100" : 514.31,
    "dma200" : 527.42,
    "volume" : 176721.00
  }, {
    "date" : "2025-11-28",
    "price" : 497.95,
    "dma50" : 501.38,
    "dma100" : 513.70,
    "dma200" : 527.13,
    "volume" : 201843.00
  }, {
    "date" : "2025-12-01",
    "price" : 502.35,
    "dma50" : 501.42,
    "dma100" : 513.21,
    "dma200" : 526.88,
    "volume" : 198834.00
  }, {
    "date" : "2025-12-02",
    "price" : 501.60,
    "dma50" : 501.43,
    "dma100" : 512.67,
    "dma200" : 526.63,
    "volume" : 98081.00
  }, {
    "date" : "2025-12-03",
    "price" : 504.00,
    "dma50" : 501.53,
    "dma100" : 512.21,
    "dma200" : 526.40,
    "volume" : 211170.00
  }, {
    "date" : "2025-12-04",
    "price" : 503.45,
    "dma50" : 501.60,
    "dma100" : 511.78,
    "dma200" : 526.18,
    "volume" : 217962.00
  }, {
    "date" : "2025-12-05",
    "price" : 502.70,
    "dma50" : 501.65,
    "dma100" : 511.42,
    "dma200" : 525.94,
    "volume" : 142561.00
  }, {
    "date" : "2025-12-08",
    "price" : 498.45,
    "dma50" : 501.52,
    "dma100" : 511.05,
    "dma200" : 525.67,
    "volume" : 254295.00
  }, {
    "date" : "2025-12-09",
    "price" : 501.25,
    "dma50" : 501.51,
    "dma100" : 510.55,
    "dma200" : 525.43,
    "volume" : 701815.00
  }, {
    "date" : "2025-12-10",
    "price" : 494.40,
    "dma50" : 501.23,
    "dma100" : 510.01,
    "dma200" : 525.12,
    "volume" : 163141.00
  }, {
    "date" : "2025-12-11",
    "price" : 489.85,
    "dma50" : 500.79,
    "dma100" : 509.43,
    "dma200" : 524.77,
    "volume" : 135807.00
  }, {
    "date" : "2025-12-12",
    "price" : 490.85,
    "dma50" : 500.40,
    "dma100" : 508.88,
    "dma200" : 524.43,
    "volume" : 107418.00
  }, {
    "date" : "2025-12-15",
    "price" : 494.50,
    "dma50" : 500.17,
    "dma100" : 508.36,
    "dma200" : 524.13,
    "volume" : 195481.00
  }, {
    "date" : "2025-12-16",
    "price" : 491.95,
    "dma50" : 499.84,
    "dma100" : 507.82,
    "dma200" : 523.81,
    "volume" : 187330.00
  }, {
    "date" : "2025-12-17",
    "price" : 490.05,
    "dma50" : 499.46,
    "dma100" : 507.20,
    "dma200" : 523.47,
    "volume" : 85800.00
  }, {
    "date" : "2025-12-18",
    "price" : 487.90,
    "dma50" : 499.01,
    "dma100" : 506.56,
    "dma200" : 523.12,
    "volume" : 118334.00
  }, {
    "date" : "2025-12-19",
    "price" : 485.85,
    "dma50" : 498.49,
    "dma100" : 506.03,
    "dma200" : 522.75,
    "volume" : 150476.00
  }, {
    "date" : "2025-12-22",
    "price" : 488.50,
    "dma50" : 498.10,
    "dma100" : 505.61,
    "dma200" : 522.41,
    "volume" : 143449.00
  } ],
  "latestTechnicalAttributes" : {
    "date" : "2025-12-22",
    "price" : 488.50,
    "dma50" : 498.10,
    "dma100" : 505.61,
    "dma200" : 522.41,
    "volume" : 143449.00
  },
  "quarterlyResults" : [ {
    "date" : "2005-03-31",
    "sales" : 540.38,
    "salesGrowthYoY" : null,
    "grossProfitMargin" : 45.60,
    "grossProfit" : 246.41,
    "operatingProfitMargin" : 26.60,
    "operatingProfit" : 143.74,
    "netProfitMargin" : 17.29,
    "netProfit" : 93.43
  }, {
    "date" : "2005-06-30",
    "sales" : 313.90,
    "salesGrowthYoY" : null,
    "grossProfitMargin" : 53.92,
    "grossProfit" : 169.25,
    "operatingProfitMargin" : 24.78,
    "operatingProfit" : 77.78,
    "netProfitMargin" : 19.56,
    "netProfit" : 61.40
  }, {
    "date" : "2005-09-30",
    "sales" : 560.97,
    "salesGrowthYoY" : null,
    "grossProfitMargin" : 38.13,
    "grossProfit" : 213.90,
    "operatingProfitMargin" : 23.17,
    "operatingProfit" : 129.98,
    "netProfitMargin" : 12.91,
    "netProfit" : 72.42
  }, {
    "date" : "2005-12-31",
    "sales" : 620.45,
    "salesGrowthYoY" : null,
    "grossProfitMargin" : 33.95,
    "grossProfit" : 210.64,
    "operatingProfitMargin" : 18.33,
    "operatingProfit" : 113.73,
    "netProfitMargin" : 10.89,
    "netProfit" : 67.57
  }, {
    "date" : "2006-03-31",
    "sales" : 652.25,
    "salesGrowthYoY" : 20.70,
    "grossProfitMargin" : 42.09,
    "grossProfit" : 274.53,
    "operatingProfitMargin" : 25.24,
    "operatingProfit" : 164.63,
    "netProfitMargin" : 14.31,
    "netProfit" : 93.34
  }, {
    "date" : "2006-06-30",
    "sales" : 431.20,
    "salesGrowthYoY" : 37.37,
    "grossProfitMargin" : 42.30,
    "grossProfit" : 182.40,
    "operatingProfitMargin" : 20.67,
    "operatingProfit" : 89.13,
    "netProfitMargin" : 10.91,
    "netProfit" : 47.04
  }, {
    "date" : "2006-09-30",
    "sales" : 687.83,
    "salesGrowthYoY" : 22.61,
    "grossProfitMargin" : 32.31,
    "grossProfit" : 222.24,
    "operatingProfitMargin" : 17.77,
    "operatingProfit" : 122.23,
    "netProfitMargin" : 10.75,
    "netProfit" : 73.94
  }, {
    "date" : "2006-12-31",
    "sales" : 523.08,
    "salesGrowthYoY" : -15.69,
    "grossProfitMargin" : 39.12,
    "grossProfit" : 204.63,
    "operatingProfitMargin" : 16.86,
    "operatingProfit" : 88.19,
    "netProfitMargin" : 9.98,
    "netProfit" : 52.20
  }, {
    "date" : "2007-03-31",
    "sales" : 801.69,
    "salesGrowthYoY" : 22.91,
    "grossProfitMargin" : 40.84,
    "grossProfit" : 327.41,
    "operatingProfitMargin" : 22.75,
    "operatingProfit" : 182.38,
    "netProfitMargin" : 13.99,
    "netProfit" : 112.16
  }, {
    "date" : "2007-06-30",
    "sales" : 573.64,
    "salesGrowthYoY" : 33.03,
    "grossProfitMargin" : 47.82,
    "grossProfit" : 274.31,
    "operatingProfitMargin" : 24.53,
    "operatingProfit" : 140.71,
    "netProfitMargin" : 13.21,
    "netProfit" : 75.78
  }, {
    "date" : "2007-09-30",
    "sales" : 1141.18,
    "salesGrowthYoY" : 65.91,
    "grossProfitMargin" : 27.61,
    "grossProfit" : 315.08,
    "operatingProfitMargin" : 16.33,
    "operatingProfit" : 186.35,
    "netProfitMargin" : 10.57,
    "netProfit" : 120.62
  }, {
    "date" : "2007-12-31",
    "sales" : 831.65,
    "salesGrowthYoY" : 58.99,
    "grossProfitMargin" : 40.69,
    "grossProfit" : 338.40,
    "operatingProfitMargin" : 24.82,
    "operatingProfit" : 206.42,
    "netProfitMargin" : 14.88,
    "netProfit" : 123.75
  }, {
    "date" : "2008-03-31",
    "sales" : 887.43,
    "salesGrowthYoY" : 10.69,
    "grossProfitMargin" : 31.48,
    "grossProfit" : 279.36,
    "operatingProfitMargin" : 11.83,
    "operatingProfit" : 104.98,
    "netProfitMargin" : 5.94,
    "netProfit" : 52.71
  }, {
    "date" : "2008-06-30",
    "sales" : 537.83,
    "salesGrowthYoY" : -6.24,
    "grossProfitMargin" : 39.77,
    "grossProfit" : 213.89,
    "operatingProfitMargin" : 8.75,
    "operatingProfit" : 47.06,
    "netProfitMargin" : 5.26,
    "netProfit" : 28.29
  }, {
    "date" : "2008-09-30",
    "sales" : 868.13,
    "salesGrowthYoY" : -23.93,
    "grossProfitMargin" : 33.12,
    "grossProfit" : 287.52,
    "operatingProfitMargin" : 17.15,
    "operatingProfit" : 148.88,
    "netProfitMargin" : 9.10,
    "netProfit" : 79.00
  }, {
    "date" : "2008-12-31",
    "sales" : 985.52,
    "salesGrowthYoY" : 18.50,
    "grossProfitMargin" : 30.63,
    "grossProfit" : 301.86,
    "operatingProfitMargin" : 18.69,
    "operatingProfit" : 184.19,
    "netProfitMargin" : 10.21,
    "netProfit" : 100.62
  }, {
    "date" : "2009-03-31",
    "sales" : 528.58,
    "salesGrowthYoY" : -40.44,
    "grossProfitMargin" : 38.59,
    "grossProfit" : 203.98,
    "operatingProfitMargin" : 10.39,
    "operatingProfit" : 54.92,
    "netProfitMargin" : 3.70,
    "netProfit" : 19.56
  }, {
    "date" : "2009-06-30",
    "sales" : 575.72,
    "salesGrowthYoY" : 7.04,
    "grossProfitMargin" : 34.67,
    "grossProfit" : 199.60,
    "operatingProfitMargin" : 14.05,
    "operatingProfit" : 80.89,
    "netProfitMargin" : 7.25,
    "netProfit" : 41.74
  }, {
    "date" : "2009-09-30",
    "sales" : 766.23,
    "salesGrowthYoY" : -11.74,
    "grossProfitMargin" : 34.38,
    "grossProfit" : 263.43,
    "operatingProfitMargin" : 17.49,
    "operatingProfit" : 134.01,
    "netProfitMargin" : 7.92,
    "netProfit" : 60.69
  }, {
    "date" : "2009-12-31",
    "sales" : 765.90,
    "salesGrowthYoY" : -22.28,
    "grossProfitMargin" : 30.51,
    "grossProfit" : 233.68,
    "operatingProfitMargin" : 15.04,
    "operatingProfit" : 115.19,
    "netProfitMargin" : 7.79,
    "netProfit" : 59.66
  }, {
    "date" : "2010-03-31",
    "sales" : 506.60,
    "salesGrowthYoY" : -4.16,
    "grossProfitMargin" : 29.81,
    "grossProfit" : 151.02,
    "operatingProfitMargin" : -11.08,
    "operatingProfit" : -56.13,
    "netProfitMargin" : -7.55,
    "netProfit" : -38.25
  }, {
    "date" : "2010-06-30",
    "sales" : 367.81,
    "salesGrowthYoY" : -36.11,
    "grossProfitMargin" : 32.35,
    "grossProfit" : 118.99,
    "operatingProfitMargin" : -4.66,
    "operatingProfit" : -17.14,
    "netProfitMargin" : -6.16,
    "netProfit" : -22.66
  }, {
    "date" : "2010-09-30",
    "sales" : 801.85,
    "salesGrowthYoY" : 4.65,
    "grossProfitMargin" : 32.05,
    "grossProfit" : 256.99,
    "operatingProfitMargin" : 14.37,
    "operatingProfit" : 115.23,
    "netProfitMargin" : 7.98,
    "netProfit" : 63.99
  }, {
    "date" : "2010-12-31",
    "sales" : 833.89,
    "salesGrowthYoY" : 8.88,
    "grossProfitMargin" : 35.17,
    "grossProfit" : 293.28,
    "operatingProfitMargin" : 18.46,
    "operatingProfit" : 153.94,
    "netProfitMargin" : 10.59,
    "netProfit" : 88.31
  }, {
    "date" : "2011-03-31",
    "sales" : 842.34,
    "salesGrowthYoY" : 66.27,
    "grossProfitMargin" : 32.71,
    "grossProfit" : 275.53,
    "operatingProfitMargin" : 14.93,
    "operatingProfit" : 125.76,
    "netProfitMargin" : 16.25,
    "netProfit" : 136.88
  }, {
    "date" : "2011-06-30",
    "sales" : 644.21,
    "salesGrowthYoY" : 75.15,
    "grossProfitMargin" : 38.01,
    "grossProfit" : 244.86,
    "operatingProfitMargin" : 14.44,
    "operatingProfit" : 93.02,
    "netProfitMargin" : 6.47,
    "netProfit" : 41.68
  }, {
    "date" : "2011-09-30",
    "sales" : 1020.62,
    "salesGrowthYoY" : 27.28,
    "grossProfitMargin" : 29.27,
    "grossProfit" : 298.74,
    "operatingProfitMargin" : 14.54,
    "operatingProfit" : 148.40,
    "netProfitMargin" : 7.92,
    "netProfit" : 80.83
  }, {
    "date" : "2011-12-31",
    "sales" : 1042.88,
    "salesGrowthYoY" : 25.06,
    "grossProfitMargin" : 30.37,
    "grossProfit" : 316.72,
    "operatingProfitMargin" : 15.18,
    "operatingProfit" : 158.31,
    "netProfitMargin" : 8.26,
    "netProfit" : 86.14
  }, {
    "date" : "2012-03-31",
    "sales" : 1154.30,
    "salesGrowthYoY" : 37.03,
    "grossProfitMargin" : 29.83,
    "grossProfit" : 344.33,
    "operatingProfitMargin" : 13.14,
    "operatingProfit" : 151.68,
    "netProfitMargin" : 6.51,
    "netProfit" : 75.14
  }, {
    "date" : "2012-06-30",
    "sales" : 870.93,
    "salesGrowthYoY" : 35.19,
    "grossProfitMargin" : 29.64,
    "grossProfit" : 258.14,
    "operatingProfitMargin" : 9.95,
    "operatingProfit" : 86.66,
    "netProfitMargin" : 3.76,
    "netProfit" : 32.75
  }, {
    "date" : "2012-09-30",
    "sales" : 1165.77,
    "salesGrowthYoY" : 14.22,
    "grossProfitMargin" : 28.33,
    "grossProfit" : 330.26,
    "operatingProfitMargin" : 12.46,
    "operatingProfit" : 145.25,
    "netProfitMargin" : 6.21,
    "netProfit" : 72.39
  }, {
    "date" : "2012-12-31",
    "sales" : 1119.20,
    "salesGrowthYoY" : 7.32,
    "grossProfitMargin" : 32.73,
    "grossProfit" : 366.31,
    "operatingProfitMargin" : 17.22,
    "operatingProfit" : 192.73,
    "netProfitMargin" : 9.00,
    "netProfit" : 100.73
  }, {
    "date" : "2013-03-31",
    "sales" : 1096.66,
    "salesGrowthYoY" : -4.99,
    "grossProfitMargin" : 31.83,
    "grossProfit" : 349.07,
    "operatingProfitMargin" : 15.37,
    "operatingProfit" : 168.56,
    "netProfitMargin" : 6.13,
    "netProfit" : 67.23
  }, {
    "date" : "2013-06-30",
    "sales" : 959.05,
    "salesGrowthYoY" : 10.12,
    "grossProfitMargin" : 27.38,
    "grossProfit" : 262.59,
    "operatingProfitMargin" : 8.72,
    "operatingProfit" : 83.63,
    "netProfitMargin" : 2.64,
    "netProfit" : 25.32
  }, {
    "date" : "2013-09-30",
    "sales" : 1194.70,
    "salesGrowthYoY" : 2.48,
    "grossProfitMargin" : 27.16,
    "grossProfit" : 324.48,
    "operatingProfitMargin" : 12.62,
    "operatingProfit" : 150.77,
    "netProfitMargin" : 6.25,
    "netProfit" : 74.67
  }, {
    "date" : "2013-12-31",
    "sales" : 1367.96,
    "salesGrowthYoY" : 22.23,
    "grossProfitMargin" : 27.19,
    "grossProfit" : 371.95,
    "operatingProfitMargin" : 14.67,
    "operatingProfit" : 200.68,
    "netProfitMargin" : 7.87,
    "netProfit" : 107.66
  }, {
    "date" : "2014-03-31",
    "sales" : 1325.48,
    "salesGrowthYoY" : 20.87,
    "grossProfitMargin" : 25.66,
    "grossProfit" : 340.12,
    "operatingProfitMargin" : 13.69,
    "operatingProfit" : 181.46,
    "netProfitMargin" : 6.38,
    "netProfit" : 84.57
  }, {
    "date" : "2014-06-30",
    "sales" : 1013.23,
    "salesGrowthYoY" : 5.65,
    "grossProfitMargin" : 22.93,
    "grossProfit" : 232.33,
    "operatingProfitMargin" : 5.24,
    "operatingProfit" : 53.09,
    "netProfitMargin" : -4.92,
    "netProfit" : -49.85
  }, {
    "date" : "2014-09-30",
    "sales" : 1293.58,
    "salesGrowthYoY" : 8.28,
    "grossProfitMargin" : 22.90,
    "grossProfit" : 296.23,
    "operatingProfitMargin" : 5.45,
    "operatingProfit" : 70.50,
    "netProfitMargin" : -2.35,
    "netProfit" : -30.40
  }, {
    "date" : "2014-12-31",
    "sales" : 1141.82,
    "salesGrowthYoY" : -16.53,
    "grossProfitMargin" : 25.61,
    "grossProfit" : 292.42,
    "operatingProfitMargin" : 5.66,
    "operatingProfit" : 64.63,
    "netProfitMargin" : -4.03,
    "netProfit" : -46.02
  }, {
    "date" : "2015-03-31",
    "sales" : 1192.89,
    "salesGrowthYoY" : -10.00,
    "grossProfitMargin" : 33.31,
    "grossProfit" : 397.35,
    "operatingProfitMargin" : 10.27,
    "operatingProfit" : 122.51,
    "netProfitMargin" : 0.35,
    "netProfit" : 4.18
  }, {
    "date" : "2015-06-30",
    "sales" : 1074.78,
    "salesGrowthYoY" : 6.07,
    "grossProfitMargin" : 38.02,
    "grossProfit" : 408.63,
    "operatingProfitMargin" : 9.89,
    "operatingProfit" : 106.30,
    "netProfitMargin" : -0.87,
    "netProfit" : -9.35
  }, {
    "date" : "2015-09-30",
    "sales" : 1229.00,
    "salesGrowthYoY" : -4.99,
    "grossProfitMargin" : 35.43,
    "grossProfit" : 435.43,
    "operatingProfitMargin" : 12.50,
    "operatingProfit" : 153.62,
    "netProfitMargin" : 4.45,
    "netProfit" : 54.69
  }, {
    "date" : "2015-12-31",
    "sales" : 1179.28,
    "salesGrowthYoY" : 3.28,
    "grossProfitMargin" : 37.33,
    "grossProfit" : 440.23,
    "operatingProfitMargin" : 13.02,
    "operatingProfit" : 153.54,
    "netProfitMargin" : 4.62,
    "netProfit" : 54.48
  }, {
    "date" : "2016-03-31",
    "sales" : 1303.90,
    "salesGrowthYoY" : 9.31,
    "grossProfitMargin" : 33.97,
    "grossProfit" : 442.93,
    "operatingProfitMargin" : 12.56,
    "operatingProfit" : 163.77,
    "netProfitMargin" : 5.58,
    "netProfit" : 72.76
  }, {
    "date" : "2016-06-30",
    "sales" : 877.58,
    "salesGrowthYoY" : -18.35,
    "grossProfitMargin" : 42.92,
    "grossProfit" : 376.66,
    "operatingProfitMargin" : 17.01,
    "operatingProfit" : 149.28,
    "netProfitMargin" : 5.77,
    "netProfit" : 50.64
  }, {
    "date" : "2016-09-30",
    "sales" : 1370.26,
    "salesGrowthYoY" : 11.49,
    "grossProfitMargin" : 37.77,
    "grossProfit" : 517.55,
    "operatingProfitMargin" : 19.87,
    "operatingProfit" : 272.27,
    "netProfitMargin" : 12.08,
    "netProfit" : 165.53
  }, {
    "date" : "2016-12-31",
    "sales" : 1137.51,
    "salesGrowthYoY" : -3.54,
    "grossProfitMargin" : 39.58,
    "grossProfit" : 450.23,
    "operatingProfitMargin" : 17.86,
    "operatingProfit" : 203.16,
    "netProfitMargin" : 5.87,
    "netProfit" : 66.77
  }, {
    "date" : "2017-03-31",
    "sales" : 1203.42,
    "salesGrowthYoY" : -7.71,
    "grossProfitMargin" : 22.71,
    "grossProfit" : 273.30,
    "operatingProfitMargin" : 2.34,
    "operatingProfit" : 28.16,
    "netProfitMargin" : 1.35,
    "netProfit" : 16.25
  }, {
    "date" : "2017-06-30",
    "sales" : 975.30,
    "salesGrowthYoY" : 11.14,
    "grossProfitMargin" : 42.43,
    "grossProfit" : 413.82,
    "operatingProfitMargin" : 17.63,
    "operatingProfit" : 171.95,
    "netProfitMargin" : 6.82,
    "netProfit" : 66.52
  }, {
    "date" : "2017-09-30",
    "sales" : 1506.75,
    "salesGrowthYoY" : 9.96,
    "grossProfitMargin" : 40.22,
    "grossProfit" : 606.01,
    "operatingProfitMargin" : 21.20,
    "operatingProfit" : 319.43,
    "netProfitMargin" : 11.02,
    "netProfit" : 166.04
  }, {
    "date" : "2017-12-31",
    "sales" : 1590.89,
    "salesGrowthYoY" : 39.86,
    "grossProfitMargin" : 43.46,
    "grossProfit" : 691.40,
    "operatingProfitMargin" : 26.92,
    "operatingProfit" : 428.27,
    "netProfitMargin" : 14.32,
    "netProfit" : 227.82
  }, {
    "date" : "2018-03-31",
    "sales" : 1764.37,
    "salesGrowthYoY" : 46.61,
    "grossProfitMargin" : 39.98,
    "grossProfit" : 705.40,
    "operatingProfitMargin" : 26.70,
    "operatingProfit" : 471.09,
    "netProfitMargin" : 18.65,
    "netProfit" : 329.06
  }, {
    "date" : "2018-06-30",
    "sales" : 1604.76,
    "salesGrowthYoY" : 64.54,
    "grossProfitMargin" : 45.95,
    "grossProfit" : 737.39,
    "operatingProfitMargin" : 19.43,
    "operatingProfit" : 311.80,
    "netProfitMargin" : 11.56,
    "netProfit" : 185.51
  }, {
    "date" : "2018-09-30",
    "sales" : 1641.16,
    "salesGrowthYoY" : 8.92,
    "grossProfitMargin" : 38.32,
    "grossProfit" : 628.89,
    "operatingProfitMargin" : 22.65,
    "operatingProfit" : 371.72,
    "netProfitMargin" : 18.06,
    "netProfit" : 296.39
  }, {
    "date" : "2018-12-31",
    "sales" : 1219.16,
    "salesGrowthYoY" : -23.37,
    "grossProfitMargin" : 30.67,
    "grossProfit" : 373.92,
    "operatingProfitMargin" : 6.56,
    "operatingProfit" : 79.98,
    "netProfitMargin" : 13.59,
    "netProfit" : 165.68
  }, {
    "date" : "2019-03-31",
    "sales" : 1430.94,
    "salesGrowthYoY" : -18.90,
    "grossProfitMargin" : 28.31,
    "grossProfit" : 405.10,
    "operatingProfitMargin" : 7.32,
    "operatingProfit" : 104.74,
    "netProfitMargin" : 6.54,
    "netProfit" : 93.58
  }, {
    "date" : "2019-06-30",
    "sales" : 1209.94,
    "salesGrowthYoY" : -24.60,
    "grossProfitMargin" : 30.39,
    "grossProfit" : 367.70,
    "operatingProfitMargin" : 7.95,
    "operatingProfit" : 96.19,
    "netProfitMargin" : 5.49,
    "netProfit" : 66.43
  }, {
    "date" : "2019-09-30",
    "sales" : 1332.35,
    "salesGrowthYoY" : -18.82,
    "grossProfitMargin" : 27.50,
    "grossProfit" : 366.40,
    "operatingProfitMargin" : 8.70,
    "operatingProfit" : 115.91,
    "netProfitMargin" : 6.14,
    "netProfit" : 81.81
  }, {
    "date" : "2019-12-31",
    "sales" : 1277.66,
    "salesGrowthYoY" : 4.80,
    "grossProfitMargin" : 32.53,
    "grossProfit" : 415.62,
    "operatingProfitMargin" : 13.07,
    "operatingProfit" : 166.99,
    "netProfitMargin" : 8.75,
    "netProfit" : 111.80
  }, {
    "date" : "2020-03-31",
    "sales" : 1342.47,
    "salesGrowthYoY" : -6.18,
    "grossProfitMargin" : 33.19,
    "grossProfit" : 445.57,
    "operatingProfitMargin" : 12.12,
    "operatingProfit" : 162.71,
    "netProfitMargin" : 17.79,
    "netProfit" : 238.83
  }, {
    "date" : "2020-06-30",
    "sales" : 700.23,
    "salesGrowthYoY" : -42.13,
    "grossProfitMargin" : 27.10,
    "grossProfit" : 189.76,
    "operatingProfitMargin" : -3.46,
    "operatingProfit" : -24.23,
    "netProfitMargin" : 0.21,
    "netProfit" : 1.47
  }, {
    "date" : "2020-09-30",
    "sales" : 1187.19,
    "salesGrowthYoY" : -10.90,
    "grossProfitMargin" : 37.19,
    "grossProfit" : 441.52,
    "operatingProfitMargin" : 16.36,
    "operatingProfit" : 194.22,
    "netProfitMargin" : 11.68,
    "netProfit" : 138.66
  }, {
    "date" : "2020-12-31",
    "sales" : 1508.24,
    "salesGrowthYoY" : 18.05,
    "grossProfitMargin" : 42.21,
    "grossProfit" : 636.63,
    "operatingProfitMargin" : 24.06,
    "operatingProfit" : 362.88,
    "netProfitMargin" : 15.92,
    "netProfit" : 240.11
  }, {
    "date" : "2021-03-31",
    "sales" : 1733.03,
    "salesGrowthYoY" : 29.09,
    "grossProfitMargin" : 44.14,
    "grossProfit" : 764.96,
    "operatingProfitMargin" : 27.14,
    "operatingProfit" : 470.34,
    "netProfitMargin" : 17.82,
    "netProfit" : 308.83
  }, {
    "date" : "2021-06-30",
    "sales" : 1394.32,
    "salesGrowthYoY" : 99.12,
    "grossProfitMargin" : 48.27,
    "grossProfit" : 673.04,
    "operatingProfitMargin" : 28.19,
    "operatingProfit" : 393.06,
    "netProfitMargin" : 17.20,
    "netProfit" : 239.82
  }, {
    "date" : "2021-09-30",
    "sales" : 2095.93,
    "salesGrowthYoY" : 76.55,
    "grossProfitMargin" : 34.08,
    "grossProfit" : 714.29,
    "operatingProfitMargin" : 20.56,
    "operatingProfit" : 430.92,
    "netProfitMargin" : 13.47,
    "netProfit" : 282.32
  }, {
    "date" : "2021-12-31",
    "sales" : 2380.00,
    "salesGrowthYoY" : 57.80,
    "grossProfitMargin" : 40.29,
    "grossProfit" : 958.90,
    "operatingProfitMargin" : 28.32,
    "operatingProfit" : 674.02,
    "netProfitMargin" : 22.65,
    "netProfit" : 539.07
  }, {
    "date" : "2022-03-31",
    "sales" : 2772.00,
    "salesGrowthYoY" : 59.95,
    "grossProfitMargin" : 43.11,
    "grossProfit" : 1195.01,
    "operatingProfitMargin" : 31.93,
    "operatingProfit" : 885.10,
    "netProfitMargin" : 23.20,
    "netProfit" : 643.10
  }, {
    "date" : "2022-06-30",
    "sales" : 2696.00,
    "salesGrowthYoY" : 93.36,
    "grossProfitMargin" : 39.47,
    "grossProfit" : 1064.11,
    "operatingProfitMargin" : 28.30,
    "operatingProfit" : 762.97,
    "netProfitMargin" : 21.11,
    "netProfit" : 569.13
  }, {
    "date" : "2022-09-30",
    "sales" : 2587.00,
    "salesGrowthYoY" : 23.43,
    "grossProfitMargin" : 25.55,
    "grossProfit" : 660.98,
    "operatingProfitMargin" : 11.94,
    "operatingProfit" : 308.89,
    "netProfitMargin" : 9.16,
    "netProfit" : 236.97
  }, {
    "date" : "2022-12-31",
    "sales" : 2673.00,
    "salesGrowthYoY" : 12.31,
    "grossProfitMargin" : 29.37,
    "grossProfit" : 785.06,
    "operatingProfitMargin" : 16.39,
    "operatingProfit" : 438.10,
    "netProfitMargin" : 12.12,
    "netProfit" : 323.97
  }, {
    "date" : "2023-03-31",
    "sales" : 2271.00,
    "salesGrowthYoY" : -18.07,
    "grossProfitMargin" : 32.41,
    "grossProfit" : 736.03,
    "operatingProfitMargin" : 16.25,
    "operatingProfit" : 369.04,
    "netProfitMargin" : 14.71,
    "netProfit" : 334.06
  }, {
    "date" : "2023-06-30",
    "sales" : 1652.00,
    "salesGrowthYoY" : -38.72,
    "grossProfitMargin" : 26.33,
    "grossProfit" : 434.97,
    "operatingProfitMargin" : 6.36,
    "operatingProfit" : 105.07,
    "netProfitMargin" : 5.15,
    "netProfit" : 85.08
  }, {
    "date" : "2023-09-30",
    "sales" : 2080.00,
    "salesGrowthYoY" : -19.60,
    "grossProfitMargin" : 25.67,
    "grossProfit" : 533.94,
    "operatingProfitMargin" : 8.12,
    "operatingProfit" : 168.90,
    "netProfitMargin" : 8.56,
    "netProfit" : 178.05
  }, {
    "date" : "2023-12-31",
    "sales" : 2088.00,
    "salesGrowthYoY" : -21.89,
    "grossProfitMargin" : 20.69,
    "grossProfit" : 432.01,
    "operatingProfitMargin" : 4.02,
    "operatingProfit" : 83.94,
    "netProfitMargin" : 4.55,
    "netProfit" : 95.00
  }, {
    "date" : "2024-03-31",
    "sales" : 2110.00,
    "salesGrowthYoY" : -7.09,
    "grossProfitMargin" : 24.55,
    "grossProfit" : 518.00,
    "operatingProfitMargin" : 6.87,
    "operatingProfit" : 144.96,
    "netProfitMargin" : 6.02,
    "netProfit" : 127.02
  }, {
    "date" : "2024-06-30",
    "sales" : 2021.00,
    "salesGrowthYoY" : 22.34,
    "grossProfitMargin" : 23.75,
    "grossProfit" : 479.99,
    "operatingProfitMargin" : 7.57,
    "operatingProfit" : 152.99,
    "netProfitMargin" : 5.69,
    "netProfit" : 114.99
  }, {
    "date" : "2024-09-30",
    "sales" : 1917.00,
    "salesGrowthYoY" : -7.84,
    "grossProfitMargin" : 20.34,
    "grossProfit" : 389.92,
    "operatingProfitMargin" : 4.69,
    "operatingProfit" : 89.91,
    "netProfitMargin" : 5.32,
    "netProfit" : 101.98
  }, {
    "date" : "2024-12-31",
    "sales" : 1899.00,
    "salesGrowthYoY" : -9.05,
    "grossProfitMargin" : 24.75,
    "grossProfit" : 470.00,
    "operatingProfitMargin" : 6.95,
    "operatingProfit" : 131.98,
    "netProfitMargin" : 8.32,
    "netProfit" : 158.00
  }, {
    "date" : "2025-03-31",
    "sales" : 2055.00,
    "salesGrowthYoY" : -2.61,
    "grossProfitMargin" : 27.83,
    "grossProfit" : 571.91,
    "operatingProfitMargin" : 11.68,
    "operatingProfit" : 240.02,
    "netProfitMargin" : 10.22,
    "netProfit" : 210.02
  }, {
    "date" : "2025-06-30",
    "sales" : 1601.00,
    "salesGrowthYoY" : -20.78,
    "grossProfitMargin" : 25.98,
    "grossProfit" : 415.94,
    "operatingProfitMargin" : 1.94,
    "operatingProfit" : 31.06,
    "netProfitMargin" : 4.87,
    "netProfit" : 77.97
  }, {
    "date" : "2025-09-30",
    "sales" : 1968.00,
    "salesGrowthYoY" : 2.66,
    "grossProfitMargin" : 24.90,
    "grossProfit" : 490.03,
    "operatingProfitMargin" : 9.40,
    "operatingProfit" : 184.99,
    "netProfitMargin" : 8.99,
    "netProfit" : 176.92
  } ],
  "latestQuarterlyResult" : {
    "date" : "2025-09-30",
    "sales" : 1968.00,
    "salesGrowthYoY" : 2.66,
    "grossProfitMargin" : 24.90,
    "grossProfit" : 490.03,
    "operatingProfitMargin" : 9.40,
    "operatingProfit" : 184.99,
    "netProfitMargin" : 8.99,
    "netProfit" : 176.92
  },
  "companyScore" : {
    "priceHigherThanDma50" : 0.00,
    "priceHigherThanDma100" : 0.00,
    "priceHigherThanDma200" : 0.00,
    "dma50HigherThanDma100" : 0.00,
    "dma50HigherThanDma200" : 0.00,
    "dma100HigherThanDma200" : 0.00,
    "pricePercentageAboveDma50" : 5.10,
    "pricePercentageAboveDma100" : 5.17,
    "pricePercentageAboveDma200" : 5.32,
    "weeklyVolumeHigherThanYearlyVolume" : 0.00,
    "salesGrowthPercentile" : 8.35,
    "operatingProfitMarginPercentile" : 9.52,
    "netProfitMarginPercentile" : 5.54,
    "totalTechnicalScore" : 15.59,
    "totalFundamentalScore" : 23.42,
    "totalScore" : 39.01
  }
}