{
  "metadata" : {
    "screenerCompanyId" : "1260",
    "companyCode" : "GOCLCORP",
    "companyName" : "GOCL Corpn.",
    "screenerCompanyLink" : "https://www.screener.in/company/GOCLCORP/consolidated/",
    "screenerTechnicalHistoryLink" : "https://www.screener.in/api/company/1260/chart/?q=Price-DMA50-DMA200-Volume&days=365",
    "screenerQuarterlyResultsLink" : "https://www.screener.in/api/company/1260/chart/?q=GPM-OPM-NPM-Quarter+Sales&days=10000",
    "attributes" : {
      "companyCode" : "GOCLCORP",
      "companyName" : "GOCL Corpn.",
      "marketCap" : 1314.00,
      "peRatio" : 5.33,
      "description" : "GOCL Corporation Ltd is engaged in the business of Energetics, Mining & Infrastructure Services and Realty.[1] It is a part of Hinduja Group which has presence across various industries such as Automotive, information technology, media, entertainment & communications, infrastructure project, development, oil & specialty chemicals, power, real estate and healthcare. The group employees 200,000 people around the world.[2]"
    },
    "companyScore" : {
      "priceHigherThanDma50" : 0.00,
      "priceHigherThanDma100" : 0.00,
      "priceHigherThanDma200" : 0.00,
      "dma50HigherThanDma100" : 0.00,
      "dma50HigherThanDma200" : 0.00,
      "dma100HigherThanDma200" : 0.00,
      "pricePercentageAboveDma50" : 5.31,
      "pricePercentageAboveDma100" : 5.76,
      "pricePercentageAboveDma200" : 5.89,
      "weeklyVolumeHigherThanYearlyVolume" : 0.00,
      "salesGrowthPercentile" : 2.55,
      "operatingProfitMarginPercentile" : 0.24,
      "netProfitMarginPercentile" : 10.00,
      "totalTechnicalScore" : 16.96,
      "totalFundamentalScore" : 12.78,
      "totalScore" : 29.74
    }
  },
  "attributes" : {
    "companyCode" : "GOCLCORP",
    "companyName" : "GOCL Corpn.",
    "marketCap" : 1314.00,
    "peRatio" : 5.33,
    "description" : "GOCL Corporation Ltd is engaged in the business of Energetics, Mining & Infrastructure Services and Realty.[1] It is a part of Hinduja Group which has presence across various industries such as Automotive, information technology, media, entertainment & communications, infrastructure project, development, oil & specialty chemicals, power, real estate and healthcare. The group employees 200,000 people around the world.[2]"
  },
  "technicalHistory" : [ {
    "date" : "2025-02-12",
    "price" : 319.20,
    "dma50" : 364.25,
    "dma100" : null,
    "dma200" : 404.18,
    "volume" : 48793.00
  }, {
    "date" : "2025-02-13",
    "price" : 316.25,
    "dma50" : 362.37,
    "dma100" : null,
    "dma200" : 403.31,
    "volume" : 38791.00
  }, {
    "date" : "2025-02-14",
    "price" : 320.85,
    "dma50" : 360.74,
    "dma100" : null,
    "dma200" : 402.49,
    "volume" : 1050509.00
  }, {
    "date" : "2025-02-17",
    "price" : 321.45,
    "dma50" : 359.20,
    "dma100" : null,
    "dma200" : 401.68,
    "volume" : 451767.00
  }, {
    "date" : "2025-02-18",
    "price" : 324.50,
    "dma50" : 357.84,
    "dma100" : null,
    "dma200" : 400.91,
    "volume" : 156809.00
  }, {
    "date" : "2025-02-19",
    "price" : 319.60,
    "dma50" : 356.34,
    "dma100" : null,
    "dma200" : 400.10,
    "volume" : 91475.00
  }, {
    "date" : "2025-02-20",
    "price" : 320.30,
    "dma50" : 354.92,
    "dma100" : null,
    "dma200" : 399.31,
    "volume" : 58135.00
  }, {
    "date" : "2025-02-21",
    "price" : 319.10,
    "dma50" : 353.52,
    "dma100" : null,
    "dma200" : 398.51,
    "volume" : 69436.00
  }, {
    "date" : "2025-02-24",
    "price" : 305.80,
    "dma50" : 351.65,
    "dma100" : null,
    "dma200" : 397.59,
    "volume" : 68701.00
  }, {
    "date" : "2025-02-25",
    "price" : 301.55,
    "dma50" : 349.68,
    "dma100" : null,
    "dma200" : 396.63,
    "volume" : 74490.00
  }, {
    "date" : "2025-02-27",
    "price" : 290.55,
    "dma50" : 347.36,
    "dma100" : null,
    "dma200" : 395.58,
    "volume" : 84410.00
  }, {
    "date" : "2025-02-28",
    "price" : 288.05,
    "dma50" : 345.04,
    "dma100" : null,
    "dma200" : 394.51,
    "volume" : 76959.00
  }, {
    "date" : "2025-03-03",
    "price" : 276.85,
    "dma50" : 342.36,
    "dma100" : null,
    "dma200" : 393.34,
    "volume" : 59048.00
  }, {
    "date" : "2025-03-04",
    "price" : 272.85,
    "dma50" : 339.64,
    "dma100" : null,
    "dma200" : 392.14,
    "volume" : 150925.00
  }, {
    "date" : "2025-03-05",
    "price" : 283.45,
    "dma50" : 337.43,
    "dma100" : null,
    "dma200" : 391.06,
    "volume" : 112303.00
  }, {
    "date" : "2025-03-06",
    "price" : 302.95,
    "dma50" : 336.08,
    "dma100" : null,
    "dma200" : 390.18,
    "volume" : 224390.00
  }, {
    "date" : "2025-03-07",
    "price" : 298.70,
    "dma50" : 334.62,
    "dma100" : null,
    "dma200" : 389.27,
    "volume" : 86438.00
  }, {
    "date" : "2025-03-10",
    "price" : 288.85,
    "dma50" : 332.82,
    "dma100" : null,
    "dma200" : 388.27,
    "volume" : 245867.00
  }, {
    "date" : "2025-03-11",
    "price" : 281.75,
    "dma50" : 330.82,
    "dma100" : null,
    "dma200" : 387.21,
    "volume" : 99472.00
  }, {
    "date" : "2025-03-12",
    "price" : 279.00,
    "dma50" : 328.79,
    "dma100" : null,
    "dma200" : 386.13,
    "volume" : 271775.00
  }, {
    "date" : "2025-03-13",
    "price" : 273.35,
    "dma50" : 326.61,
    "dma100" : null,
    "dma200" : 385.01,
    "volume" : 153907.00
  }, {
    "date" : "2025-03-17",
    "price" : 265.15,
    "dma50" : 324.20,
    "dma100" : null,
    "dma200" : 383.82,
    "volume" : 263466.00
  }, {
    "date" : "2025-03-18",
    "price" : 270.80,
    "dma50" : 322.11,
    "dma100" : null,
    "dma200" : 382.69,
    "volume" : 151846.00
  }, {
    "date" : "2025-03-19",
    "price" : 288.60,
    "dma50" : 320.79,
    "dma100" : null,
    "dma200" : 381.76,
    "volume" : 151229.00
  }, {
    "date" : "2025-03-20",
    "price" : 292.30,
    "dma50" : 319.68,
    "dma100" : null,
    "dma200" : 380.87,
    "volume" : 86603.00
  }, {
    "date" : "2025-03-21",
    "price" : 292.80,
    "dma50" : 318.62,
    "dma100" : null,
    "dma200" : 379.99,
    "volume" : 92866.00
  }, {
    "date" : "2025-03-24",
    "price" : 292.75,
    "dma50" : 317.61,
    "dma100" : null,
    "dma200" : 379.12,
    "volume" : 119373.00
  }, {
    "date" : "2025-03-25",
    "price" : 278.95,
    "dma50" : 316.09,
    "dma100" : null,
    "dma200" : 378.13,
    "volume" : 175815.00
  }, {
    "date" : "2025-03-26",
    "price" : 273.05,
    "dma50" : 314.40,
    "dma100" : null,
    "dma200" : 377.08,
    "volume" : 201545.00
  }, {
    "date" : "2025-03-27",
    "price" : 271.40,
    "dma50" : 312.72,
    "dma100" : null,
    "dma200" : 376.03,
    "volume" : 193894.00
  }, {
    "date" : "2025-03-28",
    "price" : 274.40,
    "dma50" : 311.22,
    "dma100" : null,
    "dma200" : 375.02,
    "volume" : 142013.00
  }, {
    "date" : "2025-04-01",
    "price" : 288.90,
    "dma50" : 310.34,
    "dma100" : null,
    "dma200" : 374.16,
    "volume" : 66018.00
  }, {
    "date" : "2025-04-02",
    "price" : 284.30,
    "dma50" : 309.32,
    "dma100" : null,
    "dma200" : 373.27,
    "volume" : 49144.00
  }, {
    "date" : "2025-04-03",
    "price" : 284.20,
    "dma50" : 308.33,
    "dma100" : null,
    "dma200" : 372.38,
    "volume" : 82372.00
  }, {
    "date" : "2025-04-04",
    "price" : 266.45,
    "dma50" : 306.69,
    "dma100" : null,
    "dma200" : 371.33,
    "volume" : 116334.00
  }, {
    "date" : "2025-04-07",
    "price" : 253.85,
    "dma50" : 304.62,
    "dma100" : null,
    "dma200" : 370.16,
    "volume" : 124025.00
  }, {
    "date" : "2025-04-08",
    "price" : 256.95,
    "dma50" : 302.75,
    "dma100" : null,
    "dma200" : 369.03,
    "volume" : 60680.00
  }, {
    "date" : "2025-04-09",
    "price" : 252.00,
    "dma50" : 300.76,
    "dma100" : null,
    "dma200" : 367.87,
    "volume" : 39402.00
  }, {
    "date" : "2025-04-11",
    "price" : 253.85,
    "dma50" : 298.92,
    "dma100" : null,
    "dma200" : 366.73,
    "volume" : 68111.00
  }, {
    "date" : "2025-04-15",
    "price" : 270.50,
    "dma50" : 297.81,
    "dma100" : null,
    "dma200" : 365.78,
    "volume" : 102479.00
  }, {
    "date" : "2025-04-16",
    "price" : 269.40,
    "dma50" : 296.69,
    "dma100" : null,
    "dma200" : 364.82,
    "volume" : 51889.00
  }, {
    "date" : "2025-04-17",
    "price" : 282.55,
    "dma50" : 296.14,
    "dma100" : null,
    "dma200" : 364.00,
    "volume" : 96921.00
  }, {
    "date" : "2025-04-21",
    "price" : 291.10,
    "dma50" : 295.94,
    "dma100" : null,
    "dma200" : 363.27,
    "volume" : 52860.00
  }, {
    "date" : "2025-04-22",
    "price" : 294.60,
    "dma50" : 295.89,
    "dma100" : null,
    "dma200" : 362.59,
    "volume" : 55547.00
  }, {
    "date" : "2025-04-23",
    "price" : 293.95,
    "dma50" : 295.81,
    "dma100" : null,
    "dma200" : 361.91,
    "volume" : 68801.00
  }, {
    "date" : "2025-04-24",
    "price" : 294.45,
    "dma50" : 295.76,
    "dma100" : null,
    "dma200" : 361.23,
    "volume" : 39296.00
  }, {
    "date" : "2025-04-25",
    "price" : 285.15,
    "dma50" : 295.34,
    "dma100" : null,
    "dma200" : 360.48,
    "volume" : 43607.00
  }, {
    "date" : "2025-04-28",
    "price" : 285.65,
    "dma50" : 294.96,
    "dma100" : null,
    "dma200" : 359.73,
    "volume" : 26808.00
  }, {
    "date" : "2025-04-29",
    "price" : 284.75,
    "dma50" : 294.56,
    "dma100" : null,
    "dma200" : 358.99,
    "volume" : 42165.00
  }, {
    "date" : "2025-04-30",
    "price" : 281.65,
    "dma50" : 294.05,
    "dma100" : null,
    "dma200" : 358.22,
    "volume" : 54860.00
  }, {
    "date" : "2025-05-02",
    "price" : 285.05,
    "dma50" : 293.70,
    "dma100" : null,
    "dma200" : 357.49,
    "volume" : 87923.00
  }, {
    "date" : "2025-05-05",
    "price" : 286.10,
    "dma50" : 293.40,
    "dma100" : null,
    "dma200" : 356.78,
    "volume" : 56731.00
  }, {
    "date" : "2025-05-06",
    "price" : 269.10,
    "dma50" : 292.45,
    "dma100" : null,
    "dma200" : 355.91,
    "volume" : 90398.00
  }, {
    "date" : "2025-05-07",
    "price" : 269.65,
    "dma50" : 291.56,
    "dma100" : null,
    "dma200" : 355.05,
    "volume" : 49067.00
  }, {
    "date" : "2025-05-08",
    "price" : 266.85,
    "dma50" : 290.59,
    "dma100" : null,
    "dma200" : 354.17,
    "volume" : 55709.00
  }, {
    "date" : "2025-05-09",
    "price" : 268.80,
    "dma50" : 289.73,
    "dma100" : null,
    "dma200" : 353.32,
    "volume" : 60222.00
  }, {
    "date" : "2025-05-12",
    "price" : 281.55,
    "dma50" : 289.41,
    "dma100" : null,
    "dma200" : 352.61,
    "volume" : 49639.00
  }, {
    "date" : "2025-05-13",
    "price" : 287.95,
    "dma50" : 289.35,
    "dma100" : null,
    "dma200" : 351.96,
    "volume" : 23699.00
  }, {
    "date" : "2025-05-14",
    "price" : 288.25,
    "dma50" : 289.31,
    "dma100" : null,
    "dma200" : 351.33,
    "volume" : 69747.00
  }, {
    "date" : "2025-05-15",
    "price" : 296.70,
    "dma50" : 289.60,
    "dma100" : null,
    "dma200" : 350.79,
    "volume" : 84764.00
  }, {
    "date" : "2025-05-16",
    "price" : 315.35,
    "dma50" : 290.61,
    "dma100" : null,
    "dma200" : 350.43,
    "volume" : 250445.00
  }, {
    "date" : "2025-05-19",
    "price" : 315.60,
    "dma50" : 291.59,
    "dma100" : null,
    "dma200" : 350.09,
    "volume" : 110444.00
  }, {
    "date" : "2025-05-20",
    "price" : 311.60,
    "dma50" : 292.38,
    "dma100" : null,
    "dma200" : 349.70,
    "volume" : 117309.00
  }, {
    "date" : "2025-05-21",
    "price" : 323.30,
    "dma50" : 293.59,
    "dma100" : null,
    "dma200" : 349.44,
    "volume" : 370553.00
  }, {
    "date" : "2025-05-22",
    "price" : 318.50,
    "dma50" : 294.57,
    "dma100" : null,
    "dma200" : 349.13,
    "volume" : 108362.00
  }, {
    "date" : "2025-05-23",
    "price" : 305.70,
    "dma50" : 295.00,
    "dma100" : null,
    "dma200" : 348.70,
    "volume" : 169979.00
  }, {
    "date" : "2025-05-26",
    "price" : 304.50,
    "dma50" : 295.37,
    "dma100" : null,
    "dma200" : 348.26,
    "volume" : 63629.00
  }, {
    "date" : "2025-05-27",
    "price" : 305.75,
    "dma50" : 295.78,
    "dma100" : null,
    "dma200" : 347.84,
    "volume" : 55179.00
  }, {
    "date" : "2025-05-28",
    "price" : 300.45,
    "dma50" : 295.96,
    "dma100" : null,
    "dma200" : 347.37,
    "volume" : 73330.00
  }, {
    "date" : "2025-05-29",
    "price" : 306.90,
    "dma50" : 296.39,
    "dma100" : null,
    "dma200" : 346.96,
    "volume" : 30008.00
  }, {
    "date" : "2025-05-30",
    "price" : 304.10,
    "dma50" : 296.70,
    "dma100" : null,
    "dma200" : 346.54,
    "volume" : 52381.00
  }, {
    "date" : "2025-06-02",
    "price" : 306.70,
    "dma50" : 297.09,
    "dma100" : null,
    "dma200" : 346.14,
    "volume" : 103292.00
  }, {
    "date" : "2025-06-03",
    "price" : 309.20,
    "dma50" : 297.56,
    "dma100" : null,
    "dma200" : 345.77,
    "volume" : 61432.00
  }, {
    "date" : "2025-06-04",
    "price" : 312.55,
    "dma50" : 298.15,
    "dma100" : null,
    "dma200" : 345.44,
    "volume" : 57332.00
  }, {
    "date" : "2025-06-05",
    "price" : 319.45,
    "dma50" : 298.99,
    "dma100" : null,
    "dma200" : 345.18,
    "volume" : 156924.00
  }, {
    "date" : "2025-06-06",
    "price" : 316.15,
    "dma50" : 299.66,
    "dma100" : null,
    "dma200" : 344.90,
    "volume" : 45113.00
  }, {
    "date" : "2025-06-09",
    "price" : 379.35,
    "dma50" : 302.78,
    "dma100" : null,
    "dma200" : 345.24,
    "volume" : 2770394.00
  }, {
    "date" : "2025-06-10",
    "price" : 398.45,
    "dma50" : 306.54,
    "dma100" : null,
    "dma200" : 345.77,
    "volume" : 2316128.00
  }, {
    "date" : "2025-06-11",
    "price" : 384.90,
    "dma50" : 309.61,
    "dma100" : null,
    "dma200" : 346.16,
    "volume" : 303113.00
  }, {
    "date" : "2025-06-12",
    "price" : 373.85,
    "dma50" : 312.13,
    "dma100" : null,
    "dma200" : 346.43,
    "volume" : 147932.00
  }, {
    "date" : "2025-06-13",
    "price" : 389.20,
    "dma50" : 315.15,
    "dma100" : null,
    "dma200" : 346.86,
    "volume" : 653973.00
  }, {
    "date" : "2025-06-16",
    "price" : 392.65,
    "dma50" : 318.19,
    "dma100" : null,
    "dma200" : 347.31,
    "volume" : 165089.00
  }, {
    "date" : "2025-06-17",
    "price" : 384.35,
    "dma50" : 320.78,
    "dma100" : null,
    "dma200" : 347.68,
    "volume" : 231863.00
  }, {
    "date" : "2025-06-18",
    "price" : 369.10,
    "dma50" : 322.68,
    "dma100" : null,
    "dma200" : 347.90,
    "volume" : 161664.00
  }, {
    "date" : "2025-06-19",
    "price" : 357.80,
    "dma50" : 324.06,
    "dma100" : null,
    "dma200" : 347.99,
    "volume" : 177074.00
  }, {
    "date" : "2025-06-20",
    "price" : 366.25,
    "dma50" : 325.71,
    "dma100" : null,
    "dma200" : 348.18,
    "volume" : 136037.00
  }, {
    "date" : "2025-06-23",
    "price" : 366.90,
    "dma50" : 327.33,
    "dma100" : null,
    "dma200" : 348.36,
    "volume" : 133698.00
  }, {
    "date" : "2025-06-24",
    "price" : 365.85,
    "dma50" : 328.84,
    "dma100" : null,
    "dma200" : 348.54,
    "volume" : 111259.00
  }, {
    "date" : "2025-06-25",
    "price" : 372.80,
    "dma50" : 330.56,
    "dma100" : null,
    "dma200" : 348.78,
    "volume" : 86686.00
  }, {
    "date" : "2025-06-26",
    "price" : 366.80,
    "dma50" : 331.98,
    "dma100" : null,
    "dma200" : 348.96,
    "volume" : 60180.00
  }, {
    "date" : "2025-06-27",
    "price" : 360.30,
    "dma50" : 333.09,
    "dma100" : null,
    "dma200" : 349.07,
    "volume" : 79601.00
  }, {
    "date" : "2025-06-30",
    "price" : 366.15,
    "dma50" : 334.39,
    "dma100" : null,
    "dma200" : 349.24,
    "volume" : 56474.00
  }, {
    "date" : "2025-07-01",
    "price" : 361.75,
    "dma50" : 335.46,
    "dma100" : null,
    "dma200" : 349.36,
    "volume" : 62173.00
  }, {
    "date" : "2025-07-02",
    "price" : 359.60,
    "dma50" : 336.41,
    "dma100" : null,
    "dma200" : 349.47,
    "volume" : 50568.00
  }, {
    "date" : "2025-07-03",
    "price" : 360.00,
    "dma50" : 337.33,
    "dma100" : null,
    "dma200" : 349.57,
    "volume" : 55548.00
  }, {
    "date" : "2025-07-04",
    "price" : 372.40,
    "dma50" : 338.71,
    "dma100" : null,
    "dma200" : 349.80,
    "volume" : 94649.00
  }, {
    "date" : "2025-07-07",
    "price" : 364.45,
    "dma50" : 339.72,
    "dma100" : null,
    "dma200" : 349.94,
    "volume" : 68650.00
  }, {
    "date" : "2025-07-08",
    "price" : 381.75,
    "dma50" : 341.37,
    "dma100" : null,
    "dma200" : 350.26,
    "volume" : 627451.00
  }, {
    "date" : "2025-07-09",
    "price" : 389.20,
    "dma50" : 343.24,
    "dma100" : null,
    "dma200" : 350.65,
    "volume" : 231998.00
  }, {
    "date" : "2025-07-10",
    "price" : 389.05,
    "dma50" : 345.04,
    "dma100" : null,
    "dma200" : 351.03,
    "volume" : 81118.00
  }, {
    "date" : "2025-07-11",
    "price" : 383.70,
    "dma50" : 346.55,
    "dma100" : 311.93,
    "dma200" : 351.36,
    "volume" : 104622.00
  }, {
    "date" : "2025-07-14",
    "price" : 394.55,
    "dma50" : 348.44,
    "dma100" : 312.71,
    "dma200" : 351.78,
    "volume" : 151237.00
  }, {
    "date" : "2025-07-15",
    "price" : 392.00,
    "dma50" : 350.15,
    "dma100" : 313.42,
    "dma200" : 352.19,
    "volume" : 72662.00
  }, {
    "date" : "2025-07-16",
    "price" : 395.85,
    "dma50" : 351.94,
    "dma100" : 314.16,
    "dma200" : 352.62,
    "volume" : 113594.00
  }, {
    "date" : "2025-07-17",
    "price" : 395.90,
    "dma50" : 353.66,
    "dma100" : 314.88,
    "dma200" : 353.05,
    "volume" : 62845.00
  }, {
    "date" : "2025-07-18",
    "price" : 395.25,
    "dma50" : 355.29,
    "dma100" : 315.63,
    "dma200" : 353.47,
    "volume" : 51911.00
  }, {
    "date" : "2025-07-21",
    "price" : 399.20,
    "dma50" : 357.01,
    "dma100" : 316.42,
    "dma200" : 353.93,
    "volume" : 220013.00
  }, {
    "date" : "2025-07-22",
    "price" : 396.30,
    "dma50" : 358.56,
    "dma100" : 317.20,
    "dma200" : 354.35,
    "volume" : 100898.00
  }, {
    "date" : "2025-07-23",
    "price" : 391.50,
    "dma50" : 359.85,
    "dma100" : 318.05,
    "dma200" : 354.72,
    "volume" : 130668.00
  }, {
    "date" : "2025-07-24",
    "price" : 394.55,
    "dma50" : 361.21,
    "dma100" : 318.98,
    "dma200" : 355.11,
    "volume" : 116573.00
  }, {
    "date" : "2025-07-25",
    "price" : 375.05,
    "dma50" : 361.75,
    "dma100" : 319.83,
    "dma200" : 355.31,
    "volume" : 118266.00
  }, {
    "date" : "2025-07-28",
    "price" : 361.70,
    "dma50" : 361.75,
    "dma100" : 320.56,
    "dma200" : 355.37,
    "volume" : 58204.00
  }, {
    "date" : "2025-07-29",
    "price" : 367.25,
    "dma50" : 361.96,
    "dma100" : 321.47,
    "dma200" : 355.49,
    "volume" : 45473.00
  }, {
    "date" : "2025-07-30",
    "price" : 365.45,
    "dma50" : 362.10,
    "dma100" : 322.39,
    "dma200" : 355.59,
    "volume" : 21825.00
  }, {
    "date" : "2025-07-31",
    "price" : 356.95,
    "dma50" : 361.90,
    "dma100" : 323.13,
    "dma200" : 355.61,
    "volume" : 32589.00
  }, {
    "date" : "2025-08-01",
    "price" : 350.20,
    "dma50" : 361.44,
    "dma100" : 323.60,
    "dma200" : 355.55,
    "volume" : 68083.00
  }, {
    "date" : "2025-08-04",
    "price" : 352.00,
    "dma50" : 361.07,
    "dma100" : 324.14,
    "dma200" : 355.52,
    "volume" : 40665.00
  }, {
    "date" : "2025-08-05",
    "price" : 352.30,
    "dma50" : 360.73,
    "dma100" : 324.77,
    "dma200" : 355.48,
    "volume" : 49581.00
  }, {
    "date" : "2025-08-06",
    "price" : 342.30,
    "dma50" : 360.00,
    "dma100" : 325.38,
    "dma200" : 355.35,
    "volume" : 55575.00
  }, {
    "date" : "2025-08-07",
    "price" : 340.00,
    "dma50" : 359.22,
    "dma100" : 325.99,
    "dma200" : 355.20,
    "volume" : 43473.00
  }, {
    "date" : "2025-08-08",
    "price" : 336.00,
    "dma50" : 358.31,
    "dma100" : 326.61,
    "dma200" : 355.01,
    "volume" : 26790.00
  }, {
    "date" : "2025-08-11",
    "price" : 342.70,
    "dma50" : 357.70,
    "dma100" : 327.39,
    "dma200" : 354.89,
    "volume" : 32033.00
  }, {
    "date" : "2025-08-12",
    "price" : 347.85,
    "dma50" : 357.31,
    "dma100" : 328.16,
    "dma200" : 354.82,
    "volume" : 31034.00
  }, {
    "date" : "2025-08-13",
    "price" : 369.00,
    "dma50" : 357.77,
    "dma100" : 328.96,
    "dma200" : 354.96,
    "volume" : 433556.00
  }, {
    "date" : "2025-08-14",
    "price" : 357.10,
    "dma50" : 357.74,
    "dma100" : 329.61,
    "dma200" : 354.98,
    "volume" : 67251.00
  }, {
    "date" : "2025-08-18",
    "price" : 356.20,
    "dma50" : 357.68,
    "dma100" : 330.24,
    "dma200" : 354.99,
    "volume" : 34043.00
  }, {
    "date" : "2025-08-19",
    "price" : 360.30,
    "dma50" : 357.78,
    "dma100" : 330.92,
    "dma200" : 355.04,
    "volume" : 46562.00
  }, {
    "date" : "2025-08-20",
    "price" : 379.60,
    "dma50" : 358.64,
    "dma100" : 331.93,
    "dma200" : 355.29,
    "volume" : 118021.00
  }, {
    "date" : "2025-08-21",
    "price" : 388.60,
    "dma50" : 359.82,
    "dma100" : 333.08,
    "dma200" : 355.62,
    "volume" : 260363.00
  }, {
    "date" : "2025-08-22",
    "price" : 397.25,
    "dma50" : 361.28,
    "dma100" : 334.34,
    "dma200" : 356.03,
    "volume" : 2638291.00
  }, {
    "date" : "2025-08-25",
    "price" : 377.75,
    "dma50" : 361.93,
    "dma100" : 335.37,
    "dma200" : 356.25,
    "volume" : 119489.00
  }, {
    "date" : "2025-08-26",
    "price" : 365.50,
    "dma50" : 362.07,
    "dma100" : 336.14,
    "dma200" : 356.34,
    "volume" : 109888.00
  }, {
    "date" : "2025-08-28",
    "price" : 360.70,
    "dma50" : 362.02,
    "dma100" : 336.90,
    "dma200" : 356.39,
    "volume" : 86121.00
  }, {
    "date" : "2025-08-29",
    "price" : 355.45,
    "dma50" : 361.76,
    "dma100" : 337.62,
    "dma200" : 356.38,
    "volume" : 149059.00
  }, {
    "date" : "2025-09-01",
    "price" : 351.90,
    "dma50" : 361.37,
    "dma100" : 338.47,
    "dma200" : 356.33,
    "volume" : 1380114.00
  }, {
    "date" : "2025-09-02",
    "price" : 357.95,
    "dma50" : 361.24,
    "dma100" : 339.51,
    "dma200" : 356.35,
    "volume" : 115968.00
  }, {
    "date" : "2025-09-03",
    "price" : 364.10,
    "dma50" : 361.35,
    "dma100" : 340.58,
    "dma200" : 356.43,
    "volume" : 56371.00
  }, {
    "date" : "2025-09-04",
    "price" : 361.10,
    "dma50" : 361.34,
    "dma100" : 341.67,
    "dma200" : 356.47,
    "volume" : 176998.00
  }, {
    "date" : "2025-09-05",
    "price" : 359.55,
    "dma50" : 361.27,
    "dma100" : 342.73,
    "dma200" : 356.50,
    "volume" : 36643.00
  }, {
    "date" : "2025-09-08",
    "price" : 359.90,
    "dma50" : 361.22,
    "dma100" : 343.62,
    "dma200" : 356.54,
    "volume" : 20914.00
  }, {
    "date" : "2025-09-09",
    "price" : 361.15,
    "dma50" : 361.21,
    "dma100" : 344.54,
    "dma200" : 356.58,
    "volume" : 34397.00
  }, {
    "date" : "2025-09-10",
    "price" : 356.50,
    "dma50" : 361.03,
    "dma100" : 345.28,
    "dma200" : 356.58,
    "volume" : 45390.00
  }, {
    "date" : "2025-09-11",
    "price" : 356.25,
    "dma50" : 360.84,
    "dma100" : 345.93,
    "dma200" : 356.58,
    "volume" : 237185.00
  }, {
    "date" : "2025-09-12",
    "price" : 352.15,
    "dma50" : 360.50,
    "dma100" : 346.51,
    "dma200" : 356.53,
    "volume" : 98864.00
  }, {
    "date" : "2025-09-15",
    "price" : 346.50,
    "dma50" : 359.95,
    "dma100" : 347.03,
    "dma200" : 356.43,
    "volume" : 137786.00
  }, {
    "date" : "2025-09-16",
    "price" : 372.40,
    "dma50" : 360.44,
    "dma100" : 347.81,
    "dma200" : 356.59,
    "volume" : 500580.00
  }, {
    "date" : "2025-09-17",
    "price" : 368.30,
    "dma50" : 360.75,
    "dma100" : 348.64,
    "dma200" : 356.71,
    "volume" : 115758.00
  }, {
    "date" : "2025-09-18",
    "price" : 363.15,
    "dma50" : 360.84,
    "dma100" : 349.42,
    "dma200" : 356.77,
    "volume" : 95794.00
  }, {
    "date" : "2025-09-19",
    "price" : 365.30,
    "dma50" : 361.02,
    "dma100" : 350.23,
    "dma200" : 356.86,
    "volume" : 55934.00
  }, {
    "date" : "2025-09-22",
    "price" : 369.15,
    "dma50" : 361.34,
    "dma100" : 351.10,
    "dma200" : 356.98,
    "volume" : 80930.00
  }, {
    "date" : "2025-09-23",
    "price" : 364.00,
    "dma50" : 361.44,
    "dma100" : 351.89,
    "dma200" : 357.05,
    "volume" : 67788.00
  }, {
    "date" : "2025-09-24",
    "price" : 359.20,
    "dma50" : 361.35,
    "dma100" : 352.62,
    "dma200" : 357.07,
    "volume" : 32528.00
  }, {
    "date" : "2025-09-25",
    "price" : 357.45,
    "dma50" : 361.20,
    "dma100" : 353.50,
    "dma200" : 357.08,
    "volume" : 29030.00
  }, {
    "date" : "2025-09-26",
    "price" : 351.55,
    "dma50" : 360.82,
    "dma100" : 354.32,
    "dma200" : 357.02,
    "volume" : 46140.00
  }, {
    "date" : "2025-09-29",
    "price" : 355.35,
    "dma50" : 360.61,
    "dma100" : 355.21,
    "dma200" : 357.00,
    "volume" : 45145.00
  }, {
    "date" : "2025-09-30",
    "price" : 348.20,
    "dma50" : 360.12,
    "dma100" : 356.00,
    "dma200" : 356.92,
    "volume" : 48985.00
  }, {
    "date" : "2025-10-01",
    "price" : 359.85,
    "dma50" : 360.11,
    "dma100" : 356.79,
    "dma200" : 356.95,
    "volume" : 41656.00
  }, {
    "date" : "2025-10-03",
    "price" : 361.15,
    "dma50" : 360.15,
    "dma100" : 357.52,
    "dma200" : 356.99,
    "volume" : 51650.00
  }, {
    "date" : "2025-10-06",
    "price" : 360.20,
    "dma50" : 360.15,
    "dma100" : 358.24,
    "dma200" : 357.02,
    "volume" : 25558.00
  }, {
    "date" : "2025-10-07",
    "price" : 349.30,
    "dma50" : 359.73,
    "dma100" : 358.76,
    "dma200" : 356.94,
    "volume" : 63929.00
  }, {
    "date" : "2025-10-08",
    "price" : 348.30,
    "dma50" : 359.28,
    "dma100" : 359.09,
    "dma200" : 356.86,
    "volume" : 41197.00
  }, {
    "date" : "2025-10-09",
    "price" : 352.95,
    "dma50" : 359.03,
    "dma100" : 359.47,
    "dma200" : 356.82,
    "volume" : 43545.00
  }, {
    "date" : "2025-10-10",
    "price" : 351.20,
    "dma50" : 358.72,
    "dma100" : 359.86,
    "dma200" : 356.76,
    "volume" : 50641.00
  }, {
    "date" : "2025-10-13",
    "price" : 352.30,
    "dma50" : 358.47,
    "dma100" : 360.15,
    "dma200" : 356.72,
    "volume" : 26488.00
  }, {
    "date" : "2025-10-14",
    "price" : 351.20,
    "dma50" : 358.19,
    "dma100" : 360.48,
    "dma200" : 356.66,
    "volume" : 29055.00
  }, {
    "date" : "2025-10-15",
    "price" : 361.50,
    "dma50" : 358.32,
    "dma100" : 361.04,
    "dma200" : 356.71,
    "volume" : 105746.00
  }, {
    "date" : "2025-10-16",
    "price" : 360.15,
    "dma50" : 358.39,
    "dma100" : 361.59,
    "dma200" : 356.74,
    "volume" : 34796.00
  }, {
    "date" : "2025-10-17",
    "price" : 352.35,
    "dma50" : 358.15,
    "dma100" : 362.06,
    "dma200" : 356.70,
    "volume" : 37973.00
  }, {
    "date" : "2025-10-20",
    "price" : 348.80,
    "dma50" : 357.78,
    "dma100" : 362.54,
    "dma200" : 356.62,
    "volume" : 41973.00
  }, {
    "date" : "2025-10-21",
    "price" : 354.55,
    "dma50" : 357.66,
    "dma100" : 363.02,
    "dma200" : 356.60,
    "volume" : 12512.00
  }, {
    "date" : "2025-10-23",
    "price" : 348.90,
    "dma50" : 357.31,
    "dma100" : 363.47,
    "dma200" : 356.53,
    "volume" : 26537.00
  }, {
    "date" : "2025-10-24",
    "price" : 352.10,
    "dma50" : 357.11,
    "dma100" : 363.92,
    "dma200" : 356.48,
    "volume" : 50991.00
  }, {
    "date" : "2025-10-27",
    "price" : 367.00,
    "dma50" : 357.50,
    "dma100" : 364.50,
    "dma200" : 356.59,
    "volume" : 119453.00
  }, {
    "date" : "2025-10-28",
    "price" : 366.40,
    "dma50" : 357.85,
    "dma100" : 365.04,
    "dma200" : 356.68,
    "volume" : 94308.00
  }, {
    "date" : "2025-10-29",
    "price" : 367.05,
    "dma50" : 358.21,
    "dma100" : 365.51,
    "dma200" : 356.79,
    "volume" : 37127.00
  }, {
    "date" : "2025-10-30",
    "price" : 362.20,
    "dma50" : 358.36,
    "dma100" : 365.97,
    "dma200" : 356.84,
    "volume" : 32927.00
  }, {
    "date" : "2025-10-31",
    "price" : 354.05,
    "dma50" : 358.19,
    "dma100" : 365.72,
    "dma200" : 356.81,
    "volume" : 125339.00
  }, {
    "date" : "2025-11-03",
    "price" : 355.00,
    "dma50" : 358.07,
    "dma100" : 365.29,
    "dma200" : 356.79,
    "volume" : 45001.00
  }, {
    "date" : "2025-11-04",
    "price" : 351.45,
    "dma50" : 357.81,
    "dma100" : 364.95,
    "dma200" : 356.74,
    "volume" : 29096.00
  }, {
    "date" : "2025-11-06",
    "price" : 339.10,
    "dma50" : 357.08,
    "dma100" : 364.61,
    "dma200" : 356.57,
    "volume" : 69957.00
  }, {
    "date" : "2025-11-07",
    "price" : 339.10,
    "dma50" : 356.37,
    "dma100" : 364.10,
    "dma200" : 356.39,
    "volume" : 49697.00
  }, {
    "date" : "2025-11-10",
    "price" : 334.10,
    "dma50" : 355.50,
    "dma100" : 363.52,
    "dma200" : 356.17,
    "volume" : 35052.00
  }, {
    "date" : "2025-11-11",
    "price" : 330.25,
    "dma50" : 354.51,
    "dma100" : 362.98,
    "dma200" : 355.91,
    "volume" : 28874.00
  }, {
    "date" : "2025-11-12",
    "price" : 340.70,
    "dma50" : 353.97,
    "dma100" : 362.69,
    "dma200" : 355.76,
    "volume" : 53779.00
  }, {
    "date" : "2025-11-13",
    "price" : 333.35,
    "dma50" : 353.16,
    "dma100" : 362.45,
    "dma200" : 355.54,
    "volume" : 35988.00
  }, {
    "date" : "2025-11-14",
    "price" : 326.45,
    "dma50" : 352.11,
    "dma100" : 362.05,
    "dma200" : 355.25,
    "volume" : 44639.00
  }, {
    "date" : "2025-11-17",
    "price" : 321.70,
    "dma50" : 350.92,
    "dma100" : 361.60,
    "dma200" : 354.91,
    "volume" : 31603.00
  }, {
    "date" : "2025-11-18",
    "price" : 318.90,
    "dma50" : 349.66,
    "dma100" : 361.13,
    "dma200" : 354.56,
    "volume" : 21842.00
  }, {
    "date" : "2025-11-19",
    "price" : 326.40,
    "dma50" : 348.75,
    "dma100" : 360.67,
    "dma200" : 354.28,
    "volume" : 68560.00
  }, {
    "date" : "2025-11-20",
    "price" : 318.75,
    "dma50" : 347.57,
    "dma100" : 360.19,
    "dma200" : 353.92,
    "volume" : 41124.00
  }, {
    "date" : "2025-11-21",
    "price" : 316.65,
    "dma50" : 346.36,
    "dma100" : 359.75,
    "dma200" : 353.55,
    "volume" : 35716.00
  }, {
    "date" : "2025-11-24",
    "price" : 301.30,
    "dma50" : 344.59,
    "dma100" : 359.10,
    "dma200" : 353.03,
    "volume" : 68229.00
  }, {
    "date" : "2025-11-25",
    "price" : 306.35,
    "dma50" : 343.09,
    "dma100" : 358.55,
    "dma200" : 352.57,
    "volume" : 40889.00
  }, {
    "date" : "2025-11-26",
    "price" : 305.30,
    "dma50" : 341.61,
    "dma100" : 358.00,
    "dma200" : 352.10,
    "volume" : 57513.00
  }, {
    "date" : "2025-11-27",
    "price" : 308.65,
    "dma50" : 340.32,
    "dma100" : 357.49,
    "dma200" : 351.66,
    "volume" : 56792.00
  }, {
    "date" : "2025-11-28",
    "price" : 305.10,
    "dma50" : 338.94,
    "dma100" : 356.82,
    "dma200" : 351.20,
    "volume" : 25973.00
  }, {
    "date" : "2025-12-01",
    "price" : 306.25,
    "dma50" : 337.66,
    "dma100" : 356.23,
    "dma200" : 350.75,
    "volume" : 32666.00
  }, {
    "date" : "2025-12-02",
    "price" : 301.60,
    "dma50" : 336.24,
    "dma100" : 355.43,
    "dma200" : 350.27,
    "volume" : 21131.00
  }, {
    "date" : "2025-12-03",
    "price" : 302.05,
    "dma50" : 334.90,
    "dma100" : 354.56,
    "dma200" : 349.79,
    "volume" : 25807.00
  }, {
    "date" : "2025-12-04",
    "price" : 295.35,
    "dma50" : 333.35,
    "dma100" : 353.62,
    "dma200" : 349.24,
    "volume" : 24115.00
  }, {
    "date" : "2025-12-05",
    "price" : 292.90,
    "dma50" : 331.76,
    "dma100" : 352.72,
    "dma200" : 348.68,
    "volume" : 17532.00
  }, {
    "date" : "2025-12-08",
    "price" : 286.25,
    "dma50" : 329.98,
    "dma100" : 351.63,
    "dma200" : 348.06,
    "volume" : 42049.00
  }, {
    "date" : "2025-12-09",
    "price" : 293.45,
    "dma50" : 328.55,
    "dma100" : 350.65,
    "dma200" : 347.52,
    "volume" : 53494.00
  }, {
    "date" : "2025-12-10",
    "price" : 286.10,
    "dma50" : 326.88,
    "dma100" : 349.55,
    "dma200" : 346.91,
    "volume" : 42219.00
  }, {
    "date" : "2025-12-11",
    "price" : 291.95,
    "dma50" : 325.51,
    "dma100" : 348.51,
    "dma200" : 346.36,
    "volume" : 31633.00
  }, {
    "date" : "2025-12-12",
    "price" : 302.50,
    "dma50" : 324.61,
    "dma100" : 347.58,
    "dma200" : 345.92,
    "volume" : 164561.00
  }, {
    "date" : "2025-12-15",
    "price" : 310.30,
    "dma50" : 324.05,
    "dma100" : 346.69,
    "dma200" : 345.57,
    "volume" : 695104.00
  }, {
    "date" : "2025-12-16",
    "price" : 302.80,
    "dma50" : 323.22,
    "dma100" : 345.76,
    "dma200" : 345.14,
    "volume" : 217819.00
  }, {
    "date" : "2025-12-17",
    "price" : 297.00,
    "dma50" : 322.19,
    "dma100" : 344.81,
    "dma200" : 344.67,
    "volume" : 75619.00
  }, {
    "date" : "2025-12-18",
    "price" : 290.60,
    "dma50" : 320.95,
    "dma100" : 343.77,
    "dma200" : 344.13,
    "volume" : 57459.00
  }, {
    "date" : "2025-12-19",
    "price" : 293.45,
    "dma50" : 319.87,
    "dma100" : 342.96,
    "dma200" : 343.62,
    "volume" : 40466.00
  }, {
    "date" : "2025-12-22",
    "price" : 296.25,
    "dma50" : 318.94,
    "dma100" : 342.30,
    "dma200" : 343.15,
    "volume" : 23868.00
  }, {
    "date" : "2025-12-23",
    "price" : 294.20,
    "dma50" : 317.97,
    "dma100" : 341.57,
    "dma200" : 342.66,
    "volume" : 36820.00
  }, {
    "date" : "2025-12-24",
    "price" : 292.50,
    "dma50" : 316.97,
    "dma100" : 340.84,
    "dma200" : 342.17,
    "volume" : 50177.00
  }, {
    "date" : "2025-12-26",
    "price" : 290.05,
    "dma50" : 315.92,
    "dma100" : 340.18,
    "dma200" : 341.65,
    "volume" : 36157.00
  }, {
    "date" : "2025-12-29",
    "price" : 287.35,
    "dma50" : 314.80,
    "dma100" : 339.55,
    "dma200" : 341.11,
    "volume" : 51797.00
  }, {
    "date" : "2025-12-30",
    "price" : 290.80,
    "dma50" : 313.86,
    "dma100" : 338.94,
    "dma200" : 340.61,
    "volume" : 14863.00
  }, {
    "date" : "2025-12-31",
    "price" : 294.10,
    "dma50" : 313.08,
    "dma100" : 338.35,
    "dma200" : 340.14,
    "volume" : 32215.00
  }, {
    "date" : "2026-01-01",
    "price" : 291.00,
    "dma50" : 312.22,
    "dma100" : 337.84,
    "dma200" : 339.65,
    "volume" : 17863.00
  }, {
    "date" : "2026-01-02",
    "price" : 292.65,
    "dma50" : 311.45,
    "dma100" : 337.37,
    "dma200" : 339.19,
    "volume" : 25838.00
  }, {
    "date" : "2026-01-05",
    "price" : 288.20,
    "dma50" : 310.54,
    "dma100" : 336.89,
    "dma200" : 338.68,
    "volume" : 42935.00
  }, {
    "date" : "2026-01-06",
    "price" : 288.40,
    "dma50" : 309.67,
    "dma100" : 336.35,
    "dma200" : 338.18,
    "volume" : 14794.00
  }, {
    "date" : "2026-01-07",
    "price" : 284.05,
    "dma50" : 308.66,
    "dma100" : 335.71,
    "dma200" : 337.64,
    "volume" : 30737.00
  }, {
    "date" : "2026-01-08",
    "price" : 277.95,
    "dma50" : 307.46,
    "dma100" : 334.80,
    "dma200" : 337.05,
    "volume" : 31736.00
  }, {
    "date" : "2026-01-09",
    "price" : 280.15,
    "dma50" : 306.39,
    "dma100" : 334.03,
    "dma200" : 336.48,
    "volume" : 52274.00
  }, {
    "date" : "2026-01-12",
    "price" : 282.50,
    "dma50" : 305.45,
    "dma100" : 333.29,
    "dma200" : 335.94,
    "volume" : 64032.00
  }, {
    "date" : "2026-01-13",
    "price" : 278.95,
    "dma50" : 304.41,
    "dma100" : 332.48,
    "dma200" : 335.38,
    "volume" : 32012.00
  }, {
    "date" : "2026-01-14",
    "price" : 281.95,
    "dma50" : 303.53,
    "dma100" : 331.50,
    "dma200" : 334.84,
    "volume" : 27468.00
  }, {
    "date" : "2026-01-16",
    "price" : 281.55,
    "dma50" : 302.67,
    "dma100" : 330.43,
    "dma200" : 334.31,
    "volume" : 18329.00
  }, {
    "date" : "2026-01-19",
    "price" : 273.60,
    "dma50" : 301.53,
    "dma100" : 329.19,
    "dma200" : 333.71,
    "volume" : 39583.00
  }, {
    "date" : "2026-01-20",
    "price" : 263.10,
    "dma50" : 300.02,
    "dma100" : 328.05,
    "dma200" : 333.01,
    "volume" : 49958.00
  }, {
    "date" : "2026-01-21",
    "price" : 253.00,
    "dma50" : 298.18,
    "dma100" : 326.92,
    "dma200" : 332.21,
    "volume" : 63894.00
  }, {
    "date" : "2026-01-22",
    "price" : 265.35,
    "dma50" : 296.89,
    "dma100" : 325.97,
    "dma200" : 331.55,
    "volume" : 43397.00
  }, {
    "date" : "2026-01-23",
    "price" : 250.95,
    "dma50" : 295.09,
    "dma100" : 324.92,
    "dma200" : 330.74,
    "volume" : 80318.00
  }, {
    "date" : "2026-01-27",
    "price" : 249.95,
    "dma50" : 293.32,
    "dma100" : 323.90,
    "dma200" : 329.94,
    "volume" : 47093.00
  }, {
    "date" : "2026-01-28",
    "price" : 262.90,
    "dma50" : 292.13,
    "dma100" : 322.95,
    "dma200" : 329.27,
    "volume" : 48556.00
  }, {
    "date" : "2026-01-29",
    "price" : 264.15,
    "dma50" : 291.03,
    "dma100" : 321.95,
    "dma200" : 328.63,
    "volume" : 17160.00
  }, {
    "date" : "2026-01-30",
    "price" : 265.60,
    "dma50" : 290.03,
    "dma100" : 321.00,
    "dma200" : 328.00,
    "volume" : 32836.00
  }, {
    "date" : "2026-02-01",
    "price" : 258.35,
    "dma50" : 288.79,
    "dma100" : 319.99,
    "dma200" : 327.30,
    "volume" : 16805.00
  }, {
    "date" : "2026-02-02",
    "price" : 256.45,
    "dma50" : 287.52,
    "dma100" : 318.95,
    "dma200" : 326.60,
    "volume" : 31004.00
  }, {
    "date" : "2026-02-03",
    "price" : 259.90,
    "dma50" : 286.44,
    "dma100" : 317.94,
    "dma200" : 325.94,
    "volume" : 123234.00
  }, {
    "date" : "2026-02-04",
    "price" : 270.10,
    "dma50" : 285.80,
    "dma100" : 317.08,
    "dma200" : 325.38,
    "volume" : 45440.00
  }, {
    "date" : "2026-02-05",
    "price" : 267.30,
    "dma50" : 285.07,
    "dma100" : 316.19,
    "dma200" : 324.80,
    "volume" : 51985.00
  }, {
    "date" : "2026-02-06",
    "price" : 265.85,
    "dma50" : 284.32,
    "dma100" : 315.32,
    "dma200" : 324.22,
    "volume" : 12207.00
  }, {
    "date" : "2026-02-09",
    "price" : 270.40,
    "dma50" : 283.77,
    "dma100" : 314.56,
    "dma200" : 323.68,
    "volume" : 48696.00
  }, {
    "date" : "2026-02-10",
    "price" : 270.40,
    "dma50" : 283.25,
    "dma100" : 313.54,
    "dma200" : 323.15,
    "volume" : 49244.00
  }, {
    "date" : "2026-02-11",
    "price" : 265.15,
    "dma50" : 282.54,
    "dma100" : 312.51,
    "dma200" : 322.57,
    "volume" : 49077.00
  } ],
  "latestTechnicalAttributes" : {
    "date" : "2026-02-11",
    "price" : 265.15,
    "dma50" : 282.54,
    "dma100" : 312.51,
    "dma200" : 322.57,
    "volume" : 49077.00
  },
  "quarterlyResults" : [ {
    "date" : "2005-03-31",
    "sales" : 125.89,
    "salesGrowthYoY" : null,
    "grossProfitMargin" : 49.07,
    "grossProfit" : 61.77,
    "operatingProfitMargin" : 5.66,
    "operatingProfit" : 7.13,
    "netProfitMargin" : 2.41,
    "netProfit" : 3.03
  }, {
    "date" : "2005-06-30",
    "sales" : 105.76,
    "salesGrowthYoY" : null,
    "grossProfitMargin" : 48.72,
    "grossProfit" : 51.53,
    "operatingProfitMargin" : 2.70,
    "operatingProfit" : 2.86,
    "netProfitMargin" : 3.74,
    "netProfit" : 3.96
  }, {
    "date" : "2005-09-30",
    "sales" : 99.72,
    "salesGrowthYoY" : null,
    "grossProfitMargin" : 50.75,
    "grossProfit" : 50.61,
    "operatingProfitMargin" : 7.01,
    "operatingProfit" : 6.99,
    "netProfitMargin" : 6.02,
    "netProfit" : 6.00
  }, {
    "date" : "2005-12-31",
    "sales" : 110.37,
    "salesGrowthYoY" : null,
    "grossProfitMargin" : 47.71,
    "grossProfit" : 52.66,
    "operatingProfitMargin" : 5.65,
    "operatingProfit" : 6.24,
    "netProfitMargin" : 5.31,
    "netProfit" : 5.86
  }, {
    "date" : "2006-03-31",
    "sales" : 143.30,
    "salesGrowthYoY" : 13.83,
    "grossProfitMargin" : 36.68,
    "grossProfit" : 52.56,
    "operatingProfitMargin" : 3.15,
    "operatingProfit" : 4.51,
    "netProfitMargin" : 3.41,
    "netProfit" : 4.89
  }, {
    "date" : "2006-06-30",
    "sales" : 116.60,
    "salesGrowthYoY" : 10.25,
    "grossProfitMargin" : 37.44,
    "grossProfit" : 43.66,
    "operatingProfitMargin" : 4.30,
    "operatingProfit" : 5.01,
    "netProfitMargin" : 5.03,
    "netProfit" : 5.86
  }, {
    "date" : "2006-09-30",
    "sales" : 147.75,
    "salesGrowthYoY" : 48.16,
    "grossProfitMargin" : 32.40,
    "grossProfit" : 47.87,
    "operatingProfitMargin" : 1.43,
    "operatingProfit" : 2.11,
    "netProfitMargin" : 3.09,
    "netProfit" : 4.57
  }, {
    "date" : "2006-12-31",
    "sales" : 149.22,
    "salesGrowthYoY" : 35.20,
    "grossProfitMargin" : 39.63,
    "grossProfit" : 59.14,
    "operatingProfitMargin" : 5.51,
    "operatingProfit" : 8.22,
    "netProfitMargin" : 5.05,
    "netProfit" : 7.54
  }, {
    "date" : "2007-03-31",
    "sales" : 187.78,
    "salesGrowthYoY" : 31.04,
    "grossProfitMargin" : 43.10,
    "grossProfit" : 80.93,
    "operatingProfitMargin" : 6.38,
    "operatingProfit" : 11.98,
    "netProfitMargin" : 4.65,
    "netProfit" : 8.73
  }, {
    "date" : "2007-06-30",
    "sales" : 165.81,
    "salesGrowthYoY" : 42.20,
    "grossProfitMargin" : 46.69,
    "grossProfit" : 77.42,
    "operatingProfitMargin" : 7.13,
    "operatingProfit" : 11.82,
    "netProfitMargin" : 3.71,
    "netProfit" : 6.15
  }, {
    "date" : "2007-09-30",
    "sales" : 172.69,
    "salesGrowthYoY" : 16.88,
    "grossProfitMargin" : 46.09,
    "grossProfit" : 79.59,
    "operatingProfitMargin" : 4.13,
    "operatingProfit" : 7.13,
    "netProfitMargin" : -1.23,
    "netProfit" : -2.12
  }, {
    "date" : "2007-12-31",
    "sales" : 187.27,
    "salesGrowthYoY" : 25.50,
    "grossProfitMargin" : 45.51,
    "grossProfit" : 85.23,
    "operatingProfitMargin" : 4.13,
    "operatingProfit" : 7.73,
    "netProfitMargin" : 0.10,
    "netProfit" : 0.19
  }, {
    "date" : "2008-03-31",
    "sales" : 221.39,
    "salesGrowthYoY" : 17.90,
    "grossProfitMargin" : 47.42,
    "grossProfit" : 104.98,
    "operatingProfitMargin" : 4.07,
    "operatingProfit" : 9.01,
    "netProfitMargin" : 4.31,
    "netProfit" : 9.54
  }, {
    "date" : "2008-06-30",
    "sales" : 222.89,
    "salesGrowthYoY" : 34.42,
    "grossProfitMargin" : 51.06,
    "grossProfit" : 113.81,
    "operatingProfitMargin" : 10.52,
    "operatingProfit" : 23.45,
    "netProfitMargin" : 4.14,
    "netProfit" : 9.23
  }, {
    "date" : "2008-09-30",
    "sales" : 226.00,
    "salesGrowthYoY" : 30.87,
    "grossProfitMargin" : 47.63,
    "grossProfit" : 107.64,
    "operatingProfitMargin" : 3.63,
    "operatingProfit" : 8.20,
    "netProfitMargin" : -0.43,
    "netProfit" : -0.97
  }, {
    "date" : "2008-12-31",
    "sales" : 207.72,
    "salesGrowthYoY" : 10.92,
    "grossProfitMargin" : 49.64,
    "grossProfit" : 103.11,
    "operatingProfitMargin" : 1.62,
    "operatingProfit" : 3.37,
    "netProfitMargin" : -2.59,
    "netProfit" : -5.38
  }, {
    "date" : "2009-03-31",
    "sales" : 266.25,
    "salesGrowthYoY" : 20.26,
    "grossProfitMargin" : 52.30,
    "grossProfit" : 139.25,
    "operatingProfitMargin" : 11.38,
    "operatingProfit" : 30.30,
    "netProfitMargin" : 13.14,
    "netProfit" : 34.99
  }, {
    "date" : "2009-06-30",
    "sales" : 239.35,
    "salesGrowthYoY" : 7.38,
    "grossProfitMargin" : 48.79,
    "grossProfit" : 116.78,
    "operatingProfitMargin" : 5.41,
    "operatingProfit" : 12.95,
    "netProfitMargin" : 8.76,
    "netProfit" : 20.97
  }, {
    "date" : "2009-09-30",
    "sales" : 228.75,
    "salesGrowthYoY" : 1.22,
    "grossProfitMargin" : 53.15,
    "grossProfit" : 121.58,
    "operatingProfitMargin" : 5.76,
    "operatingProfit" : 13.18,
    "netProfitMargin" : 1.37,
    "netProfit" : 3.13
  }, {
    "date" : "2009-12-31",
    "sales" : 233.49,
    "salesGrowthYoY" : 12.41,
    "grossProfitMargin" : 52.91,
    "grossProfit" : 123.54,
    "operatingProfitMargin" : 5.47,
    "operatingProfit" : 12.77,
    "netProfitMargin" : 1.01,
    "netProfit" : 2.36
  }, {
    "date" : "2010-03-31",
    "sales" : 274.47,
    "salesGrowthYoY" : 3.09,
    "grossProfitMargin" : 47.99,
    "grossProfit" : 131.72,
    "operatingProfitMargin" : 4.59,
    "operatingProfit" : 12.60,
    "netProfitMargin" : 1.62,
    "netProfit" : 4.45
  }, {
    "date" : "2010-06-30",
    "sales" : 232.57,
    "salesGrowthYoY" : -2.83,
    "grossProfitMargin" : 50.77,
    "grossProfit" : 118.08,
    "operatingProfitMargin" : 7.27,
    "operatingProfit" : 16.91,
    "netProfitMargin" : 2.65,
    "netProfit" : 6.16
  }, {
    "date" : "2010-09-30",
    "sales" : 245.04,
    "salesGrowthYoY" : 7.12,
    "grossProfitMargin" : 50.04,
    "grossProfit" : 122.62,
    "operatingProfitMargin" : 4.95,
    "operatingProfit" : 12.13,
    "netProfitMargin" : 2.28,
    "netProfit" : 5.59
  }, {
    "date" : "2010-12-31",
    "sales" : 197.83,
    "salesGrowthYoY" : -15.27,
    "grossProfitMargin" : 54.80,
    "grossProfit" : 108.41,
    "operatingProfitMargin" : 4.17,
    "operatingProfit" : 8.25,
    "netProfitMargin" : 4.92,
    "netProfit" : 9.73
  }, {
    "date" : "2011-03-31",
    "sales" : 226.53,
    "salesGrowthYoY" : -17.47,
    "grossProfitMargin" : 56.75,
    "grossProfit" : 128.56,
    "operatingProfitMargin" : 4.76,
    "operatingProfit" : 10.78,
    "netProfitMargin" : 2.75,
    "netProfit" : 6.23
  }, {
    "date" : "2011-06-30",
    "sales" : 221.57,
    "salesGrowthYoY" : -4.73,
    "grossProfitMargin" : 52.16,
    "grossProfit" : 115.57,
    "operatingProfitMargin" : 8.02,
    "operatingProfit" : 17.77,
    "netProfitMargin" : 4.33,
    "netProfit" : 9.59
  }, {
    "date" : "2011-09-30",
    "sales" : 228.01,
    "salesGrowthYoY" : -6.95,
    "grossProfitMargin" : 50.71,
    "grossProfit" : 115.62,
    "operatingProfitMargin" : 5.58,
    "operatingProfit" : 12.72,
    "netProfitMargin" : 3.81,
    "netProfit" : 8.69
  }, {
    "date" : "2011-12-31",
    "sales" : 242.05,
    "salesGrowthYoY" : 22.35,
    "grossProfitMargin" : 49.25,
    "grossProfit" : 119.21,
    "operatingProfitMargin" : 6.43,
    "operatingProfit" : 15.56,
    "netProfitMargin" : 4.37,
    "netProfit" : 10.58
  }, {
    "date" : "2012-03-31",
    "sales" : 249.19,
    "salesGrowthYoY" : 10.00,
    "grossProfitMargin" : 47.69,
    "grossProfit" : 118.84,
    "operatingProfitMargin" : 6.12,
    "operatingProfit" : 15.25,
    "netProfitMargin" : 6.28,
    "netProfit" : 15.65
  }, {
    "date" : "2012-06-30",
    "sales" : 227.05,
    "salesGrowthYoY" : 2.47,
    "grossProfitMargin" : 47.41,
    "grossProfit" : 107.64,
    "operatingProfitMargin" : 10.01,
    "operatingProfit" : 22.73,
    "netProfitMargin" : 3.93,
    "netProfit" : 8.92
  }, {
    "date" : "2012-09-30",
    "sales" : 223.62,
    "salesGrowthYoY" : -1.93,
    "grossProfitMargin" : 46.36,
    "grossProfit" : 103.67,
    "operatingProfitMargin" : 7.75,
    "operatingProfit" : 17.33,
    "netProfitMargin" : 4.74,
    "netProfit" : 10.60
  }, {
    "date" : "2012-12-31",
    "sales" : 229.57,
    "salesGrowthYoY" : -5.16,
    "grossProfitMargin" : 44.48,
    "grossProfit" : 102.11,
    "operatingProfitMargin" : 6.47,
    "operatingProfit" : 14.85,
    "netProfitMargin" : 5.96,
    "netProfit" : 13.68
  }, {
    "date" : "2013-03-31",
    "sales" : 265.30,
    "salesGrowthYoY" : 6.46,
    "grossProfitMargin" : 52.00,
    "grossProfit" : 137.96,
    "operatingProfitMargin" : 9.08,
    "operatingProfit" : 24.09,
    "netProfitMargin" : 6.24,
    "netProfit" : 16.55
  }, {
    "date" : "2013-06-30",
    "sales" : 226.94,
    "salesGrowthYoY" : -0.05,
    "grossProfitMargin" : 48.50,
    "grossProfit" : 110.07,
    "operatingProfitMargin" : 10.56,
    "operatingProfit" : 23.96,
    "netProfitMargin" : 4.22,
    "netProfit" : 9.58
  }, {
    "date" : "2013-09-30",
    "sales" : 222.04,
    "salesGrowthYoY" : -0.71,
    "grossProfitMargin" : 50.78,
    "grossProfit" : 112.75,
    "operatingProfitMargin" : 10.32,
    "operatingProfit" : 22.91,
    "netProfitMargin" : 5.58,
    "netProfit" : 12.39
  }, {
    "date" : "2013-12-31",
    "sales" : 231.85,
    "salesGrowthYoY" : 0.99,
    "grossProfitMargin" : 47.53,
    "grossProfit" : 110.20,
    "operatingProfitMargin" : 8.88,
    "operatingProfit" : 20.59,
    "netProfitMargin" : 11.18,
    "netProfit" : 25.92
  }, {
    "date" : "2014-03-31",
    "sales" : 274.14,
    "salesGrowthYoY" : 3.33,
    "grossProfitMargin" : 47.42,
    "grossProfit" : 130.00,
    "operatingProfitMargin" : 10.14,
    "operatingProfit" : 27.80,
    "netProfitMargin" : 6.88,
    "netProfit" : 18.86
  }, {
    "date" : "2014-06-30",
    "sales" : 23.77,
    "salesGrowthYoY" : -89.53,
    "grossProfitMargin" : 67.44,
    "grossProfit" : 16.03,
    "operatingProfitMargin" : 8.12,
    "operatingProfit" : 1.93,
    "netProfitMargin" : 14.64,
    "netProfit" : 3.48
  }, {
    "date" : "2014-09-30",
    "sales" : 25.21,
    "salesGrowthYoY" : -88.65,
    "grossProfitMargin" : 79.02,
    "grossProfit" : 19.92,
    "operatingProfitMargin" : 8.05,
    "operatingProfit" : 2.03,
    "netProfitMargin" : 31.42,
    "netProfit" : 7.92
  }, {
    "date" : "2014-12-31",
    "sales" : 30.70,
    "salesGrowthYoY" : -86.76,
    "grossProfitMargin" : 83.49,
    "grossProfit" : 25.63,
    "operatingProfitMargin" : 18.01,
    "operatingProfit" : 5.53,
    "netProfitMargin" : 26.06,
    "netProfit" : 8.00
  }, {
    "date" : "2015-03-31",
    "sales" : 29.70,
    "salesGrowthYoY" : -89.17,
    "grossProfitMargin" : 76.06,
    "grossProfit" : 22.59,
    "operatingProfitMargin" : 6.03,
    "operatingProfit" : 1.79,
    "netProfitMargin" : 11.01,
    "netProfit" : 3.27
  }, {
    "date" : "2015-06-30",
    "sales" : 26.71,
    "salesGrowthYoY" : 12.37,
    "grossProfitMargin" : 84.91,
    "grossProfit" : 22.68,
    "operatingProfitMargin" : 12.21,
    "operatingProfit" : 3.26,
    "netProfitMargin" : 17.86,
    "netProfit" : 4.77
  }, {
    "date" : "2015-09-30",
    "sales" : 26.02,
    "salesGrowthYoY" : 3.21,
    "grossProfitMargin" : 90.08,
    "grossProfit" : 23.44,
    "operatingProfitMargin" : 8.99,
    "operatingProfit" : 2.34,
    "netProfitMargin" : 20.64,
    "netProfit" : 5.37
  }, {
    "date" : "2015-12-31",
    "sales" : 26.72,
    "salesGrowthYoY" : -12.96,
    "grossProfitMargin" : 77.99,
    "grossProfit" : 20.84,
    "operatingProfitMargin" : 8.50,
    "operatingProfit" : 2.27,
    "netProfitMargin" : 16.54,
    "netProfit" : 4.42
  }, {
    "date" : "2016-03-31",
    "sales" : 22.75,
    "salesGrowthYoY" : -23.40,
    "grossProfitMargin" : 70.42,
    "grossProfit" : 16.02,
    "operatingProfitMargin" : -11.08,
    "operatingProfit" : -2.52,
    "netProfitMargin" : 2.42,
    "netProfit" : 0.55
  }, {
    "date" : "2016-06-30",
    "sales" : 29.02,
    "salesGrowthYoY" : 8.65,
    "grossProfitMargin" : 70.37,
    "grossProfit" : 20.42,
    "operatingProfitMargin" : -2.48,
    "operatingProfit" : -0.72,
    "netProfitMargin" : 7.48,
    "netProfit" : 2.17
  }, {
    "date" : "2016-09-30",
    "sales" : 18.05,
    "salesGrowthYoY" : -30.63,
    "grossProfitMargin" : 69.92,
    "grossProfit" : 12.62,
    "operatingProfitMargin" : -13.85,
    "operatingProfit" : -2.50,
    "netProfitMargin" : 28.81,
    "netProfit" : 5.20
  }, {
    "date" : "2016-12-31",
    "sales" : 26.15,
    "salesGrowthYoY" : -2.13,
    "grossProfitMargin" : 68.49,
    "grossProfit" : 17.91,
    "operatingProfitMargin" : -7.19,
    "operatingProfit" : -1.88,
    "netProfitMargin" : 17.32,
    "netProfit" : 4.53
  }, {
    "date" : "2017-03-31",
    "sales" : 28.18,
    "salesGrowthYoY" : 23.87,
    "grossProfitMargin" : 66.29,
    "grossProfit" : 18.68,
    "operatingProfitMargin" : -3.26,
    "operatingProfit" : -0.92,
    "netProfitMargin" : 13.45,
    "netProfit" : 3.79
  }, {
    "date" : "2017-06-30",
    "sales" : 19.35,
    "salesGrowthYoY" : -33.32,
    "grossProfitMargin" : 65.79,
    "grossProfit" : 12.73,
    "operatingProfitMargin" : 1.03,
    "operatingProfit" : 0.20,
    "netProfitMargin" : 17.00,
    "netProfit" : 3.29
  }, {
    "date" : "2017-09-30",
    "sales" : 23.02,
    "salesGrowthYoY" : 27.53,
    "grossProfitMargin" : 69.90,
    "grossProfit" : 16.09,
    "operatingProfitMargin" : 1.82,
    "operatingProfit" : 0.42,
    "netProfitMargin" : 13.64,
    "netProfit" : 3.14
  }, {
    "date" : "2017-12-31",
    "sales" : 22.34,
    "salesGrowthYoY" : -14.57,
    "grossProfitMargin" : 63.52,
    "grossProfit" : 14.19,
    "operatingProfitMargin" : -4.88,
    "operatingProfit" : -1.09,
    "netProfitMargin" : 15.17,
    "netProfit" : 3.39
  }, {
    "date" : "2018-03-31",
    "sales" : 23.46,
    "salesGrowthYoY" : -16.75,
    "grossProfitMargin" : 58.99,
    "grossProfit" : 13.84,
    "operatingProfitMargin" : -20.25,
    "operatingProfit" : -4.75,
    "netProfitMargin" : 41.18,
    "netProfit" : 9.66
  }, {
    "date" : "2018-06-30",
    "sales" : 26.64,
    "salesGrowthYoY" : 37.67,
    "grossProfitMargin" : 65.32,
    "grossProfit" : 17.40,
    "operatingProfitMargin" : -4.20,
    "operatingProfit" : -1.12,
    "netProfitMargin" : 10.81,
    "netProfit" : 2.88
  }, {
    "date" : "2018-09-30",
    "sales" : 19.95,
    "salesGrowthYoY" : -13.34,
    "grossProfitMargin" : 71.53,
    "grossProfit" : 14.27,
    "operatingProfitMargin" : -4.76,
    "operatingProfit" : -0.95,
    "netProfitMargin" : 14.39,
    "netProfit" : 2.87
  }, {
    "date" : "2018-12-31",
    "sales" : 24.54,
    "salesGrowthYoY" : 9.85,
    "grossProfitMargin" : 54.81,
    "grossProfit" : 13.45,
    "operatingProfitMargin" : -16.67,
    "operatingProfit" : -4.09,
    "netProfitMargin" : 2.97,
    "netProfit" : 0.73
  }, {
    "date" : "2019-03-31",
    "sales" : 27.47,
    "salesGrowthYoY" : 17.09,
    "grossProfitMargin" : 55.73,
    "grossProfit" : 15.31,
    "operatingProfitMargin" : -4.73,
    "operatingProfit" : -1.30,
    "netProfitMargin" : 51.87,
    "netProfit" : 14.25
  }, {
    "date" : "2019-06-30",
    "sales" : 22.14,
    "salesGrowthYoY" : -16.89,
    "grossProfitMargin" : 66.58,
    "grossProfit" : 14.74,
    "operatingProfitMargin" : -10.70,
    "operatingProfit" : -2.37,
    "netProfitMargin" : 4.61,
    "netProfit" : 1.02
  }, {
    "date" : "2019-09-30",
    "sales" : 25.89,
    "salesGrowthYoY" : 29.77,
    "grossProfitMargin" : 65.31,
    "grossProfit" : 16.91,
    "operatingProfitMargin" : -8.00,
    "operatingProfit" : -2.07,
    "netProfitMargin" : 1.74,
    "netProfit" : 0.45
  }, {
    "date" : "2019-12-31",
    "sales" : 23.79,
    "salesGrowthYoY" : -3.06,
    "grossProfitMargin" : 65.87,
    "grossProfit" : 15.67,
    "operatingProfitMargin" : -1.93,
    "operatingProfit" : -0.46,
    "netProfitMargin" : 2.48,
    "netProfit" : 0.59
  }, {
    "date" : "2020-03-31",
    "sales" : 24.46,
    "salesGrowthYoY" : -10.96,
    "grossProfitMargin" : 55.36,
    "grossProfit" : 13.54,
    "operatingProfitMargin" : -4.54,
    "operatingProfit" : -1.11,
    "netProfitMargin" : 1.10,
    "netProfit" : 0.27
  }, {
    "date" : "2020-06-30",
    "sales" : 12.24,
    "salesGrowthYoY" : -44.72,
    "grossProfitMargin" : 69.53,
    "grossProfit" : 8.51,
    "operatingProfitMargin" : -40.44,
    "operatingProfit" : -4.95,
    "netProfitMargin" : 17.32,
    "netProfit" : 2.12
  }, {
    "date" : "2020-09-30",
    "sales" : 24.79,
    "salesGrowthYoY" : -4.25,
    "grossProfitMargin" : 69.62,
    "grossProfit" : 17.26,
    "operatingProfitMargin" : -10.45,
    "operatingProfit" : -2.59,
    "netProfitMargin" : 18.88,
    "netProfit" : 4.68
  }, {
    "date" : "2020-12-31",
    "sales" : 24.73,
    "salesGrowthYoY" : 3.95,
    "grossProfitMargin" : 74.20,
    "grossProfit" : 18.35,
    "operatingProfitMargin" : -7.89,
    "operatingProfit" : -1.95,
    "netProfitMargin" : 133.28,
    "netProfit" : 32.96
  }, {
    "date" : "2021-03-31",
    "sales" : 35.95,
    "salesGrowthYoY" : 46.97,
    "grossProfitMargin" : 72.82,
    "grossProfit" : 26.18,
    "operatingProfitMargin" : 14.19,
    "operatingProfit" : 5.10,
    "netProfitMargin" : 25.81,
    "netProfit" : 9.28
  }, {
    "date" : "2021-06-30",
    "sales" : 32.16,
    "salesGrowthYoY" : 162.75,
    "grossProfitMargin" : 71.46,
    "grossProfit" : 22.98,
    "operatingProfitMargin" : 8.71,
    "operatingProfit" : 2.80,
    "netProfitMargin" : 21.89,
    "netProfit" : 7.04
  }, {
    "date" : "2021-09-30",
    "sales" : 21.31,
    "salesGrowthYoY" : -14.04,
    "grossProfitMargin" : 84.66,
    "grossProfit" : 18.04,
    "operatingProfitMargin" : -5.16,
    "operatingProfit" : -1.10,
    "netProfitMargin" : 127.22,
    "netProfit" : 27.11
  }, {
    "date" : "2021-12-31",
    "sales" : 38.49,
    "salesGrowthYoY" : 55.64,
    "grossProfitMargin" : 63.47,
    "grossProfit" : 24.43,
    "operatingProfitMargin" : -4.62,
    "operatingProfit" : -1.78,
    "netProfitMargin" : 16.99,
    "netProfit" : 6.54
  }, {
    "date" : "2022-03-31",
    "sales" : 29.31,
    "salesGrowthYoY" : -18.47,
    "grossProfitMargin" : 70.42,
    "grossProfit" : 20.64,
    "operatingProfitMargin" : -1.71,
    "operatingProfit" : -0.50,
    "netProfitMargin" : 23.92,
    "netProfit" : 7.01
  }, {
    "date" : "2022-06-30",
    "sales" : 44.57,
    "salesGrowthYoY" : 38.59,
    "grossProfitMargin" : 64.15,
    "grossProfit" : 28.59,
    "operatingProfitMargin" : 7.13,
    "operatingProfit" : 3.18,
    "netProfitMargin" : 334.96,
    "netProfit" : 149.29
  }, {
    "date" : "2022-09-30",
    "sales" : 38.83,
    "salesGrowthYoY" : 82.21,
    "grossProfitMargin" : 61.99,
    "grossProfit" : 24.07,
    "operatingProfitMargin" : -1.60,
    "operatingProfit" : -0.62,
    "netProfitMargin" : 157.61,
    "netProfit" : 61.20
  }, {
    "date" : "2022-12-31",
    "sales" : 44.10,
    "salesGrowthYoY" : 14.58,
    "grossProfitMargin" : 63.79,
    "grossProfit" : 28.13,
    "operatingProfitMargin" : 6.76,
    "operatingProfit" : 2.98,
    "netProfitMargin" : 27.23,
    "netProfit" : 12.01
  }, {
    "date" : "2023-03-31",
    "sales" : 47.61,
    "salesGrowthYoY" : 62.44,
    "grossProfitMargin" : 68.45,
    "grossProfit" : 32.59,
    "operatingProfitMargin" : 1.62,
    "operatingProfit" : 0.77,
    "netProfitMargin" : 21.74,
    "netProfit" : 10.35
  }, {
    "date" : "2023-06-30",
    "sales" : 36.28,
    "salesGrowthYoY" : -18.60,
    "grossProfitMargin" : 64.08,
    "grossProfit" : 23.25,
    "operatingProfitMargin" : 1.46,
    "operatingProfit" : 0.53,
    "netProfitMargin" : 29.36,
    "netProfit" : 10.65
  }, {
    "date" : "2023-09-30",
    "sales" : 30.79,
    "salesGrowthYoY" : -20.71,
    "grossProfitMargin" : 78.11,
    "grossProfit" : 24.05,
    "operatingProfitMargin" : 9.65,
    "operatingProfit" : 2.97,
    "netProfitMargin" : 51.41,
    "netProfit" : 15.83
  }, {
    "date" : "2023-12-31",
    "sales" : 21.34,
    "salesGrowthYoY" : -51.61,
    "grossProfitMargin" : 65.04,
    "grossProfit" : 13.88,
    "operatingProfitMargin" : -25.54,
    "operatingProfit" : -5.45,
    "netProfitMargin" : 39.18,
    "netProfit" : 8.36
  }, {
    "date" : "2024-03-31",
    "sales" : 3.39,
    "salesGrowthYoY" : -92.88,
    "grossProfitMargin" : 68.44,
    "grossProfit" : 2.32,
    "operatingProfitMargin" : -187.91,
    "operatingProfit" : -6.37,
    "netProfitMargin" : 208.26,
    "netProfit" : 7.06
  }, {
    "date" : "2024-06-30",
    "sales" : 3.84,
    "salesGrowthYoY" : -89.42,
    "grossProfitMargin" : 21.09,
    "grossProfit" : 0.81,
    "operatingProfitMargin" : -360.68,
    "operatingProfit" : -13.85,
    "netProfitMargin" : 1162.50,
    "netProfit" : 44.64
  }, {
    "date" : "2024-09-30",
    "sales" : 3.43,
    "salesGrowthYoY" : -88.86,
    "grossProfitMargin" : 76.09,
    "grossProfit" : 2.61,
    "operatingProfitMargin" : -102.33,
    "operatingProfit" : -3.51,
    "netProfitMargin" : 465.31,
    "netProfit" : 15.96
  }, {
    "date" : "2024-12-31",
    "sales" : 4.59,
    "salesGrowthYoY" : -78.49,
    "grossProfitMargin" : -14.38,
    "grossProfit" : -0.66,
    "operatingProfitMargin" : -154.90,
    "operatingProfit" : -7.11,
    "netProfitMargin" : 632.24,
    "netProfit" : 29.02
  }, {
    "date" : "2025-03-31",
    "sales" : 2.98,
    "salesGrowthYoY" : -12.09,
    "grossProfitMargin" : 69.80,
    "grossProfit" : 2.08,
    "operatingProfitMargin" : -148.66,
    "operatingProfit" : -4.43,
    "netProfitMargin" : 423.49,
    "netProfit" : 12.62
  }, {
    "date" : "2025-06-30",
    "sales" : 3.39,
    "salesGrowthYoY" : -11.72,
    "grossProfitMargin" : 73.75,
    "grossProfit" : 2.50,
    "operatingProfitMargin" : -157.23,
    "operatingProfit" : -5.33,
    "netProfitMargin" : 975.81,
    "netProfit" : 33.08
  }, {
    "date" : "2025-09-30",
    "sales" : 2.22,
    "salesGrowthYoY" : -35.28,
    "grossProfitMargin" : 92.79,
    "grossProfit" : 2.06,
    "operatingProfitMargin" : -235.59,
    "operatingProfit" : -5.23,
    "netProfitMargin" : 1238.74,
    "netProfit" : 27.50
  }, {
    "date" : "2025-12-31",
    "sales" : 1.82,
    "salesGrowthYoY" : -60.35,
    "grossProfitMargin" : 104.95,
    "grossProfit" : 1.91,
    "operatingProfitMargin" : -517.58,
    "operatingProfit" : -9.42,
    "netProfitMargin" : 4293.96,
    "netProfit" : 78.15
  } ],
  "latestQuarterlyResult" : {
    "date" : "2025-12-31",
    "sales" : 1.82,
    "salesGrowthYoY" : -60.35,
    "grossProfitMargin" : 104.95,
    "grossProfit" : 1.91,
    "operatingProfitMargin" : -517.58,
    "operatingProfit" : -9.42,
    "netProfitMargin" : 4293.96,
    "netProfit" : 78.15
  },
  "companyScore" : {
    "priceHigherThanDma50" : 0.00,
    "priceHigherThanDma100" : 0.00,
    "priceHigherThanDma200" : 0.00,
    "dma50HigherThanDma100" : 0.00,
    "dma50HigherThanDma200" : 0.00,
    "dma100HigherThanDma200" : 0.00,
    "pricePercentageAboveDma50" : 5.31,
    "pricePercentageAboveDma100" : 5.76,
    "pricePercentageAboveDma200" : 5.89,
    "weeklyVolumeHigherThanYearlyVolume" : 0.00,
    "salesGrowthPercentile" : 2.55,
    "operatingProfitMarginPercentile" : 0.24,
    "netProfitMarginPercentile" : 10.00,
    "totalTechnicalScore" : 16.96,
    "totalFundamentalScore" : 12.78,
    "totalScore" : 29.74
  }
}