{
  "metadata" : {
    "screenerCompanyId" : "98066",
    "companyCode" : "GODREJPROP",
    "companyName" : "Godrej Propert.",
    "screenerCompanyLink" : "https://www.screener.in/company/GODREJPROP/consolidated/",
    "screenerTechnicalHistoryLink" : "https://www.screener.in/api/company/98066/chart/?q=Price-DMA50-DMA200-Volume&days=365",
    "screenerQuarterlyResultsLink" : "https://www.screener.in/api/company/98066/chart/?q=GPM-OPM-NPM-Quarter+Sales&days=10000",
    "attributes" : {
      "companyCode" : "GODREJPROP",
      "companyName" : "Godrej Propert.",
      "marketCap" : 51198.00,
      "peRatio" : 32.00,
      "description" : "Godrej Properties Limited (GPL) is the real estate development arm of the Godrej Group, which was started in 1897 and is today one of India’s most successful conglomerates. Godrej Properties brings the Godrej Group philosophy of innovation, sustainability, and excellence to the real estate industry. [1]"
    },
    "companyScore" : {
      "priceHigherThanDma50" : 0.00,
      "priceHigherThanDma100" : 0.00,
      "priceHigherThanDma200" : 0.00,
      "dma50HigherThanDma100" : 0.00,
      "dma50HigherThanDma200" : 0.00,
      "dma100HigherThanDma200" : 0.00,
      "pricePercentageAboveDma50" : 5.43,
      "pricePercentageAboveDma100" : 5.80,
      "pricePercentageAboveDma200" : 5.93,
      "weeklyVolumeHigherThanYearlyVolume" : 5.00,
      "salesGrowthPercentile" : 12.92,
      "operatingProfitMarginPercentile" : 14.69,
      "netProfitMarginPercentile" : 5.51,
      "totalTechnicalScore" : 22.16,
      "totalFundamentalScore" : 33.12,
      "totalScore" : 55.28
    }
  },
  "attributes" : {
    "companyCode" : "GODREJPROP",
    "companyName" : "Godrej Propert.",
    "marketCap" : 51198.00,
    "peRatio" : 32.00,
    "description" : "Godrej Properties Limited (GPL) is the real estate development arm of the Godrej Group, which was started in 1897 and is today one of India’s most successful conglomerates. Godrej Properties brings the Godrej Group philosophy of innovation, sustainability, and excellence to the real estate industry. [1]"
  },
  "technicalHistory" : [ {
    "date" : "2025-02-07",
    "price" : 2196.90,
    "dma50" : 2509.59,
    "dma100" : null,
    "dma200" : 2666.09,
    "volume" : 1309556.00
  }, {
    "date" : "2025-02-10",
    "price" : 2122.85,
    "dma50" : 2494.43,
    "dma100" : null,
    "dma200" : 2660.69,
    "volume" : 709065.00
  }, {
    "date" : "2025-02-11",
    "price" : 2025.95,
    "dma50" : 2476.06,
    "dma100" : null,
    "dma200" : 2654.37,
    "volume" : 1127052.00
  }, {
    "date" : "2025-02-12",
    "price" : 1929.75,
    "dma50" : 2454.63,
    "dma100" : null,
    "dma200" : 2647.16,
    "volume" : 2049345.00
  }, {
    "date" : "2025-02-13",
    "price" : 2025.70,
    "dma50" : 2437.81,
    "dma100" : null,
    "dma200" : 2640.98,
    "volume" : 1566531.00
  }, {
    "date" : "2025-02-14",
    "price" : 1968.15,
    "dma50" : 2419.39,
    "dma100" : null,
    "dma200" : 2634.28,
    "volume" : 1156020.00
  }, {
    "date" : "2025-02-17",
    "price" : 1974.05,
    "dma50" : 2401.93,
    "dma100" : null,
    "dma200" : 2627.71,
    "volume" : 1354554.00
  }, {
    "date" : "2025-02-18",
    "price" : 1975.85,
    "dma50" : 2385.22,
    "dma100" : null,
    "dma200" : 2621.23,
    "volume" : 696782.00
  }, {
    "date" : "2025-02-19",
    "price" : 2047.50,
    "dma50" : 2371.98,
    "dma100" : null,
    "dma200" : 2615.52,
    "volume" : 769359.00
  }, {
    "date" : "2025-02-20",
    "price" : 2076.95,
    "dma50" : 2360.41,
    "dma100" : null,
    "dma200" : 2610.16,
    "volume" : 911546.00
  }, {
    "date" : "2025-02-21",
    "price" : 1991.35,
    "dma50" : 2345.93,
    "dma100" : null,
    "dma200" : 2604.00,
    "volume" : 855286.00
  }, {
    "date" : "2025-02-24",
    "price" : 2033.35,
    "dma50" : 2333.68,
    "dma100" : null,
    "dma200" : 2598.32,
    "volume" : 886829.00
  }, {
    "date" : "2025-02-25",
    "price" : 1987.05,
    "dma50" : 2320.08,
    "dma100" : null,
    "dma200" : 2592.24,
    "volume" : 557891.00
  }, {
    "date" : "2025-02-27",
    "price" : 1939.25,
    "dma50" : 2305.15,
    "dma100" : null,
    "dma200" : 2585.74,
    "volume" : 885104.00
  }, {
    "date" : "2025-02-28",
    "price" : 1936.30,
    "dma50" : 2290.68,
    "dma100" : null,
    "dma200" : 2579.28,
    "volume" : 2261718.00
  }, {
    "date" : "2025-03-03",
    "price" : 2002.75,
    "dma50" : 2279.39,
    "dma100" : null,
    "dma200" : 2573.54,
    "volume" : 1182064.00
  }, {
    "date" : "2025-03-04",
    "price" : 2008.40,
    "dma50" : 2268.76,
    "dma100" : null,
    "dma200" : 2567.92,
    "volume" : 1370626.00
  }, {
    "date" : "2025-03-05",
    "price" : 2075.30,
    "dma50" : 2261.18,
    "dma100" : null,
    "dma200" : 2563.02,
    "volume" : 790499.00
  }, {
    "date" : "2025-03-06",
    "price" : 2064.90,
    "dma50" : 2253.48,
    "dma100" : null,
    "dma200" : 2558.06,
    "volume" : 845605.00
  }, {
    "date" : "2025-03-07",
    "price" : 2008.35,
    "dma50" : 2243.87,
    "dma100" : null,
    "dma200" : 2552.59,
    "volume" : 737364.00
  }, {
    "date" : "2025-03-10",
    "price" : 1974.15,
    "dma50" : 2233.29,
    "dma100" : null,
    "dma200" : 2546.84,
    "volume" : 631922.00
  }, {
    "date" : "2025-03-11",
    "price" : 2046.10,
    "dma50" : 2225.95,
    "dma100" : null,
    "dma200" : 2541.85,
    "volume" : 674923.00
  }, {
    "date" : "2025-03-12",
    "price" : 2018.15,
    "dma50" : 2217.80,
    "dma100" : null,
    "dma200" : 2536.64,
    "volume" : 598908.00
  }, {
    "date" : "2025-03-13",
    "price" : 1969.10,
    "dma50" : 2208.05,
    "dma100" : null,
    "dma200" : 2531.00,
    "volume" : 417957.00
  }, {
    "date" : "2025-03-17",
    "price" : 1973.55,
    "dma50" : 2198.85,
    "dma100" : null,
    "dma200" : 2525.45,
    "volume" : 937400.00
  }, {
    "date" : "2025-03-18",
    "price" : 2028.00,
    "dma50" : 2192.15,
    "dma100" : null,
    "dma200" : 2520.50,
    "volume" : 1282730.00
  }, {
    "date" : "2025-03-19",
    "price" : 2104.60,
    "dma50" : 2188.72,
    "dma100" : null,
    "dma200" : 2516.36,
    "volume" : 1228023.00
  }, {
    "date" : "2025-03-20",
    "price" : 2108.85,
    "dma50" : 2185.59,
    "dma100" : null,
    "dma200" : 2512.31,
    "volume" : 1174344.00
  }, {
    "date" : "2025-03-21",
    "price" : 2143.95,
    "dma50" : 2183.95,
    "dma100" : null,
    "dma200" : 2508.64,
    "volume" : 2861452.00
  }, {
    "date" : "2025-03-24",
    "price" : 2189.10,
    "dma50" : 2184.15,
    "dma100" : null,
    "dma200" : 2505.46,
    "volume" : 1335145.00
  }, {
    "date" : "2025-03-25",
    "price" : 2138.40,
    "dma50" : 2182.36,
    "dma100" : null,
    "dma200" : 2501.81,
    "volume" : 805640.00
  }, {
    "date" : "2025-03-26",
    "price" : 2130.70,
    "dma50" : 2180.33,
    "dma100" : null,
    "dma200" : 2498.12,
    "volume" : 642835.00
  }, {
    "date" : "2025-03-27",
    "price" : 2126.20,
    "dma50" : 2178.21,
    "dma100" : null,
    "dma200" : 2494.42,
    "volume" : 665556.00
  }, {
    "date" : "2025-03-28",
    "price" : 2129.60,
    "dma50" : 2176.31,
    "dma100" : null,
    "dma200" : 2490.79,
    "volume" : 460615.00
  }, {
    "date" : "2025-04-01",
    "price" : 2041.45,
    "dma50" : 2171.02,
    "dma100" : null,
    "dma200" : 2486.32,
    "volume" : 788009.00
  }, {
    "date" : "2025-04-02",
    "price" : 2146.80,
    "dma50" : 2170.07,
    "dma100" : null,
    "dma200" : 2482.94,
    "volume" : 1284927.00
  }, {
    "date" : "2025-04-03",
    "price" : 2151.45,
    "dma50" : 2169.34,
    "dma100" : null,
    "dma200" : 2479.64,
    "volume" : 658396.00
  }, {
    "date" : "2025-04-04",
    "price" : 2067.95,
    "dma50" : 2165.36,
    "dma100" : null,
    "dma200" : 2475.54,
    "volume" : 607530.00
  }, {
    "date" : "2025-04-07",
    "price" : 1927.15,
    "dma50" : 2156.02,
    "dma100" : null,
    "dma200" : 2470.09,
    "volume" : 1052107.00
  }, {
    "date" : "2025-04-08",
    "price" : 1974.55,
    "dma50" : 2148.90,
    "dma100" : null,
    "dma200" : 2465.15,
    "volume" : 1510802.00
  }, {
    "date" : "2025-04-09",
    "price" : 1973.30,
    "dma50" : 2142.02,
    "dma100" : null,
    "dma200" : 2460.26,
    "volume" : 764409.00
  }, {
    "date" : "2025-04-11",
    "price" : 1948.40,
    "dma50" : 2134.42,
    "dma100" : null,
    "dma200" : 2455.17,
    "volume" : 1027144.00
  }, {
    "date" : "2025-04-15",
    "price" : 2015.60,
    "dma50" : 2129.76,
    "dma100" : null,
    "dma200" : 2450.79,
    "volume" : 1946698.00
  }, {
    "date" : "2025-04-16",
    "price" : 2000.30,
    "dma50" : 2124.69,
    "dma100" : null,
    "dma200" : 2446.31,
    "volume" : 718303.00
  }, {
    "date" : "2025-04-17",
    "price" : 1991.10,
    "dma50" : 2119.45,
    "dma100" : null,
    "dma200" : 2441.78,
    "volume" : 1077173.00
  }, {
    "date" : "2025-04-21",
    "price" : 2044.70,
    "dma50" : 2116.52,
    "dma100" : null,
    "dma200" : 2437.83,
    "volume" : 708075.00
  }, {
    "date" : "2025-04-22",
    "price" : 2095.00,
    "dma50" : 2115.67,
    "dma100" : null,
    "dma200" : 2434.42,
    "volume" : 929139.00
  }, {
    "date" : "2025-04-23",
    "price" : 2152.40,
    "dma50" : 2117.11,
    "dma100" : null,
    "dma200" : 2431.61,
    "volume" : 1574714.00
  }, {
    "date" : "2025-04-24",
    "price" : 2145.60,
    "dma50" : 2118.23,
    "dma100" : null,
    "dma200" : 2428.77,
    "volume" : 909756.00
  }, {
    "date" : "2025-04-25",
    "price" : 2085.30,
    "dma50" : 2116.94,
    "dma100" : null,
    "dma200" : 2425.35,
    "volume" : 1176351.00
  }, {
    "date" : "2025-04-28",
    "price" : 2121.40,
    "dma50" : 2117.11,
    "dma100" : null,
    "dma200" : 2422.33,
    "volume" : 667161.00
  }, {
    "date" : "2025-04-29",
    "price" : 2099.10,
    "dma50" : 2116.41,
    "dma100" : null,
    "dma200" : 2419.11,
    "volume" : 494999.00
  }, {
    "date" : "2025-04-30",
    "price" : 2161.50,
    "dma50" : 2118.18,
    "dma100" : null,
    "dma200" : 2416.55,
    "volume" : 3038419.00
  }, {
    "date" : "2025-05-02",
    "price" : 2249.30,
    "dma50" : 2123.32,
    "dma100" : null,
    "dma200" : 2414.88,
    "volume" : 2437505.00
  }, {
    "date" : "2025-05-05",
    "price" : 2219.20,
    "dma50" : 2127.08,
    "dma100" : null,
    "dma200" : 2412.93,
    "volume" : 1347772.00
  }, {
    "date" : "2025-05-06",
    "price" : 2088.50,
    "dma50" : 2125.57,
    "dma100" : null,
    "dma200" : 2409.71,
    "volume" : 1218906.00
  }, {
    "date" : "2025-05-07",
    "price" : 2128.00,
    "dma50" : 2125.66,
    "dma100" : null,
    "dma200" : 2406.90,
    "volume" : 714262.00
  }, {
    "date" : "2025-05-08",
    "price" : 2030.30,
    "dma50" : 2121.92,
    "dma100" : null,
    "dma200" : 2403.16,
    "volume" : 666041.00
  }, {
    "date" : "2025-05-09",
    "price" : 2000.50,
    "dma50" : 2117.16,
    "dma100" : null,
    "dma200" : 2399.15,
    "volume" : 1063272.00
  }, {
    "date" : "2025-05-12",
    "price" : 2146.80,
    "dma50" : 2118.32,
    "dma100" : null,
    "dma200" : 2396.64,
    "volume" : 1157004.00
  }, {
    "date" : "2025-05-13",
    "price" : 2102.40,
    "dma50" : 2117.70,
    "dma100" : null,
    "dma200" : 2393.71,
    "volume" : 645193.00
  }, {
    "date" : "2025-05-14",
    "price" : 2119.10,
    "dma50" : 2117.75,
    "dma100" : null,
    "dma200" : 2390.98,
    "volume" : 1440602.00
  }, {
    "date" : "2025-05-15",
    "price" : 2148.90,
    "dma50" : 2118.97,
    "dma100" : null,
    "dma200" : 2388.57,
    "volume" : 1277365.00
  }, {
    "date" : "2025-05-16",
    "price" : 2176.10,
    "dma50" : 2121.21,
    "dma100" : null,
    "dma200" : 2386.46,
    "volume" : 739586.00
  }, {
    "date" : "2025-05-19",
    "price" : 2231.10,
    "dma50" : 2125.52,
    "dma100" : null,
    "dma200" : 2384.91,
    "volume" : 1837857.00
  }, {
    "date" : "2025-05-20",
    "price" : 2169.00,
    "dma50" : 2127.23,
    "dma100" : null,
    "dma200" : 2382.76,
    "volume" : 943977.00
  }, {
    "date" : "2025-05-21",
    "price" : 2181.00,
    "dma50" : 2129.34,
    "dma100" : null,
    "dma200" : 2380.75,
    "volume" : 474894.00
  }, {
    "date" : "2025-05-22",
    "price" : 2164.50,
    "dma50" : 2130.72,
    "dma100" : null,
    "dma200" : 2378.60,
    "volume" : 571514.00
  }, {
    "date" : "2025-05-23",
    "price" : 2182.40,
    "dma50" : 2132.74,
    "dma100" : null,
    "dma200" : 2376.65,
    "volume" : 331021.00
  }, {
    "date" : "2025-05-26",
    "price" : 2246.90,
    "dma50" : 2137.22,
    "dma100" : null,
    "dma200" : 2375.36,
    "volume" : 860216.00
  }, {
    "date" : "2025-05-27",
    "price" : 2245.60,
    "dma50" : 2141.47,
    "dma100" : null,
    "dma200" : 2374.07,
    "volume" : 970890.00
  }, {
    "date" : "2025-05-28",
    "price" : 2232.10,
    "dma50" : 2145.02,
    "dma100" : null,
    "dma200" : 2372.66,
    "volume" : 745265.00
  }, {
    "date" : "2025-05-29",
    "price" : 2239.40,
    "dma50" : 2148.73,
    "dma100" : null,
    "dma200" : 2371.33,
    "volume" : 1359856.00
  }, {
    "date" : "2025-05-30",
    "price" : 2243.80,
    "dma50" : 2152.45,
    "dma100" : null,
    "dma200" : 2370.06,
    "volume" : 1743457.00
  }, {
    "date" : "2025-06-02",
    "price" : 2281.60,
    "dma50" : 2157.52,
    "dma100" : null,
    "dma200" : 2369.18,
    "volume" : 1044915.00
  }, {
    "date" : "2025-06-03",
    "price" : 2284.40,
    "dma50" : 2162.49,
    "dma100" : null,
    "dma200" : 2368.34,
    "volume" : 1493246.00
  }, {
    "date" : "2025-06-04",
    "price" : 2263.80,
    "dma50" : 2166.47,
    "dma100" : null,
    "dma200" : 2367.30,
    "volume" : 612378.00
  }, {
    "date" : "2025-06-05",
    "price" : 2312.00,
    "dma50" : 2172.17,
    "dma100" : null,
    "dma200" : 2366.75,
    "volume" : 1179108.00
  }, {
    "date" : "2025-06-06",
    "price" : 2467.00,
    "dma50" : 2183.74,
    "dma100" : null,
    "dma200" : 2367.74,
    "volume" : 3998131.00
  }, {
    "date" : "2025-06-09",
    "price" : 2467.30,
    "dma50" : 2194.86,
    "dma100" : null,
    "dma200" : 2368.73,
    "volume" : 1007147.00
  }, {
    "date" : "2025-06-10",
    "price" : 2458.00,
    "dma50" : 2205.18,
    "dma100" : null,
    "dma200" : 2369.62,
    "volume" : 937675.00
  }, {
    "date" : "2025-06-11",
    "price" : 2447.70,
    "dma50" : 2214.69,
    "dma100" : null,
    "dma200" : 2370.40,
    "volume" : 939416.00
  }, {
    "date" : "2025-06-12",
    "price" : 2388.70,
    "dma50" : 2221.51,
    "dma100" : null,
    "dma200" : 2370.58,
    "volume" : 1008261.00
  }, {
    "date" : "2025-06-13",
    "price" : 2402.00,
    "dma50" : 2228.59,
    "dma100" : null,
    "dma200" : 2370.89,
    "volume" : 886450.00
  }, {
    "date" : "2025-06-16",
    "price" : 2434.40,
    "dma50" : 2236.66,
    "dma100" : null,
    "dma200" : 2371.53,
    "volume" : 612787.00
  }, {
    "date" : "2025-06-17",
    "price" : 2455.70,
    "dma50" : 2245.25,
    "dma100" : null,
    "dma200" : 2372.36,
    "volume" : 1663714.00
  }, {
    "date" : "2025-06-18",
    "price" : 2461.40,
    "dma50" : 2253.73,
    "dma100" : null,
    "dma200" : 2373.25,
    "volume" : 772532.00
  }, {
    "date" : "2025-06-19",
    "price" : 2380.10,
    "dma50" : 2258.68,
    "dma100" : null,
    "dma200" : 2373.32,
    "volume" : 913142.00
  }, {
    "date" : "2025-06-20",
    "price" : 2432.00,
    "dma50" : 2265.48,
    "dma100" : null,
    "dma200" : 2373.90,
    "volume" : 1220473.00
  }, {
    "date" : "2025-06-23",
    "price" : 2401.10,
    "dma50" : 2270.80,
    "dma100" : null,
    "dma200" : 2374.17,
    "volume" : 609376.00
  }, {
    "date" : "2025-06-24",
    "price" : 2398.70,
    "dma50" : 2275.81,
    "dma100" : null,
    "dma200" : 2374.42,
    "volume" : 609822.00
  }, {
    "date" : "2025-06-25",
    "price" : 2403.30,
    "dma50" : 2280.81,
    "dma100" : null,
    "dma200" : 2374.70,
    "volume" : 675687.00
  }, {
    "date" : "2025-06-26",
    "price" : 2391.60,
    "dma50" : 2285.16,
    "dma100" : null,
    "dma200" : 2374.87,
    "volume" : 746888.00
  }, {
    "date" : "2025-06-27",
    "price" : 2362.30,
    "dma50" : 2288.18,
    "dma100" : null,
    "dma200" : 2374.75,
    "volume" : 781072.00
  }, {
    "date" : "2025-06-30",
    "price" : 2343.10,
    "dma50" : 2290.34,
    "dma100" : null,
    "dma200" : 2374.43,
    "volume" : 752600.00
  }, {
    "date" : "2025-07-01",
    "price" : 2314.50,
    "dma50" : 2291.28,
    "dma100" : null,
    "dma200" : 2373.84,
    "volume" : 534547.00
  }, {
    "date" : "2025-07-02",
    "price" : 2290.20,
    "dma50" : 2291.24,
    "dma100" : null,
    "dma200" : 2373.00,
    "volume" : 977651.00
  }, {
    "date" : "2025-07-03",
    "price" : 2266.10,
    "dma50" : 2290.25,
    "dma100" : null,
    "dma200" : 2371.94,
    "volume" : 536279.00
  }, {
    "date" : "2025-07-04",
    "price" : 2304.00,
    "dma50" : 2290.79,
    "dma100" : null,
    "dma200" : 2371.26,
    "volume" : 626210.00
  }, {
    "date" : "2025-07-07",
    "price" : 2299.00,
    "dma50" : 2291.12,
    "dma100" : null,
    "dma200" : 2370.54,
    "volume" : 577953.00
  }, {
    "date" : "2025-07-08",
    "price" : 2310.40,
    "dma50" : 2291.87,
    "dma100" : 2159.83,
    "dma200" : 2369.95,
    "volume" : 575094.00
  }, {
    "date" : "2025-07-09",
    "price" : 2255.10,
    "dma50" : 2290.43,
    "dma100" : 2161.15,
    "dma200" : 2368.80,
    "volume" : 874858.00
  }, {
    "date" : "2025-07-10",
    "price" : 2256.20,
    "dma50" : 2289.09,
    "dma100" : 2163.45,
    "dma200" : 2367.68,
    "volume" : 567430.00
  }, {
    "date" : "2025-07-11",
    "price" : 2206.30,
    "dma50" : 2285.84,
    "dma100" : 2166.22,
    "dma200" : 2366.08,
    "volume" : 822073.00
  }, {
    "date" : "2025-07-14",
    "price" : 2256.90,
    "dma50" : 2284.71,
    "dma100" : 2168.53,
    "dma200" : 2364.99,
    "volume" : 916586.00
  }, {
    "date" : "2025-07-15",
    "price" : 2269.70,
    "dma50" : 2284.12,
    "dma100" : 2171.54,
    "dma200" : 2364.04,
    "volume" : 842389.00
  }, {
    "date" : "2025-07-16",
    "price" : 2289.10,
    "dma50" : 2284.31,
    "dma100" : 2174.69,
    "dma200" : 2363.30,
    "volume" : 654234.00
  }, {
    "date" : "2025-07-17",
    "price" : 2337.00,
    "dma50" : 2286.38,
    "dma100" : 2178.31,
    "dma200" : 2363.04,
    "volume" : 1532505.00
  }, {
    "date" : "2025-07-18",
    "price" : 2365.40,
    "dma50" : 2289.48,
    "dma100" : 2181.48,
    "dma200" : 2363.06,
    "volume" : 1155619.00
  }, {
    "date" : "2025-07-21",
    "price" : 2403.90,
    "dma50" : 2293.97,
    "dma100" : 2184.75,
    "dma200" : 2363.47,
    "volume" : 735317.00
  }, {
    "date" : "2025-07-22",
    "price" : 2363.50,
    "dma50" : 2296.69,
    "dma100" : 2188.48,
    "dma200" : 2363.47,
    "volume" : 545682.00
  }, {
    "date" : "2025-07-23",
    "price" : 2324.10,
    "dma50" : 2297.77,
    "dma100" : 2191.38,
    "dma200" : 2363.07,
    "volume" : 765379.00
  }, {
    "date" : "2025-07-24",
    "price" : 2312.60,
    "dma50" : 2298.35,
    "dma100" : 2194.64,
    "dma200" : 2362.57,
    "volume" : 581507.00
  }, {
    "date" : "2025-07-25",
    "price" : 2233.80,
    "dma50" : 2295.82,
    "dma100" : 2197.58,
    "dma200" : 2361.29,
    "volume" : 758549.00
  }, {
    "date" : "2025-07-28",
    "price" : 2115.80,
    "dma50" : 2288.76,
    "dma100" : 2199.38,
    "dma200" : 2358.85,
    "volume" : 1885065.00
  }, {
    "date" : "2025-07-29",
    "price" : 2155.10,
    "dma50" : 2283.52,
    "dma100" : 2200.90,
    "dma200" : 2356.82,
    "volume" : 754313.00
  }, {
    "date" : "2025-07-30",
    "price" : 2129.40,
    "dma50" : 2277.47,
    "dma100" : 2202.11,
    "dma200" : 2354.56,
    "volume" : 395116.00
  }, {
    "date" : "2025-07-31",
    "price" : 2102.90,
    "dma50" : 2270.63,
    "dma100" : 2202.39,
    "dma200" : 2352.05,
    "volume" : 644150.00
  }, {
    "date" : "2025-08-01",
    "price" : 2050.60,
    "dma50" : 2262.00,
    "dma100" : 2202.25,
    "dma200" : 2349.05,
    "volume" : 1276392.00
  }, {
    "date" : "2025-08-04",
    "price" : 2098.10,
    "dma50" : 2255.57,
    "dma100" : 2203.14,
    "dma200" : 2346.56,
    "volume" : 947153.00
  }, {
    "date" : "2025-08-05",
    "price" : 2114.80,
    "dma50" : 2250.05,
    "dma100" : 2204.55,
    "dma200" : 2344.25,
    "volume" : 542968.00
  }, {
    "date" : "2025-08-06",
    "price" : 2061.50,
    "dma50" : 2242.66,
    "dma100" : 2204.70,
    "dma200" : 2341.44,
    "volume" : 612992.00
  }, {
    "date" : "2025-08-07",
    "price" : 2043.80,
    "dma50" : 2234.86,
    "dma100" : 2204.96,
    "dma200" : 2338.48,
    "volume" : 1036443.00
  }, {
    "date" : "2025-08-08",
    "price" : 1971.90,
    "dma50" : 2224.55,
    "dma100" : 2204.99,
    "dma200" : 2334.83,
    "volume" : 829949.00
  }, {
    "date" : "2025-08-11",
    "price" : 1990.90,
    "dma50" : 2215.38,
    "dma100" : 2205.16,
    "dma200" : 2331.41,
    "volume" : 1331712.00
  }, {
    "date" : "2025-08-12",
    "price" : 1948.80,
    "dma50" : 2204.93,
    "dma100" : 2204.37,
    "dma200" : 2327.60,
    "volume" : 1147589.00
  }, {
    "date" : "2025-08-13",
    "price" : 1960.10,
    "dma50" : 2195.33,
    "dma100" : 2202.92,
    "dma200" : 2323.94,
    "volume" : 1330397.00
  }, {
    "date" : "2025-08-14",
    "price" : 1936.60,
    "dma50" : 2185.18,
    "dma100" : 2201.20,
    "dma200" : 2320.09,
    "volume" : 348804.00
  }, {
    "date" : "2025-08-18",
    "price" : 2002.40,
    "dma50" : 2178.01,
    "dma100" : 2199.79,
    "dma200" : 2316.93,
    "volume" : 1497298.00
  }, {
    "date" : "2025-08-19",
    "price" : 2010.00,
    "dma50" : 2171.42,
    "dma100" : 2198.00,
    "dma200" : 2313.87,
    "volume" : 695066.00
  }, {
    "date" : "2025-08-20",
    "price" : 2041.80,
    "dma50" : 2166.34,
    "dma100" : 2197.03,
    "dma200" : 2311.17,
    "volume" : 604425.00
  }, {
    "date" : "2025-08-21",
    "price" : 2053.60,
    "dma50" : 2161.92,
    "dma100" : 2196.26,
    "dma200" : 2308.60,
    "volume" : 1323572.00
  }, {
    "date" : "2025-08-22",
    "price" : 2052.90,
    "dma50" : 2157.64,
    "dma100" : 2195.53,
    "dma200" : 2306.06,
    "volume" : 418640.00
  }, {
    "date" : "2025-08-25",
    "price" : 2068.90,
    "dma50" : 2154.16,
    "dma100" : 2194.92,
    "dma200" : 2303.70,
    "volume" : 372976.00
  }, {
    "date" : "2025-08-26",
    "price" : 2007.10,
    "dma50" : 2148.40,
    "dma100" : 2194.57,
    "dma200" : 2300.75,
    "volume" : 621467.00
  }, {
    "date" : "2025-08-28",
    "price" : 1984.60,
    "dma50" : 2141.97,
    "dma100" : 2192.95,
    "dma200" : 2297.60,
    "volume" : 1077529.00
  }, {
    "date" : "2025-08-29",
    "price" : 1947.70,
    "dma50" : 2134.36,
    "dma100" : 2190.92,
    "dma200" : 2294.12,
    "volume" : 746102.00
  }, {
    "date" : "2025-09-01",
    "price" : 1952.20,
    "dma50" : 2127.21,
    "dma100" : 2189.76,
    "dma200" : 2290.72,
    "volume" : 757030.00
  }, {
    "date" : "2025-09-02",
    "price" : 1978.20,
    "dma50" : 2121.37,
    "dma100" : 2190.27,
    "dma200" : 2287.61,
    "volume" : 483491.00
  }, {
    "date" : "2025-09-03",
    "price" : 2011.90,
    "dma50" : 2117.08,
    "dma100" : 2190.64,
    "dma200" : 2284.87,
    "volume" : 387547.00
  }, {
    "date" : "2025-09-04",
    "price" : 2002.80,
    "dma50" : 2112.59,
    "dma100" : 2190.94,
    "dma200" : 2282.06,
    "volume" : 613868.00
  }, {
    "date" : "2025-09-05",
    "price" : 1961.80,
    "dma50" : 2106.68,
    "dma100" : 2191.07,
    "dma200" : 2278.87,
    "volume" : 611416.00
  }, {
    "date" : "2025-09-08",
    "price" : 1964.30,
    "dma50" : 2101.10,
    "dma100" : 2190.56,
    "dma200" : 2275.74,
    "volume" : 455279.00
  }, {
    "date" : "2025-09-09",
    "price" : 1949.70,
    "dma50" : 2095.16,
    "dma100" : 2190.05,
    "dma200" : 2272.50,
    "volume" : 361521.00
  }, {
    "date" : "2025-09-10",
    "price" : 1989.10,
    "dma50" : 2091.00,
    "dma100" : 2190.03,
    "dma200" : 2269.68,
    "volume" : 944719.00
  }, {
    "date" : "2025-09-11",
    "price" : 1993.00,
    "dma50" : 2087.16,
    "dma100" : 2189.51,
    "dma200" : 2266.92,
    "volume" : 351878.00
  }, {
    "date" : "2025-09-12",
    "price" : 1998.90,
    "dma50" : 2083.70,
    "dma100" : 2188.55,
    "dma200" : 2264.26,
    "volume" : 293241.00
  }, {
    "date" : "2025-09-15",
    "price" : 2036.60,
    "dma50" : 2081.85,
    "dma100" : 2187.40,
    "dma200" : 2261.99,
    "volume" : 1016177.00
  }, {
    "date" : "2025-09-16",
    "price" : 2061.00,
    "dma50" : 2081.03,
    "dma100" : 2186.55,
    "dma200" : 2259.99,
    "volume" : 419224.00
  }, {
    "date" : "2025-09-17",
    "price" : 2081.50,
    "dma50" : 2081.05,
    "dma100" : 2186.51,
    "dma200" : 2258.22,
    "volume" : 454684.00
  }, {
    "date" : "2025-09-18",
    "price" : 2087.60,
    "dma50" : 2081.31,
    "dma100" : 2186.17,
    "dma200" : 2256.52,
    "volume" : 492290.00
  }, {
    "date" : "2025-09-19",
    "price" : 2145.20,
    "dma50" : 2083.81,
    "dma100" : 2186.63,
    "dma200" : 2255.41,
    "volume" : 1064342.00
  }, {
    "date" : "2025-09-22",
    "price" : 2103.70,
    "dma50" : 2084.59,
    "dma100" : 2186.06,
    "dma200" : 2253.90,
    "volume" : 506827.00
  }, {
    "date" : "2025-09-23",
    "price" : 2103.70,
    "dma50" : 2085.34,
    "dma100" : 2184.60,
    "dma200" : 2252.41,
    "volume" : 387999.00
  }, {
    "date" : "2025-09-24",
    "price" : 2019.10,
    "dma50" : 2082.74,
    "dma100" : 2182.60,
    "dma200" : 2250.09,
    "volume" : 658684.00
  }, {
    "date" : "2025-09-25",
    "price" : 1967.40,
    "dma50" : 2078.22,
    "dma100" : 2181.39,
    "dma200" : 2247.27,
    "volume" : 635736.00
  }, {
    "date" : "2025-09-26",
    "price" : 1957.60,
    "dma50" : 2073.49,
    "dma100" : 2179.68,
    "dma200" : 2244.39,
    "volume" : 407804.00
  }, {
    "date" : "2025-09-29",
    "price" : 1996.90,
    "dma50" : 2070.49,
    "dma100" : 2179.35,
    "dma200" : 2241.93,
    "volume" : 599794.00
  }, {
    "date" : "2025-09-30",
    "price" : 1968.80,
    "dma50" : 2066.50,
    "dma100" : 2179.03,
    "dma200" : 2239.21,
    "volume" : 577998.00
  }, {
    "date" : "2025-10-01",
    "price" : 2030.40,
    "dma50" : 2065.08,
    "dma100" : 2177.87,
    "dma200" : 2237.13,
    "volume" : 625185.00
  }, {
    "date" : "2025-10-03",
    "price" : 2033.00,
    "dma50" : 2063.83,
    "dma100" : 2177.18,
    "dma200" : 2235.10,
    "volume" : 305043.00
  }, {
    "date" : "2025-10-06",
    "price" : 2056.50,
    "dma50" : 2063.54,
    "dma100" : 2176.55,
    "dma200" : 2233.32,
    "volume" : 212380.00
  }, {
    "date" : "2025-10-07",
    "price" : 2073.30,
    "dma50" : 2063.92,
    "dma100" : 2175.79,
    "dma200" : 2231.73,
    "volume" : 305918.00
  }, {
    "date" : "2025-10-08",
    "price" : 2033.40,
    "dma50" : 2062.72,
    "dma100" : 2174.37,
    "dma200" : 2229.76,
    "volume" : 405636.00
  }, {
    "date" : "2025-10-09",
    "price" : 2031.50,
    "dma50" : 2061.50,
    "dma100" : 2172.37,
    "dma200" : 2227.79,
    "volume" : 529557.00
  }, {
    "date" : "2025-10-10",
    "price" : 2091.90,
    "dma50" : 2062.69,
    "dma100" : 2171.60,
    "dma200" : 2226.43,
    "volume" : 917959.00
  }, {
    "date" : "2025-10-13",
    "price" : 2096.90,
    "dma50" : 2064.03,
    "dma100" : 2170.76,
    "dma200" : 2225.14,
    "volume" : 722568.00
  }, {
    "date" : "2025-10-14",
    "price" : 2057.40,
    "dma50" : 2063.77,
    "dma100" : 2169.69,
    "dma200" : 2223.48,
    "volume" : 317751.00
  }, {
    "date" : "2025-10-15",
    "price" : 2135.60,
    "dma50" : 2066.59,
    "dma100" : 2169.22,
    "dma200" : 2222.60,
    "volume" : 1083031.00
  }, {
    "date" : "2025-10-16",
    "price" : 2205.30,
    "dma50" : 2072.03,
    "dma100" : 2168.80,
    "dma200" : 2222.43,
    "volume" : 1337154.00
  }, {
    "date" : "2025-10-17",
    "price" : 2236.20,
    "dma50" : 2078.47,
    "dma100" : 2168.71,
    "dma200" : 2222.57,
    "volume" : 1406842.00
  }, {
    "date" : "2025-10-20",
    "price" : 2291.80,
    "dma50" : 2086.83,
    "dma100" : 2169.31,
    "dma200" : 2223.26,
    "volume" : 782522.00
  }, {
    "date" : "2025-10-21",
    "price" : 2293.50,
    "dma50" : 2094.94,
    "dma100" : 2169.85,
    "dma200" : 2223.95,
    "volume" : 200990.00
  }, {
    "date" : "2025-10-23",
    "price" : 2278.80,
    "dma50" : 2102.15,
    "dma100" : 2170.20,
    "dma200" : 2224.50,
    "volume" : 645707.00
  }, {
    "date" : "2025-10-24",
    "price" : 2287.80,
    "dma50" : 2109.43,
    "dma100" : 2170.26,
    "dma200" : 2225.13,
    "volume" : 409482.00
  }, {
    "date" : "2025-10-27",
    "price" : 2320.30,
    "dma50" : 2117.70,
    "dma100" : 2170.62,
    "dma200" : 2226.08,
    "volume" : 975149.00
  }, {
    "date" : "2025-10-28",
    "price" : 2296.60,
    "dma50" : 2124.71,
    "dma100" : 2170.95,
    "dma200" : 2226.78,
    "volume" : 414514.00
  }, {
    "date" : "2025-10-29",
    "price" : 2311.30,
    "dma50" : 2132.03,
    "dma100" : 2170.94,
    "dma200" : 2227.62,
    "volume" : 652538.00
  }, {
    "date" : "2025-10-30",
    "price" : 2298.90,
    "dma50" : 2138.58,
    "dma100" : 2169.26,
    "dma200" : 2228.33,
    "volume" : 489493.00
  }, {
    "date" : "2025-10-31",
    "price" : 2288.00,
    "dma50" : 2144.43,
    "dma100" : 2167.47,
    "dma200" : 2228.92,
    "volume" : 409938.00
  }, {
    "date" : "2025-11-03",
    "price" : 2307.50,
    "dma50" : 2150.83,
    "dma100" : 2165.96,
    "dma200" : 2229.70,
    "volume" : 354656.00
  }, {
    "date" : "2025-11-04",
    "price" : 2293.20,
    "dma50" : 2156.41,
    "dma100" : 2164.42,
    "dma200" : 2230.34,
    "volume" : 422566.00
  }, {
    "date" : "2025-11-06",
    "price" : 2193.70,
    "dma50" : 2157.88,
    "dma100" : 2162.47,
    "dma200" : 2229.97,
    "volume" : 1293941.00
  }, {
    "date" : "2025-11-07",
    "price" : 2142.70,
    "dma50" : 2157.28,
    "dma100" : 2159.87,
    "dma200" : 2229.10,
    "volume" : 620412.00
  }, {
    "date" : "2025-11-10",
    "price" : 2167.70,
    "dma50" : 2157.69,
    "dma100" : 2157.21,
    "dma200" : 2228.49,
    "volume" : 307203.00
  }, {
    "date" : "2025-11-11",
    "price" : 2158.50,
    "dma50" : 2157.72,
    "dma100" : 2154.23,
    "dma200" : 2227.80,
    "volume" : 336583.00
  }, {
    "date" : "2025-11-12",
    "price" : 2193.80,
    "dma50" : 2159.14,
    "dma100" : 2151.56,
    "dma200" : 2227.46,
    "volume" : 352726.00
  }, {
    "date" : "2025-11-13",
    "price" : 2206.10,
    "dma50" : 2160.98,
    "dma100" : 2149.82,
    "dma200" : 2227.24,
    "volume" : 570646.00
  }, {
    "date" : "2025-11-14",
    "price" : 2195.80,
    "dma50" : 2162.34,
    "dma100" : 2147.46,
    "dma200" : 2226.93,
    "volume" : 278338.00
  }, {
    "date" : "2025-11-17",
    "price" : 2184.60,
    "dma50" : 2163.22,
    "dma100" : 2145.29,
    "dma200" : 2226.51,
    "volume" : 335127.00
  }, {
    "date" : "2025-11-18",
    "price" : 2150.80,
    "dma50" : 2162.73,
    "dma100" : 2142.81,
    "dma200" : 2225.76,
    "volume" : 335560.00
  }, {
    "date" : "2025-11-19",
    "price" : 2130.40,
    "dma50" : 2161.46,
    "dma100" : 2140.08,
    "dma200" : 2224.81,
    "volume" : 384623.00
  }, {
    "date" : "2025-11-20",
    "price" : 2123.80,
    "dma50" : 2159.98,
    "dma100" : 2137.40,
    "dma200" : 2223.80,
    "volume" : 371821.00
  }, {
    "date" : "2025-11-21",
    "price" : 2090.90,
    "dma50" : 2157.27,
    "dma100" : 2134.69,
    "dma200" : 2222.48,
    "volume" : 626305.00
  }, {
    "date" : "2025-11-24",
    "price" : 2046.40,
    "dma50" : 2152.93,
    "dma100" : 2131.72,
    "dma200" : 2220.73,
    "volume" : 761455.00
  }, {
    "date" : "2025-11-25",
    "price" : 2094.00,
    "dma50" : 2150.62,
    "dma100" : 2129.52,
    "dma200" : 2219.47,
    "volume" : 485234.00
  }, {
    "date" : "2025-11-26",
    "price" : 2114.40,
    "dma50" : 2149.20,
    "dma100" : 2127.76,
    "dma200" : 2218.42,
    "volume" : 449025.00
  }, {
    "date" : "2025-11-27",
    "price" : 2096.30,
    "dma50" : 2147.12,
    "dma100" : 2126.06,
    "dma200" : 2217.21,
    "volume" : 297798.00
  }, {
    "date" : "2025-11-28",
    "price" : 2114.60,
    "dma50" : 2145.85,
    "dma100" : 2124.17,
    "dma200" : 2216.19,
    "volume" : 311223.00
  }, {
    "date" : "2025-12-01",
    "price" : 2096.50,
    "dma50" : 2143.91,
    "dma100" : 2122.14,
    "dma200" : 2215.00,
    "volume" : 321453.00
  }, {
    "date" : "2025-12-02",
    "price" : 2097.70,
    "dma50" : 2142.10,
    "dma100" : 2120.02,
    "dma200" : 2213.83,
    "volume" : 404068.00
  }, {
    "date" : "2025-12-03",
    "price" : 2067.80,
    "dma50" : 2139.18,
    "dma100" : 2118.14,
    "dma200" : 2212.38,
    "volume" : 309337.00
  }, {
    "date" : "2025-12-04",
    "price" : 2079.60,
    "dma50" : 2136.85,
    "dma100" : 2116.38,
    "dma200" : 2211.05,
    "volume" : 378502.00
  }, {
    "date" : "2025-12-05",
    "price" : 2082.40,
    "dma50" : 2134.71,
    "dma100" : 2115.14,
    "dma200" : 2209.77,
    "volume" : 512189.00
  }, {
    "date" : "2025-12-08",
    "price" : 1975.10,
    "dma50" : 2128.45,
    "dma100" : 2112.32,
    "dma200" : 2207.44,
    "volume" : 1069024.00
  }, {
    "date" : "2025-12-09",
    "price" : 2043.00,
    "dma50" : 2125.10,
    "dma100" : 2110.05,
    "dma200" : 2205.80,
    "volume" : 1342200.00
  }, {
    "date" : "2025-12-10",
    "price" : 2014.30,
    "dma50" : 2120.76,
    "dma100" : 2107.31,
    "dma200" : 2203.90,
    "volume" : 368475.00
  }, {
    "date" : "2025-12-11",
    "price" : 2035.60,
    "dma50" : 2117.42,
    "dma100" : 2104.29,
    "dma200" : 2202.22,
    "volume" : 231773.00
  }, {
    "date" : "2025-12-12",
    "price" : 2075.10,
    "dma50" : 2115.76,
    "dma100" : 2101.39,
    "dma200" : 2200.96,
    "volume" : 503368.00
  }, {
    "date" : "2025-12-15",
    "price" : 2067.80,
    "dma50" : 2113.88,
    "dma100" : 2098.03,
    "dma200" : 2199.63,
    "volume" : 411474.00
  }, {
    "date" : "2025-12-16",
    "price" : 2023.60,
    "dma50" : 2110.34,
    "dma100" : 2094.63,
    "dma200" : 2197.88,
    "volume" : 247084.00
  }, {
    "date" : "2025-12-17",
    "price" : 2014.90,
    "dma50" : 2106.59,
    "dma100" : 2091.54,
    "dma200" : 2196.06,
    "volume" : 289979.00
  }, {
    "date" : "2025-12-18",
    "price" : 1999.80,
    "dma50" : 2102.41,
    "dma100" : 2088.41,
    "dma200" : 2194.11,
    "volume" : 598349.00
  }, {
    "date" : "2025-12-19",
    "price" : 2044.80,
    "dma50" : 2100.15,
    "dma100" : 2086.52,
    "dma200" : 2192.62,
    "volume" : 642942.00
  }, {
    "date" : "2025-12-22",
    "price" : 2030.40,
    "dma50" : 2097.41,
    "dma100" : 2085.66,
    "dma200" : 2191.01,
    "volume" : 242135.00
  }, {
    "date" : "2025-12-23",
    "price" : 2019.50,
    "dma50" : 2094.36,
    "dma100" : 2084.31,
    "dma200" : 2189.30,
    "volume" : 290486.00
  }, {
    "date" : "2025-12-24",
    "price" : 2006.10,
    "dma50" : 2090.90,
    "dma100" : 2083.08,
    "dma200" : 2187.48,
    "volume" : 318210.00
  }, {
    "date" : "2025-12-26",
    "price" : 2002.60,
    "dma50" : 2087.43,
    "dma100" : 2082.07,
    "dma200" : 2185.64,
    "volume" : 385347.00
  }, {
    "date" : "2025-12-29",
    "price" : 1997.80,
    "dma50" : 2083.92,
    "dma100" : 2081.54,
    "dma200" : 2183.77,
    "volume" : 208224.00
  }, {
    "date" : "2025-12-30",
    "price" : 1977.70,
    "dma50" : 2079.75,
    "dma100" : 2080.34,
    "dma200" : 2181.72,
    "volume" : 416583.00
  }, {
    "date" : "2025-12-31",
    "price" : 2004.40,
    "dma50" : 2076.80,
    "dma100" : 2079.24,
    "dma200" : 2179.96,
    "volume" : 406365.00
  }, {
    "date" : "2026-01-01",
    "price" : 2015.30,
    "dma50" : 2074.39,
    "dma100" : 2078.77,
    "dma200" : 2178.32,
    "volume" : 292491.00
  }, {
    "date" : "2026-01-02",
    "price" : 2068.50,
    "dma50" : 2074.16,
    "dma100" : 2079.02,
    "dma200" : 2177.22,
    "volume" : 341745.00
  }, {
    "date" : "2026-01-05",
    "price" : 2124.20,
    "dma50" : 2076.12,
    "dma100" : 2080.54,
    "dma200" : 2176.70,
    "volume" : 1445623.00
  }, {
    "date" : "2026-01-06",
    "price" : 2127.90,
    "dma50" : 2078.15,
    "dma100" : 2081.91,
    "dma200" : 2176.21,
    "volume" : 431807.00
  }, {
    "date" : "2026-01-07",
    "price" : 2138.20,
    "dma50" : 2080.50,
    "dma100" : 2083.81,
    "dma200" : 2175.83,
    "volume" : 577103.00
  }, {
    "date" : "2026-01-08",
    "price" : 2095.10,
    "dma50" : 2081.08,
    "dma100" : 2085.16,
    "dma200" : 2175.03,
    "volume" : 459798.00
  }, {
    "date" : "2026-01-09",
    "price" : 1991.50,
    "dma50" : 2077.56,
    "dma100" : 2085.71,
    "dma200" : 2173.20,
    "volume" : 1813325.00
  }, {
    "date" : "2026-01-12",
    "price" : 1930.80,
    "dma50" : 2071.81,
    "dma100" : 2084.99,
    "dma200" : 2170.79,
    "volume" : 1830720.00
  }, {
    "date" : "2026-01-13",
    "price" : 1878.80,
    "dma50" : 2064.24,
    "dma100" : 2083.68,
    "dma200" : 2167.89,
    "volume" : 2072247.00
  }, {
    "date" : "2026-01-14",
    "price" : 1871.40,
    "dma50" : 2056.68,
    "dma100" : 2081.98,
    "dma200" : 2164.94,
    "volume" : 952889.00
  }, {
    "date" : "2026-01-16",
    "price" : 1889.00,
    "dma50" : 2050.10,
    "dma100" : 2080.33,
    "dma200" : 2162.19,
    "volume" : 1259232.00
  }, {
    "date" : "2026-01-19",
    "price" : 1797.80,
    "dma50" : 2040.21,
    "dma100" : 2077.78,
    "dma200" : 2158.56,
    "volume" : 2096655.00
  }, {
    "date" : "2026-01-20",
    "price" : 1694.70,
    "dma50" : 2026.66,
    "dma100" : 2074.04,
    "dma200" : 2153.95,
    "volume" : 1674460.00
  }, {
    "date" : "2026-01-21",
    "price" : 1644.40,
    "dma50" : 2011.67,
    "dma100" : 2070.41,
    "dma200" : 2148.88,
    "volume" : 2898376.00
  }, {
    "date" : "2026-01-22",
    "price" : 1620.40,
    "dma50" : 1996.32,
    "dma100" : 2066.77,
    "dma200" : 2143.62,
    "volume" : 1573345.00
  }, {
    "date" : "2026-01-23",
    "price" : 1541.20,
    "dma50" : 1978.48,
    "dma100" : 2062.70,
    "dma200" : 2137.63,
    "volume" : 2538158.00
  }, {
    "date" : "2026-01-27",
    "price" : 1517.90,
    "dma50" : 1960.41,
    "dma100" : 2058.36,
    "dma200" : 2131.46,
    "volume" : 5129501.00
  }, {
    "date" : "2026-01-28",
    "price" : 1550.30,
    "dma50" : 1944.33,
    "dma100" : 2054.08,
    "dma200" : 2125.68,
    "volume" : 2006917.00
  }, {
    "date" : "2026-01-29",
    "price" : 1566.50,
    "dma50" : 1929.51,
    "dma100" : 2049.63,
    "dma200" : 2120.11,
    "volume" : 1353554.00
  }, {
    "date" : "2026-01-30",
    "price" : 1576.80,
    "dma50" : 1915.68,
    "dma100" : 2045.37,
    "dma200" : 2114.71,
    "volume" : 1977583.00
  }, {
    "date" : "2026-02-01",
    "price" : 1516.80,
    "dma50" : 1900.04,
    "dma100" : 2040.92,
    "dma200" : 2108.76,
    "volume" : 1088835.00
  }, {
    "date" : "2026-02-02",
    "price" : 1560.10,
    "dma50" : 1886.71,
    "dma100" : 2036.87,
    "dma200" : 2103.30,
    "volume" : 899285.00
  }, {
    "date" : "2026-02-03",
    "price" : 1699.40,
    "dma50" : 1879.36,
    "dma100" : 2034.37,
    "dma200" : 2099.28,
    "volume" : 3933898.00
  }, {
    "date" : "2026-02-04",
    "price" : 1711.70,
    "dma50" : 1872.79,
    "dma100" : 2031.60,
    "dma200" : 2095.42,
    "volume" : 1075339.00
  }, {
    "date" : "2026-02-05",
    "price" : 1689.80,
    "dma50" : 1865.61,
    "dma100" : 2028.57,
    "dma200" : 2091.39,
    "volume" : 1899701.00
  }, {
    "date" : "2026-02-06",
    "price" : 1699.80,
    "dma50" : 1859.11,
    "dma100" : 2025.57,
    "dma200" : 2087.49,
    "volume" : 1503883.00
  } ],
  "latestTechnicalAttributes" : {
    "date" : "2026-02-06",
    "price" : 1699.80,
    "dma50" : 1859.11,
    "dma100" : 2025.57,
    "dma200" : 2087.49,
    "volume" : 1503883.00
  },
  "quarterlyResults" : [ {
    "date" : "2008-12-31",
    "sales" : 8.60,
    "salesGrowthYoY" : null,
    "grossProfitMargin" : 100.00,
    "grossProfit" : 8.60,
    "operatingProfitMargin" : 34.07,
    "operatingProfit" : 2.93,
    "netProfitMargin" : 16.74,
    "netProfit" : 1.44
  }, {
    "date" : "2009-03-31",
    "sales" : 52.11,
    "salesGrowthYoY" : null,
    "grossProfitMargin" : 100.00,
    "grossProfit" : 52.11,
    "operatingProfitMargin" : 33.85,
    "operatingProfit" : 17.64,
    "netProfitMargin" : 33.70,
    "netProfit" : 17.56
  }, {
    "date" : "2009-06-30",
    "sales" : 23.82,
    "salesGrowthYoY" : null,
    "grossProfitMargin" : 100.00,
    "grossProfit" : 23.82,
    "operatingProfitMargin" : 50.84,
    "operatingProfit" : 12.11,
    "netProfitMargin" : 12.30,
    "netProfit" : 2.93
  }, {
    "date" : "2009-09-30",
    "sales" : 20.66,
    "salesGrowthYoY" : null,
    "grossProfitMargin" : 100.00,
    "grossProfit" : 20.66,
    "operatingProfitMargin" : 56.63,
    "operatingProfit" : 11.70,
    "netProfitMargin" : 216.12,
    "netProfit" : 44.65
  }, {
    "date" : "2009-12-31",
    "sales" : 26.84,
    "salesGrowthYoY" : 212.09,
    "grossProfitMargin" : 100.00,
    "grossProfit" : 26.84,
    "operatingProfitMargin" : 71.20,
    "operatingProfit" : 19.11,
    "netProfitMargin" : 65.54,
    "netProfit" : 17.59
  }, {
    "date" : "2010-03-31",
    "sales" : 102.24,
    "salesGrowthYoY" : 96.20,
    "grossProfitMargin" : 100.00,
    "grossProfit" : 102.24,
    "operatingProfitMargin" : 1.91,
    "operatingProfit" : 1.95,
    "netProfitMargin" : 55.22,
    "netProfit" : 56.46
  }, {
    "date" : "2010-06-30",
    "sales" : 26.93,
    "salesGrowthYoY" : 13.06,
    "grossProfitMargin" : 100.00,
    "grossProfit" : 26.93,
    "operatingProfitMargin" : 29.45,
    "operatingProfit" : 7.93,
    "netProfitMargin" : 81.02,
    "netProfit" : 21.82
  }, {
    "date" : "2010-09-30",
    "sales" : 29.95,
    "salesGrowthYoY" : 44.97,
    "grossProfitMargin" : 100.00,
    "grossProfit" : 29.95,
    "operatingProfitMargin" : 29.15,
    "operatingProfit" : 8.73,
    "netProfitMargin" : 106.84,
    "netProfit" : 32.00
  }, {
    "date" : "2010-12-31",
    "sales" : 39.76,
    "salesGrowthYoY" : 48.14,
    "grossProfitMargin" : 100.00,
    "grossProfit" : 39.76,
    "operatingProfitMargin" : 35.71,
    "operatingProfit" : 14.20,
    "netProfitMargin" : 6.87,
    "netProfit" : 2.73
  }, {
    "date" : "2011-03-31",
    "sales" : 230.47,
    "salesGrowthYoY" : 125.42,
    "grossProfitMargin" : 100.00,
    "grossProfit" : 230.47,
    "operatingProfitMargin" : 24.96,
    "operatingProfit" : 57.53,
    "netProfitMargin" : 16.96,
    "netProfit" : 39.09
  }, {
    "date" : "2011-06-30",
    "sales" : 58.45,
    "salesGrowthYoY" : 117.04,
    "grossProfitMargin" : 100.00,
    "grossProfit" : 58.45,
    "operatingProfitMargin" : 16.05,
    "operatingProfit" : 9.38,
    "netProfitMargin" : 10.85,
    "netProfit" : 6.34
  }, {
    "date" : "2011-09-30",
    "sales" : 100.97,
    "salesGrowthYoY" : 237.13,
    "grossProfitMargin" : 100.00,
    "grossProfit" : 100.97,
    "operatingProfitMargin" : 23.05,
    "operatingProfit" : 23.27,
    "netProfitMargin" : 16.37,
    "netProfit" : 16.53
  }, {
    "date" : "2011-12-31",
    "sales" : 106.58,
    "salesGrowthYoY" : 168.06,
    "grossProfitMargin" : 100.00,
    "grossProfit" : 106.58,
    "operatingProfitMargin" : 19.90,
    "operatingProfit" : 21.21,
    "netProfitMargin" : 13.69,
    "netProfit" : 14.59
  }, {
    "date" : "2012-03-31",
    "sales" : 102.94,
    "salesGrowthYoY" : -55.33,
    "grossProfitMargin" : 100.00,
    "grossProfit" : 102.94,
    "operatingProfitMargin" : 26.82,
    "operatingProfit" : 27.61,
    "netProfitMargin" : 30.63,
    "netProfit" : 31.53
  }, {
    "date" : "2012-06-30",
    "sales" : 82.14,
    "salesGrowthYoY" : 40.53,
    "grossProfitMargin" : 100.00,
    "grossProfit" : 82.14,
    "operatingProfitMargin" : 32.55,
    "operatingProfit" : 26.74,
    "netProfitMargin" : 32.76,
    "netProfit" : 26.91
  }, {
    "date" : "2012-09-30",
    "sales" : 95.78,
    "salesGrowthYoY" : -5.14,
    "grossProfitMargin" : 100.00,
    "grossProfit" : 95.78,
    "operatingProfitMargin" : 39.41,
    "operatingProfit" : 37.75,
    "netProfitMargin" : 32.72,
    "netProfit" : 31.34
  }, {
    "date" : "2012-12-31",
    "sales" : 98.61,
    "salesGrowthYoY" : -7.48,
    "grossProfitMargin" : 100.00,
    "grossProfit" : 98.61,
    "operatingProfitMargin" : 33.18,
    "operatingProfit" : 32.72,
    "netProfitMargin" : 28.19,
    "netProfit" : 27.80
  }, {
    "date" : "2013-03-31",
    "sales" : 150.19,
    "salesGrowthYoY" : 45.90,
    "grossProfitMargin" : 100.00,
    "grossProfit" : 150.19,
    "operatingProfitMargin" : 28.62,
    "operatingProfit" : 42.98,
    "netProfitMargin" : 24.39,
    "netProfit" : 36.63
  }, {
    "date" : "2013-06-30",
    "sales" : 109.14,
    "salesGrowthYoY" : 32.87,
    "grossProfitMargin" : 100.00,
    "grossProfit" : 109.14,
    "operatingProfitMargin" : 18.88,
    "operatingProfit" : 20.61,
    "netProfitMargin" : 12.90,
    "netProfit" : 14.08
  }, {
    "date" : "2013-09-30",
    "sales" : 122.60,
    "salesGrowthYoY" : 28.00,
    "grossProfitMargin" : 100.00,
    "grossProfit" : 122.60,
    "operatingProfitMargin" : 23.74,
    "operatingProfit" : 29.11,
    "netProfitMargin" : 19.80,
    "netProfit" : 24.27
  }, {
    "date" : "2013-12-31",
    "sales" : 74.76,
    "salesGrowthYoY" : -24.19,
    "grossProfitMargin" : 100.00,
    "grossProfit" : 74.76,
    "operatingProfitMargin" : 27.64,
    "operatingProfit" : 20.66,
    "netProfitMargin" : 24.56,
    "netProfit" : 18.36
  }, {
    "date" : "2014-03-31",
    "sales" : 357.51,
    "salesGrowthYoY" : 138.04,
    "grossProfitMargin" : 100.00,
    "grossProfit" : 357.51,
    "operatingProfitMargin" : 13.08,
    "operatingProfit" : 46.76,
    "netProfitMargin" : 11.45,
    "netProfit" : 40.93
  }, {
    "date" : "2014-06-30",
    "sales" : 155.38,
    "salesGrowthYoY" : 42.37,
    "grossProfitMargin" : 100.00,
    "grossProfit" : 155.38,
    "operatingProfitMargin" : 20.18,
    "operatingProfit" : 31.36,
    "netProfitMargin" : 27.28,
    "netProfit" : 42.39
  }, {
    "date" : "2014-09-30",
    "sales" : 140.94,
    "salesGrowthYoY" : 14.96,
    "grossProfitMargin" : 100.00,
    "grossProfit" : 140.94,
    "operatingProfitMargin" : 28.83,
    "operatingProfit" : 40.63,
    "netProfitMargin" : 29.35,
    "netProfit" : 41.37
  }, {
    "date" : "2014-12-31",
    "sales" : 104.32,
    "salesGrowthYoY" : 39.54,
    "grossProfitMargin" : 100.00,
    "grossProfit" : 104.32,
    "operatingProfitMargin" : 25.92,
    "operatingProfit" : 27.04,
    "netProfitMargin" : 29.92,
    "netProfit" : 31.21
  }, {
    "date" : "2015-03-31",
    "sales" : 116.04,
    "salesGrowthYoY" : -67.54,
    "grossProfitMargin" : 100.00,
    "grossProfit" : 116.04,
    "operatingProfitMargin" : 7.68,
    "operatingProfit" : 8.91,
    "netProfitMargin" : 11.17,
    "netProfit" : 12.96
  }, {
    "date" : "2015-06-30",
    "sales" : 84.51,
    "salesGrowthYoY" : -45.61,
    "grossProfitMargin" : 100.00,
    "grossProfit" : 84.51,
    "operatingProfitMargin" : 11.09,
    "operatingProfit" : 9.37,
    "netProfitMargin" : 23.44,
    "netProfit" : 19.81
  }, {
    "date" : "2015-09-30",
    "sales" : 92.78,
    "salesGrowthYoY" : -34.17,
    "grossProfitMargin" : 100.00,
    "grossProfit" : 92.78,
    "operatingProfitMargin" : -20.25,
    "operatingProfit" : -18.79,
    "netProfitMargin" : -13.45,
    "netProfit" : -12.48
  }, {
    "date" : "2015-12-31",
    "sales" : 101.74,
    "salesGrowthYoY" : -2.47,
    "grossProfitMargin" : 49.02,
    "grossProfit" : 49.87,
    "operatingProfitMargin" : 12.24,
    "operatingProfit" : 12.45,
    "netProfitMargin" : 25.66,
    "netProfit" : 26.11
  }, {
    "date" : "2016-03-31",
    "sales" : 71.82,
    "salesGrowthYoY" : -38.11,
    "grossProfitMargin" : 22.74,
    "grossProfit" : 16.33,
    "operatingProfitMargin" : -26.04,
    "operatingProfit" : -18.70,
    "netProfitMargin" : -3.65,
    "netProfit" : -2.62
  }, {
    "date" : "2016-06-30",
    "sales" : 116.98,
    "salesGrowthYoY" : 38.42,
    "grossProfitMargin" : 100.00,
    "grossProfit" : 116.98,
    "operatingProfitMargin" : 28.61,
    "operatingProfit" : 33.47,
    "netProfitMargin" : 33.23,
    "netProfit" : 38.87
  }, {
    "date" : "2016-09-30",
    "sales" : 83.71,
    "salesGrowthYoY" : -9.78,
    "grossProfitMargin" : 100.00,
    "grossProfit" : 83.71,
    "operatingProfitMargin" : -13.44,
    "operatingProfit" : -11.25,
    "netProfitMargin" : 7.57,
    "netProfit" : 6.34
  }, {
    "date" : "2016-12-31",
    "sales" : 422.45,
    "salesGrowthYoY" : 315.23,
    "grossProfitMargin" : 100.00,
    "grossProfit" : 422.45,
    "operatingProfitMargin" : 26.61,
    "operatingProfit" : 112.41,
    "netProfitMargin" : 20.37,
    "netProfit" : 86.05
  }, {
    "date" : "2017-03-31",
    "sales" : 374.84,
    "salesGrowthYoY" : 421.92,
    "grossProfitMargin" : 100.00,
    "grossProfit" : 374.84,
    "operatingProfitMargin" : 22.72,
    "operatingProfit" : 85.16,
    "netProfitMargin" : 18.74,
    "netProfit" : 70.25
  }, {
    "date" : "2017-06-30",
    "sales" : 167.21,
    "salesGrowthYoY" : 42.94,
    "grossProfitMargin" : 100.00,
    "grossProfit" : 167.21,
    "operatingProfitMargin" : -5.02,
    "operatingProfit" : -8.39,
    "netProfitMargin" : 35.46,
    "netProfit" : 59.29
  }, {
    "date" : "2017-09-30",
    "sales" : 173.02,
    "salesGrowthYoY" : 106.69,
    "grossProfitMargin" : 100.00,
    "grossProfit" : 173.02,
    "operatingProfitMargin" : 13.76,
    "operatingProfit" : 23.81,
    "netProfitMargin" : 11.19,
    "netProfit" : 19.36
  }, {
    "date" : "2017-12-31",
    "sales" : 95.99,
    "salesGrowthYoY" : -77.28,
    "grossProfitMargin" : 100.00,
    "grossProfit" : 95.99,
    "operatingProfitMargin" : -33.56,
    "operatingProfit" : -32.21,
    "netProfitMargin" : -7.73,
    "netProfit" : -7.42
  }, {
    "date" : "2018-03-31",
    "sales" : 104.28,
    "salesGrowthYoY" : -72.18,
    "grossProfitMargin" : -3.91,
    "grossProfit" : -4.08,
    "operatingProfitMargin" : -103.92,
    "operatingProfit" : -108.37,
    "netProfitMargin" : 32.41,
    "netProfit" : 33.80
  }, {
    "date" : "2018-06-30",
    "sales" : 87.82,
    "salesGrowthYoY" : -47.48,
    "grossProfitMargin" : 20.76,
    "grossProfit" : 18.23,
    "operatingProfitMargin" : -38.75,
    "operatingProfit" : -34.03,
    "netProfitMargin" : -12.18,
    "netProfit" : -10.70
  }, {
    "date" : "2018-09-30",
    "sales" : 179.05,
    "salesGrowthYoY" : 3.49,
    "grossProfitMargin" : 14.59,
    "grossProfit" : 26.12,
    "operatingProfitMargin" : -14.95,
    "operatingProfit" : -26.77,
    "netProfitMargin" : 14.74,
    "netProfit" : 26.39
  }, {
    "date" : "2018-12-31",
    "sales" : 184.99,
    "salesGrowthYoY" : 92.72,
    "grossProfitMargin" : 10.37,
    "grossProfit" : 19.18,
    "operatingProfitMargin" : -22.54,
    "operatingProfit" : -41.70,
    "netProfitMargin" : 2.81,
    "netProfit" : 5.20
  }, {
    "date" : "2019-03-31",
    "sales" : 961.56,
    "salesGrowthYoY" : 822.09,
    "grossProfitMargin" : 38.04,
    "grossProfit" : 365.78,
    "operatingProfitMargin" : 20.56,
    "operatingProfit" : 197.70,
    "netProfitMargin" : 19.60,
    "netProfit" : 188.47
  }, {
    "date" : "2019-06-30",
    "sales" : 610.06,
    "salesGrowthYoY" : 594.67,
    "grossProfitMargin" : 39.45,
    "grossProfit" : 240.67,
    "operatingProfitMargin" : 27.05,
    "operatingProfit" : 165.02,
    "netProfitMargin" : 21.31,
    "netProfit" : 130.00
  }, {
    "date" : "2019-09-30",
    "sales" : 418.93,
    "salesGrowthYoY" : 133.97,
    "grossProfitMargin" : 42.76,
    "grossProfit" : 179.13,
    "operatingProfitMargin" : 22.95,
    "operatingProfit" : 96.14,
    "netProfitMargin" : 23.02,
    "netProfit" : 96.44
  }, {
    "date" : "2019-12-31",
    "sales" : 275.25,
    "salesGrowthYoY" : 48.79,
    "grossProfitMargin" : 48.27,
    "grossProfit" : 132.86,
    "operatingProfitMargin" : 15.26,
    "operatingProfit" : 42.00,
    "netProfitMargin" : 24.76,
    "netProfit" : 68.15
  }, {
    "date" : "2020-03-31",
    "sales" : 781.12,
    "salesGrowthYoY" : -18.77,
    "grossProfitMargin" : 41.54,
    "grossProfit" : 324.48,
    "operatingProfitMargin" : 10.47,
    "operatingProfit" : 81.78,
    "netProfitMargin" : 11.72,
    "netProfit" : 91.55
  }, {
    "date" : "2020-06-30",
    "sales" : 52.27,
    "salesGrowthYoY" : -91.43,
    "grossProfitMargin" : 62.92,
    "grossProfit" : 32.89,
    "operatingProfitMargin" : -122.61,
    "operatingProfit" : -64.09,
    "netProfitMargin" : 7.79,
    "netProfit" : 4.07
  }, {
    "date" : "2020-09-30",
    "sales" : 57.48,
    "salesGrowthYoY" : -86.28,
    "grossProfitMargin" : 49.76,
    "grossProfit" : 28.60,
    "operatingProfitMargin" : -128.83,
    "operatingProfit" : -74.05,
    "netProfitMargin" : 19.00,
    "netProfit" : 10.92
  }, {
    "date" : "2020-12-31",
    "sales" : 72.83,
    "salesGrowthYoY" : -73.54,
    "grossProfitMargin" : 52.96,
    "grossProfit" : 38.57,
    "operatingProfitMargin" : -95.62,
    "operatingProfit" : -69.64,
    "netProfitMargin" : 11.48,
    "netProfit" : 8.36
  }, {
    "date" : "2021-03-31",
    "sales" : 387.84,
    "salesGrowthYoY" : -50.35,
    "grossProfitMargin" : 45.42,
    "grossProfit" : 176.16,
    "operatingProfitMargin" : -33.35,
    "operatingProfit" : -129.34,
    "netProfitMargin" : -17.12,
    "netProfit" : -66.40
  }, {
    "date" : "2021-06-30",
    "sales" : 30.38,
    "salesGrowthYoY" : -41.88,
    "grossProfitMargin" : 106.39,
    "grossProfit" : 32.32,
    "operatingProfitMargin" : -199.01,
    "operatingProfit" : -60.46,
    "netProfitMargin" : 186.47,
    "netProfit" : 56.65
  }, {
    "date" : "2021-09-30",
    "sales" : 114.25,
    "salesGrowthYoY" : 98.76,
    "grossProfitMargin" : 55.19,
    "grossProfit" : 63.05,
    "operatingProfitMargin" : -40.35,
    "operatingProfit" : -46.10,
    "netProfitMargin" : 78.07,
    "netProfit" : 89.19
  }, {
    "date" : "2021-12-31",
    "sales" : 244.13,
    "salesGrowthYoY" : 235.21,
    "grossProfitMargin" : 35.42,
    "grossProfit" : 86.47,
    "operatingProfitMargin" : 0.02,
    "operatingProfit" : 0.05,
    "netProfitMargin" : 51.38,
    "netProfit" : 125.43
  }, {
    "date" : "2022-03-31",
    "sales" : 1084.69,
    "salesGrowthYoY" : 179.67,
    "grossProfitMargin" : 33.96,
    "grossProfit" : 368.36,
    "operatingProfitMargin" : 18.59,
    "operatingProfit" : 201.64,
    "netProfitMargin" : 23.51,
    "netProfit" : 255.01
  }, {
    "date" : "2022-06-30",
    "sales" : 214.15,
    "salesGrowthYoY" : 604.90,
    "grossProfitMargin" : 58.18,
    "grossProfit" : 124.59,
    "operatingProfitMargin" : 10.34,
    "operatingProfit" : 22.14,
    "netProfitMargin" : 65.61,
    "netProfit" : 140.50
  }, {
    "date" : "2022-09-30",
    "sales" : 152.22,
    "salesGrowthYoY" : 33.23,
    "grossProfitMargin" : 64.03,
    "grossProfit" : 97.47,
    "operatingProfitMargin" : -14.12,
    "operatingProfit" : -21.49,
    "netProfitMargin" : 78.10,
    "netProfit" : 118.88
  }, {
    "date" : "2022-12-31",
    "sales" : 178.46,
    "salesGrowthYoY" : -26.90,
    "grossProfitMargin" : 53.28,
    "grossProfit" : 95.08,
    "operatingProfitMargin" : 1.48,
    "operatingProfit" : 2.64,
    "netProfitMargin" : 72.71,
    "netProfit" : 129.76
  }, {
    "date" : "2023-03-31",
    "sales" : 610.22,
    "salesGrowthYoY" : -43.74,
    "grossProfitMargin" : 57.53,
    "grossProfit" : 351.06,
    "operatingProfitMargin" : 22.01,
    "operatingProfit" : 134.31,
    "netProfitMargin" : 43.68,
    "netProfit" : 266.54
  }, {
    "date" : "2023-06-30",
    "sales" : 309.98,
    "salesGrowthYoY" : 44.75,
    "grossProfitMargin" : 42.43,
    "grossProfit" : 131.52,
    "operatingProfitMargin" : -12.44,
    "operatingProfit" : -38.56,
    "netProfitMargin" : 39.14,
    "netProfit" : 121.33
  }, {
    "date" : "2023-09-30",
    "sales" : 224.58,
    "salesGrowthYoY" : 47.54,
    "grossProfitMargin" : 54.83,
    "grossProfit" : 123.14,
    "operatingProfitMargin" : -14.72,
    "operatingProfit" : -33.06,
    "netProfitMargin" : 54.66,
    "netProfit" : 122.76
  }, {
    "date" : "2023-12-31",
    "sales" : 136.15,
    "salesGrowthYoY" : -23.71,
    "grossProfitMargin" : 77.63,
    "grossProfit" : 105.69,
    "operatingProfitMargin" : -39.82,
    "operatingProfit" : -54.21,
    "netProfitMargin" : 75.92,
    "netProfit" : 103.37
  }, {
    "date" : "2024-03-31",
    "sales" : 659.90,
    "salesGrowthYoY" : 8.14,
    "grossProfitMargin" : 49.25,
    "grossProfit" : 325.00,
    "operatingProfitMargin" : 7.49,
    "operatingProfit" : 49.43,
    "netProfitMargin" : 32.87,
    "netProfit" : 216.91
  }, {
    "date" : "2024-06-30",
    "sales" : 189.47,
    "salesGrowthYoY" : -38.88,
    "grossProfitMargin" : 46.48,
    "grossProfit" : 88.07,
    "operatingProfitMargin" : -103.75,
    "operatingProfit" : -196.58,
    "netProfitMargin" : 259.31,
    "netProfit" : 491.31
  }, {
    "date" : "2024-09-30",
    "sales" : 663.47,
    "salesGrowthYoY" : 195.43,
    "grossProfitMargin" : 35.96,
    "grossProfit" : 238.58,
    "operatingProfitMargin" : -6.01,
    "operatingProfit" : -39.87,
    "netProfitMargin" : 31.09,
    "netProfit" : 206.27
  }, {
    "date" : "2024-12-31",
    "sales" : 184.99,
    "salesGrowthYoY" : 35.87,
    "grossProfitMargin" : 46.62,
    "grossProfit" : 86.24,
    "operatingProfitMargin" : -97.70,
    "operatingProfit" : -180.74,
    "netProfitMargin" : 18.84,
    "netProfit" : 34.85
  }, {
    "date" : "2025-03-31",
    "sales" : 911.69,
    "salesGrowthYoY" : 38.16,
    "grossProfitMargin" : 35.52,
    "grossProfit" : 323.83,
    "operatingProfitMargin" : 8.46,
    "operatingProfit" : 77.13,
    "netProfitMargin" : 30.55,
    "netProfit" : 278.52
  }, {
    "date" : "2025-06-30",
    "sales" : 106.07,
    "salesGrowthYoY" : -44.02,
    "grossProfitMargin" : 54.84,
    "grossProfit" : 58.17,
    "operatingProfitMargin" : -247.69,
    "operatingProfit" : -262.72,
    "netProfitMargin" : 52.90,
    "netProfit" : 56.11
  }, {
    "date" : "2025-09-30",
    "sales" : 92.26,
    "salesGrowthYoY" : -86.09,
    "grossProfitMargin" : 59.44,
    "grossProfit" : 54.84,
    "operatingProfitMargin" : -442.25,
    "operatingProfit" : -408.02,
    "netProfitMargin" : 14.20,
    "netProfit" : 13.10
  }, {
    "date" : "2025-12-31",
    "sales" : 268.48,
    "salesGrowthYoY" : 45.13,
    "grossProfitMargin" : 37.59,
    "grossProfit" : 100.92,
    "operatingProfitMargin" : -65.10,
    "operatingProfit" : -174.78,
    "netProfitMargin" : 25.80,
    "netProfit" : 69.27
  } ],
  "latestQuarterlyResult" : {
    "date" : "2025-12-31",
    "sales" : 268.48,
    "salesGrowthYoY" : 45.13,
    "grossProfitMargin" : 37.59,
    "grossProfit" : 100.92,
    "operatingProfitMargin" : -65.10,
    "operatingProfit" : -174.78,
    "netProfitMargin" : 25.80,
    "netProfit" : 69.27
  },
  "companyScore" : {
    "priceHigherThanDma50" : 0.00,
    "priceHigherThanDma100" : 0.00,
    "priceHigherThanDma200" : 0.00,
    "dma50HigherThanDma100" : 0.00,
    "dma50HigherThanDma200" : 0.00,
    "dma100HigherThanDma200" : 0.00,
    "pricePercentageAboveDma50" : 5.43,
    "pricePercentageAboveDma100" : 5.80,
    "pricePercentageAboveDma200" : 5.93,
    "weeklyVolumeHigherThanYearlyVolume" : 5.00,
    "salesGrowthPercentile" : 12.92,
    "operatingProfitMarginPercentile" : 14.69,
    "netProfitMarginPercentile" : 5.51,
    "totalTechnicalScore" : 22.16,
    "totalFundamentalScore" : 33.12,
    "totalScore" : 55.28
  }
}