{
  "metadata" : {
    "screenerCompanyId" : "1185",
    "companyCode" : "GOODYEAR",
    "companyName" : "Goodyear India",
    "screenerCompanyLink" : "https://www.screener.in/company/GOODYEAR/",
    "screenerTechnicalHistoryLink" : "https://www.screener.in/api/company/1185/chart/?q=Price-DMA50-DMA200-Volume&days=365",
    "screenerQuarterlyResultsLink" : "https://www.screener.in/api/company/1185/chart/?q=GPM-OPM-NPM-Quarter+Sales&days=10000",
    "attributes" : {
      "companyCode" : "GOODYEAR",
      "companyName" : "Goodyear India",
      "marketCap" : 1946.00,
      "peRatio" : 34.30,
      "description" : "Goodyear India is engaged in the business of manufacturing and trading of tyres, tubes, and flaps It is a leading player in the India farm tyre market[1]"
    },
    "companyScore" : {
      "priceHigherThanDma50" : 5.00,
      "priceHigherThanDma100" : 0.00,
      "priceHigherThanDma200" : 0.00,
      "dma50HigherThanDma100" : 0.00,
      "dma50HigherThanDma200" : 0.00,
      "dma100HigherThanDma200" : 0.00,
      "pricePercentageAboveDma50" : 4.97,
      "pricePercentageAboveDma100" : 5.31,
      "pricePercentageAboveDma200" : 5.39,
      "weeklyVolumeHigherThanYearlyVolume" : 5.00,
      "salesGrowthPercentile" : 5.27,
      "operatingProfitMarginPercentile" : 8.30,
      "netProfitMarginPercentile" : 5.00,
      "totalTechnicalScore" : 25.67,
      "totalFundamentalScore" : 18.57,
      "totalScore" : 44.24
    }
  },
  "attributes" : {
    "companyCode" : "GOODYEAR",
    "companyName" : "Goodyear India",
    "marketCap" : 1946.00,
    "peRatio" : 34.30,
    "description" : "Goodyear India is engaged in the business of manufacturing and trading of tyres, tubes, and flaps It is a leading player in the India farm tyre market[1]"
  },
  "technicalHistory" : [ {
    "date" : "2025-02-10",
    "price" : 949.70,
    "dma50" : 982.10,
    "dma100" : null,
    "dma200" : 1084.42,
    "volume" : 2719.00
  }, {
    "date" : "2025-02-11",
    "price" : 931.45,
    "dma50" : 980.11,
    "dma100" : null,
    "dma200" : 1082.89,
    "volume" : 10758.00
  }, {
    "date" : "2025-02-12",
    "price" : 913.90,
    "dma50" : 977.52,
    "dma100" : null,
    "dma200" : 1081.21,
    "volume" : 5564.00
  }, {
    "date" : "2025-02-13",
    "price" : 918.50,
    "dma50" : 975.20,
    "dma100" : null,
    "dma200" : 1079.59,
    "volume" : 17118.00
  }, {
    "date" : "2025-02-14",
    "price" : 877.05,
    "dma50" : 971.35,
    "dma100" : null,
    "dma200" : 1077.58,
    "volume" : 8733.00
  }, {
    "date" : "2025-02-17",
    "price" : 863.50,
    "dma50" : 967.12,
    "dma100" : null,
    "dma200" : 1075.45,
    "volume" : 9934.00
  }, {
    "date" : "2025-02-18",
    "price" : 851.40,
    "dma50" : 962.59,
    "dma100" : null,
    "dma200" : 1073.22,
    "volume" : 5122.00
  }, {
    "date" : "2025-02-19",
    "price" : 866.45,
    "dma50" : 958.82,
    "dma100" : null,
    "dma200" : 1071.16,
    "volume" : 3400.00
  }, {
    "date" : "2025-02-20",
    "price" : 878.25,
    "dma50" : 955.66,
    "dma100" : null,
    "dma200" : 1069.24,
    "volume" : 3931.00
  }, {
    "date" : "2025-02-21",
    "price" : 876.90,
    "dma50" : 952.57,
    "dma100" : null,
    "dma200" : 1067.33,
    "volume" : 5115.00
  }, {
    "date" : "2025-02-24",
    "price" : 877.25,
    "dma50" : 949.61,
    "dma100" : null,
    "dma200" : 1065.44,
    "volume" : 3074.00
  }, {
    "date" : "2025-02-25",
    "price" : 865.55,
    "dma50" : 946.32,
    "dma100" : null,
    "dma200" : 1063.45,
    "volume" : 6938.00
  }, {
    "date" : "2025-02-27",
    "price" : 854.95,
    "dma50" : 942.73,
    "dma100" : null,
    "dma200" : 1061.37,
    "volume" : 5102.00
  }, {
    "date" : "2025-02-28",
    "price" : 836.95,
    "dma50" : 938.59,
    "dma100" : null,
    "dma200" : 1059.14,
    "volume" : 5208.00
  }, {
    "date" : "2025-03-03",
    "price" : 827.30,
    "dma50" : 934.22,
    "dma100" : null,
    "dma200" : 1056.83,
    "volume" : 6920.00
  }, {
    "date" : "2025-03-04",
    "price" : 816.70,
    "dma50" : 929.61,
    "dma100" : null,
    "dma200" : 1054.44,
    "volume" : 8729.00
  }, {
    "date" : "2025-03-05",
    "price" : 827.75,
    "dma50" : 925.62,
    "dma100" : null,
    "dma200" : 1052.19,
    "volume" : 5477.00
  }, {
    "date" : "2025-03-06",
    "price" : 842.80,
    "dma50" : 922.37,
    "dma100" : null,
    "dma200" : 1050.10,
    "volume" : 8152.00
  }, {
    "date" : "2025-03-07",
    "price" : 838.65,
    "dma50" : 919.09,
    "dma100" : null,
    "dma200" : 1048.00,
    "volume" : 4565.00
  }, {
    "date" : "2025-03-10",
    "price" : 832.25,
    "dma50" : 915.68,
    "dma100" : null,
    "dma200" : 1045.85,
    "volume" : 7768.00
  }, {
    "date" : "2025-03-11",
    "price" : 827.95,
    "dma50" : 912.24,
    "dma100" : null,
    "dma200" : 1043.68,
    "volume" : 4497.00
  }, {
    "date" : "2025-03-12",
    "price" : 821.85,
    "dma50" : 908.70,
    "dma100" : null,
    "dma200" : 1041.48,
    "volume" : 7561.00
  }, {
    "date" : "2025-03-13",
    "price" : 818.25,
    "dma50" : 905.15,
    "dma100" : null,
    "dma200" : 1039.26,
    "volume" : 8718.00
  }, {
    "date" : "2025-03-17",
    "price" : 810.75,
    "dma50" : 901.45,
    "dma100" : null,
    "dma200" : 1036.98,
    "volume" : 8076.00
  }, {
    "date" : "2025-03-18",
    "price" : 818.10,
    "dma50" : 898.18,
    "dma100" : null,
    "dma200" : 1034.80,
    "volume" : 8184.00
  }, {
    "date" : "2025-03-19",
    "price" : 828.55,
    "dma50" : 895.45,
    "dma100" : null,
    "dma200" : 1032.75,
    "volume" : 8124.00
  }, {
    "date" : "2025-03-20",
    "price" : 838.25,
    "dma50" : 893.21,
    "dma100" : null,
    "dma200" : 1030.82,
    "volume" : 12853.00
  }, {
    "date" : "2025-03-21",
    "price" : 837.65,
    "dma50" : 891.03,
    "dma100" : null,
    "dma200" : 1028.90,
    "volume" : 11404.00
  }, {
    "date" : "2025-03-24",
    "price" : 839.05,
    "dma50" : 888.99,
    "dma100" : null,
    "dma200" : 1027.01,
    "volume" : 15373.00
  }, {
    "date" : "2025-03-25",
    "price" : 830.80,
    "dma50" : 886.71,
    "dma100" : null,
    "dma200" : 1025.05,
    "volume" : 11795.00
  }, {
    "date" : "2025-03-26",
    "price" : 815.25,
    "dma50" : 883.90,
    "dma100" : null,
    "dma200" : 1022.97,
    "volume" : 14258.00
  }, {
    "date" : "2025-03-27",
    "price" : 815.25,
    "dma50" : 881.21,
    "dma100" : null,
    "dma200" : 1020.90,
    "volume" : 14936.00
  }, {
    "date" : "2025-03-28",
    "price" : 814.45,
    "dma50" : 878.59,
    "dma100" : null,
    "dma200" : 1018.85,
    "volume" : 13029.00
  }, {
    "date" : "2025-04-01",
    "price" : 836.85,
    "dma50" : 876.96,
    "dma100" : null,
    "dma200" : 1017.03,
    "volume" : 7850.00
  }, {
    "date" : "2025-04-02",
    "price" : 841.00,
    "dma50" : 875.55,
    "dma100" : null,
    "dma200" : 1015.28,
    "volume" : 3311.00
  }, {
    "date" : "2025-04-03",
    "price" : 842.15,
    "dma50" : 874.24,
    "dma100" : null,
    "dma200" : 1013.56,
    "volume" : 2956.00
  }, {
    "date" : "2025-04-04",
    "price" : 830.45,
    "dma50" : 872.52,
    "dma100" : null,
    "dma200" : 1011.74,
    "volume" : 3509.00
  }, {
    "date" : "2025-04-07",
    "price" : 816.30,
    "dma50" : 870.32,
    "dma100" : null,
    "dma200" : 1009.79,
    "volume" : 8621.00
  }, {
    "date" : "2025-04-08",
    "price" : 831.05,
    "dma50" : 868.78,
    "dma100" : null,
    "dma200" : 1008.01,
    "volume" : 3052.00
  }, {
    "date" : "2025-04-09",
    "price" : 835.65,
    "dma50" : 867.48,
    "dma100" : null,
    "dma200" : 1006.30,
    "volume" : 2154.00
  }, {
    "date" : "2025-04-11",
    "price" : 839.65,
    "dma50" : 866.39,
    "dma100" : null,
    "dma200" : 1004.64,
    "volume" : 2899.00
  }, {
    "date" : "2025-04-15",
    "price" : 859.60,
    "dma50" : 866.12,
    "dma100" : null,
    "dma200" : 1003.20,
    "volume" : 9931.00
  }, {
    "date" : "2025-04-16",
    "price" : 863.05,
    "dma50" : 866.00,
    "dma100" : null,
    "dma200" : 1001.80,
    "volume" : 6064.00
  }, {
    "date" : "2025-04-17",
    "price" : 902.00,
    "dma50" : 867.41,
    "dma100" : null,
    "dma200" : 1000.81,
    "volume" : 16346.00
  }, {
    "date" : "2025-04-21",
    "price" : 916.90,
    "dma50" : 869.35,
    "dma100" : null,
    "dma200" : 999.98,
    "volume" : 14541.00
  }, {
    "date" : "2025-04-22",
    "price" : 922.55,
    "dma50" : 871.44,
    "dma100" : null,
    "dma200" : 999.21,
    "volume" : 13528.00
  }, {
    "date" : "2025-04-23",
    "price" : 914.05,
    "dma50" : 873.11,
    "dma100" : null,
    "dma200" : 998.36,
    "volume" : 13738.00
  }, {
    "date" : "2025-04-24",
    "price" : 899.25,
    "dma50" : 874.13,
    "dma100" : null,
    "dma200" : 997.37,
    "volume" : 7538.00
  }, {
    "date" : "2025-04-25",
    "price" : 869.55,
    "dma50" : 873.95,
    "dma100" : null,
    "dma200" : 996.10,
    "volume" : 10302.00
  }, {
    "date" : "2025-04-28",
    "price" : 883.40,
    "dma50" : 874.32,
    "dma100" : null,
    "dma200" : 994.98,
    "volume" : 5186.00
  }, {
    "date" : "2025-04-29",
    "price" : 883.40,
    "dma50" : 874.68,
    "dma100" : null,
    "dma200" : 993.87,
    "volume" : 2304.00
  }, {
    "date" : "2025-04-30",
    "price" : 899.70,
    "dma50" : 875.66,
    "dma100" : null,
    "dma200" : 992.93,
    "volume" : 9617.00
  }, {
    "date" : "2025-05-02",
    "price" : 891.70,
    "dma50" : 876.29,
    "dma100" : null,
    "dma200" : 991.92,
    "volume" : 4663.00
  }, {
    "date" : "2025-05-05",
    "price" : 893.90,
    "dma50" : 876.98,
    "dma100" : null,
    "dma200" : 990.95,
    "volume" : 4219.00
  }, {
    "date" : "2025-05-06",
    "price" : 918.25,
    "dma50" : 878.60,
    "dma100" : null,
    "dma200" : 990.23,
    "volume" : 15618.00
  }, {
    "date" : "2025-05-07",
    "price" : 927.55,
    "dma50" : 880.52,
    "dma100" : null,
    "dma200" : 989.60,
    "volume" : 13073.00
  }, {
    "date" : "2025-05-08",
    "price" : 916.70,
    "dma50" : 881.94,
    "dma100" : null,
    "dma200" : 988.88,
    "volume" : 7907.00
  }, {
    "date" : "2025-05-09",
    "price" : 902.70,
    "dma50" : 882.75,
    "dma100" : null,
    "dma200" : 988.02,
    "volume" : 5344.00
  }, {
    "date" : "2025-05-12",
    "price" : 923.70,
    "dma50" : 884.36,
    "dma100" : null,
    "dma200" : 987.38,
    "volume" : 6443.00
  }, {
    "date" : "2025-05-13",
    "price" : 945.35,
    "dma50" : 886.75,
    "dma100" : null,
    "dma200" : 986.96,
    "volume" : 9079.00
  }, {
    "date" : "2025-05-14",
    "price" : 937.00,
    "dma50" : 888.72,
    "dma100" : null,
    "dma200" : 986.46,
    "volume" : 4329.00
  }, {
    "date" : "2025-05-15",
    "price" : 937.55,
    "dma50" : 890.64,
    "dma100" : null,
    "dma200" : 985.98,
    "volume" : 4555.00
  }, {
    "date" : "2025-05-16",
    "price" : 949.25,
    "dma50" : 892.93,
    "dma100" : null,
    "dma200" : 985.61,
    "volume" : 6211.00
  }, {
    "date" : "2025-05-19",
    "price" : 944.45,
    "dma50" : 894.95,
    "dma100" : null,
    "dma200" : 985.20,
    "volume" : 6792.00
  }, {
    "date" : "2025-05-20",
    "price" : 933.60,
    "dma50" : 896.47,
    "dma100" : null,
    "dma200" : 984.69,
    "volume" : 6157.00
  }, {
    "date" : "2025-05-21",
    "price" : 936.90,
    "dma50" : 898.06,
    "dma100" : null,
    "dma200" : 984.21,
    "volume" : 10651.00
  }, {
    "date" : "2025-05-22",
    "price" : 950.55,
    "dma50" : 900.11,
    "dma100" : null,
    "dma200" : 983.88,
    "volume" : 8904.00
  }, {
    "date" : "2025-05-23",
    "price" : 944.45,
    "dma50" : 901.85,
    "dma100" : null,
    "dma200" : 983.49,
    "volume" : 9112.00
  }, {
    "date" : "2025-05-26",
    "price" : 940.35,
    "dma50" : 903.36,
    "dma100" : null,
    "dma200" : 983.06,
    "volume" : 6950.00
  }, {
    "date" : "2025-05-27",
    "price" : 954.95,
    "dma50" : 905.39,
    "dma100" : null,
    "dma200" : 982.78,
    "volume" : 19839.00
  }, {
    "date" : "2025-05-28",
    "price" : 935.80,
    "dma50" : 906.58,
    "dma100" : null,
    "dma200" : 982.31,
    "volume" : 28019.00
  }, {
    "date" : "2025-05-29",
    "price" : 936.50,
    "dma50" : 907.75,
    "dma100" : null,
    "dma200" : 981.85,
    "volume" : 10068.00
  }, {
    "date" : "2025-05-30",
    "price" : 939.35,
    "dma50" : 908.99,
    "dma100" : null,
    "dma200" : 981.43,
    "volume" : 13217.00
  }, {
    "date" : "2025-06-02",
    "price" : 926.30,
    "dma50" : 909.67,
    "dma100" : null,
    "dma200" : 980.88,
    "volume" : 12315.00
  }, {
    "date" : "2025-06-03",
    "price" : 929.40,
    "dma50" : 910.44,
    "dma100" : null,
    "dma200" : 980.37,
    "volume" : 5732.00
  }, {
    "date" : "2025-06-04",
    "price" : 928.25,
    "dma50" : 911.14,
    "dma100" : null,
    "dma200" : 979.85,
    "volume" : 4008.00
  }, {
    "date" : "2025-06-05",
    "price" : 923.50,
    "dma50" : 911.63,
    "dma100" : null,
    "dma200" : 979.29,
    "volume" : 8538.00
  }, {
    "date" : "2025-06-06",
    "price" : 953.80,
    "dma50" : 913.28,
    "dma100" : null,
    "dma200" : 979.04,
    "volume" : 20079.00
  }, {
    "date" : "2025-06-09",
    "price" : 958.25,
    "dma50" : 915.04,
    "dma100" : null,
    "dma200" : 978.83,
    "volume" : 14183.00
  }, {
    "date" : "2025-06-10",
    "price" : 951.35,
    "dma50" : 916.47,
    "dma100" : null,
    "dma200" : 978.56,
    "volume" : 7781.00
  }, {
    "date" : "2025-06-11",
    "price" : 951.90,
    "dma50" : 917.86,
    "dma100" : null,
    "dma200" : 978.29,
    "volume" : 3975.00
  }, {
    "date" : "2025-06-12",
    "price" : 945.95,
    "dma50" : 918.96,
    "dma100" : null,
    "dma200" : 977.97,
    "volume" : 7632.00
  }, {
    "date" : "2025-06-13",
    "price" : 942.25,
    "dma50" : 919.87,
    "dma100" : null,
    "dma200" : 977.61,
    "volume" : 3924.00
  }, {
    "date" : "2025-06-16",
    "price" : 940.60,
    "dma50" : 920.68,
    "dma100" : null,
    "dma200" : 977.25,
    "volume" : 4211.00
  }, {
    "date" : "2025-06-17",
    "price" : 939.20,
    "dma50" : 921.41,
    "dma100" : null,
    "dma200" : 976.87,
    "volume" : 3501.00
  }, {
    "date" : "2025-06-18",
    "price" : 934.95,
    "dma50" : 921.94,
    "dma100" : null,
    "dma200" : 976.45,
    "volume" : 3346.00
  }, {
    "date" : "2025-06-19",
    "price" : 930.80,
    "dma50" : 922.29,
    "dma100" : null,
    "dma200" : 976.00,
    "volume" : 2884.00
  }, {
    "date" : "2025-06-20",
    "price" : 922.80,
    "dma50" : 922.31,
    "dma100" : null,
    "dma200" : 975.47,
    "volume" : 5299.00
  }, {
    "date" : "2025-06-23",
    "price" : 920.05,
    "dma50" : 922.22,
    "dma100" : null,
    "dma200" : 974.92,
    "volume" : 5306.00
  }, {
    "date" : "2025-06-24",
    "price" : 922.85,
    "dma50" : 922.25,
    "dma100" : null,
    "dma200" : 974.40,
    "volume" : 6494.00
  }, {
    "date" : "2025-06-25",
    "price" : 938.35,
    "dma50" : 922.88,
    "dma100" : null,
    "dma200" : 974.04,
    "volume" : 14361.00
  }, {
    "date" : "2025-06-26",
    "price" : 943.25,
    "dma50" : 923.68,
    "dma100" : null,
    "dma200" : 973.73,
    "volume" : 16228.00
  }, {
    "date" : "2025-06-27",
    "price" : 944.95,
    "dma50" : 924.51,
    "dma100" : null,
    "dma200" : 973.45,
    "volume" : 8083.00
  }, {
    "date" : "2025-06-30",
    "price" : 951.15,
    "dma50" : 925.55,
    "dma100" : null,
    "dma200" : 973.22,
    "volume" : 8814.00
  }, {
    "date" : "2025-07-01",
    "price" : 960.85,
    "dma50" : 926.94,
    "dma100" : null,
    "dma200" : 973.10,
    "volume" : 10748.00
  }, {
    "date" : "2025-07-02",
    "price" : 975.50,
    "dma50" : 928.84,
    "dma100" : null,
    "dma200" : 973.12,
    "volume" : 20826.00
  }, {
    "date" : "2025-07-03",
    "price" : 981.75,
    "dma50" : 930.92,
    "dma100" : null,
    "dma200" : 973.21,
    "volume" : 8519.00
  }, {
    "date" : "2025-07-04",
    "price" : 969.40,
    "dma50" : 932.43,
    "dma100" : null,
    "dma200" : 973.17,
    "volume" : 18376.00
  }, {
    "date" : "2025-07-07",
    "price" : 980.85,
    "dma50" : 934.33,
    "dma100" : null,
    "dma200" : 973.25,
    "volume" : 14660.00
  }, {
    "date" : "2025-07-08",
    "price" : 989.80,
    "dma50" : 936.50,
    "dma100" : null,
    "dma200" : 973.41,
    "volume" : 11513.00
  }, {
    "date" : "2025-07-09",
    "price" : 999.35,
    "dma50" : 938.97,
    "dma100" : 897.18,
    "dma200" : 973.67,
    "volume" : 25140.00
  }, {
    "date" : "2025-07-10",
    "price" : 997.00,
    "dma50" : 941.24,
    "dma100" : 897.84,
    "dma200" : 973.90,
    "volume" : 15392.00
  }, {
    "date" : "2025-07-11",
    "price" : 1026.35,
    "dma50" : 944.58,
    "dma100" : 898.96,
    "dma200" : 974.43,
    "volume" : 36245.00
  }, {
    "date" : "2025-07-14",
    "price" : 1036.40,
    "dma50" : 948.18,
    "dma100" : 900.14,
    "dma200" : 975.04,
    "volume" : 33406.00
  }, {
    "date" : "2025-07-15",
    "price" : 1051.65,
    "dma50" : 952.24,
    "dma100" : 901.89,
    "dma200" : 975.80,
    "volume" : 26100.00
  }, {
    "date" : "2025-07-16",
    "price" : 1059.95,
    "dma50" : 956.46,
    "dma100" : 903.85,
    "dma200" : 976.64,
    "volume" : 32348.00
  }, {
    "date" : "2025-07-17",
    "price" : 1063.80,
    "dma50" : 960.67,
    "dma100" : 905.98,
    "dma200" : 977.51,
    "volume" : 35728.00
  }, {
    "date" : "2025-07-18",
    "price" : 1012.45,
    "dma50" : 962.70,
    "dma100" : 907.44,
    "dma200" : 977.86,
    "volume" : 24788.00
  }, {
    "date" : "2025-07-21",
    "price" : 980.40,
    "dma50" : 963.40,
    "dma100" : 908.46,
    "dma200" : 977.88,
    "volume" : 11235.00
  }, {
    "date" : "2025-07-22",
    "price" : 980.15,
    "dma50" : 964.05,
    "dma100" : 909.49,
    "dma200" : 977.90,
    "volume" : 6160.00
  }, {
    "date" : "2025-07-23",
    "price" : 980.00,
    "dma50" : 964.68,
    "dma100" : 910.52,
    "dma200" : 977.93,
    "volume" : 6169.00
  }, {
    "date" : "2025-07-24",
    "price" : 980.90,
    "dma50" : 965.31,
    "dma100" : 911.67,
    "dma200" : 977.96,
    "volume" : 9660.00
  }, {
    "date" : "2025-07-25",
    "price" : 982.95,
    "dma50" : 966.01,
    "dma100" : 912.95,
    "dma200" : 978.00,
    "volume" : 14592.00
  }, {
    "date" : "2025-07-28",
    "price" : 970.05,
    "dma50" : 966.16,
    "dma100" : 914.28,
    "dma200" : 977.93,
    "volume" : 9212.00
  }, {
    "date" : "2025-07-29",
    "price" : 983.85,
    "dma50" : 966.86,
    "dma100" : 915.85,
    "dma200" : 977.98,
    "volume" : 4153.00
  }, {
    "date" : "2025-07-30",
    "price" : 979.85,
    "dma50" : 967.37,
    "dma100" : 917.48,
    "dma200" : 978.00,
    "volume" : 6099.00
  }, {
    "date" : "2025-07-31",
    "price" : 981.10,
    "dma50" : 967.91,
    "dma100" : 919.01,
    "dma200" : 978.03,
    "volume" : 4565.00
  }, {
    "date" : "2025-08-01",
    "price" : 979.55,
    "dma50" : 968.36,
    "dma100" : 920.38,
    "dma200" : 978.05,
    "volume" : 5952.00
  }, {
    "date" : "2025-08-04",
    "price" : 989.55,
    "dma50" : 969.19,
    "dma100" : 921.89,
    "dma200" : 978.16,
    "volume" : 5232.00
  }, {
    "date" : "2025-08-05",
    "price" : 980.15,
    "dma50" : 969.62,
    "dma100" : 923.37,
    "dma200" : 978.18,
    "volume" : 2843.00
  }, {
    "date" : "2025-08-06",
    "price" : 980.05,
    "dma50" : 970.03,
    "dma100" : 924.89,
    "dma200" : 978.20,
    "volume" : 6752.00
  }, {
    "date" : "2025-08-07",
    "price" : 980.25,
    "dma50" : 970.43,
    "dma100" : 926.47,
    "dma200" : 978.22,
    "volume" : 4976.00
  }, {
    "date" : "2025-08-08",
    "price" : 980.05,
    "dma50" : 970.81,
    "dma100" : 928.09,
    "dma200" : 978.24,
    "volume" : 4842.00
  }, {
    "date" : "2025-08-11",
    "price" : 979.45,
    "dma50" : 971.15,
    "dma100" : 929.78,
    "dma200" : 978.25,
    "volume" : 29339.00
  }, {
    "date" : "2025-08-12",
    "price" : 979.60,
    "dma50" : 971.48,
    "dma100" : 931.39,
    "dma200" : 978.27,
    "volume" : 7661.00
  }, {
    "date" : "2025-08-13",
    "price" : 980.30,
    "dma50" : 971.83,
    "dma100" : 932.91,
    "dma200" : 978.29,
    "volume" : 5356.00
  }, {
    "date" : "2025-08-14",
    "price" : 980.05,
    "dma50" : 972.15,
    "dma100" : 934.33,
    "dma200" : 978.30,
    "volume" : 1893.00
  }, {
    "date" : "2025-08-18",
    "price" : 980.45,
    "dma50" : 972.47,
    "dma100" : 935.76,
    "dma200" : 978.32,
    "volume" : 6174.00
  }, {
    "date" : "2025-08-19",
    "price" : 980.00,
    "dma50" : 972.77,
    "dma100" : 937.17,
    "dma200" : 978.34,
    "volume" : 2595.00
  }, {
    "date" : "2025-08-20",
    "price" : 980.40,
    "dma50" : 973.07,
    "dma100" : 938.66,
    "dma200" : 978.36,
    "volume" : 4816.00
  }, {
    "date" : "2025-08-21",
    "price" : 980.00,
    "dma50" : 973.34,
    "dma100" : 940.31,
    "dma200" : 978.38,
    "volume" : 6804.00
  }, {
    "date" : "2025-08-22",
    "price" : 980.00,
    "dma50" : 973.60,
    "dma100" : 941.96,
    "dma200" : 978.39,
    "volume" : 5163.00
  }, {
    "date" : "2025-08-25",
    "price" : 980.00,
    "dma50" : 973.85,
    "dma100" : 943.61,
    "dma200" : 978.41,
    "volume" : 8593.00
  }, {
    "date" : "2025-08-26",
    "price" : 980.00,
    "dma50" : 974.09,
    "dma100" : 945.04,
    "dma200" : 978.43,
    "volume" : 8439.00
  }, {
    "date" : "2025-08-28",
    "price" : 980.25,
    "dma50" : 974.33,
    "dma100" : 946.44,
    "dma200" : 978.44,
    "volume" : 4412.00
  }, {
    "date" : "2025-08-29",
    "price" : 980.00,
    "dma50" : 974.56,
    "dma100" : 947.81,
    "dma200" : 978.46,
    "volume" : 2791.00
  }, {
    "date" : "2025-09-01",
    "price" : 980.40,
    "dma50" : 974.79,
    "dma100" : 949.31,
    "dma200" : 978.48,
    "volume" : 2173.00
  }, {
    "date" : "2025-09-02",
    "price" : 987.60,
    "dma50" : 975.29,
    "dma100" : 951.03,
    "dma200" : 978.57,
    "volume" : 7891.00
  }, {
    "date" : "2025-09-03",
    "price" : 980.40,
    "dma50" : 975.49,
    "dma100" : 952.52,
    "dma200" : 978.59,
    "volume" : 4803.00
  }, {
    "date" : "2025-09-04",
    "price" : 980.05,
    "dma50" : 975.67,
    "dma100" : 953.96,
    "dma200" : 978.60,
    "volume" : 6733.00
  }, {
    "date" : "2025-09-05",
    "price" : 983.10,
    "dma50" : 975.96,
    "dma100" : 955.40,
    "dma200" : 978.65,
    "volume" : 4756.00
  }, {
    "date" : "2025-09-08",
    "price" : 981.95,
    "dma50" : 976.19,
    "dma100" : 956.62,
    "dma200" : 978.68,
    "volume" : 2217.00
  }, {
    "date" : "2025-09-09",
    "price" : 980.50,
    "dma50" : 976.36,
    "dma100" : 957.80,
    "dma200" : 978.70,
    "volume" : 5040.00
  }, {
    "date" : "2025-09-10",
    "price" : 980.05,
    "dma50" : 976.51,
    "dma100" : 958.58,
    "dma200" : 978.71,
    "volume" : 3179.00
  }, {
    "date" : "2025-09-11",
    "price" : 980.35,
    "dma50" : 976.66,
    "dma100" : 959.21,
    "dma200" : 978.73,
    "volume" : 1936.00
  }, {
    "date" : "2025-09-12",
    "price" : 980.10,
    "dma50" : 976.79,
    "dma100" : 959.79,
    "dma200" : 978.74,
    "volume" : 3754.00
  }, {
    "date" : "2025-09-15",
    "price" : 980.20,
    "dma50" : 976.93,
    "dma100" : 960.45,
    "dma200" : 978.76,
    "volume" : 5545.00
  }, {
    "date" : "2025-09-16",
    "price" : 979.95,
    "dma50" : 977.05,
    "dma100" : 961.26,
    "dma200" : 978.77,
    "volume" : 4985.00
  }, {
    "date" : "2025-09-17",
    "price" : 979.75,
    "dma50" : 977.15,
    "dma100" : 962.36,
    "dma200" : 978.78,
    "volume" : 5988.00
  }, {
    "date" : "2025-09-18",
    "price" : 980.05,
    "dma50" : 977.27,
    "dma100" : 963.32,
    "dma200" : 978.79,
    "volume" : 2010.00
  }, {
    "date" : "2025-09-19",
    "price" : 980.10,
    "dma50" : 977.38,
    "dma100" : 964.29,
    "dma200" : 978.80,
    "volume" : 4438.00
  }, {
    "date" : "2025-09-22",
    "price" : 980.65,
    "dma50" : 977.50,
    "dma100" : 965.10,
    "dma200" : 978.82,
    "volume" : 2999.00
  }, {
    "date" : "2025-09-23",
    "price" : 980.05,
    "dma50" : 977.60,
    "dma100" : 965.98,
    "dma200" : 978.83,
    "volume" : 8246.00
  }, {
    "date" : "2025-09-24",
    "price" : 980.40,
    "dma50" : 977.71,
    "dma100" : 966.85,
    "dma200" : 978.85,
    "volume" : 3055.00
  }, {
    "date" : "2025-09-25",
    "price" : 980.00,
    "dma50" : 977.80,
    "dma100" : 967.47,
    "dma200" : 978.86,
    "volume" : 5553.00
  }, {
    "date" : "2025-09-26",
    "price" : 980.10,
    "dma50" : 977.89,
    "dma100" : 967.99,
    "dma200" : 978.87,
    "volume" : 10799.00
  }, {
    "date" : "2025-09-29",
    "price" : 980.05,
    "dma50" : 977.98,
    "dma100" : 968.63,
    "dma200" : 978.89,
    "volume" : 4889.00
  }, {
    "date" : "2025-09-30",
    "price" : 980.05,
    "dma50" : 978.06,
    "dma100" : 969.40,
    "dma200" : 978.90,
    "volume" : 215895.00
  }, {
    "date" : "2025-10-01",
    "price" : 980.15,
    "dma50" : 978.14,
    "dma100" : 969.96,
    "dma200" : 978.91,
    "volume" : 4781.00
  }, {
    "date" : "2025-10-03",
    "price" : 980.10,
    "dma50" : 978.22,
    "dma100" : 970.31,
    "dma200" : 978.92,
    "volume" : 4780.00
  }, {
    "date" : "2025-10-06",
    "price" : 980.15,
    "dma50" : 978.29,
    "dma100" : 970.74,
    "dma200" : 978.93,
    "volume" : 3937.00
  }, {
    "date" : "2025-10-07",
    "price" : 980.20,
    "dma50" : 978.37,
    "dma100" : 971.17,
    "dma200" : 978.95,
    "volume" : 1821.00
  }, {
    "date" : "2025-10-08",
    "price" : 980.00,
    "dma50" : 978.43,
    "dma100" : 971.48,
    "dma200" : 978.96,
    "volume" : 3025.00
  }, {
    "date" : "2025-10-09",
    "price" : 980.05,
    "dma50" : 978.50,
    "dma100" : 971.83,
    "dma200" : 978.97,
    "volume" : 5758.00
  }, {
    "date" : "2025-10-10",
    "price" : 991.60,
    "dma50" : 979.01,
    "dma100" : 972.41,
    "dma200" : 979.09,
    "volume" : 5422.00
  }, {
    "date" : "2025-10-13",
    "price" : 980.25,
    "dma50" : 979.06,
    "dma100" : 972.85,
    "dma200" : 979.10,
    "volume" : 3343.00
  }, {
    "date" : "2025-10-14",
    "price" : 980.45,
    "dma50" : 979.11,
    "dma100" : 973.15,
    "dma200" : 979.12,
    "volume" : 7455.00
  }, {
    "date" : "2025-10-15",
    "price" : 979.10,
    "dma50" : 979.11,
    "dma100" : 973.49,
    "dma200" : 979.12,
    "volume" : 2386.00
  }, {
    "date" : "2025-10-16",
    "price" : 980.85,
    "dma50" : 979.18,
    "dma100" : 973.90,
    "dma200" : 979.14,
    "volume" : 6521.00
  }, {
    "date" : "2025-10-17",
    "price" : 979.90,
    "dma50" : 979.21,
    "dma100" : 974.15,
    "dma200" : 979.14,
    "volume" : 3415.00
  }, {
    "date" : "2025-10-20",
    "price" : 995.90,
    "dma50" : 979.86,
    "dma100" : 974.75,
    "dma200" : 979.31,
    "volume" : 11864.00
  }, {
    "date" : "2025-10-21",
    "price" : 995.85,
    "dma50" : 980.49,
    "dma100" : 975.34,
    "dma200" : 979.47,
    "volume" : 10328.00
  }, {
    "date" : "2025-10-23",
    "price" : 986.80,
    "dma50" : 980.74,
    "dma100" : 975.82,
    "dma200" : 979.55,
    "volume" : 3848.00
  }, {
    "date" : "2025-10-24",
    "price" : 980.40,
    "dma50" : 980.72,
    "dma100" : 976.36,
    "dma200" : 979.56,
    "volume" : 3248.00
  }, {
    "date" : "2025-10-27",
    "price" : 980.10,
    "dma50" : 980.70,
    "dma100" : 976.86,
    "dma200" : 979.56,
    "volume" : 5696.00
  }, {
    "date" : "2025-10-28",
    "price" : 981.35,
    "dma50" : 980.73,
    "dma100" : 977.39,
    "dma200" : 979.58,
    "volume" : 3281.00
  }, {
    "date" : "2025-10-29",
    "price" : 980.85,
    "dma50" : 980.73,
    "dma100" : 977.97,
    "dma200" : 979.59,
    "volume" : 2914.00
  }, {
    "date" : "2025-10-30",
    "price" : 980.10,
    "dma50" : 980.71,
    "dma100" : 978.23,
    "dma200" : 979.60,
    "volume" : 3051.00
  }, {
    "date" : "2025-10-31",
    "price" : 980.00,
    "dma50" : 980.68,
    "dma100" : 978.45,
    "dma200" : 979.60,
    "volume" : 6331.00
  }, {
    "date" : "2025-11-03",
    "price" : 983.85,
    "dma50" : 980.80,
    "dma100" : 978.77,
    "dma200" : 979.64,
    "volume" : 5494.00
  }, {
    "date" : "2025-11-04",
    "price" : 986.00,
    "dma50" : 981.01,
    "dma100" : 979.11,
    "dma200" : 979.71,
    "volume" : 4375.00
  }, {
    "date" : "2025-11-06",
    "price" : 981.45,
    "dma50" : 981.02,
    "dma100" : 979.47,
    "dma200" : 979.72,
    "volume" : 7418.00
  }, {
    "date" : "2025-11-07",
    "price" : 980.05,
    "dma50" : 980.99,
    "dma100" : 979.85,
    "dma200" : 979.73,
    "volume" : 6087.00
  }, {
    "date" : "2025-11-10",
    "price" : 980.15,
    "dma50" : 980.95,
    "dma100" : 980.24,
    "dma200" : 979.73,
    "volume" : 6463.00
  }, {
    "date" : "2025-11-11",
    "price" : 978.15,
    "dma50" : 980.84,
    "dma100" : 980.63,
    "dma200" : 979.72,
    "volume" : 5588.00
  }, {
    "date" : "2025-11-12",
    "price" : 952.25,
    "dma50" : 979.72,
    "dma100" : 980.81,
    "dma200" : 979.44,
    "volume" : 9091.00
  }, {
    "date" : "2025-11-13",
    "price" : 937.30,
    "dma50" : 978.06,
    "dma100" : 980.87,
    "dma200" : 979.02,
    "volume" : 7082.00
  }, {
    "date" : "2025-11-14",
    "price" : 924.65,
    "dma50" : 975.96,
    "dma100" : 980.89,
    "dma200" : 978.48,
    "volume" : 3781.00
  }, {
    "date" : "2025-11-17",
    "price" : 920.25,
    "dma50" : 973.78,
    "dma100" : 980.89,
    "dma200" : 977.90,
    "volume" : 3198.00
  }, {
    "date" : "2025-11-18",
    "price" : 914.20,
    "dma50" : 971.44,
    "dma100" : 980.80,
    "dma200" : 977.27,
    "volume" : 2362.00
  }, {
    "date" : "2025-11-19",
    "price" : 890.50,
    "dma50" : 968.27,
    "dma100" : 980.33,
    "dma200" : 976.40,
    "volume" : 5913.00
  }, {
    "date" : "2025-11-20",
    "price" : 887.45,
    "dma50" : 965.10,
    "dma100" : 979.77,
    "dma200" : 975.52,
    "volume" : 2378.00
  }, {
    "date" : "2025-11-21",
    "price" : 890.50,
    "dma50" : 962.17,
    "dma100" : 979.22,
    "dma200" : 974.67,
    "volume" : 2435.00
  }, {
    "date" : "2025-11-24",
    "price" : 878.15,
    "dma50" : 958.88,
    "dma100" : 978.49,
    "dma200" : 973.71,
    "volume" : 2106.00
  }, {
    "date" : "2025-11-25",
    "price" : 872.90,
    "dma50" : 955.51,
    "dma100" : 977.61,
    "dma200" : 972.71,
    "volume" : 2067.00
  }, {
    "date" : "2025-11-26",
    "price" : 880.40,
    "dma50" : 952.56,
    "dma100" : 976.66,
    "dma200" : 971.79,
    "volume" : 2186.00
  }, {
    "date" : "2025-11-27",
    "price" : 884.20,
    "dma50" : 949.88,
    "dma100" : 975.69,
    "dma200" : 970.92,
    "volume" : 1898.00
  }, {
    "date" : "2025-11-28",
    "price" : 857.10,
    "dma50" : 946.24,
    "dma100" : 974.56,
    "dma200" : 969.79,
    "volume" : 7538.00
  }, {
    "date" : "2025-12-01",
    "price" : 869.40,
    "dma50" : 943.23,
    "dma100" : 973.45,
    "dma200" : 968.79,
    "volume" : 3466.00
  }, {
    "date" : "2025-12-02",
    "price" : 876.40,
    "dma50" : 940.61,
    "dma100" : 972.32,
    "dma200" : 967.87,
    "volume" : 2260.00
  }, {
    "date" : "2025-12-03",
    "price" : 864.80,
    "dma50" : 937.64,
    "dma100" : 970.97,
    "dma200" : 966.84,
    "volume" : 2392.00
  }, {
    "date" : "2025-12-04",
    "price" : 868.70,
    "dma50" : 934.93,
    "dma100" : 969.69,
    "dma200" : 965.87,
    "volume" : 2397.00
  }, {
    "date" : "2025-12-05",
    "price" : 862.75,
    "dma50" : 932.10,
    "dma100" : 968.05,
    "dma200" : 964.84,
    "volume" : 1660.00
  }, {
    "date" : "2025-12-08",
    "price" : 850.80,
    "dma50" : 928.91,
    "dma100" : 966.20,
    "dma200" : 963.71,
    "volume" : 2439.00
  }, {
    "date" : "2025-12-09",
    "price" : 853.60,
    "dma50" : 925.96,
    "dma100" : 964.22,
    "dma200" : 962.61,
    "volume" : 3225.00
  }, {
    "date" : "2025-12-10",
    "price" : 846.65,
    "dma50" : 922.85,
    "dma100" : 962.08,
    "dma200" : 961.46,
    "volume" : 2439.00
  }, {
    "date" : "2025-12-11",
    "price" : 851.00,
    "dma50" : 920.03,
    "dma100" : 959.95,
    "dma200" : 960.36,
    "volume" : 1611.00
  }, {
    "date" : "2025-12-12",
    "price" : 853.15,
    "dma50" : 917.41,
    "dma100" : 958.36,
    "dma200" : 959.29,
    "volume" : 2279.00
  }, {
    "date" : "2025-12-15",
    "price" : 844.60,
    "dma50" : 914.55,
    "dma100" : 957.00,
    "dma200" : 958.15,
    "volume" : 2944.00
  }, {
    "date" : "2025-12-16",
    "price" : 843.70,
    "dma50" : 911.77,
    "dma100" : 955.64,
    "dma200" : 957.01,
    "volume" : 2399.00
  }, {
    "date" : "2025-12-17",
    "price" : 838.25,
    "dma50" : 908.89,
    "dma100" : 954.22,
    "dma200" : 955.83,
    "volume" : 1743.00
  }, {
    "date" : "2025-12-18",
    "price" : 838.70,
    "dma50" : 906.14,
    "dma100" : 952.80,
    "dma200" : 954.66,
    "volume" : 1491.00
  }, {
    "date" : "2025-12-19",
    "price" : 832.60,
    "dma50" : 903.26,
    "dma100" : 951.30,
    "dma200" : 953.45,
    "volume" : 3385.00
  }, {
    "date" : "2025-12-22",
    "price" : 854.85,
    "dma50" : 901.36,
    "dma100" : 950.14,
    "dma200" : 952.47,
    "volume" : 3678.00
  }, {
    "date" : "2025-12-23",
    "price" : 845.50,
    "dma50" : 899.17,
    "dma100" : 948.76,
    "dma200" : 951.40,
    "volume" : 3870.00
  }, {
    "date" : "2025-12-24",
    "price" : 854.75,
    "dma50" : 897.42,
    "dma100" : 947.51,
    "dma200" : 950.44,
    "volume" : 2133.00
  }, {
    "date" : "2025-12-26",
    "price" : 850.55,
    "dma50" : 895.59,
    "dma100" : 946.20,
    "dma200" : 949.45,
    "volume" : 2565.00
  }, {
    "date" : "2025-12-29",
    "price" : 844.05,
    "dma50" : 893.57,
    "dma100" : 944.85,
    "dma200" : 948.40,
    "volume" : 2540.00
  }, {
    "date" : "2025-12-30",
    "price" : 840.05,
    "dma50" : 891.47,
    "dma100" : 943.35,
    "dma200" : 947.32,
    "volume" : 4397.00
  }, {
    "date" : "2025-12-31",
    "price" : 848.65,
    "dma50" : 889.79,
    "dma100" : 942.04,
    "dma200" : 946.34,
    "volume" : 1826.00
  }, {
    "date" : "2026-01-01",
    "price" : 855.55,
    "dma50" : 888.44,
    "dma100" : 940.79,
    "dma200" : 945.44,
    "volume" : 3582.00
  }, {
    "date" : "2026-01-02",
    "price" : 856.10,
    "dma50" : 887.18,
    "dma100" : 939.55,
    "dma200" : 944.55,
    "volume" : 3636.00
  }, {
    "date" : "2026-01-05",
    "price" : 842.35,
    "dma50" : 885.42,
    "dma100" : 938.18,
    "dma200" : 943.53,
    "volume" : 4561.00
  }, {
    "date" : "2026-01-06",
    "price" : 838.55,
    "dma50" : 883.58,
    "dma100" : 936.77,
    "dma200" : 942.49,
    "volume" : 2621.00
  }, {
    "date" : "2026-01-07",
    "price" : 843.40,
    "dma50" : 882.00,
    "dma100" : 935.40,
    "dma200" : 941.50,
    "volume" : 2453.00
  }, {
    "date" : "2026-01-08",
    "price" : 837.50,
    "dma50" : 880.26,
    "dma100" : 933.98,
    "dma200" : 940.47,
    "volume" : 2483.00
  }, {
    "date" : "2026-01-09",
    "price" : 836.25,
    "dma50" : 878.53,
    "dma100" : 932.54,
    "dma200" : 939.43,
    "volume" : 3007.00
  }, {
    "date" : "2026-01-12",
    "price" : 833.75,
    "dma50" : 876.78,
    "dma100" : 931.07,
    "dma200" : 938.38,
    "volume" : 2910.00
  }, {
    "date" : "2026-01-13",
    "price" : 825.95,
    "dma50" : 874.78,
    "dma100" : 929.53,
    "dma200" : 937.26,
    "volume" : 3372.00
  }, {
    "date" : "2026-01-14",
    "price" : 823.60,
    "dma50" : 872.78,
    "dma100" : 927.96,
    "dma200" : 936.13,
    "volume" : 2115.00
  }, {
    "date" : "2026-01-16",
    "price" : 824.00,
    "dma50" : 870.86,
    "dma100" : 926.40,
    "dma200" : 935.01,
    "volume" : 2548.00
  }, {
    "date" : "2026-01-19",
    "price" : 813.30,
    "dma50" : 868.61,
    "dma100" : 924.74,
    "dma200" : 933.80,
    "volume" : 4740.00
  }, {
    "date" : "2026-01-20",
    "price" : 805.95,
    "dma50" : 866.15,
    "dma100" : 923.00,
    "dma200" : 932.53,
    "volume" : 4660.00
  }, {
    "date" : "2026-01-21",
    "price" : 811.30,
    "dma50" : 864.00,
    "dma100" : 921.31,
    "dma200" : 931.32,
    "volume" : 4024.00
  }, {
    "date" : "2026-01-22",
    "price" : 803.90,
    "dma50" : 861.64,
    "dma100" : 919.54,
    "dma200" : 930.05,
    "volume" : 3656.00
  }, {
    "date" : "2026-01-23",
    "price" : 802.10,
    "dma50" : 859.31,
    "dma100" : 917.77,
    "dma200" : 928.78,
    "volume" : 2996.00
  }, {
    "date" : "2026-01-27",
    "price" : 802.20,
    "dma50" : 857.07,
    "dma100" : 915.98,
    "dma200" : 927.52,
    "volume" : 7470.00
  }, {
    "date" : "2026-01-28",
    "price" : 796.50,
    "dma50" : 854.69,
    "dma100" : 914.07,
    "dma200" : 926.22,
    "volume" : 5576.00
  }, {
    "date" : "2026-01-29",
    "price" : 790.40,
    "dma50" : 852.17,
    "dma100" : 912.17,
    "dma200" : 924.87,
    "volume" : 4196.00
  }, {
    "date" : "2026-01-30",
    "price" : 787.30,
    "dma50" : 849.63,
    "dma100" : 910.25,
    "dma200" : 923.50,
    "volume" : 3791.00
  }, {
    "date" : "2026-02-01",
    "price" : 787.65,
    "dma50" : 847.20,
    "dma100" : 908.29,
    "dma200" : 922.15,
    "volume" : 3345.00
  }, {
    "date" : "2026-02-02",
    "price" : 776.50,
    "dma50" : 844.42,
    "dma100" : 906.24,
    "dma200" : 920.70,
    "volume" : 6590.00
  }, {
    "date" : "2026-02-03",
    "price" : 784.75,
    "dma50" : 842.08,
    "dma100" : 904.28,
    "dma200" : 919.34,
    "volume" : 5061.00
  }, {
    "date" : "2026-02-04",
    "price" : 782.00,
    "dma50" : 839.73,
    "dma100" : 902.30,
    "dma200" : 917.98,
    "volume" : 8241.00
  }, {
    "date" : "2026-02-05",
    "price" : 793.05,
    "dma50" : 837.90,
    "dma100" : 900.43,
    "dma200" : 916.73,
    "volume" : 5382.00
  }, {
    "date" : "2026-02-06",
    "price" : 843.70,
    "dma50" : 838.12,
    "dma100" : 899.06,
    "dma200" : 916.01,
    "volume" : 41278.00
  } ],
  "latestTechnicalAttributes" : {
    "date" : "2026-02-06",
    "price" : 843.70,
    "dma50" : 838.12,
    "dma100" : 899.06,
    "dma200" : 916.01,
    "volume" : 41278.00
  },
  "quarterlyResults" : [ {
    "date" : "2005-03-31",
    "sales" : 148.72,
    "salesGrowthYoY" : null,
    "grossProfitMargin" : 24.48,
    "grossProfit" : 36.41,
    "operatingProfitMargin" : 3.04,
    "operatingProfit" : 4.52,
    "netProfitMargin" : -0.07,
    "netProfit" : -0.10
  }, {
    "date" : "2005-06-30",
    "sales" : 180.02,
    "salesGrowthYoY" : null,
    "grossProfitMargin" : 23.80,
    "grossProfit" : 42.84,
    "operatingProfitMargin" : 5.28,
    "operatingProfit" : 9.51,
    "netProfitMargin" : 2.21,
    "netProfit" : 3.98
  }, {
    "date" : "2005-09-30",
    "sales" : 153.11,
    "salesGrowthYoY" : null,
    "grossProfitMargin" : 24.92,
    "grossProfit" : 38.16,
    "operatingProfitMargin" : 1.83,
    "operatingProfit" : 2.80,
    "netProfitMargin" : 1.00,
    "netProfit" : 1.53
  }, {
    "date" : "2005-12-31",
    "sales" : 190.96,
    "salesGrowthYoY" : null,
    "grossProfitMargin" : 21.05,
    "grossProfit" : 40.20,
    "operatingProfitMargin" : 3.86,
    "operatingProfit" : 7.37,
    "netProfitMargin" : 1.78,
    "netProfit" : 3.40
  }, {
    "date" : "2006-03-31",
    "sales" : 162.44,
    "salesGrowthYoY" : 9.23,
    "grossProfitMargin" : 22.40,
    "grossProfit" : 36.39,
    "operatingProfitMargin" : 4.83,
    "operatingProfit" : 7.85,
    "netProfitMargin" : 3.44,
    "netProfit" : 5.59
  }, {
    "date" : "2006-06-30",
    "sales" : 216.63,
    "salesGrowthYoY" : 20.34,
    "grossProfitMargin" : 22.50,
    "grossProfit" : 48.74,
    "operatingProfitMargin" : 5.99,
    "operatingProfit" : 12.98,
    "netProfitMargin" : 3.37,
    "netProfit" : 7.30
  }, {
    "date" : "2006-09-30",
    "sales" : 211.91,
    "salesGrowthYoY" : 38.40,
    "grossProfitMargin" : 27.06,
    "grossProfit" : 57.34,
    "operatingProfitMargin" : 9.60,
    "operatingProfit" : 20.34,
    "netProfitMargin" : 7.24,
    "netProfit" : 15.34
  }, {
    "date" : "2006-12-31",
    "sales" : 237.68,
    "salesGrowthYoY" : 24.47,
    "grossProfitMargin" : 24.09,
    "grossProfit" : 57.26,
    "operatingProfitMargin" : 8.18,
    "operatingProfit" : 19.44,
    "netProfitMargin" : 4.29,
    "netProfit" : 10.20
  }, {
    "date" : "2007-03-31",
    "sales" : 199.68,
    "salesGrowthYoY" : 22.93,
    "grossProfitMargin" : 25.40,
    "grossProfit" : 50.72,
    "operatingProfitMargin" : 8.57,
    "operatingProfit" : 17.11,
    "netProfitMargin" : 4.68,
    "netProfit" : 9.35
  }, {
    "date" : "2007-06-30",
    "sales" : 241.06,
    "salesGrowthYoY" : 11.28,
    "grossProfitMargin" : 25.19,
    "grossProfit" : 60.72,
    "operatingProfitMargin" : 8.50,
    "operatingProfit" : 20.49,
    "netProfitMargin" : 5.06,
    "netProfit" : 12.20
  }, {
    "date" : "2007-09-30",
    "sales" : 204.65,
    "salesGrowthYoY" : -3.43,
    "grossProfitMargin" : 27.82,
    "grossProfit" : 56.93,
    "operatingProfitMargin" : 9.14,
    "operatingProfit" : 18.71,
    "netProfitMargin" : 5.16,
    "netProfit" : 10.56
  }, {
    "date" : "2007-12-31",
    "sales" : 244.57,
    "salesGrowthYoY" : 2.90,
    "grossProfitMargin" : 24.06,
    "grossProfit" : 58.84,
    "operatingProfitMargin" : 5.81,
    "operatingProfit" : 14.21,
    "netProfitMargin" : 3.01,
    "netProfit" : 7.36
  }, {
    "date" : "2008-03-31",
    "sales" : 208.00,
    "salesGrowthYoY" : 4.17,
    "grossProfitMargin" : 26.73,
    "grossProfit" : 55.60,
    "operatingProfitMargin" : 8.97,
    "operatingProfit" : 18.66,
    "netProfitMargin" : 6.07,
    "netProfit" : 12.63
  }, {
    "date" : "2008-06-30",
    "sales" : 262.98,
    "salesGrowthYoY" : 9.09,
    "grossProfitMargin" : 24.37,
    "grossProfit" : 64.09,
    "operatingProfitMargin" : 8.39,
    "operatingProfit" : 22.06,
    "netProfitMargin" : 5.00,
    "netProfit" : 13.15
  }, {
    "date" : "2008-09-30",
    "sales" : 241.37,
    "salesGrowthYoY" : 17.94,
    "grossProfitMargin" : 22.87,
    "grossProfit" : 55.20,
    "operatingProfitMargin" : 3.67,
    "operatingProfit" : 8.86,
    "netProfitMargin" : 2.69,
    "netProfit" : 6.49
  }, {
    "date" : "2008-12-31",
    "sales" : 211.19,
    "salesGrowthYoY" : -13.65,
    "grossProfitMargin" : 18.86,
    "grossProfit" : 39.83,
    "operatingProfitMargin" : 2.07,
    "operatingProfit" : 4.37,
    "netProfitMargin" : -0.03,
    "netProfit" : -0.06
  }, {
    "date" : "2009-03-31",
    "sales" : 193.76,
    "salesGrowthYoY" : -6.85,
    "grossProfitMargin" : 31.19,
    "grossProfit" : 60.43,
    "operatingProfitMargin" : 11.46,
    "operatingProfit" : 22.20,
    "netProfitMargin" : 6.71,
    "netProfit" : 13.00
  }, {
    "date" : "2009-06-30",
    "sales" : 275.48,
    "salesGrowthYoY" : 4.75,
    "grossProfitMargin" : 34.10,
    "grossProfit" : 93.94,
    "operatingProfitMargin" : 15.54,
    "operatingProfit" : 42.81,
    "netProfitMargin" : 9.26,
    "netProfit" : 25.51
  }, {
    "date" : "2009-09-30",
    "sales" : 271.34,
    "salesGrowthYoY" : 12.42,
    "grossProfitMargin" : 31.37,
    "grossProfit" : 85.12,
    "operatingProfitMargin" : 14.07,
    "operatingProfit" : 38.18,
    "netProfitMargin" : 8.69,
    "netProfit" : 23.58
  }, {
    "date" : "2009-12-31",
    "sales" : 276.18,
    "salesGrowthYoY" : 30.77,
    "grossProfitMargin" : 30.02,
    "grossProfit" : 82.91,
    "operatingProfitMargin" : 7.61,
    "operatingProfit" : 21.02,
    "netProfitMargin" : 3.98,
    "netProfit" : 10.99
  }, {
    "date" : "2010-03-31",
    "sales" : 289.88,
    "salesGrowthYoY" : 49.61,
    "grossProfitMargin" : 27.54,
    "grossProfit" : 79.83,
    "operatingProfitMargin" : 8.33,
    "operatingProfit" : 24.15,
    "netProfitMargin" : 4.85,
    "netProfit" : 14.06
  }, {
    "date" : "2010-06-30",
    "sales" : 329.73,
    "salesGrowthYoY" : 19.69,
    "grossProfitMargin" : 27.88,
    "grossProfit" : 91.93,
    "operatingProfitMargin" : 9.60,
    "operatingProfit" : 31.65,
    "netProfitMargin" : 5.85,
    "netProfit" : 19.29
  }, {
    "date" : "2010-09-30",
    "sales" : 340.97,
    "salesGrowthYoY" : 25.66,
    "grossProfitMargin" : 26.71,
    "grossProfit" : 91.07,
    "operatingProfitMargin" : 9.27,
    "operatingProfit" : 31.61,
    "netProfitMargin" : 5.56,
    "netProfit" : 18.96
  }, {
    "date" : "2010-12-31",
    "sales" : 340.71,
    "salesGrowthYoY" : 23.37,
    "grossProfitMargin" : 28.27,
    "grossProfit" : 96.32,
    "operatingProfitMargin" : 8.63,
    "operatingProfit" : 29.40,
    "netProfitMargin" : 6.60,
    "netProfit" : 22.49
  }, {
    "date" : "2011-03-31",
    "sales" : 337.22,
    "salesGrowthYoY" : 16.33,
    "grossProfitMargin" : 25.04,
    "grossProfit" : 84.44,
    "operatingProfitMargin" : 7.23,
    "operatingProfit" : 24.38,
    "netProfitMargin" : 4.09,
    "netProfit" : 13.79
  }, {
    "date" : "2011-06-30",
    "sales" : 390.03,
    "salesGrowthYoY" : 18.29,
    "grossProfitMargin" : 24.39,
    "grossProfit" : 95.13,
    "operatingProfitMargin" : 6.45,
    "operatingProfit" : 25.16,
    "netProfitMargin" : 3.73,
    "netProfit" : 14.55
  }, {
    "date" : "2011-09-30",
    "sales" : 395.86,
    "salesGrowthYoY" : 16.10,
    "grossProfitMargin" : 25.53,
    "grossProfit" : 101.06,
    "operatingProfitMargin" : 7.09,
    "operatingProfit" : 28.07,
    "netProfitMargin" : 4.03,
    "netProfit" : 15.95
  }, {
    "date" : "2011-12-31",
    "sales" : 395.17,
    "salesGrowthYoY" : 15.98,
    "grossProfitMargin" : 26.40,
    "grossProfit" : 104.32,
    "operatingProfitMargin" : 8.69,
    "operatingProfit" : 34.34,
    "netProfitMargin" : 5.14,
    "netProfit" : 20.31
  }, {
    "date" : "2012-03-31",
    "sales" : 331.60,
    "salesGrowthYoY" : -1.67,
    "grossProfitMargin" : 26.44,
    "grossProfit" : 87.68,
    "operatingProfitMargin" : 5.98,
    "operatingProfit" : 19.83,
    "netProfitMargin" : 3.29,
    "netProfit" : 10.91
  }, {
    "date" : "2012-06-30",
    "sales" : 401.11,
    "salesGrowthYoY" : 2.84,
    "grossProfitMargin" : 24.53,
    "grossProfit" : 98.39,
    "operatingProfitMargin" : 6.19,
    "operatingProfit" : 24.83,
    "netProfitMargin" : 3.55,
    "netProfit" : 14.24
  }, {
    "date" : "2012-09-30",
    "sales" : 369.33,
    "salesGrowthYoY" : -6.70,
    "grossProfitMargin" : 25.61,
    "grossProfit" : 94.59,
    "operatingProfitMargin" : 6.47,
    "operatingProfit" : 23.90,
    "netProfitMargin" : 4.07,
    "netProfit" : 15.03
  }, {
    "date" : "2012-12-31",
    "sales" : 383.77,
    "salesGrowthYoY" : -2.88,
    "grossProfitMargin" : 26.64,
    "grossProfit" : 102.24,
    "operatingProfitMargin" : 6.22,
    "operatingProfit" : 23.87,
    "netProfitMargin" : 4.20,
    "netProfit" : 16.12
  }, {
    "date" : "2013-03-31",
    "sales" : 336.58,
    "salesGrowthYoY" : 1.50,
    "grossProfitMargin" : 29.69,
    "grossProfit" : 99.93,
    "operatingProfitMargin" : 9.01,
    "operatingProfit" : 30.33,
    "netProfitMargin" : 6.18,
    "netProfit" : 20.80
  }, {
    "date" : "2013-06-30",
    "sales" : 422.62,
    "salesGrowthYoY" : 5.36,
    "grossProfitMargin" : 28.51,
    "grossProfit" : 120.49,
    "operatingProfitMargin" : 9.56,
    "operatingProfit" : 40.40,
    "netProfitMargin" : 6.06,
    "netProfit" : 25.61
  }, {
    "date" : "2013-09-30",
    "sales" : 406.53,
    "salesGrowthYoY" : 10.07,
    "grossProfitMargin" : 27.51,
    "grossProfit" : 111.84,
    "operatingProfitMargin" : 7.55,
    "operatingProfit" : 30.69,
    "netProfitMargin" : 4.93,
    "netProfit" : 20.04
  }, {
    "date" : "2013-12-31",
    "sales" : 405.50,
    "salesGrowthYoY" : 5.66,
    "grossProfitMargin" : 30.35,
    "grossProfit" : 123.07,
    "operatingProfitMargin" : 9.65,
    "operatingProfit" : 39.13,
    "netProfitMargin" : 6.81,
    "netProfit" : 27.61
  }, {
    "date" : "2014-03-31",
    "sales" : 388.52,
    "salesGrowthYoY" : 15.43,
    "grossProfitMargin" : 29.47,
    "grossProfit" : 114.50,
    "operatingProfitMargin" : 10.56,
    "operatingProfit" : 41.03,
    "netProfitMargin" : 7.23,
    "netProfit" : 28.09
  }, {
    "date" : "2014-06-30",
    "sales" : 433.29,
    "salesGrowthYoY" : 2.52,
    "grossProfitMargin" : 29.33,
    "grossProfit" : 127.08,
    "operatingProfitMargin" : 10.32,
    "operatingProfit" : 44.72,
    "netProfitMargin" : 6.67,
    "netProfit" : 28.90
  }, {
    "date" : "2014-09-30",
    "sales" : 402.24,
    "salesGrowthYoY" : -1.06,
    "grossProfitMargin" : 31.72,
    "grossProfit" : 127.59,
    "operatingProfitMargin" : 10.02,
    "operatingProfit" : 40.30,
    "netProfitMargin" : 6.27,
    "netProfit" : 25.22
  }, {
    "date" : "2014-12-31",
    "sales" : 360.63,
    "salesGrowthYoY" : -11.07,
    "grossProfitMargin" : 33.60,
    "grossProfit" : 121.17,
    "operatingProfitMargin" : 8.47,
    "operatingProfit" : 30.55,
    "netProfitMargin" : 5.27,
    "netProfit" : 19.01
  }, {
    "date" : "2015-03-31",
    "sales" : 275.31,
    "salesGrowthYoY" : -29.14,
    "grossProfitMargin" : 37.71,
    "grossProfit" : 103.82,
    "operatingProfitMargin" : 9.61,
    "operatingProfit" : 26.46,
    "netProfitMargin" : 5.67,
    "netProfit" : 15.61
  }, {
    "date" : "2015-06-30",
    "sales" : 426.74,
    "salesGrowthYoY" : -1.51,
    "grossProfitMargin" : 34.85,
    "grossProfit" : 148.72,
    "operatingProfitMargin" : 14.01,
    "operatingProfit" : 59.79,
    "netProfitMargin" : 8.69,
    "netProfit" : 37.08
  }, {
    "date" : "2015-09-30",
    "sales" : 377.02,
    "salesGrowthYoY" : -6.27,
    "grossProfitMargin" : 35.88,
    "grossProfit" : 135.27,
    "operatingProfitMargin" : 12.02,
    "operatingProfit" : 45.32,
    "netProfitMargin" : 7.61,
    "netProfit" : 28.69
  }, {
    "date" : "2015-12-31",
    "sales" : 361.88,
    "salesGrowthYoY" : 0.35,
    "grossProfitMargin" : 32.97,
    "grossProfit" : 119.31,
    "operatingProfitMargin" : 10.69,
    "operatingProfit" : 38.68,
    "netProfitMargin" : 7.20,
    "netProfit" : 26.06
  }, {
    "date" : "2016-03-31",
    "sales" : 294.02,
    "salesGrowthYoY" : 6.80,
    "grossProfitMargin" : 38.32,
    "grossProfit" : 112.67,
    "operatingProfitMargin" : 9.20,
    "operatingProfit" : 27.05,
    "netProfitMargin" : 5.44,
    "netProfit" : 15.99
  }, {
    "date" : "2016-06-30",
    "sales" : 415.61,
    "salesGrowthYoY" : -2.61,
    "grossProfitMargin" : 36.67,
    "grossProfit" : 152.40,
    "operatingProfitMargin" : 15.46,
    "operatingProfit" : 64.25,
    "netProfitMargin" : 9.93,
    "netProfit" : 41.27
  }, {
    "date" : "2016-09-30",
    "sales" : 386.00,
    "salesGrowthYoY" : 2.38,
    "grossProfitMargin" : 38.44,
    "grossProfit" : 148.38,
    "operatingProfitMargin" : 14.11,
    "operatingProfit" : 54.46,
    "netProfitMargin" : 9.01,
    "netProfit" : 34.78
  }, {
    "date" : "2016-12-31",
    "sales" : 374.76,
    "salesGrowthYoY" : 3.56,
    "grossProfitMargin" : 37.54,
    "grossProfit" : 140.68,
    "operatingProfitMargin" : 13.40,
    "operatingProfit" : 50.22,
    "netProfitMargin" : 8.87,
    "netProfit" : 33.24
  }, {
    "date" : "2017-03-31",
    "sales" : 335.47,
    "salesGrowthYoY" : 14.10,
    "grossProfitMargin" : 35.46,
    "grossProfit" : 118.96,
    "operatingProfitMargin" : 8.90,
    "operatingProfit" : 29.86,
    "netProfitMargin" : 5.40,
    "netProfit" : 18.12
  }, {
    "date" : "2017-06-30",
    "sales" : 468.24,
    "salesGrowthYoY" : 12.66,
    "grossProfitMargin" : 30.70,
    "grossProfit" : 143.75,
    "operatingProfitMargin" : 9.81,
    "operatingProfit" : 45.93,
    "netProfitMargin" : 6.08,
    "netProfit" : 28.47
  }, {
    "date" : "2017-09-30",
    "sales" : 416.61,
    "salesGrowthYoY" : 7.93,
    "grossProfitMargin" : 37.99,
    "grossProfit" : 158.27,
    "operatingProfitMargin" : 15.85,
    "operatingProfit" : 66.03,
    "netProfitMargin" : 10.06,
    "netProfit" : 41.91
  }, {
    "date" : "2017-12-31",
    "sales" : 398.90,
    "salesGrowthYoY" : 6.44,
    "grossProfitMargin" : 37.05,
    "grossProfit" : 147.79,
    "operatingProfitMargin" : 13.60,
    "operatingProfit" : 54.25,
    "netProfitMargin" : 9.43,
    "netProfit" : 37.62
  }, {
    "date" : "2018-03-31",
    "sales" : 380.92,
    "salesGrowthYoY" : 13.55,
    "grossProfitMargin" : 35.79,
    "grossProfit" : 136.33,
    "operatingProfitMargin" : 9.15,
    "operatingProfit" : 34.85,
    "netProfitMargin" : 5.77,
    "netProfit" : 21.98
  }, {
    "date" : "2018-06-30",
    "sales" : 534.63,
    "salesGrowthYoY" : 14.18,
    "grossProfitMargin" : 29.74,
    "grossProfit" : 159.00,
    "operatingProfitMargin" : 7.49,
    "operatingProfit" : 40.04,
    "netProfitMargin" : 4.63,
    "netProfit" : 24.75
  }, {
    "date" : "2018-09-30",
    "sales" : 489.32,
    "salesGrowthYoY" : 17.45,
    "grossProfitMargin" : 31.06,
    "grossProfit" : 151.98,
    "operatingProfitMargin" : 9.25,
    "operatingProfit" : 45.26,
    "netProfitMargin" : 5.87,
    "netProfit" : 28.72
  }, {
    "date" : "2018-12-31",
    "sales" : 464.08,
    "salesGrowthYoY" : 16.34,
    "grossProfitMargin" : 29.50,
    "grossProfit" : 136.90,
    "operatingProfitMargin" : 7.32,
    "operatingProfit" : 33.97,
    "netProfitMargin" : 4.67,
    "netProfit" : 21.67
  }, {
    "date" : "2019-03-31",
    "sales" : 423.88,
    "salesGrowthYoY" : 11.28,
    "grossProfitMargin" : 33.38,
    "grossProfit" : 141.49,
    "operatingProfitMargin" : 10.54,
    "operatingProfit" : 44.68,
    "netProfitMargin" : 6.34,
    "netProfit" : 26.87
  }, {
    "date" : "2019-06-30",
    "sales" : 490.28,
    "salesGrowthYoY" : -8.30,
    "grossProfitMargin" : 30.39,
    "grossProfit" : 149.00,
    "operatingProfitMargin" : 9.03,
    "operatingProfit" : 44.27,
    "netProfitMargin" : 5.35,
    "netProfit" : 26.23
  }, {
    "date" : "2019-09-30",
    "sales" : 454.08,
    "salesGrowthYoY" : -7.20,
    "grossProfitMargin" : 33.27,
    "grossProfit" : 151.07,
    "operatingProfitMargin" : 10.49,
    "operatingProfit" : 47.63,
    "netProfitMargin" : 8.32,
    "netProfit" : 37.78
  }, {
    "date" : "2019-12-31",
    "sales" : 426.26,
    "salesGrowthYoY" : -8.15,
    "grossProfitMargin" : 31.20,
    "grossProfit" : 132.99,
    "operatingProfitMargin" : 4.80,
    "operatingProfit" : 20.46,
    "netProfitMargin" : 2.79,
    "netProfit" : 11.89
  }, {
    "date" : "2020-03-31",
    "sales" : 374.96,
    "salesGrowthYoY" : -11.54,
    "grossProfitMargin" : 32.06,
    "grossProfit" : 120.21,
    "operatingProfitMargin" : 6.24,
    "operatingProfit" : 23.40,
    "netProfitMargin" : 3.39,
    "netProfit" : 12.71
  }, {
    "date" : "2020-06-30",
    "sales" : 226.93,
    "salesGrowthYoY" : -53.71,
    "grossProfitMargin" : 33.83,
    "grossProfit" : 76.77,
    "operatingProfitMargin" : 0.64,
    "operatingProfit" : 1.45,
    "netProfitMargin" : -1.98,
    "netProfit" : -4.49
  }, {
    "date" : "2020-09-30",
    "sales" : 481.10,
    "salesGrowthYoY" : 5.95,
    "grossProfitMargin" : 36.92,
    "grossProfit" : 177.62,
    "operatingProfitMargin" : 15.27,
    "operatingProfit" : 73.46,
    "netProfitMargin" : 10.09,
    "netProfit" : 48.54
  }, {
    "date" : "2020-12-31",
    "sales" : 514.34,
    "salesGrowthYoY" : 20.66,
    "grossProfitMargin" : 34.75,
    "grossProfit" : 178.73,
    "operatingProfitMargin" : 14.47,
    "operatingProfit" : 74.42,
    "netProfitMargin" : 9.52,
    "netProfit" : 48.97
  }, {
    "date" : "2021-03-31",
    "sales" : 569.34,
    "salesGrowthYoY" : 51.84,
    "grossProfitMargin" : 31.79,
    "grossProfit" : 180.99,
    "operatingProfitMargin" : 11.85,
    "operatingProfit" : 67.47,
    "netProfitMargin" : 7.59,
    "netProfit" : 43.21
  }, {
    "date" : "2021-06-30",
    "sales" : 534.15,
    "salesGrowthYoY" : 135.38,
    "grossProfitMargin" : 30.36,
    "grossProfit" : 162.17,
    "operatingProfitMargin" : 8.39,
    "operatingProfit" : 44.82,
    "netProfitMargin" : 5.03,
    "netProfit" : 26.87
  }, {
    "date" : "2021-09-30",
    "sales" : 698.26,
    "salesGrowthYoY" : 45.14,
    "grossProfitMargin" : 26.50,
    "grossProfit" : 185.04,
    "operatingProfitMargin" : 8.60,
    "operatingProfit" : 60.05,
    "netProfitMargin" : 5.61,
    "netProfit" : 39.17
  }, {
    "date" : "2021-12-31",
    "sales" : 605.07,
    "salesGrowthYoY" : 17.64,
    "grossProfitMargin" : 29.10,
    "grossProfit" : 176.08,
    "operatingProfitMargin" : 5.56,
    "operatingProfit" : 33.64,
    "netProfitMargin" : 3.21,
    "netProfit" : 19.42
  }, {
    "date" : "2022-03-31",
    "sales" : 598.20,
    "salesGrowthYoY" : 5.07,
    "grossProfitMargin" : 28.58,
    "grossProfit" : 170.97,
    "operatingProfitMargin" : 5.60,
    "operatingProfit" : 33.50,
    "netProfitMargin" : 2.91,
    "netProfit" : 17.41
  }, {
    "date" : "2022-06-30",
    "sales" : 818.97,
    "salesGrowthYoY" : 53.32,
    "grossProfitMargin" : 24.32,
    "grossProfit" : 199.17,
    "operatingProfitMargin" : 7.33,
    "operatingProfit" : 60.03,
    "netProfitMargin" : 4.61,
    "netProfit" : 37.75
  }, {
    "date" : "2022-09-30",
    "sales" : 766.86,
    "salesGrowthYoY" : 9.82,
    "grossProfitMargin" : 23.91,
    "grossProfit" : 183.36,
    "operatingProfitMargin" : 6.00,
    "operatingProfit" : 46.01,
    "netProfitMargin" : 3.53,
    "netProfit" : 27.07
  }, {
    "date" : "2022-12-31",
    "sales" : 689.09,
    "salesGrowthYoY" : 13.89,
    "grossProfitMargin" : 24.39,
    "grossProfit" : 168.07,
    "operatingProfitMargin" : 6.37,
    "operatingProfit" : 43.90,
    "netProfitMargin" : 3.54,
    "netProfit" : 24.39
  }, {
    "date" : "2023-03-31",
    "sales" : 652.59,
    "salesGrowthYoY" : 9.09,
    "grossProfitMargin" : 28.88,
    "grossProfit" : 188.47,
    "operatingProfitMargin" : 8.74,
    "operatingProfit" : 57.04,
    "netProfitMargin" : 5.15,
    "netProfit" : 33.61
  }, {
    "date" : "2023-06-30",
    "sales" : 719.66,
    "salesGrowthYoY" : -12.13,
    "grossProfitMargin" : 28.09,
    "grossProfit" : 202.15,
    "operatingProfitMargin" : 8.90,
    "operatingProfit" : 64.05,
    "netProfitMargin" : 5.46,
    "netProfit" : 39.29
  }, {
    "date" : "2023-09-30",
    "sales" : 690.12,
    "salesGrowthYoY" : -10.01,
    "grossProfitMargin" : 28.15,
    "grossProfit" : 194.27,
    "operatingProfitMargin" : 8.89,
    "operatingProfit" : 61.35,
    "netProfitMargin" : 5.50,
    "netProfit" : 37.96
  }, {
    "date" : "2023-12-31",
    "sales" : 591.40,
    "salesGrowthYoY" : -14.18,
    "grossProfitMargin" : 28.86,
    "grossProfit" : 170.68,
    "operatingProfitMargin" : 6.73,
    "operatingProfit" : 39.80,
    "netProfitMargin" : 3.70,
    "netProfit" : 21.88
  }, {
    "date" : "2024-03-31",
    "sales" : 550.53,
    "salesGrowthYoY" : -15.64,
    "grossProfitMargin" : 26.24,
    "grossProfit" : 144.46,
    "operatingProfitMargin" : 0.98,
    "operatingProfit" : 5.40,
    "netProfitMargin" : -0.76,
    "netProfit" : -4.18
  }, {
    "date" : "2024-06-30",
    "sales" : 691.38,
    "salesGrowthYoY" : -3.93,
    "grossProfitMargin" : 27.15,
    "grossProfit" : 187.71,
    "operatingProfitMargin" : 6.41,
    "operatingProfit" : 44.32,
    "netProfitMargin" : 3.62,
    "netProfit" : 25.03
  }, {
    "date" : "2024-09-30",
    "sales" : 682.25,
    "salesGrowthYoY" : -1.14,
    "grossProfitMargin" : 25.40,
    "grossProfit" : 173.29,
    "operatingProfitMargin" : 4.56,
    "operatingProfit" : 31.11,
    "netProfitMargin" : 2.31,
    "netProfit" : 15.76
  }, {
    "date" : "2024-12-31",
    "sales" : 631.72,
    "salesGrowthYoY" : 6.82,
    "grossProfitMargin" : 26.28,
    "grossProfit" : 166.02,
    "operatingProfitMargin" : 3.77,
    "operatingProfit" : 23.82,
    "netProfitMargin" : 1.50,
    "netProfit" : 9.48
  }, {
    "date" : "2025-03-31",
    "sales" : 602.70,
    "salesGrowthYoY" : 9.48,
    "grossProfitMargin" : 27.12,
    "grossProfit" : 163.45,
    "operatingProfitMargin" : 2.88,
    "operatingProfit" : 17.36,
    "netProfitMargin" : 0.81,
    "netProfit" : 4.88
  }, {
    "date" : "2025-06-30",
    "sales" : 656.22,
    "salesGrowthYoY" : -5.09,
    "grossProfitMargin" : 27.55,
    "grossProfit" : 180.79,
    "operatingProfitMargin" : 4.30,
    "operatingProfit" : 28.22,
    "netProfitMargin" : 2.15,
    "netProfit" : 14.11
  }, {
    "date" : "2025-09-30",
    "sales" : 596.46,
    "salesGrowthYoY" : -12.57,
    "grossProfitMargin" : 28.92,
    "grossProfit" : 172.50,
    "operatingProfitMargin" : 4.50,
    "operatingProfit" : 26.84,
    "netProfitMargin" : 2.19,
    "netProfit" : 13.06
  }, {
    "date" : "2025-12-31",
    "sales" : 606.91,
    "salesGrowthYoY" : -3.93,
    "grossProfitMargin" : 31.02,
    "grossProfit" : 188.26,
    "operatingProfitMargin" : 6.95,
    "operatingProfit" : 42.18,
    "netProfitMargin" : 4.06,
    "netProfit" : 24.64
  } ],
  "latestQuarterlyResult" : {
    "date" : "2025-12-31",
    "sales" : 606.91,
    "salesGrowthYoY" : -3.93,
    "grossProfitMargin" : 31.02,
    "grossProfit" : 188.26,
    "operatingProfitMargin" : 6.95,
    "operatingProfit" : 42.18,
    "netProfitMargin" : 4.06,
    "netProfit" : 24.64
  },
  "companyScore" : {
    "priceHigherThanDma50" : 5.00,
    "priceHigherThanDma100" : 0.00,
    "priceHigherThanDma200" : 0.00,
    "dma50HigherThanDma100" : 0.00,
    "dma50HigherThanDma200" : 0.00,
    "dma100HigherThanDma200" : 0.00,
    "pricePercentageAboveDma50" : 4.97,
    "pricePercentageAboveDma100" : 5.31,
    "pricePercentageAboveDma200" : 5.39,
    "weeklyVolumeHigherThanYearlyVolume" : 5.00,
    "salesGrowthPercentile" : 5.27,
    "operatingProfitMarginPercentile" : 8.30,
    "netProfitMarginPercentile" : 5.00,
    "totalTechnicalScore" : 25.67,
    "totalFundamentalScore" : 18.57,
    "totalScore" : 44.24
  }
}