{
  "metadata" : {
    "screenerCompanyId" : "1248",
    "companyCode" : "GPPL",
    "companyName" : "Guj Pipavav Port",
    "screenerCompanyLink" : "https://www.screener.in/company/GPPL/",
    "screenerTechnicalHistoryLink" : "https://www.screener.in/api/company/1248/chart/?q=Price-DMA50-DMA200-Volume&days=365",
    "screenerQuarterlyResultsLink" : "https://www.screener.in/api/company/1248/chart/?q=GPM-OPM-NPM-Quarter+Sales&days=10000",
    "attributes" : {
      "companyCode" : "GPPL",
      "companyName" : "Guj Pipavav Port",
      "marketCap" : 8184.00,
      "peRatio" : 19.00,
      "description" : "Gujarat Pipavav Port is India's first private sector port located on the south west coast of Gujarat near Bhavnagar. The port is strategically placed to on International Maritime Trade route which connects India with US, Europe, Africa, Middle East on one side and Far east on the other side."
    },
    "companyScore" : {
      "priceHigherThanDma50" : 0.00,
      "priceHigherThanDma100" : 0.00,
      "priceHigherThanDma200" : 5.00,
      "dma50HigherThanDma100" : 5.00,
      "dma50HigherThanDma200" : 5.00,
      "dma100HigherThanDma200" : 5.00,
      "pricePercentageAboveDma50" : 5.17,
      "pricePercentageAboveDma100" : 5.09,
      "pricePercentageAboveDma200" : 4.98,
      "weeklyVolumeHigherThanYearlyVolume" : 0.00,
      "salesGrowthPercentile" : 17.14,
      "operatingProfitMarginPercentile" : 18.86,
      "netProfitMarginPercentile" : 8.81,
      "totalTechnicalScore" : 35.24,
      "totalFundamentalScore" : 44.81,
      "totalScore" : 80.05
    }
  },
  "attributes" : {
    "companyCode" : "GPPL",
    "companyName" : "Guj Pipavav Port",
    "marketCap" : 8184.00,
    "peRatio" : 19.00,
    "description" : "Gujarat Pipavav Port is India's first private sector port located on the south west coast of Gujarat near Bhavnagar. The port is strategically placed to on International Maritime Trade route which connects India with US, Europe, Africa, Middle East on one side and Far east on the other side."
  },
  "technicalHistory" : [ {
    "date" : "2025-02-06",
    "price" : 152.05,
    "dma50" : 169.50,
    "dma100" : null,
    "dma200" : 187.60,
    "volume" : 903434.00
  }, {
    "date" : "2025-02-07",
    "price" : 148.29,
    "dma50" : 168.66,
    "dma100" : null,
    "dma200" : 187.21,
    "volume" : 992751.00
  }, {
    "date" : "2025-02-10",
    "price" : 144.34,
    "dma50" : 167.71,
    "dma100" : null,
    "dma200" : 186.78,
    "volume" : 1920289.00
  }, {
    "date" : "2025-02-11",
    "price" : 138.76,
    "dma50" : 166.58,
    "dma100" : null,
    "dma200" : 186.30,
    "volume" : 1786138.00
  }, {
    "date" : "2025-02-12",
    "price" : 136.82,
    "dma50" : 165.41,
    "dma100" : null,
    "dma200" : 185.81,
    "volume" : 1585338.00
  }, {
    "date" : "2025-02-13",
    "price" : 134.76,
    "dma50" : 164.21,
    "dma100" : null,
    "dma200" : 185.30,
    "volume" : 1346636.00
  }, {
    "date" : "2025-02-14",
    "price" : 132.36,
    "dma50" : 162.96,
    "dma100" : null,
    "dma200" : 184.78,
    "volume" : 1629177.00
  }, {
    "date" : "2025-02-17",
    "price" : 130.27,
    "dma50" : 161.68,
    "dma100" : null,
    "dma200" : 184.23,
    "volume" : 1758880.00
  }, {
    "date" : "2025-02-18",
    "price" : 136.81,
    "dma50" : 160.70,
    "dma100" : null,
    "dma200" : 183.76,
    "volume" : 3005478.00
  }, {
    "date" : "2025-02-19",
    "price" : 136.15,
    "dma50" : 159.74,
    "dma100" : null,
    "dma200" : 183.29,
    "volume" : 1468262.00
  }, {
    "date" : "2025-02-20",
    "price" : 136.75,
    "dma50" : 158.84,
    "dma100" : null,
    "dma200" : 182.82,
    "volume" : 982680.00
  }, {
    "date" : "2025-02-21",
    "price" : 136.17,
    "dma50" : 157.95,
    "dma100" : null,
    "dma200" : 182.36,
    "volume" : 1032655.00
  }, {
    "date" : "2025-02-24",
    "price" : 133.97,
    "dma50" : 157.01,
    "dma100" : null,
    "dma200" : 181.88,
    "volume" : 694479.00
  }, {
    "date" : "2025-02-25",
    "price" : 133.65,
    "dma50" : 156.09,
    "dma100" : null,
    "dma200" : 181.40,
    "volume" : 738382.00
  }, {
    "date" : "2025-02-27",
    "price" : 129.48,
    "dma50" : 155.05,
    "dma100" : null,
    "dma200" : 180.88,
    "volume" : 1148494.00
  }, {
    "date" : "2025-02-28",
    "price" : 124.95,
    "dma50" : 153.87,
    "dma100" : null,
    "dma200" : 180.33,
    "volume" : 1357405.00
  }, {
    "date" : "2025-03-03",
    "price" : 129.17,
    "dma50" : 152.90,
    "dma100" : null,
    "dma200" : 179.82,
    "volume" : 2674307.00
  }, {
    "date" : "2025-03-04",
    "price" : 132.85,
    "dma50" : 152.11,
    "dma100" : null,
    "dma200" : 179.35,
    "volume" : 1512843.00
  }, {
    "date" : "2025-03-05",
    "price" : 136.43,
    "dma50" : 151.50,
    "dma100" : null,
    "dma200" : 178.92,
    "volume" : 979649.00
  }, {
    "date" : "2025-03-06",
    "price" : 136.61,
    "dma50" : 150.91,
    "dma100" : null,
    "dma200" : 178.50,
    "volume" : 792387.00
  }, {
    "date" : "2025-03-07",
    "price" : 136.95,
    "dma50" : 150.37,
    "dma100" : null,
    "dma200" : 178.09,
    "volume" : 1147534.00
  }, {
    "date" : "2025-03-10",
    "price" : 133.70,
    "dma50" : 149.71,
    "dma100" : null,
    "dma200" : 177.65,
    "volume" : 902464.00
  }, {
    "date" : "2025-03-11",
    "price" : 135.71,
    "dma50" : 149.16,
    "dma100" : null,
    "dma200" : 177.23,
    "volume" : 1342561.00
  }, {
    "date" : "2025-03-12",
    "price" : 130.34,
    "dma50" : 148.43,
    "dma100" : null,
    "dma200" : 176.76,
    "volume" : 1675105.00
  }, {
    "date" : "2025-03-13",
    "price" : 132.18,
    "dma50" : 147.79,
    "dma100" : null,
    "dma200" : 176.32,
    "volume" : 1409589.00
  }, {
    "date" : "2025-03-17",
    "price" : 129.87,
    "dma50" : 147.09,
    "dma100" : null,
    "dma200" : 175.86,
    "volume" : 928741.00
  }, {
    "date" : "2025-03-18",
    "price" : 131.69,
    "dma50" : 146.48,
    "dma100" : null,
    "dma200" : 175.42,
    "volume" : 1806616.00
  }, {
    "date" : "2025-03-19",
    "price" : 136.71,
    "dma50" : 146.10,
    "dma100" : null,
    "dma200" : 175.03,
    "volume" : 1715356.00
  }, {
    "date" : "2025-03-20",
    "price" : 136.40,
    "dma50" : 145.72,
    "dma100" : null,
    "dma200" : 174.65,
    "volume" : 2070666.00
  }, {
    "date" : "2025-03-21",
    "price" : 135.88,
    "dma50" : 145.33,
    "dma100" : null,
    "dma200" : 174.26,
    "volume" : 1488835.00
  }, {
    "date" : "2025-03-24",
    "price" : 141.85,
    "dma50" : 145.20,
    "dma100" : null,
    "dma200" : 173.94,
    "volume" : 4178877.00
  }, {
    "date" : "2025-03-25",
    "price" : 138.88,
    "dma50" : 144.95,
    "dma100" : null,
    "dma200" : 173.59,
    "volume" : 2027218.00
  }, {
    "date" : "2025-03-26",
    "price" : 134.47,
    "dma50" : 144.54,
    "dma100" : null,
    "dma200" : 173.20,
    "volume" : 1282758.00
  }, {
    "date" : "2025-03-27",
    "price" : 142.10,
    "dma50" : 144.44,
    "dma100" : null,
    "dma200" : 172.89,
    "volume" : 15267838.00
  }, {
    "date" : "2025-03-28",
    "price" : 138.09,
    "dma50" : 144.19,
    "dma100" : null,
    "dma200" : 172.55,
    "volume" : 2302640.00
  }, {
    "date" : "2025-04-01",
    "price" : 140.45,
    "dma50" : 144.05,
    "dma100" : null,
    "dma200" : 172.23,
    "volume" : 1225192.00
  }, {
    "date" : "2025-04-02",
    "price" : 141.42,
    "dma50" : 143.94,
    "dma100" : null,
    "dma200" : 171.92,
    "volume" : 956938.00
  }, {
    "date" : "2025-04-03",
    "price" : 142.70,
    "dma50" : 143.89,
    "dma100" : null,
    "dma200" : 171.63,
    "volume" : 1288805.00
  }, {
    "date" : "2025-04-04",
    "price" : 138.70,
    "dma50" : 143.69,
    "dma100" : null,
    "dma200" : 171.30,
    "volume" : 961853.00
  }, {
    "date" : "2025-04-07",
    "price" : 133.56,
    "dma50" : 143.29,
    "dma100" : null,
    "dma200" : 170.93,
    "volume" : 1563892.00
  }, {
    "date" : "2025-04-08",
    "price" : 136.72,
    "dma50" : 143.04,
    "dma100" : null,
    "dma200" : 170.59,
    "volume" : 721526.00
  }, {
    "date" : "2025-04-09",
    "price" : 134.86,
    "dma50" : 142.71,
    "dma100" : null,
    "dma200" : 170.23,
    "volume" : 601398.00
  }, {
    "date" : "2025-04-11",
    "price" : 138.76,
    "dma50" : 142.56,
    "dma100" : null,
    "dma200" : 169.92,
    "volume" : 1082524.00
  }, {
    "date" : "2025-04-15",
    "price" : 141.43,
    "dma50" : 142.52,
    "dma100" : null,
    "dma200" : 169.63,
    "volume" : 996498.00
  }, {
    "date" : "2025-04-16",
    "price" : 143.41,
    "dma50" : 142.55,
    "dma100" : null,
    "dma200" : 169.37,
    "volume" : 1117775.00
  }, {
    "date" : "2025-04-17",
    "price" : 143.12,
    "dma50" : 142.57,
    "dma100" : null,
    "dma200" : 169.11,
    "volume" : 879468.00
  }, {
    "date" : "2025-04-21",
    "price" : 151.13,
    "dma50" : 142.91,
    "dma100" : null,
    "dma200" : 168.93,
    "volume" : 5227081.00
  }, {
    "date" : "2025-04-22",
    "price" : 150.05,
    "dma50" : 143.19,
    "dma100" : null,
    "dma200" : 168.74,
    "volume" : 1650098.00
  }, {
    "date" : "2025-04-23",
    "price" : 149.81,
    "dma50" : 143.45,
    "dma100" : null,
    "dma200" : 168.56,
    "volume" : 3515544.00
  }, {
    "date" : "2025-04-24",
    "price" : 147.42,
    "dma50" : 143.60,
    "dma100" : null,
    "dma200" : 168.35,
    "volume" : 1635822.00
  }, {
    "date" : "2025-04-25",
    "price" : 141.34,
    "dma50" : 143.52,
    "dma100" : null,
    "dma200" : 168.08,
    "volume" : 1940608.00
  }, {
    "date" : "2025-04-28",
    "price" : 138.00,
    "dma50" : 143.30,
    "dma100" : null,
    "dma200" : 167.78,
    "volume" : 1372916.00
  }, {
    "date" : "2025-04-29",
    "price" : 137.47,
    "dma50" : 143.07,
    "dma100" : null,
    "dma200" : 167.48,
    "volume" : 1105357.00
  }, {
    "date" : "2025-04-30",
    "price" : 132.99,
    "dma50" : 142.67,
    "dma100" : null,
    "dma200" : 167.13,
    "volume" : 1370002.00
  }, {
    "date" : "2025-05-02",
    "price" : 132.65,
    "dma50" : 142.28,
    "dma100" : null,
    "dma200" : 166.79,
    "volume" : 1601379.00
  }, {
    "date" : "2025-05-05",
    "price" : 135.97,
    "dma50" : 142.03,
    "dma100" : null,
    "dma200" : 166.48,
    "volume" : 1466591.00
  }, {
    "date" : "2025-05-06",
    "price" : 130.85,
    "dma50" : 141.60,
    "dma100" : null,
    "dma200" : 166.13,
    "volume" : 1123780.00
  }, {
    "date" : "2025-05-07",
    "price" : 131.87,
    "dma50" : 141.21,
    "dma100" : null,
    "dma200" : 165.79,
    "volume" : 1000809.00
  }, {
    "date" : "2025-05-08",
    "price" : 132.14,
    "dma50" : 140.86,
    "dma100" : null,
    "dma200" : 165.45,
    "volume" : 1178493.00
  }, {
    "date" : "2025-05-09",
    "price" : 131.27,
    "dma50" : 140.48,
    "dma100" : null,
    "dma200" : 165.11,
    "volume" : 816635.00
  }, {
    "date" : "2025-05-12",
    "price" : 138.28,
    "dma50" : 140.40,
    "dma100" : null,
    "dma200" : 164.85,
    "volume" : 1001284.00
  }, {
    "date" : "2025-05-13",
    "price" : 139.16,
    "dma50" : 140.35,
    "dma100" : null,
    "dma200" : 164.59,
    "volume" : 988504.00
  }, {
    "date" : "2025-05-14",
    "price" : 142.52,
    "dma50" : 140.43,
    "dma100" : null,
    "dma200" : 164.37,
    "volume" : 1312240.00
  }, {
    "date" : "2025-05-15",
    "price" : 143.56,
    "dma50" : 140.56,
    "dma100" : null,
    "dma200" : 164.16,
    "volume" : 1296256.00
  }, {
    "date" : "2025-05-16",
    "price" : 144.96,
    "dma50" : 140.73,
    "dma100" : null,
    "dma200" : 163.97,
    "volume" : 1575992.00
  }, {
    "date" : "2025-05-19",
    "price" : 148.10,
    "dma50" : 141.02,
    "dma100" : null,
    "dma200" : 163.81,
    "volume" : 2737198.00
  }, {
    "date" : "2025-05-20",
    "price" : 145.38,
    "dma50" : 141.19,
    "dma100" : null,
    "dma200" : 163.63,
    "volume" : 1598933.00
  }, {
    "date" : "2025-05-21",
    "price" : 146.74,
    "dma50" : 141.41,
    "dma100" : null,
    "dma200" : 163.46,
    "volume" : 1064903.00
  }, {
    "date" : "2025-05-22",
    "price" : 145.06,
    "dma50" : 141.55,
    "dma100" : null,
    "dma200" : 163.28,
    "volume" : 1065830.00
  }, {
    "date" : "2025-05-23",
    "price" : 146.97,
    "dma50" : 141.76,
    "dma100" : null,
    "dma200" : 163.12,
    "volume" : 1120223.00
  }, {
    "date" : "2025-05-26",
    "price" : 147.92,
    "dma50" : 142.00,
    "dma100" : null,
    "dma200" : 162.97,
    "volume" : 759264.00
  }, {
    "date" : "2025-05-27",
    "price" : 147.39,
    "dma50" : 142.21,
    "dma100" : null,
    "dma200" : 162.81,
    "volume" : 617774.00
  }, {
    "date" : "2025-05-28",
    "price" : 148.29,
    "dma50" : 142.45,
    "dma100" : null,
    "dma200" : 162.67,
    "volume" : 1132138.00
  }, {
    "date" : "2025-05-29",
    "price" : 147.93,
    "dma50" : 142.67,
    "dma100" : null,
    "dma200" : 162.52,
    "volume" : 713901.00
  }, {
    "date" : "2025-05-30",
    "price" : 156.15,
    "dma50" : 143.20,
    "dma100" : null,
    "dma200" : 162.46,
    "volume" : 40214113.00
  }, {
    "date" : "2025-06-02",
    "price" : 158.25,
    "dma50" : 143.79,
    "dma100" : null,
    "dma200" : 162.42,
    "volume" : 4887967.00
  }, {
    "date" : "2025-06-03",
    "price" : 155.28,
    "dma50" : 144.24,
    "dma100" : null,
    "dma200" : 162.34,
    "volume" : 2403759.00
  }, {
    "date" : "2025-06-04",
    "price" : 156.83,
    "dma50" : 144.73,
    "dma100" : null,
    "dma200" : 162.29,
    "volume" : 1694450.00
  }, {
    "date" : "2025-06-05",
    "price" : 157.99,
    "dma50" : 145.25,
    "dma100" : null,
    "dma200" : 162.25,
    "volume" : 2049516.00
  }, {
    "date" : "2025-06-06",
    "price" : 157.25,
    "dma50" : 145.72,
    "dma100" : null,
    "dma200" : 162.20,
    "volume" : 1201166.00
  }, {
    "date" : "2025-06-09",
    "price" : 159.48,
    "dma50" : 146.26,
    "dma100" : null,
    "dma200" : 162.17,
    "volume" : 3504803.00
  }, {
    "date" : "2025-06-10",
    "price" : 163.33,
    "dma50" : 146.93,
    "dma100" : null,
    "dma200" : 162.18,
    "volume" : 8452057.00
  }, {
    "date" : "2025-06-11",
    "price" : 163.60,
    "dma50" : 147.58,
    "dma100" : null,
    "dma200" : 162.20,
    "volume" : 2868021.00
  }, {
    "date" : "2025-06-12",
    "price" : 161.23,
    "dma50" : 148.12,
    "dma100" : null,
    "dma200" : 162.19,
    "volume" : 2348192.00
  }, {
    "date" : "2025-06-13",
    "price" : 159.00,
    "dma50" : 148.55,
    "dma100" : null,
    "dma200" : 162.15,
    "volume" : 2000085.00
  }, {
    "date" : "2025-06-16",
    "price" : 160.19,
    "dma50" : 149.00,
    "dma100" : null,
    "dma200" : 162.13,
    "volume" : 1687014.00
  }, {
    "date" : "2025-06-17",
    "price" : 159.06,
    "dma50" : 149.40,
    "dma100" : null,
    "dma200" : 162.10,
    "volume" : 1048042.00
  }, {
    "date" : "2025-06-18",
    "price" : 159.11,
    "dma50" : 149.78,
    "dma100" : null,
    "dma200" : 162.07,
    "volume" : 700613.00
  }, {
    "date" : "2025-06-19",
    "price" : 156.61,
    "dma50" : 150.05,
    "dma100" : null,
    "dma200" : 162.02,
    "volume" : 1154537.00
  }, {
    "date" : "2025-06-20",
    "price" : 155.07,
    "dma50" : 150.24,
    "dma100" : null,
    "dma200" : 161.95,
    "volume" : 1542877.00
  }, {
    "date" : "2025-06-23",
    "price" : 161.13,
    "dma50" : 150.67,
    "dma100" : null,
    "dma200" : 161.94,
    "volume" : 8005016.00
  }, {
    "date" : "2025-06-24",
    "price" : 158.99,
    "dma50" : 151.00,
    "dma100" : null,
    "dma200" : 161.91,
    "volume" : 1240587.00
  }, {
    "date" : "2025-06-25",
    "price" : 162.04,
    "dma50" : 151.43,
    "dma100" : null,
    "dma200" : 161.91,
    "volume" : 1497905.00
  }, {
    "date" : "2025-06-26",
    "price" : 161.71,
    "dma50" : 151.83,
    "dma100" : null,
    "dma200" : 161.91,
    "volume" : 855764.00
  }, {
    "date" : "2025-06-27",
    "price" : 162.95,
    "dma50" : 152.27,
    "dma100" : null,
    "dma200" : 161.92,
    "volume" : 2125109.00
  }, {
    "date" : "2025-06-30",
    "price" : 161.52,
    "dma50" : 152.63,
    "dma100" : null,
    "dma200" : 161.92,
    "volume" : 931743.00
  }, {
    "date" : "2025-07-01",
    "price" : 160.65,
    "dma50" : 152.95,
    "dma100" : null,
    "dma200" : 161.91,
    "volume" : 1281851.00
  }, {
    "date" : "2025-07-02",
    "price" : 158.40,
    "dma50" : 153.16,
    "dma100" : null,
    "dma200" : 161.87,
    "volume" : 977735.00
  }, {
    "date" : "2025-07-03",
    "price" : 158.41,
    "dma50" : 153.37,
    "dma100" : null,
    "dma200" : 161.84,
    "volume" : 1338017.00
  }, {
    "date" : "2025-07-04",
    "price" : 157.07,
    "dma50" : 153.51,
    "dma100" : null,
    "dma200" : 161.79,
    "volume" : 880567.00
  }, {
    "date" : "2025-07-07",
    "price" : 157.36,
    "dma50" : 153.66,
    "dma100" : 144.12,
    "dma200" : 161.75,
    "volume" : 722292.00
  }, {
    "date" : "2025-07-08",
    "price" : 155.31,
    "dma50" : 153.73,
    "dma100" : 144.19,
    "dma200" : 161.68,
    "volume" : 1043887.00
  }, {
    "date" : "2025-07-09",
    "price" : 155.96,
    "dma50" : 153.81,
    "dma100" : 144.31,
    "dma200" : 161.62,
    "volume" : 1114309.00
  }, {
    "date" : "2025-07-10",
    "price" : 156.24,
    "dma50" : 153.91,
    "dma100" : 144.49,
    "dma200" : 161.57,
    "volume" : 655009.00
  }, {
    "date" : "2025-07-11",
    "price" : 158.27,
    "dma50" : 154.08,
    "dma100" : 144.70,
    "dma200" : 161.54,
    "volume" : 1782727.00
  }, {
    "date" : "2025-07-14",
    "price" : 158.63,
    "dma50" : 154.26,
    "dma100" : 144.94,
    "dma200" : 161.51,
    "volume" : 652148.00
  }, {
    "date" : "2025-07-15",
    "price" : 159.27,
    "dma50" : 154.46,
    "dma100" : 145.21,
    "dma200" : 161.49,
    "volume" : 1564324.00
  }, {
    "date" : "2025-07-16",
    "price" : 159.80,
    "dma50" : 154.66,
    "dma100" : 145.50,
    "dma200" : 161.47,
    "volume" : 1084331.00
  }, {
    "date" : "2025-07-17",
    "price" : 159.62,
    "dma50" : 154.86,
    "dma100" : 145.73,
    "dma200" : 161.45,
    "volume" : 652049.00
  }, {
    "date" : "2025-07-18",
    "price" : 163.10,
    "dma50" : 155.18,
    "dma100" : 146.00,
    "dma200" : 161.47,
    "volume" : 3044102.00
  }, {
    "date" : "2025-07-21",
    "price" : 164.38,
    "dma50" : 155.54,
    "dma100" : 146.28,
    "dma200" : 161.50,
    "volume" : 1824676.00
  }, {
    "date" : "2025-07-22",
    "price" : 161.64,
    "dma50" : 155.78,
    "dma100" : 146.53,
    "dma200" : 161.50,
    "volume" : 1872107.00
  }, {
    "date" : "2025-07-23",
    "price" : 161.31,
    "dma50" : 156.00,
    "dma100" : 146.80,
    "dma200" : 161.50,
    "volume" : 764980.00
  }, {
    "date" : "2025-07-24",
    "price" : 165.83,
    "dma50" : 156.38,
    "dma100" : 147.13,
    "dma200" : 161.54,
    "volume" : 4879605.00
  }, {
    "date" : "2025-07-25",
    "price" : 160.58,
    "dma50" : 156.55,
    "dma100" : 147.44,
    "dma200" : 161.53,
    "volume" : 2872843.00
  }, {
    "date" : "2025-07-28",
    "price" : 156.48,
    "dma50" : 156.55,
    "dma100" : 147.75,
    "dma200" : 161.48,
    "volume" : 1091270.00
  }, {
    "date" : "2025-07-29",
    "price" : 159.66,
    "dma50" : 156.67,
    "dma100" : 148.06,
    "dma200" : 161.46,
    "volume" : 1751999.00
  }, {
    "date" : "2025-07-30",
    "price" : 158.72,
    "dma50" : 156.75,
    "dma100" : 148.32,
    "dma200" : 161.43,
    "volume" : 623772.00
  }, {
    "date" : "2025-07-31",
    "price" : 158.23,
    "dma50" : 156.81,
    "dma100" : 148.53,
    "dma200" : 161.40,
    "volume" : 593630.00
  }, {
    "date" : "2025-08-01",
    "price" : 159.74,
    "dma50" : 156.92,
    "dma100" : 148.77,
    "dma200" : 161.39,
    "volume" : 1808158.00
  }, {
    "date" : "2025-08-04",
    "price" : 158.66,
    "dma50" : 156.99,
    "dma100" : 148.98,
    "dma200" : 161.36,
    "volume" : 469923.00
  }, {
    "date" : "2025-08-05",
    "price" : 158.57,
    "dma50" : 157.05,
    "dma100" : 149.23,
    "dma200" : 161.33,
    "volume" : 397608.00
  }, {
    "date" : "2025-08-06",
    "price" : 154.85,
    "dma50" : 156.97,
    "dma100" : 149.42,
    "dma200" : 161.27,
    "volume" : 1424356.00
  }, {
    "date" : "2025-08-07",
    "price" : 152.70,
    "dma50" : 156.80,
    "dma100" : 149.65,
    "dma200" : 161.18,
    "volume" : 1262490.00
  }, {
    "date" : "2025-08-08",
    "price" : 157.48,
    "dma50" : 156.83,
    "dma100" : 149.90,
    "dma200" : 161.14,
    "volume" : 1976057.00
  }, {
    "date" : "2025-08-11",
    "price" : 155.44,
    "dma50" : 156.77,
    "dma100" : 150.16,
    "dma200" : 161.09,
    "volume" : 638563.00
  }, {
    "date" : "2025-08-12",
    "price" : 156.70,
    "dma50" : 156.77,
    "dma100" : 150.41,
    "dma200" : 161.04,
    "volume" : 672942.00
  }, {
    "date" : "2025-08-13",
    "price" : 157.42,
    "dma50" : 156.79,
    "dma100" : 150.61,
    "dma200" : 161.01,
    "volume" : 1263225.00
  }, {
    "date" : "2025-08-14",
    "price" : 153.83,
    "dma50" : 156.68,
    "dma100" : 150.79,
    "dma200" : 160.94,
    "volume" : 1047885.00
  }, {
    "date" : "2025-08-18",
    "price" : 153.66,
    "dma50" : 156.56,
    "dma100" : 150.96,
    "dma200" : 160.86,
    "volume" : 931307.00
  }, {
    "date" : "2025-08-19",
    "price" : 154.37,
    "dma50" : 156.47,
    "dma100" : 151.09,
    "dma200" : 160.80,
    "volume" : 1100799.00
  }, {
    "date" : "2025-08-20",
    "price" : 155.94,
    "dma50" : 156.45,
    "dma100" : 151.26,
    "dma200" : 160.75,
    "volume" : 904647.00
  }, {
    "date" : "2025-08-21",
    "price" : 156.77,
    "dma50" : 156.46,
    "dma100" : 151.48,
    "dma200" : 160.71,
    "volume" : 1014327.00
  }, {
    "date" : "2025-08-22",
    "price" : 156.06,
    "dma50" : 156.45,
    "dma100" : 151.62,
    "dma200" : 160.67,
    "volume" : 710409.00
  }, {
    "date" : "2025-08-25",
    "price" : 156.91,
    "dma50" : 156.47,
    "dma100" : 151.81,
    "dma200" : 160.63,
    "volume" : 836151.00
  }, {
    "date" : "2025-08-26",
    "price" : 156.22,
    "dma50" : 156.46,
    "dma100" : 151.97,
    "dma200" : 160.58,
    "volume" : 2433039.00
  }, {
    "date" : "2025-08-28",
    "price" : 150.99,
    "dma50" : 156.24,
    "dma100" : 152.06,
    "dma200" : 160.49,
    "volume" : 2073084.00
  }, {
    "date" : "2025-08-29",
    "price" : 149.11,
    "dma50" : 155.96,
    "dma100" : 152.13,
    "dma200" : 160.38,
    "volume" : 838559.00
  }, {
    "date" : "2025-09-01",
    "price" : 152.39,
    "dma50" : 155.82,
    "dma100" : 152.27,
    "dma200" : 160.30,
    "volume" : 881439.00
  }, {
    "date" : "2025-09-02",
    "price" : 152.34,
    "dma50" : 155.69,
    "dma100" : 152.45,
    "dma200" : 160.22,
    "volume" : 1408288.00
  }, {
    "date" : "2025-09-03",
    "price" : 154.75,
    "dma50" : 155.65,
    "dma100" : 152.63,
    "dma200" : 160.16,
    "volume" : 828778.00
  }, {
    "date" : "2025-09-04",
    "price" : 150.56,
    "dma50" : 155.45,
    "dma100" : 152.79,
    "dma200" : 160.07,
    "volume" : 1082888.00
  }, {
    "date" : "2025-09-05",
    "price" : 150.95,
    "dma50" : 155.27,
    "dma100" : 152.91,
    "dma200" : 159.98,
    "volume" : 526102.00
  }, {
    "date" : "2025-09-08",
    "price" : 150.31,
    "dma50" : 155.08,
    "dma100" : 153.00,
    "dma200" : 159.88,
    "volume" : 518419.00
  }, {
    "date" : "2025-09-09",
    "price" : 150.62,
    "dma50" : 154.90,
    "dma100" : 153.07,
    "dma200" : 159.79,
    "volume" : 607137.00
  }, {
    "date" : "2025-09-10",
    "price" : 151.48,
    "dma50" : 154.77,
    "dma100" : 153.16,
    "dma200" : 159.71,
    "volume" : 683501.00
  }, {
    "date" : "2025-09-11",
    "price" : 151.79,
    "dma50" : 154.65,
    "dma100" : 153.16,
    "dma200" : 159.63,
    "volume" : 658094.00
  }, {
    "date" : "2025-09-12",
    "price" : 161.28,
    "dma50" : 154.91,
    "dma100" : 153.28,
    "dma200" : 159.64,
    "volume" : 12922291.00
  }, {
    "date" : "2025-09-15",
    "price" : 164.09,
    "dma50" : 155.27,
    "dma100" : 153.42,
    "dma200" : 159.69,
    "volume" : 3066017.00
  }, {
    "date" : "2025-09-16",
    "price" : 161.41,
    "dma50" : 155.51,
    "dma100" : 153.56,
    "dma200" : 159.70,
    "volume" : 1640479.00
  }, {
    "date" : "2025-09-17",
    "price" : 162.26,
    "dma50" : 155.78,
    "dma100" : 153.77,
    "dma200" : 159.73,
    "volume" : 678847.00
  }, {
    "date" : "2025-09-18",
    "price" : 159.47,
    "dma50" : 155.92,
    "dma100" : 153.98,
    "dma200" : 159.73,
    "volume" : 1737231.00
  }, {
    "date" : "2025-09-19",
    "price" : 157.05,
    "dma50" : 155.97,
    "dma100" : 154.18,
    "dma200" : 159.70,
    "volume" : 1000918.00
  }, {
    "date" : "2025-09-22",
    "price" : 157.97,
    "dma50" : 156.05,
    "dma100" : 154.43,
    "dma200" : 159.68,
    "volume" : 1403003.00
  }, {
    "date" : "2025-09-23",
    "price" : 155.48,
    "dma50" : 156.02,
    "dma100" : 154.66,
    "dma200" : 159.64,
    "volume" : 847562.00
  }, {
    "date" : "2025-09-24",
    "price" : 153.21,
    "dma50" : 155.91,
    "dma100" : 154.83,
    "dma200" : 159.58,
    "volume" : 620169.00
  }, {
    "date" : "2025-09-25",
    "price" : 156.24,
    "dma50" : 155.93,
    "dma100" : 155.08,
    "dma200" : 159.54,
    "volume" : 3193285.00
  }, {
    "date" : "2025-09-26",
    "price" : 156.26,
    "dma50" : 155.94,
    "dma100" : 155.33,
    "dma200" : 159.51,
    "volume" : 1818257.00
  }, {
    "date" : "2025-09-29",
    "price" : 157.22,
    "dma50" : 155.99,
    "dma100" : 155.58,
    "dma200" : 159.49,
    "volume" : 4485847.00
  }, {
    "date" : "2025-09-30",
    "price" : 158.03,
    "dma50" : 156.07,
    "dma100" : 155.85,
    "dma200" : 159.47,
    "volume" : 1281204.00
  }, {
    "date" : "2025-10-01",
    "price" : 158.62,
    "dma50" : 156.17,
    "dma100" : 156.05,
    "dma200" : 159.47,
    "volume" : 1116212.00
  }, {
    "date" : "2025-10-03",
    "price" : 159.86,
    "dma50" : 156.31,
    "dma100" : 156.26,
    "dma200" : 159.47,
    "volume" : 2484296.00
  }, {
    "date" : "2025-10-06",
    "price" : 163.07,
    "dma50" : 156.58,
    "dma100" : 156.46,
    "dma200" : 159.51,
    "volume" : 3117502.00
  }, {
    "date" : "2025-10-07",
    "price" : 162.91,
    "dma50" : 156.83,
    "dma100" : 156.65,
    "dma200" : 159.54,
    "volume" : 1777641.00
  }, {
    "date" : "2025-10-08",
    "price" : 161.52,
    "dma50" : 157.01,
    "dma100" : 156.82,
    "dma200" : 159.56,
    "volume" : 1349478.00
  }, {
    "date" : "2025-10-09",
    "price" : 159.95,
    "dma50" : 157.13,
    "dma100" : 156.94,
    "dma200" : 159.56,
    "volume" : 1144735.00
  }, {
    "date" : "2025-10-10",
    "price" : 161.91,
    "dma50" : 157.31,
    "dma100" : 157.10,
    "dma200" : 159.59,
    "volume" : 1458541.00
  }, {
    "date" : "2025-10-13",
    "price" : 161.00,
    "dma50" : 157.46,
    "dma100" : 157.25,
    "dma200" : 159.60,
    "volume" : 1380717.00
  }, {
    "date" : "2025-10-14",
    "price" : 158.19,
    "dma50" : 157.49,
    "dma100" : 157.38,
    "dma200" : 159.59,
    "volume" : 993154.00
  }, {
    "date" : "2025-10-15",
    "price" : 163.28,
    "dma50" : 157.71,
    "dma100" : 157.54,
    "dma200" : 159.62,
    "volume" : 3827375.00
  }, {
    "date" : "2025-10-16",
    "price" : 160.10,
    "dma50" : 157.81,
    "dma100" : 157.66,
    "dma200" : 159.63,
    "volume" : 1090510.00
  }, {
    "date" : "2025-10-17",
    "price" : 160.00,
    "dma50" : 157.89,
    "dma100" : 157.79,
    "dma200" : 159.63,
    "volume" : 1188931.00
  }, {
    "date" : "2025-10-20",
    "price" : 159.92,
    "dma50" : 157.97,
    "dma100" : 157.91,
    "dma200" : 159.63,
    "volume" : 504700.00
  }, {
    "date" : "2025-10-21",
    "price" : 161.24,
    "dma50" : 158.10,
    "dma100" : 158.04,
    "dma200" : 159.65,
    "volume" : 297509.00
  }, {
    "date" : "2025-10-23",
    "price" : 160.04,
    "dma50" : 158.18,
    "dma100" : 158.08,
    "dma200" : 159.65,
    "volume" : 972758.00
  }, {
    "date" : "2025-10-24",
    "price" : 160.54,
    "dma50" : 158.27,
    "dma100" : 158.10,
    "dma200" : 159.66,
    "volume" : 2102757.00
  }, {
    "date" : "2025-10-27",
    "price" : 160.77,
    "dma50" : 158.37,
    "dma100" : 158.16,
    "dma200" : 159.67,
    "volume" : 1203243.00
  }, {
    "date" : "2025-10-28",
    "price" : 158.99,
    "dma50" : 158.39,
    "dma100" : 158.18,
    "dma200" : 159.67,
    "volume" : 1070290.00
  }, {
    "date" : "2025-10-29",
    "price" : 166.01,
    "dma50" : 158.69,
    "dma100" : 158.26,
    "dma200" : 159.73,
    "volume" : 5336696.00
  }, {
    "date" : "2025-10-30",
    "price" : 169.02,
    "dma50" : 159.10,
    "dma100" : 158.37,
    "dma200" : 159.82,
    "volume" : 6895265.00
  }, {
    "date" : "2025-10-31",
    "price" : 166.62,
    "dma50" : 159.39,
    "dma100" : 158.45,
    "dma200" : 159.89,
    "volume" : 1587519.00
  }, {
    "date" : "2025-11-03",
    "price" : 165.28,
    "dma50" : 159.62,
    "dma100" : 158.47,
    "dma200" : 159.94,
    "volume" : 1489646.00
  }, {
    "date" : "2025-11-04",
    "price" : 162.78,
    "dma50" : 159.75,
    "dma100" : 158.46,
    "dma200" : 159.97,
    "volume" : 1481998.00
  }, {
    "date" : "2025-11-06",
    "price" : 171.82,
    "dma50" : 160.22,
    "dma100" : 158.56,
    "dma200" : 160.09,
    "volume" : 26752271.00
  }, {
    "date" : "2025-11-07",
    "price" : 179.60,
    "dma50" : 160.98,
    "dma100" : 158.77,
    "dma200" : 160.28,
    "volume" : 16803612.00
  }, {
    "date" : "2025-11-10",
    "price" : 177.15,
    "dma50" : 161.61,
    "dma100" : 158.94,
    "dma200" : 160.45,
    "volume" : 4420251.00
  }, {
    "date" : "2025-11-11",
    "price" : 179.71,
    "dma50" : 162.32,
    "dma100" : 159.15,
    "dma200" : 160.64,
    "volume" : 5437395.00
  }, {
    "date" : "2025-11-12",
    "price" : 174.81,
    "dma50" : 162.81,
    "dma100" : 159.30,
    "dma200" : 160.78,
    "volume" : 2855201.00
  }, {
    "date" : "2025-11-13",
    "price" : 174.89,
    "dma50" : 163.29,
    "dma100" : 159.49,
    "dma200" : 160.93,
    "volume" : 3821258.00
  }, {
    "date" : "2025-11-14",
    "price" : 174.43,
    "dma50" : 163.72,
    "dma100" : 159.68,
    "dma200" : 161.06,
    "volume" : 2591010.00
  }, {
    "date" : "2025-11-17",
    "price" : 175.62,
    "dma50" : 164.19,
    "dma100" : 159.82,
    "dma200" : 161.20,
    "volume" : 1264154.00
  }, {
    "date" : "2025-11-18",
    "price" : 174.94,
    "dma50" : 164.61,
    "dma100" : 159.98,
    "dma200" : 161.34,
    "volume" : 1640162.00
  }, {
    "date" : "2025-11-19",
    "price" : 173.86,
    "dma50" : 164.97,
    "dma100" : 160.10,
    "dma200" : 161.47,
    "volume" : 1421374.00
  }, {
    "date" : "2025-11-20",
    "price" : 177.31,
    "dma50" : 165.46,
    "dma100" : 160.26,
    "dma200" : 161.62,
    "volume" : 7523405.00
  }, {
    "date" : "2025-11-21",
    "price" : 177.95,
    "dma50" : 165.95,
    "dma100" : 160.41,
    "dma200" : 161.79,
    "volume" : 4394247.00
  }, {
    "date" : "2025-11-24",
    "price" : 179.88,
    "dma50" : 166.49,
    "dma100" : 160.59,
    "dma200" : 161.97,
    "volume" : 4871509.00
  }, {
    "date" : "2025-11-25",
    "price" : 178.84,
    "dma50" : 166.98,
    "dma100" : 160.77,
    "dma200" : 162.13,
    "volume" : 1365471.00
  }, {
    "date" : "2025-11-26",
    "price" : 180.15,
    "dma50" : 167.50,
    "dma100" : 160.99,
    "dma200" : 162.31,
    "volume" : 1703396.00
  }, {
    "date" : "2025-11-27",
    "price" : 174.94,
    "dma50" : 167.79,
    "dma100" : 161.16,
    "dma200" : 162.44,
    "volume" : 1865458.00
  }, {
    "date" : "2025-11-28",
    "price" : 178.72,
    "dma50" : 168.22,
    "dma100" : 161.37,
    "dma200" : 162.60,
    "volume" : 1784707.00
  }, {
    "date" : "2025-12-01",
    "price" : 180.32,
    "dma50" : 168.69,
    "dma100" : 161.60,
    "dma200" : 162.78,
    "volume" : 3898420.00
  }, {
    "date" : "2025-12-02",
    "price" : 181.86,
    "dma50" : 169.21,
    "dma100" : 161.87,
    "dma200" : 162.97,
    "volume" : 2290391.00
  }, {
    "date" : "2025-12-03",
    "price" : 184.39,
    "dma50" : 169.80,
    "dma100" : 162.15,
    "dma200" : 163.18,
    "volume" : 5477412.00
  }, {
    "date" : "2025-12-04",
    "price" : 185.88,
    "dma50" : 170.43,
    "dma100" : 162.45,
    "dma200" : 163.41,
    "volume" : 2767796.00
  }, {
    "date" : "2025-12-05",
    "price" : 182.29,
    "dma50" : 170.90,
    "dma100" : 162.69,
    "dma200" : 163.59,
    "volume" : 2575541.00
  }, {
    "date" : "2025-12-08",
    "price" : 182.14,
    "dma50" : 171.34,
    "dma100" : 162.92,
    "dma200" : 163.78,
    "volume" : 2288566.00
  }, {
    "date" : "2025-12-09",
    "price" : 188.89,
    "dma50" : 172.03,
    "dma100" : 163.22,
    "dma200" : 164.03,
    "volume" : 3959262.00
  }, {
    "date" : "2025-12-10",
    "price" : 186.53,
    "dma50" : 172.60,
    "dma100" : 163.49,
    "dma200" : 164.25,
    "volume" : 1566300.00
  }, {
    "date" : "2025-12-11",
    "price" : 189.28,
    "dma50" : 173.25,
    "dma100" : 163.78,
    "dma200" : 164.50,
    "volume" : 1386226.00
  }, {
    "date" : "2025-12-12",
    "price" : 188.30,
    "dma50" : 173.84,
    "dma100" : 164.04,
    "dma200" : 164.74,
    "volume" : 1258655.00
  }, {
    "date" : "2025-12-15",
    "price" : 191.21,
    "dma50" : 174.52,
    "dma100" : 164.30,
    "dma200" : 165.00,
    "volume" : 2603020.00
  }, {
    "date" : "2025-12-16",
    "price" : 191.94,
    "dma50" : 175.20,
    "dma100" : 164.61,
    "dma200" : 165.27,
    "volume" : 2187498.00
  }, {
    "date" : "2025-12-17",
    "price" : 190.88,
    "dma50" : 175.82,
    "dma100" : 164.90,
    "dma200" : 165.52,
    "volume" : 1244116.00
  }, {
    "date" : "2025-12-18",
    "price" : 191.27,
    "dma50" : 176.43,
    "dma100" : 165.16,
    "dma200" : 165.78,
    "volume" : 1181846.00
  }, {
    "date" : "2025-12-19",
    "price" : 193.61,
    "dma50" : 177.10,
    "dma100" : 165.49,
    "dma200" : 166.06,
    "volume" : 3640104.00
  }, {
    "date" : "2025-12-22",
    "price" : 193.59,
    "dma50" : 177.75,
    "dma100" : 165.86,
    "dma200" : 166.33,
    "volume" : 963357.00
  }, {
    "date" : "2025-12-23",
    "price" : 192.77,
    "dma50" : 178.33,
    "dma100" : 166.19,
    "dma200" : 166.59,
    "volume" : 1551328.00
  }, {
    "date" : "2025-12-24",
    "price" : 192.01,
    "dma50" : 178.87,
    "dma100" : 166.52,
    "dma200" : 166.85,
    "volume" : 607181.00
  }, {
    "date" : "2025-12-26",
    "price" : 183.02,
    "dma50" : 179.03,
    "dma100" : 166.77,
    "dma200" : 167.01,
    "volume" : 2169670.00
  }, {
    "date" : "2025-12-29",
    "price" : 185.93,
    "dma50" : 179.30,
    "dma100" : 167.03,
    "dma200" : 167.20,
    "volume" : 1246691.00
  }, {
    "date" : "2025-12-30",
    "price" : 180.75,
    "dma50" : 179.36,
    "dma100" : 167.25,
    "dma200" : 167.33,
    "volume" : 2925764.00
  }, {
    "date" : "2025-12-31",
    "price" : 182.03,
    "dma50" : 179.47,
    "dma100" : 167.49,
    "dma200" : 167.48,
    "volume" : 726021.00
  }, {
    "date" : "2026-01-01",
    "price" : 182.14,
    "dma50" : 179.57,
    "dma100" : 167.76,
    "dma200" : 167.62,
    "volume" : 446693.00
  }, {
    "date" : "2026-01-02",
    "price" : 182.31,
    "dma50" : 179.68,
    "dma100" : 168.06,
    "dma200" : 167.77,
    "volume" : 566439.00
  }, {
    "date" : "2026-01-05",
    "price" : 183.18,
    "dma50" : 179.82,
    "dma100" : 168.31,
    "dma200" : 167.92,
    "volume" : 1016351.00
  }, {
    "date" : "2026-01-06",
    "price" : 189.53,
    "dma50" : 180.20,
    "dma100" : 168.65,
    "dma200" : 168.14,
    "volume" : 3097010.00
  }, {
    "date" : "2026-01-07",
    "price" : 189.08,
    "dma50" : 180.54,
    "dma100" : 168.98,
    "dma200" : 168.35,
    "volume" : 2940284.00
  }, {
    "date" : "2026-01-08",
    "price" : 185.54,
    "dma50" : 180.74,
    "dma100" : 169.26,
    "dma200" : 168.52,
    "volume" : 7086911.00
  }, {
    "date" : "2026-01-09",
    "price" : 186.11,
    "dma50" : 180.95,
    "dma100" : 169.58,
    "dma200" : 168.69,
    "volume" : 4284848.00
  }, {
    "date" : "2026-01-12",
    "price" : 180.65,
    "dma50" : 180.94,
    "dma100" : 169.85,
    "dma200" : 168.81,
    "volume" : 2346273.00
  }, {
    "date" : "2026-01-13",
    "price" : 183.72,
    "dma50" : 181.05,
    "dma100" : 170.15,
    "dma200" : 168.96,
    "volume" : 4305920.00
  }, {
    "date" : "2026-01-14",
    "price" : 184.78,
    "dma50" : 181.19,
    "dma100" : 170.43,
    "dma200" : 169.12,
    "volume" : 1377793.00
  }, {
    "date" : "2026-01-16",
    "price" : 182.73,
    "dma50" : 181.25,
    "dma100" : 170.69,
    "dma200" : 169.25,
    "volume" : 668043.00
  }, {
    "date" : "2026-01-19",
    "price" : 173.21,
    "dma50" : 180.94,
    "dma100" : 170.87,
    "dma200" : 169.29,
    "volume" : 1842724.00
  }, {
    "date" : "2026-01-20",
    "price" : 177.63,
    "dma50" : 180.81,
    "dma100" : 171.07,
    "dma200" : 169.37,
    "volume" : 4241585.00
  }, {
    "date" : "2026-01-21",
    "price" : 169.30,
    "dma50" : 180.36,
    "dma100" : 171.20,
    "dma200" : 169.37,
    "volume" : 2997135.00
  }, {
    "date" : "2026-01-22",
    "price" : 169.81,
    "dma50" : 179.94,
    "dma100" : 171.39,
    "dma200" : 169.38,
    "volume" : 1904526.00
  }, {
    "date" : "2026-01-23",
    "price" : 165.88,
    "dma50" : 179.39,
    "dma100" : 171.56,
    "dma200" : 169.34,
    "volume" : 3218598.00
  }, {
    "date" : "2026-01-27",
    "price" : 161.19,
    "dma50" : 178.68,
    "dma100" : 171.65,
    "dma200" : 169.26,
    "volume" : 3325386.00
  }, {
    "date" : "2026-01-28",
    "price" : 168.92,
    "dma50" : 178.30,
    "dma100" : 171.81,
    "dma200" : 169.26,
    "volume" : 1573019.00
  }, {
    "date" : "2026-01-29",
    "price" : 165.09,
    "dma50" : 177.78,
    "dma100" : 171.92,
    "dma200" : 169.22,
    "volume" : 1645947.00
  }, {
    "date" : "2026-01-30",
    "price" : 167.04,
    "dma50" : 177.36,
    "dma100" : 172.08,
    "dma200" : 169.20,
    "volume" : 3094362.00
  }, {
    "date" : "2026-02-01",
    "price" : 163.80,
    "dma50" : 176.83,
    "dma100" : 172.21,
    "dma200" : 169.14,
    "volume" : 757978.00
  }, {
    "date" : "2026-02-02",
    "price" : 167.33,
    "dma50" : 176.45,
    "dma100" : 172.38,
    "dma200" : 169.12,
    "volume" : 1521785.00
  }, {
    "date" : "2026-02-03",
    "price" : 169.51,
    "dma50" : 176.18,
    "dma100" : 172.57,
    "dma200" : 169.13,
    "volume" : 3345425.00
  }, {
    "date" : "2026-02-04",
    "price" : 168.01,
    "dma50" : 175.86,
    "dma100" : 172.73,
    "dma200" : 169.12,
    "volume" : 1806550.00
  }, {
    "date" : "2026-02-05",
    "price" : 169.74,
    "dma50" : 175.62,
    "dma100" : 172.91,
    "dma200" : 169.12,
    "volume" : 1201684.00
  } ],
  "latestTechnicalAttributes" : {
    "date" : "2026-02-05",
    "price" : 169.74,
    "dma50" : 175.62,
    "dma100" : 172.91,
    "dma200" : 169.12,
    "volume" : 1201684.00
  },
  "quarterlyResults" : [ {
    "date" : "2008-03-31",
    "sales" : 39.18,
    "salesGrowthYoY" : null,
    "grossProfitMargin" : 100.00,
    "grossProfit" : 39.18,
    "operatingProfitMargin" : -44.84,
    "operatingProfit" : -17.57,
    "netProfitMargin" : -26.16,
    "netProfit" : -10.25
  }, {
    "date" : "2008-12-31",
    "sales" : 45.76,
    "salesGrowthYoY" : null,
    "grossProfitMargin" : 100.00,
    "grossProfit" : 45.76,
    "operatingProfitMargin" : 20.85,
    "operatingProfit" : 9.54,
    "netProfitMargin" : -15.95,
    "netProfit" : -7.30
  }, {
    "date" : "2009-09-30",
    "sales" : 65.18,
    "salesGrowthYoY" : null,
    "grossProfitMargin" : 100.00,
    "grossProfit" : 65.18,
    "operatingProfitMargin" : 37.30,
    "operatingProfit" : 24.31,
    "netProfitMargin" : -35.38,
    "netProfit" : -23.06
  }, {
    "date" : "2009-12-31",
    "sales" : 69.23,
    "salesGrowthYoY" : null,
    "grossProfitMargin" : 100.00,
    "grossProfit" : 69.23,
    "operatingProfitMargin" : 28.87,
    "operatingProfit" : 19.99,
    "netProfitMargin" : -41.96,
    "netProfit" : -29.05
  }, {
    "date" : "2010-03-31",
    "sales" : 54.07,
    "salesGrowthYoY" : 38.00,
    "grossProfitMargin" : 100.00,
    "grossProfit" : 54.07,
    "operatingProfitMargin" : 32.40,
    "operatingProfit" : 17.52,
    "netProfitMargin" : -52.19,
    "netProfit" : -28.22
  }, {
    "date" : "2010-06-30",
    "sales" : 61.59,
    "salesGrowthYoY" : 34.59,
    "grossProfitMargin" : 100.00,
    "grossProfit" : 61.59,
    "operatingProfitMargin" : 39.68,
    "operatingProfit" : 24.44,
    "netProfitMargin" : -39.32,
    "netProfit" : -24.22
  }, {
    "date" : "2010-09-30",
    "sales" : 80.76,
    "salesGrowthYoY" : 23.90,
    "grossProfitMargin" : 100.00,
    "grossProfit" : 80.76,
    "operatingProfitMargin" : 43.24,
    "operatingProfit" : 34.92,
    "netProfitMargin" : -12.17,
    "netProfit" : -9.83
  }, {
    "date" : "2010-12-31",
    "sales" : 87.49,
    "salesGrowthYoY" : 26.38,
    "grossProfitMargin" : 100.00,
    "grossProfit" : 87.49,
    "operatingProfitMargin" : 39.32,
    "operatingProfit" : 34.40,
    "netProfitMargin" : 12.74,
    "netProfit" : 11.15
  }, {
    "date" : "2011-03-31",
    "sales" : 82.97,
    "salesGrowthYoY" : 53.45,
    "grossProfitMargin" : 100.00,
    "grossProfit" : 82.97,
    "operatingProfitMargin" : 45.55,
    "operatingProfit" : 37.79,
    "netProfitMargin" : 7.21,
    "netProfit" : 5.98
  }, {
    "date" : "2011-06-30",
    "sales" : 99.76,
    "salesGrowthYoY" : 61.97,
    "grossProfitMargin" : 100.00,
    "grossProfit" : 99.76,
    "operatingProfitMargin" : 40.89,
    "operatingProfit" : 40.79,
    "netProfitMargin" : 10.93,
    "netProfit" : 10.90
  }, {
    "date" : "2011-09-30",
    "sales" : 97.53,
    "salesGrowthYoY" : 20.77,
    "grossProfitMargin" : 100.00,
    "grossProfit" : 97.53,
    "operatingProfitMargin" : 45.85,
    "operatingProfit" : 44.72,
    "netProfitMargin" : 13.55,
    "netProfit" : 13.22
  }, {
    "date" : "2011-12-31",
    "sales" : 115.54,
    "salesGrowthYoY" : 32.06,
    "grossProfitMargin" : 100.00,
    "grossProfit" : 115.54,
    "operatingProfitMargin" : 50.47,
    "operatingProfit" : 58.31,
    "netProfitMargin" : 23.37,
    "netProfit" : 27.00
  }, {
    "date" : "2012-03-31",
    "sales" : 100.38,
    "salesGrowthYoY" : 20.98,
    "grossProfitMargin" : 100.00,
    "grossProfit" : 100.38,
    "operatingProfitMargin" : 44.93,
    "operatingProfit" : 45.10,
    "netProfitMargin" : 14.03,
    "netProfit" : 14.08
  }, {
    "date" : "2012-06-30",
    "sales" : 102.54,
    "salesGrowthYoY" : 2.79,
    "grossProfitMargin" : 100.00,
    "grossProfit" : 102.54,
    "operatingProfitMargin" : 45.17,
    "operatingProfit" : 46.32,
    "netProfitMargin" : 15.34,
    "netProfit" : 15.73
  }, {
    "date" : "2012-09-30",
    "sales" : 94.32,
    "salesGrowthYoY" : -3.29,
    "grossProfitMargin" : 100.00,
    "grossProfit" : 94.32,
    "operatingProfitMargin" : 35.69,
    "operatingProfit" : 33.66,
    "netProfitMargin" : 8.66,
    "netProfit" : 8.17
  }, {
    "date" : "2012-12-31",
    "sales" : 118.79,
    "salesGrowthYoY" : 2.81,
    "grossProfitMargin" : 100.00,
    "grossProfit" : 118.79,
    "operatingProfitMargin" : 47.81,
    "operatingProfit" : 56.79,
    "netProfitMargin" : 30.30,
    "netProfit" : 35.99
  }, {
    "date" : "2013-03-31",
    "sales" : 124.47,
    "salesGrowthYoY" : 24.00,
    "grossProfitMargin" : 100.00,
    "grossProfit" : 124.47,
    "operatingProfitMargin" : 45.77,
    "operatingProfit" : 56.97,
    "netProfitMargin" : 28.42,
    "netProfit" : 35.37
  }, {
    "date" : "2013-06-30",
    "sales" : 121.98,
    "salesGrowthYoY" : 18.96,
    "grossProfitMargin" : 100.00,
    "grossProfit" : 121.98,
    "operatingProfitMargin" : 45.05,
    "operatingProfit" : 54.95,
    "netProfitMargin" : 28.89,
    "netProfit" : 35.24
  }, {
    "date" : "2013-09-30",
    "sales" : 126.23,
    "salesGrowthYoY" : 33.83,
    "grossProfitMargin" : 100.00,
    "grossProfit" : 126.23,
    "operatingProfitMargin" : 48.64,
    "operatingProfit" : 61.40,
    "netProfitMargin" : 34.93,
    "netProfit" : 44.09
  }, {
    "date" : "2013-12-31",
    "sales" : 145.24,
    "salesGrowthYoY" : 22.27,
    "grossProfitMargin" : 100.00,
    "grossProfit" : 145.24,
    "operatingProfitMargin" : 55.30,
    "operatingProfit" : 80.32,
    "netProfitMargin" : 41.78,
    "netProfit" : 60.68
  }, {
    "date" : "2014-03-31",
    "sales" : 156.21,
    "salesGrowthYoY" : 25.50,
    "grossProfitMargin" : 100.00,
    "grossProfit" : 156.21,
    "operatingProfitMargin" : 58.86,
    "operatingProfit" : 91.95,
    "netProfitMargin" : 45.61,
    "netProfit" : 71.25
  }, {
    "date" : "2014-06-30",
    "sales" : 168.27,
    "salesGrowthYoY" : 37.95,
    "grossProfitMargin" : 100.00,
    "grossProfit" : 168.27,
    "operatingProfitMargin" : 58.77,
    "operatingProfit" : 98.89,
    "netProfitMargin" : 47.86,
    "netProfit" : 80.53
  }, {
    "date" : "2014-09-30",
    "sales" : 170.12,
    "salesGrowthYoY" : 34.77,
    "grossProfitMargin" : 100.00,
    "grossProfit" : 170.12,
    "operatingProfitMargin" : 56.37,
    "operatingProfit" : 95.90,
    "netProfitMargin" : 52.63,
    "netProfit" : 89.53
  }, {
    "date" : "2014-12-31",
    "sales" : 184.49,
    "salesGrowthYoY" : 27.02,
    "grossProfitMargin" : 100.00,
    "grossProfit" : 184.49,
    "operatingProfitMargin" : 54.49,
    "operatingProfit" : 100.53,
    "netProfitMargin" : 48.41,
    "netProfit" : 89.31
  }, {
    "date" : "2015-03-31",
    "sales" : 188.00,
    "salesGrowthYoY" : 20.35,
    "grossProfitMargin" : 100.00,
    "grossProfit" : 188.00,
    "operatingProfitMargin" : 59.90,
    "operatingProfit" : 112.61,
    "netProfitMargin" : 53.97,
    "netProfit" : 101.46
  }, {
    "date" : "2015-06-30",
    "sales" : 184.64,
    "salesGrowthYoY" : 9.73,
    "grossProfitMargin" : 100.00,
    "grossProfit" : 184.64,
    "operatingProfitMargin" : 53.40,
    "operatingProfit" : 98.60,
    "netProfitMargin" : 20.17,
    "netProfit" : 37.24
  }, {
    "date" : "2015-09-30",
    "sales" : 148.98,
    "salesGrowthYoY" : -12.43,
    "grossProfitMargin" : 100.00,
    "grossProfit" : 148.98,
    "operatingProfitMargin" : 51.20,
    "operatingProfit" : 76.28,
    "netProfitMargin" : 30.05,
    "netProfit" : 44.77
  }, {
    "date" : "2015-12-31",
    "sales" : 165.07,
    "salesGrowthYoY" : -10.53,
    "grossProfitMargin" : 100.00,
    "grossProfit" : 165.07,
    "operatingProfitMargin" : 60.45,
    "operatingProfit" : 99.78,
    "netProfitMargin" : 33.13,
    "netProfit" : 54.69
  }, {
    "date" : "2016-03-31",
    "sales" : 160.99,
    "salesGrowthYoY" : -14.37,
    "grossProfitMargin" : 100.00,
    "grossProfit" : 160.99,
    "operatingProfitMargin" : 62.01,
    "operatingProfit" : 99.83,
    "netProfitMargin" : 32.10,
    "netProfit" : 51.68
  }, {
    "date" : "2016-06-30",
    "sales" : 167.19,
    "salesGrowthYoY" : -9.45,
    "grossProfitMargin" : 100.00,
    "grossProfit" : 167.19,
    "operatingProfitMargin" : 59.94,
    "operatingProfit" : 100.21,
    "netProfitMargin" : 35.74,
    "netProfit" : 59.75
  }, {
    "date" : "2016-09-30",
    "sales" : 172.18,
    "salesGrowthYoY" : 15.57,
    "grossProfitMargin" : 100.00,
    "grossProfit" : 172.18,
    "operatingProfitMargin" : 57.25,
    "operatingProfit" : 98.57,
    "netProfitMargin" : 34.51,
    "netProfit" : 59.42
  }, {
    "date" : "2016-12-31",
    "sales" : 169.16,
    "salesGrowthYoY" : 2.48,
    "grossProfitMargin" : 100.00,
    "grossProfit" : 169.16,
    "operatingProfitMargin" : 61.69,
    "operatingProfit" : 104.35,
    "netProfitMargin" : 38.15,
    "netProfit" : 64.53
  }, {
    "date" : "2017-03-31",
    "sales" : 174.57,
    "salesGrowthYoY" : 8.44,
    "grossProfitMargin" : 100.00,
    "grossProfit" : 174.57,
    "operatingProfitMargin" : 65.69,
    "operatingProfit" : 114.68,
    "netProfitMargin" : 37.92,
    "netProfit" : 66.20
  }, {
    "date" : "2017-06-30",
    "sales" : 169.06,
    "salesGrowthYoY" : 1.12,
    "grossProfitMargin" : 100.00,
    "grossProfit" : 169.06,
    "operatingProfitMargin" : 61.32,
    "operatingProfit" : 103.67,
    "netProfitMargin" : 32.95,
    "netProfit" : 55.71
  }, {
    "date" : "2017-09-30",
    "sales" : 151.67,
    "salesGrowthYoY" : -11.91,
    "grossProfitMargin" : 100.00,
    "grossProfit" : 151.67,
    "operatingProfitMargin" : 54.57,
    "operatingProfit" : 82.77,
    "netProfitMargin" : 29.13,
    "netProfit" : 44.18
  }, {
    "date" : "2017-12-31",
    "sales" : 162.68,
    "salesGrowthYoY" : -3.83,
    "grossProfitMargin" : 100.00,
    "grossProfit" : 162.68,
    "operatingProfitMargin" : 58.19,
    "operatingProfit" : 94.66,
    "netProfitMargin" : 30.74,
    "netProfit" : 50.01
  }, {
    "date" : "2018-03-31",
    "sales" : 165.49,
    "salesGrowthYoY" : -5.20,
    "grossProfitMargin" : 100.00,
    "grossProfit" : 165.49,
    "operatingProfitMargin" : 56.20,
    "operatingProfit" : 93.01,
    "netProfitMargin" : 29.36,
    "netProfit" : 48.59
  }, {
    "date" : "2018-06-30",
    "sales" : 176.01,
    "salesGrowthYoY" : 4.11,
    "grossProfitMargin" : 100.00,
    "grossProfit" : 176.01,
    "operatingProfitMargin" : 51.91,
    "operatingProfit" : 91.37,
    "netProfitMargin" : 26.77,
    "netProfit" : 47.12
  }, {
    "date" : "2018-09-30",
    "sales" : 171.10,
    "salesGrowthYoY" : 12.81,
    "grossProfitMargin" : 100.00,
    "grossProfit" : 171.10,
    "operatingProfitMargin" : 56.98,
    "operatingProfit" : 97.49,
    "netProfitMargin" : 32.34,
    "netProfit" : 55.33
  }, {
    "date" : "2018-12-31",
    "sales" : 174.73,
    "salesGrowthYoY" : 7.41,
    "grossProfitMargin" : 100.00,
    "grossProfit" : 174.73,
    "operatingProfitMargin" : 56.50,
    "operatingProfit" : 98.72,
    "netProfitMargin" : 29.90,
    "netProfit" : 52.24
  }, {
    "date" : "2019-03-31",
    "sales" : 180.13,
    "salesGrowthYoY" : 8.85,
    "grossProfitMargin" : 100.00,
    "grossProfit" : 180.13,
    "operatingProfitMargin" : 55.25,
    "operatingProfit" : 99.52,
    "netProfitMargin" : 28.27,
    "netProfit" : 50.92
  }, {
    "date" : "2019-06-30",
    "sales" : 177.62,
    "salesGrowthYoY" : 0.91,
    "grossProfitMargin" : 100.00,
    "grossProfit" : 177.62,
    "operatingProfitMargin" : 57.67,
    "operatingProfit" : 102.43,
    "netProfitMargin" : 31.78,
    "netProfit" : 56.45
  }, {
    "date" : "2019-09-30",
    "sales" : 199.23,
    "salesGrowthYoY" : 16.44,
    "grossProfitMargin" : 100.00,
    "grossProfit" : 199.23,
    "operatingProfitMargin" : 63.60,
    "operatingProfit" : 126.71,
    "netProfitMargin" : 33.99,
    "netProfit" : 67.72
  }, {
    "date" : "2019-12-31",
    "sales" : 196.58,
    "salesGrowthYoY" : 12.51,
    "grossProfitMargin" : 100.00,
    "grossProfit" : 196.58,
    "operatingProfitMargin" : 59.54,
    "operatingProfit" : 117.04,
    "netProfitMargin" : 61.22,
    "netProfit" : 120.35
  }, {
    "date" : "2020-03-31",
    "sales" : 161.94,
    "salesGrowthYoY" : -10.10,
    "grossProfitMargin" : 100.00,
    "grossProfit" : 161.94,
    "operatingProfitMargin" : 62.00,
    "operatingProfit" : 100.40,
    "netProfitMargin" : 29.58,
    "netProfit" : 47.90
  }, {
    "date" : "2020-06-30",
    "sales" : 158.98,
    "salesGrowthYoY" : -10.49,
    "grossProfitMargin" : 100.00,
    "grossProfit" : 158.98,
    "operatingProfitMargin" : 60.07,
    "operatingProfit" : 95.50,
    "netProfitMargin" : 29.20,
    "netProfit" : 46.42
  }, {
    "date" : "2020-09-30",
    "sales" : 182.66,
    "salesGrowthYoY" : -8.32,
    "grossProfitMargin" : 100.00,
    "grossProfit" : 182.66,
    "operatingProfitMargin" : 56.34,
    "operatingProfit" : 102.91,
    "netProfitMargin" : 28.71,
    "netProfit" : 52.44
  }, {
    "date" : "2020-12-31",
    "sales" : 198.40,
    "salesGrowthYoY" : 0.93,
    "grossProfitMargin" : 100.00,
    "grossProfit" : 198.40,
    "operatingProfitMargin" : 55.45,
    "operatingProfit" : 110.01,
    "netProfitMargin" : 27.38,
    "netProfit" : 54.32
  }, {
    "date" : "2021-03-31",
    "sales" : 193.43,
    "salesGrowthYoY" : 19.45,
    "grossProfitMargin" : 100.00,
    "grossProfit" : 193.43,
    "operatingProfitMargin" : 59.74,
    "operatingProfit" : 115.56,
    "netProfitMargin" : 33.71,
    "netProfit" : 65.21
  }, {
    "date" : "2021-06-30",
    "sales" : 159.62,
    "salesGrowthYoY" : 0.40,
    "grossProfitMargin" : 100.00,
    "grossProfit" : 159.62,
    "operatingProfitMargin" : 55.08,
    "operatingProfit" : 87.92,
    "netProfitMargin" : 24.57,
    "netProfit" : 39.22
  }, {
    "date" : "2021-09-30",
    "sales" : 194.70,
    "salesGrowthYoY" : 6.59,
    "grossProfitMargin" : 100.00,
    "grossProfit" : 194.70,
    "operatingProfitMargin" : 55.98,
    "operatingProfit" : 108.99,
    "netProfitMargin" : 26.22,
    "netProfit" : 51.05
  }, {
    "date" : "2021-12-31",
    "sales" : 168.56,
    "salesGrowthYoY" : -15.04,
    "grossProfitMargin" : 100.00,
    "grossProfit" : 168.56,
    "operatingProfitMargin" : 51.43,
    "operatingProfit" : 86.69,
    "netProfitMargin" : 22.36,
    "netProfit" : 37.69
  }, {
    "date" : "2022-03-31",
    "sales" : 219.67,
    "salesGrowthYoY" : 13.57,
    "grossProfitMargin" : 100.00,
    "grossProfit" : 219.67,
    "operatingProfitMargin" : 58.26,
    "operatingProfit" : 127.98,
    "netProfitMargin" : 31.08,
    "netProfit" : 68.27
  }, {
    "date" : "2022-06-30",
    "sales" : 206.55,
    "salesGrowthYoY" : 29.40,
    "grossProfitMargin" : 100.00,
    "grossProfit" : 206.55,
    "operatingProfitMargin" : 54.05,
    "operatingProfit" : 111.64,
    "netProfitMargin" : 32.36,
    "netProfit" : 66.84
  }, {
    "date" : "2022-09-30",
    "sales" : 227.26,
    "salesGrowthYoY" : 16.72,
    "grossProfitMargin" : 100.00,
    "grossProfit" : 227.26,
    "operatingProfitMargin" : 53.25,
    "operatingProfit" : 121.02,
    "netProfitMargin" : 32.90,
    "netProfit" : 74.77
  }, {
    "date" : "2022-12-31",
    "sales" : 249.26,
    "salesGrowthYoY" : 47.88,
    "grossProfitMargin" : 100.00,
    "grossProfit" : 249.26,
    "operatingProfitMargin" : 56.32,
    "operatingProfit" : 140.38,
    "netProfitMargin" : 36.09,
    "netProfit" : 89.96
  }, {
    "date" : "2023-03-31",
    "sales" : 234.73,
    "salesGrowthYoY" : 6.86,
    "grossProfitMargin" : 100.00,
    "grossProfit" : 234.73,
    "operatingProfitMargin" : 55.36,
    "operatingProfit" : 129.95,
    "netProfitMargin" : 37.32,
    "netProfit" : 87.60
  }, {
    "date" : "2023-06-30",
    "sales" : 214.92,
    "salesGrowthYoY" : 4.05,
    "grossProfitMargin" : 100.00,
    "grossProfit" : 214.92,
    "operatingProfitMargin" : 49.25,
    "operatingProfit" : 105.85,
    "netProfitMargin" : 32.26,
    "netProfit" : 69.33
  }, {
    "date" : "2023-09-30",
    "sales" : 252.61,
    "salesGrowthYoY" : 11.15,
    "grossProfitMargin" : 100.00,
    "grossProfit" : 252.61,
    "operatingProfitMargin" : 59.64,
    "operatingProfit" : 150.66,
    "netProfitMargin" : 41.58,
    "netProfit" : 105.04
  }, {
    "date" : "2023-12-31",
    "sales" : 269.63,
    "salesGrowthYoY" : 8.17,
    "grossProfitMargin" : 100.00,
    "grossProfit" : 269.63,
    "operatingProfitMargin" : 59.08,
    "operatingProfit" : 159.30,
    "netProfitMargin" : 40.93,
    "netProfit" : 110.36
  }, {
    "date" : "2024-03-31",
    "sales" : 251.28,
    "salesGrowthYoY" : 7.05,
    "grossProfitMargin" : 100.00,
    "grossProfit" : 251.28,
    "operatingProfitMargin" : 62.58,
    "operatingProfit" : 157.25,
    "netProfitMargin" : 39.99,
    "netProfit" : 100.49
  }, {
    "date" : "2024-06-30",
    "sales" : 245.98,
    "salesGrowthYoY" : 14.45,
    "grossProfitMargin" : 100.00,
    "grossProfit" : 245.98,
    "operatingProfitMargin" : 60.79,
    "operatingProfit" : 149.53,
    "netProfitMargin" : 42.54,
    "netProfit" : 104.64
  }, {
    "date" : "2024-09-30",
    "sales" : 227.04,
    "salesGrowthYoY" : -10.12,
    "grossProfitMargin" : 100.00,
    "grossProfit" : 227.04,
    "operatingProfitMargin" : 58.39,
    "operatingProfit" : 132.57,
    "netProfitMargin" : 40.30,
    "netProfit" : 91.50
  }, {
    "date" : "2024-12-31",
    "sales" : 262.89,
    "salesGrowthYoY" : -2.50,
    "grossProfitMargin" : 100.00,
    "grossProfit" : 262.89,
    "operatingProfitMargin" : 52.78,
    "operatingProfit" : 138.75,
    "netProfitMargin" : 35.75,
    "netProfit" : 93.98
  }, {
    "date" : "2025-03-31",
    "sales" : 251.77,
    "salesGrowthYoY" : 0.20,
    "grossProfitMargin" : 100.00,
    "grossProfit" : 251.77,
    "operatingProfitMargin" : 62.25,
    "operatingProfit" : 156.73,
    "netProfitMargin" : 43.31,
    "netProfit" : 109.04
  }, {
    "date" : "2025-06-30",
    "sales" : 250.45,
    "salesGrowthYoY" : 1.82,
    "grossProfitMargin" : 100.00,
    "grossProfit" : 250.45,
    "operatingProfitMargin" : 59.15,
    "operatingProfit" : 148.14,
    "netProfitMargin" : 40.22,
    "netProfit" : 100.73
  }, {
    "date" : "2025-09-30",
    "sales" : 299.35,
    "salesGrowthYoY" : 31.85,
    "grossProfitMargin" : 100.00,
    "grossProfit" : 299.35,
    "operatingProfitMargin" : 59.41,
    "operatingProfit" : 177.84,
    "netProfitMargin" : 42.13,
    "netProfit" : 126.12
  } ],
  "latestQuarterlyResult" : {
    "date" : "2025-09-30",
    "sales" : 299.35,
    "salesGrowthYoY" : 31.85,
    "grossProfitMargin" : 100.00,
    "grossProfit" : 299.35,
    "operatingProfitMargin" : 59.41,
    "operatingProfit" : 177.84,
    "netProfitMargin" : 42.13,
    "netProfit" : 126.12
  },
  "companyScore" : {
    "priceHigherThanDma50" : 0.00,
    "priceHigherThanDma100" : 0.00,
    "priceHigherThanDma200" : 5.00,
    "dma50HigherThanDma100" : 5.00,
    "dma50HigherThanDma200" : 5.00,
    "dma100HigherThanDma200" : 5.00,
    "pricePercentageAboveDma50" : 5.17,
    "pricePercentageAboveDma100" : 5.09,
    "pricePercentageAboveDma200" : 4.98,
    "weeklyVolumeHigherThanYearlyVolume" : 0.00,
    "salesGrowthPercentile" : 17.14,
    "operatingProfitMarginPercentile" : 18.86,
    "netProfitMarginPercentile" : 8.81,
    "totalTechnicalScore" : 35.24,
    "totalFundamentalScore" : 44.81,
    "totalScore" : 80.05
  }
}