{
  "metadata" : {
    "screenerCompanyId" : "1196",
    "companyCode" : "GRANULES",
    "companyName" : "Granules India",
    "screenerCompanyLink" : "https://www.screener.in/company/GRANULES/consolidated/",
    "screenerTechnicalHistoryLink" : "https://www.screener.in/api/company/1196/chart/?q=Price-DMA50-DMA200-Volume&days=365",
    "screenerQuarterlyResultsLink" : "https://www.screener.in/api/company/1196/chart/?q=GPM-OPM-NPM-Quarter+Sales&days=10000",
    "attributes" : {
      "companyCode" : "GRANULES",
      "companyName" : "Granules India",
      "marketCap" : 13930.00,
      "peRatio" : 25.60,
      "description" : "Granules India Ltd and its subsidiaries are primarily involved in the manufacturing and selling of Active Pharma Ingredients (APIs), Pharmaceutical Formulation Intermediates (PFIs) and Finished Dosages.[1]"
    },
    "companyScore" : {
      "priceHigherThanDma50" : 0.00,
      "priceHigherThanDma100" : 5.00,
      "priceHigherThanDma200" : 5.00,
      "dma50HigherThanDma100" : 5.00,
      "dma50HigherThanDma200" : 5.00,
      "dma100HigherThanDma200" : 5.00,
      "pricePercentageAboveDma50" : 5.02,
      "pricePercentageAboveDma100" : 4.90,
      "pricePercentageAboveDma200" : 4.71,
      "weeklyVolumeHigherThanYearlyVolume" : 5.00,
      "salesGrowthPercentile" : 8.39,
      "operatingProfitMarginPercentile" : 17.14,
      "netProfitMarginPercentile" : 8.45,
      "totalTechnicalScore" : 44.63,
      "totalFundamentalScore" : 33.98,
      "totalScore" : 78.61
    }
  },
  "attributes" : {
    "companyCode" : "GRANULES",
    "companyName" : "Granules India",
    "marketCap" : 13930.00,
    "peRatio" : 25.60,
    "description" : "Granules India Ltd and its subsidiaries are primarily involved in the manufacturing and selling of Active Pharma Ingredients (APIs), Pharmaceutical Formulation Intermediates (PFIs) and Finished Dosages.[1]"
  },
  "technicalHistory" : [ {
    "date" : "2025-01-30",
    "price" : 564.45,
    "dma50" : 579.45,
    "dma100" : null,
    "dma200" : 544.69,
    "volume" : 3529484.00
  }, {
    "date" : "2025-01-31",
    "price" : 556.35,
    "dma50" : 578.55,
    "dma100" : null,
    "dma200" : 544.80,
    "volume" : 946048.00
  }, {
    "date" : "2025-02-01",
    "price" : 565.10,
    "dma50" : 578.02,
    "dma100" : null,
    "dma200" : 545.01,
    "volume" : 725177.00
  }, {
    "date" : "2025-02-03",
    "price" : 556.45,
    "dma50" : 577.17,
    "dma100" : null,
    "dma200" : 545.12,
    "volume" : 840211.00
  }, {
    "date" : "2025-02-04",
    "price" : 570.90,
    "dma50" : 576.93,
    "dma100" : null,
    "dma200" : 545.38,
    "volume" : 1091289.00
  }, {
    "date" : "2025-02-05",
    "price" : 582.70,
    "dma50" : 577.15,
    "dma100" : null,
    "dma200" : 545.75,
    "volume" : 644025.00
  }, {
    "date" : "2025-02-06",
    "price" : 578.90,
    "dma50" : 577.22,
    "dma100" : null,
    "dma200" : 546.08,
    "volume" : 1293817.00
  }, {
    "date" : "2025-02-07",
    "price" : 582.90,
    "dma50" : 577.44,
    "dma100" : null,
    "dma200" : 546.44,
    "volume" : 525950.00
  }, {
    "date" : "2025-02-10",
    "price" : 569.05,
    "dma50" : 577.12,
    "dma100" : null,
    "dma200" : 546.67,
    "volume" : 390677.00
  }, {
    "date" : "2025-02-11",
    "price" : 552.20,
    "dma50" : 576.14,
    "dma100" : null,
    "dma200" : 546.72,
    "volume" : 529196.00
  }, {
    "date" : "2025-02-12",
    "price" : 538.10,
    "dma50" : 574.65,
    "dma100" : null,
    "dma200" : 546.64,
    "volume" : 1229804.00
  }, {
    "date" : "2025-02-13",
    "price" : 542.25,
    "dma50" : 573.38,
    "dma100" : null,
    "dma200" : 546.59,
    "volume" : 943520.00
  }, {
    "date" : "2025-02-14",
    "price" : 512.85,
    "dma50" : 571.00,
    "dma100" : null,
    "dma200" : 546.26,
    "volume" : 1560532.00
  }, {
    "date" : "2025-02-17",
    "price" : 522.25,
    "dma50" : 569.09,
    "dma100" : null,
    "dma200" : 546.02,
    "volume" : 1176372.00
  }, {
    "date" : "2025-02-18",
    "price" : 518.75,
    "dma50" : 567.12,
    "dma100" : null,
    "dma200" : 545.75,
    "volume" : 1199292.00
  }, {
    "date" : "2025-02-19",
    "price" : 531.45,
    "dma50" : 565.72,
    "dma100" : null,
    "dma200" : 545.61,
    "volume" : 1005534.00
  }, {
    "date" : "2025-02-20",
    "price" : 527.05,
    "dma50" : 564.20,
    "dma100" : null,
    "dma200" : 545.42,
    "volume" : 849061.00
  }, {
    "date" : "2025-02-21",
    "price" : 508.55,
    "dma50" : 562.02,
    "dma100" : null,
    "dma200" : 545.05,
    "volume" : 1059359.00
  }, {
    "date" : "2025-02-24",
    "price" : 516.40,
    "dma50" : 560.23,
    "dma100" : null,
    "dma200" : 544.77,
    "volume" : 1426958.00
  }, {
    "date" : "2025-02-25",
    "price" : 514.75,
    "dma50" : 558.45,
    "dma100" : null,
    "dma200" : 544.47,
    "volume" : 814621.00
  }, {
    "date" : "2025-02-27",
    "price" : 506.95,
    "dma50" : 556.43,
    "dma100" : null,
    "dma200" : 544.10,
    "volume" : 891072.00
  }, {
    "date" : "2025-02-28",
    "price" : 461.80,
    "dma50" : 552.72,
    "dma100" : null,
    "dma200" : 543.28,
    "volume" : 5042114.00
  }, {
    "date" : "2025-03-03",
    "price" : 472.85,
    "dma50" : 549.58,
    "dma100" : null,
    "dma200" : 542.58,
    "volume" : 1740705.00
  }, {
    "date" : "2025-03-04",
    "price" : 471.60,
    "dma50" : 546.53,
    "dma100" : null,
    "dma200" : 541.87,
    "volume" : 1545454.00
  }, {
    "date" : "2025-03-05",
    "price" : 483.70,
    "dma50" : 544.06,
    "dma100" : null,
    "dma200" : 541.29,
    "volume" : 4990479.00
  }, {
    "date" : "2025-03-06",
    "price" : 494.00,
    "dma50" : 542.10,
    "dma100" : null,
    "dma200" : 540.82,
    "volume" : 2301935.00
  }, {
    "date" : "2025-03-07",
    "price" : 493.15,
    "dma50" : 540.18,
    "dma100" : null,
    "dma200" : 540.35,
    "volume" : 851021.00
  }, {
    "date" : "2025-03-10",
    "price" : 478.65,
    "dma50" : 537.77,
    "dma100" : null,
    "dma200" : 539.73,
    "volume" : 1263747.00
  }, {
    "date" : "2025-03-11",
    "price" : 478.70,
    "dma50" : 535.45,
    "dma100" : null,
    "dma200" : 539.13,
    "volume" : 1274246.00
  }, {
    "date" : "2025-03-12",
    "price" : 476.00,
    "dma50" : 533.12,
    "dma100" : null,
    "dma200" : 538.50,
    "volume" : 654112.00
  }, {
    "date" : "2025-03-13",
    "price" : 470.65,
    "dma50" : 530.67,
    "dma100" : null,
    "dma200" : 537.82,
    "volume" : 413496.00
  }, {
    "date" : "2025-03-17",
    "price" : 488.60,
    "dma50" : 529.02,
    "dma100" : null,
    "dma200" : 537.33,
    "volume" : 1109019.00
  }, {
    "date" : "2025-03-18",
    "price" : 495.50,
    "dma50" : 527.70,
    "dma100" : null,
    "dma200" : 536.92,
    "volume" : 1129798.00
  }, {
    "date" : "2025-03-19",
    "price" : 496.25,
    "dma50" : 526.47,
    "dma100" : null,
    "dma200" : 536.51,
    "volume" : 1062404.00
  }, {
    "date" : "2025-03-20",
    "price" : 500.35,
    "dma50" : 525.45,
    "dma100" : null,
    "dma200" : 536.15,
    "volume" : 930500.00
  }, {
    "date" : "2025-03-21",
    "price" : 507.45,
    "dma50" : 524.74,
    "dma100" : null,
    "dma200" : 535.87,
    "volume" : 906551.00
  }, {
    "date" : "2025-03-24",
    "price" : 511.45,
    "dma50" : 524.22,
    "dma100" : null,
    "dma200" : 535.62,
    "volume" : 803192.00
  }, {
    "date" : "2025-03-25",
    "price" : 505.10,
    "dma50" : 523.47,
    "dma100" : null,
    "dma200" : 535.32,
    "volume" : 1316388.00
  }, {
    "date" : "2025-03-26",
    "price" : 492.45,
    "dma50" : 522.25,
    "dma100" : null,
    "dma200" : 534.89,
    "volume" : 783391.00
  }, {
    "date" : "2025-03-27",
    "price" : 490.40,
    "dma50" : 521.00,
    "dma100" : null,
    "dma200" : 534.45,
    "volume" : 2094774.00
  }, {
    "date" : "2025-03-28",
    "price" : 486.35,
    "dma50" : 519.65,
    "dma100" : null,
    "dma200" : 533.97,
    "volume" : 503667.00
  }, {
    "date" : "2025-04-01",
    "price" : 482.75,
    "dma50" : 518.20,
    "dma100" : null,
    "dma200" : 533.46,
    "volume" : 383528.00
  }, {
    "date" : "2025-04-02",
    "price" : 483.15,
    "dma50" : 516.82,
    "dma100" : null,
    "dma200" : 532.96,
    "volume" : 1140990.00
  }, {
    "date" : "2025-04-03",
    "price" : 491.20,
    "dma50" : 515.82,
    "dma100" : null,
    "dma200" : 532.55,
    "volume" : 1508277.00
  }, {
    "date" : "2025-04-04",
    "price" : 456.75,
    "dma50" : 513.50,
    "dma100" : null,
    "dma200" : 531.79,
    "volume" : 1845089.00
  }, {
    "date" : "2025-04-07",
    "price" : 436.90,
    "dma50" : 510.50,
    "dma100" : null,
    "dma200" : 530.85,
    "volume" : 815507.00
  }, {
    "date" : "2025-04-08",
    "price" : 444.35,
    "dma50" : 507.90,
    "dma100" : null,
    "dma200" : 529.99,
    "volume" : 1364459.00
  }, {
    "date" : "2025-04-09",
    "price" : 431.10,
    "dma50" : 504.89,
    "dma100" : null,
    "dma200" : 529.00,
    "volume" : 1104512.00
  }, {
    "date" : "2025-04-11",
    "price" : 451.30,
    "dma50" : 502.79,
    "dma100" : null,
    "dma200" : 528.23,
    "volume" : 3202287.00
  }, {
    "date" : "2025-04-15",
    "price" : 464.40,
    "dma50" : 501.29,
    "dma100" : null,
    "dma200" : 527.60,
    "volume" : 561398.00
  }, {
    "date" : "2025-04-16",
    "price" : 463.05,
    "dma50" : 499.79,
    "dma100" : null,
    "dma200" : 526.95,
    "volume" : 806099.00
  }, {
    "date" : "2025-04-17",
    "price" : 467.50,
    "dma50" : 498.52,
    "dma100" : null,
    "dma200" : 526.36,
    "volume" : 1161625.00
  }, {
    "date" : "2025-04-21",
    "price" : 480.20,
    "dma50" : 497.80,
    "dma100" : null,
    "dma200" : 525.90,
    "volume" : 1225804.00
  }, {
    "date" : "2025-04-22",
    "price" : 480.05,
    "dma50" : 497.11,
    "dma100" : null,
    "dma200" : 525.45,
    "volume" : 746890.00
  }, {
    "date" : "2025-04-23",
    "price" : 484.95,
    "dma50" : 496.63,
    "dma100" : null,
    "dma200" : 525.04,
    "volume" : 2369931.00
  }, {
    "date" : "2025-04-24",
    "price" : 475.05,
    "dma50" : 495.78,
    "dma100" : null,
    "dma200" : 524.55,
    "volume" : 1409209.00
  }, {
    "date" : "2025-04-25",
    "price" : 452.55,
    "dma50" : 494.09,
    "dma100" : null,
    "dma200" : 523.83,
    "volume" : 1522625.00
  }, {
    "date" : "2025-04-28",
    "price" : 461.45,
    "dma50" : 492.81,
    "dma100" : null,
    "dma200" : 523.21,
    "volume" : 745517.00
  }, {
    "date" : "2025-04-29",
    "price" : 455.60,
    "dma50" : 491.35,
    "dma100" : null,
    "dma200" : 522.54,
    "volume" : 1227769.00
  }, {
    "date" : "2025-04-30",
    "price" : 455.80,
    "dma50" : 489.95,
    "dma100" : null,
    "dma200" : 521.87,
    "volume" : 1059747.00
  }, {
    "date" : "2025-05-02",
    "price" : 455.60,
    "dma50" : 488.61,
    "dma100" : null,
    "dma200" : 521.21,
    "volume" : 839879.00
  }, {
    "date" : "2025-05-05",
    "price" : 461.75,
    "dma50" : 487.55,
    "dma100" : null,
    "dma200" : 520.62,
    "volume" : 1204217.00
  }, {
    "date" : "2025-05-06",
    "price" : 448.15,
    "dma50" : 486.01,
    "dma100" : null,
    "dma200" : 519.90,
    "volume" : 778726.00
  }, {
    "date" : "2025-05-07",
    "price" : 453.85,
    "dma50" : 484.75,
    "dma100" : null,
    "dma200" : 519.24,
    "volume" : 964580.00
  }, {
    "date" : "2025-05-08",
    "price" : 442.50,
    "dma50" : 483.09,
    "dma100" : null,
    "dma200" : 518.48,
    "volume" : 1603979.00
  }, {
    "date" : "2025-05-09",
    "price" : 440.90,
    "dma50" : 481.44,
    "dma100" : null,
    "dma200" : 517.71,
    "volume" : 2138523.00
  }, {
    "date" : "2025-05-12",
    "price" : 460.15,
    "dma50" : 480.60,
    "dma100" : null,
    "dma200" : 517.13,
    "volume" : 3466975.00
  }, {
    "date" : "2025-05-13",
    "price" : 477.75,
    "dma50" : 480.49,
    "dma100" : null,
    "dma200" : 516.74,
    "volume" : 1958059.00
  }, {
    "date" : "2025-05-14",
    "price" : 492.80,
    "dma50" : 480.97,
    "dma100" : null,
    "dma200" : 516.50,
    "volume" : 1957416.00
  }, {
    "date" : "2025-05-15",
    "price" : 502.45,
    "dma50" : 481.81,
    "dma100" : null,
    "dma200" : 516.36,
    "volume" : 1485234.00
  }, {
    "date" : "2025-05-16",
    "price" : 505.60,
    "dma50" : 482.75,
    "dma100" : null,
    "dma200" : 516.26,
    "volume" : 1268767.00
  }, {
    "date" : "2025-05-19",
    "price" : 511.70,
    "dma50" : 483.88,
    "dma100" : null,
    "dma200" : 516.21,
    "volume" : 1181998.00
  }, {
    "date" : "2025-05-20",
    "price" : 509.20,
    "dma50" : 484.88,
    "dma100" : null,
    "dma200" : 516.14,
    "volume" : 503298.00
  }, {
    "date" : "2025-05-21",
    "price" : 517.90,
    "dma50" : 486.17,
    "dma100" : null,
    "dma200" : 516.16,
    "volume" : 1859912.00
  }, {
    "date" : "2025-05-22",
    "price" : 516.20,
    "dma50" : 487.35,
    "dma100" : null,
    "dma200" : 516.16,
    "volume" : 625488.00
  }, {
    "date" : "2025-05-23",
    "price" : 517.95,
    "dma50" : 488.55,
    "dma100" : null,
    "dma200" : 516.18,
    "volume" : 482255.00
  }, {
    "date" : "2025-05-26",
    "price" : 520.00,
    "dma50" : 489.78,
    "dma100" : null,
    "dma200" : 516.22,
    "volume" : 745160.00
  }, {
    "date" : "2025-05-27",
    "price" : 528.80,
    "dma50" : 491.31,
    "dma100" : null,
    "dma200" : 516.34,
    "volume" : 1875893.00
  }, {
    "date" : "2025-05-28",
    "price" : 522.40,
    "dma50" : 492.53,
    "dma100" : null,
    "dma200" : 516.40,
    "volume" : 2560123.00
  }, {
    "date" : "2025-05-29",
    "price" : 535.30,
    "dma50" : 494.21,
    "dma100" : null,
    "dma200" : 516.59,
    "volume" : 1923003.00
  }, {
    "date" : "2025-05-30",
    "price" : 530.55,
    "dma50" : 495.63,
    "dma100" : null,
    "dma200" : 516.73,
    "volume" : 1145949.00
  }, {
    "date" : "2025-06-02",
    "price" : 529.15,
    "dma50" : 496.95,
    "dma100" : null,
    "dma200" : 516.85,
    "volume" : 486425.00
  }, {
    "date" : "2025-06-03",
    "price" : 521.50,
    "dma50" : 497.91,
    "dma100" : null,
    "dma200" : 516.90,
    "volume" : 675250.00
  }, {
    "date" : "2025-06-04",
    "price" : 527.35,
    "dma50" : 499.07,
    "dma100" : null,
    "dma200" : 517.00,
    "volume" : 602344.00
  }, {
    "date" : "2025-06-05",
    "price" : 533.95,
    "dma50" : 500.43,
    "dma100" : null,
    "dma200" : 517.17,
    "volume" : 888758.00
  }, {
    "date" : "2025-06-06",
    "price" : 529.95,
    "dma50" : 501.59,
    "dma100" : null,
    "dma200" : 517.30,
    "volume" : 501697.00
  }, {
    "date" : "2025-06-09",
    "price" : 536.60,
    "dma50" : 502.96,
    "dma100" : null,
    "dma200" : 517.49,
    "volume" : 708086.00
  }, {
    "date" : "2025-06-10",
    "price" : 542.45,
    "dma50" : 504.51,
    "dma100" : null,
    "dma200" : 517.74,
    "volume" : 756675.00
  }, {
    "date" : "2025-06-11",
    "price" : 536.20,
    "dma50" : 505.75,
    "dma100" : null,
    "dma200" : 517.92,
    "volume" : 584891.00
  }, {
    "date" : "2025-06-12",
    "price" : 523.90,
    "dma50" : 506.47,
    "dma100" : null,
    "dma200" : 517.98,
    "volume" : 1699966.00
  }, {
    "date" : "2025-06-13",
    "price" : 509.40,
    "dma50" : 506.58,
    "dma100" : null,
    "dma200" : 517.90,
    "volume" : 1062339.00
  }, {
    "date" : "2025-06-16",
    "price" : 515.65,
    "dma50" : 506.94,
    "dma100" : null,
    "dma200" : 517.87,
    "volume" : 852661.00
  }, {
    "date" : "2025-06-17",
    "price" : 498.15,
    "dma50" : 506.59,
    "dma100" : null,
    "dma200" : 517.68,
    "volume" : 1068517.00
  }, {
    "date" : "2025-06-18",
    "price" : 494.90,
    "dma50" : 506.13,
    "dma100" : null,
    "dma200" : 517.45,
    "volume" : 922445.00
  }, {
    "date" : "2025-06-19",
    "price" : 480.30,
    "dma50" : 505.12,
    "dma100" : null,
    "dma200" : 517.08,
    "volume" : 1160397.00
  }, {
    "date" : "2025-06-20",
    "price" : 487.35,
    "dma50" : 504.42,
    "dma100" : null,
    "dma200" : 516.79,
    "volume" : 1136431.00
  }, {
    "date" : "2025-06-23",
    "price" : 497.25,
    "dma50" : 504.14,
    "dma100" : null,
    "dma200" : 516.59,
    "volume" : 1200829.00
  }, {
    "date" : "2025-06-24",
    "price" : 489.20,
    "dma50" : 503.56,
    "dma100" : null,
    "dma200" : 516.32,
    "volume" : 891676.00
  }, {
    "date" : "2025-06-25",
    "price" : 493.75,
    "dma50" : 503.17,
    "dma100" : null,
    "dma200" : 516.09,
    "volume" : 1169889.00
  }, {
    "date" : "2025-06-26",
    "price" : 496.90,
    "dma50" : 502.93,
    "dma100" : null,
    "dma200" : 515.90,
    "volume" : 1161550.00
  }, {
    "date" : "2025-06-27",
    "price" : 497.20,
    "dma50" : 502.70,
    "dma100" : 500.20,
    "dma200" : 515.72,
    "volume" : 955246.00
  }, {
    "date" : "2025-06-30",
    "price" : 495.30,
    "dma50" : 502.41,
    "dma100" : 499.59,
    "dma200" : 515.51,
    "volume" : 503462.00
  }, {
    "date" : "2025-07-01",
    "price" : 489.15,
    "dma50" : 501.89,
    "dma100" : 498.83,
    "dma200" : 515.25,
    "volume" : 798984.00
  }, {
    "date" : "2025-07-02",
    "price" : 490.80,
    "dma50" : 501.46,
    "dma100" : 498.17,
    "dma200" : 515.01,
    "volume" : 804932.00
  }, {
    "date" : "2025-07-03",
    "price" : 490.15,
    "dma50" : 501.01,
    "dma100" : 497.36,
    "dma200" : 514.76,
    "volume" : 460802.00
  }, {
    "date" : "2025-07-04",
    "price" : 492.60,
    "dma50" : 500.68,
    "dma100" : 496.46,
    "dma200" : 514.54,
    "volume" : 498095.00
  }, {
    "date" : "2025-07-07",
    "price" : 493.20,
    "dma50" : 500.39,
    "dma100" : 495.60,
    "dma200" : 514.33,
    "volume" : 397821.00
  }, {
    "date" : "2025-07-08",
    "price" : 481.60,
    "dma50" : 499.65,
    "dma100" : 494.59,
    "dma200" : 514.00,
    "volume" : 668565.00
  }, {
    "date" : "2025-07-09",
    "price" : 479.55,
    "dma50" : 498.86,
    "dma100" : 493.70,
    "dma200" : 513.66,
    "volume" : 457308.00
  }, {
    "date" : "2025-07-10",
    "price" : 473.80,
    "dma50" : 497.88,
    "dma100" : 492.91,
    "dma200" : 513.26,
    "volume" : 451218.00
  }, {
    "date" : "2025-07-11",
    "price" : 469.00,
    "dma50" : 496.75,
    "dma100" : 492.22,
    "dma200" : 512.82,
    "volume" : 352154.00
  }, {
    "date" : "2025-07-14",
    "price" : 485.75,
    "dma50" : 496.32,
    "dma100" : 491.66,
    "dma200" : 512.55,
    "volume" : 831428.00
  }, {
    "date" : "2025-07-15",
    "price" : 491.75,
    "dma50" : 496.14,
    "dma100" : 491.45,
    "dma200" : 512.35,
    "volume" : 561680.00
  }, {
    "date" : "2025-07-16",
    "price" : 499.70,
    "dma50" : 496.28,
    "dma100" : 491.22,
    "dma200" : 512.22,
    "volume" : 2694551.00
  }, {
    "date" : "2025-07-17",
    "price" : 502.45,
    "dma50" : 496.52,
    "dma100" : 491.06,
    "dma200" : 512.12,
    "volume" : 1984711.00
  }, {
    "date" : "2025-07-18",
    "price" : 496.15,
    "dma50" : 496.51,
    "dma100" : 490.70,
    "dma200" : 511.96,
    "volume" : 562505.00
  }, {
    "date" : "2025-07-21",
    "price" : 494.50,
    "dma50" : 496.43,
    "dma100" : 490.38,
    "dma200" : 511.79,
    "volume" : 451019.00
  }, {
    "date" : "2025-07-22",
    "price" : 477.10,
    "dma50" : 495.67,
    "dma100" : 490.06,
    "dma200" : 511.44,
    "volume" : 909761.00
  }, {
    "date" : "2025-07-23",
    "price" : 475.85,
    "dma50" : 494.89,
    "dma100" : 489.66,
    "dma200" : 511.09,
    "volume" : 520263.00
  }, {
    "date" : "2025-07-24",
    "price" : 476.65,
    "dma50" : 494.18,
    "dma100" : 489.28,
    "dma200" : 510.75,
    "volume" : 728842.00
  }, {
    "date" : "2025-07-25",
    "price" : 469.10,
    "dma50" : 493.19,
    "dma100" : 488.90,
    "dma200" : 510.33,
    "volume" : 573946.00
  }, {
    "date" : "2025-07-28",
    "price" : 463.20,
    "dma50" : 492.02,
    "dma100" : 488.91,
    "dma200" : 509.86,
    "volume" : 924548.00
  }, {
    "date" : "2025-07-29",
    "price" : 490.45,
    "dma50" : 491.96,
    "dma100" : 489.09,
    "dma200" : 509.67,
    "volume" : 1869368.00
  }, {
    "date" : "2025-07-30",
    "price" : 492.15,
    "dma50" : 491.96,
    "dma100" : 489.29,
    "dma200" : 509.50,
    "volume" : 983559.00
  }, {
    "date" : "2025-07-31",
    "price" : 474.90,
    "dma50" : 491.29,
    "dma100" : 489.21,
    "dma200" : 509.15,
    "volume" : 969314.00
  }, {
    "date" : "2025-08-01",
    "price" : 451.75,
    "dma50" : 489.74,
    "dma100" : 488.78,
    "dma200" : 508.58,
    "volume" : 1480275.00
  }, {
    "date" : "2025-08-04",
    "price" : 454.00,
    "dma50" : 488.34,
    "dma100" : 488.39,
    "dma200" : 508.04,
    "volume" : 1149956.00
  }, {
    "date" : "2025-08-05",
    "price" : 448.70,
    "dma50" : 486.79,
    "dma100" : 488.09,
    "dma200" : 507.45,
    "volume" : 792639.00
  }, {
    "date" : "2025-08-06",
    "price" : 439.35,
    "dma50" : 484.93,
    "dma100" : 487.70,
    "dma200" : 506.77,
    "volume" : 1358911.00
  }, {
    "date" : "2025-08-07",
    "price" : 450.00,
    "dma50" : 483.56,
    "dma100" : 487.44,
    "dma200" : 506.21,
    "volume" : 2424154.00
  }, {
    "date" : "2025-08-08",
    "price" : 439.55,
    "dma50" : 481.83,
    "dma100" : 487.13,
    "dma200" : 505.54,
    "volume" : 848592.00
  }, {
    "date" : "2025-08-11",
    "price" : 440.55,
    "dma50" : 480.21,
    "dma100" : 486.65,
    "dma200" : 504.90,
    "volume" : 607493.00
  }, {
    "date" : "2025-08-12",
    "price" : 455.10,
    "dma50" : 479.23,
    "dma100" : 486.24,
    "dma200" : 504.40,
    "volume" : 2194937.00
  }, {
    "date" : "2025-08-13",
    "price" : 460.35,
    "dma50" : 478.49,
    "dma100" : 485.88,
    "dma200" : 503.96,
    "volume" : 817943.00
  }, {
    "date" : "2025-08-14",
    "price" : 459.40,
    "dma50" : 477.74,
    "dma100" : 485.48,
    "dma200" : 503.52,
    "volume" : 1606360.00
  }, {
    "date" : "2025-08-18",
    "price" : 461.35,
    "dma50" : 477.10,
    "dma100" : 485.01,
    "dma200" : 503.10,
    "volume" : 556895.00
  }, {
    "date" : "2025-08-19",
    "price" : 458.05,
    "dma50" : 476.35,
    "dma100" : 484.48,
    "dma200" : 502.65,
    "volume" : 558094.00
  }, {
    "date" : "2025-08-20",
    "price" : 461.35,
    "dma50" : 475.76,
    "dma100" : 484.04,
    "dma200" : 502.24,
    "volume" : 813073.00
  }, {
    "date" : "2025-08-21",
    "price" : 462.00,
    "dma50" : 475.22,
    "dma100" : 483.74,
    "dma200" : 501.84,
    "volume" : 1096888.00
  }, {
    "date" : "2025-08-22",
    "price" : 458.50,
    "dma50" : 474.57,
    "dma100" : 483.42,
    "dma200" : 501.41,
    "volume" : 963174.00
  }, {
    "date" : "2025-08-25",
    "price" : 460.70,
    "dma50" : 474.02,
    "dma100" : 483.16,
    "dma200" : 501.00,
    "volume" : 2596637.00
  }, {
    "date" : "2025-08-26",
    "price" : 469.50,
    "dma50" : 473.84,
    "dma100" : 483.03,
    "dma200" : 500.69,
    "volume" : 5932840.00
  }, {
    "date" : "2025-08-28",
    "price" : 467.25,
    "dma50" : 473.59,
    "dma100" : 482.87,
    "dma200" : 500.36,
    "volume" : 6527238.00
  }, {
    "date" : "2025-08-29",
    "price" : 492.25,
    "dma50" : 474.32,
    "dma100" : 482.88,
    "dma200" : 500.28,
    "volume" : 17969348.00
  }, {
    "date" : "2025-09-01",
    "price" : 515.80,
    "dma50" : 475.94,
    "dma100" : 483.47,
    "dma200" : 500.43,
    "volume" : 7479884.00
  }, {
    "date" : "2025-09-02",
    "price" : 507.80,
    "dma50" : 477.19,
    "dma100" : 484.18,
    "dma200" : 500.50,
    "volume" : 3006514.00
  }, {
    "date" : "2025-09-03",
    "price" : 518.45,
    "dma50" : 478.81,
    "dma100" : 484.92,
    "dma200" : 500.68,
    "volume" : 1530071.00
  }, {
    "date" : "2025-09-04",
    "price" : 512.85,
    "dma50" : 480.15,
    "dma100" : 485.74,
    "dma200" : 500.80,
    "volume" : 853363.00
  }, {
    "date" : "2025-09-05",
    "price" : 511.40,
    "dma50" : 481.37,
    "dma100" : 486.34,
    "dma200" : 500.91,
    "volume" : 706085.00
  }, {
    "date" : "2025-09-08",
    "price" : 519.25,
    "dma50" : 482.86,
    "dma100" : 486.89,
    "dma200" : 501.09,
    "volume" : 922909.00
  }, {
    "date" : "2025-09-09",
    "price" : 525.10,
    "dma50" : 484.51,
    "dma100" : 487.51,
    "dma200" : 501.33,
    "volume" : 1239009.00
  }, {
    "date" : "2025-09-10",
    "price" : 524.65,
    "dma50" : 486.09,
    "dma100" : 488.08,
    "dma200" : 501.56,
    "volume" : 786355.00
  }, {
    "date" : "2025-09-11",
    "price" : 526.10,
    "dma50" : 487.66,
    "dma100" : 488.54,
    "dma200" : 501.81,
    "volume" : 702096.00
  }, {
    "date" : "2025-09-12",
    "price" : 534.35,
    "dma50" : 489.49,
    "dma100" : 489.08,
    "dma200" : 502.13,
    "volume" : 1365728.00
  }, {
    "date" : "2025-09-15",
    "price" : 533.35,
    "dma50" : 491.21,
    "dma100" : 489.57,
    "dma200" : 502.44,
    "volume" : 892251.00
  }, {
    "date" : "2025-09-16",
    "price" : 539.80,
    "dma50" : 493.11,
    "dma100" : 490.21,
    "dma200" : 502.81,
    "volume" : 643549.00
  }, {
    "date" : "2025-09-17",
    "price" : 546.05,
    "dma50" : 495.19,
    "dma100" : 491.15,
    "dma200" : 503.24,
    "volume" : 1625055.00
  }, {
    "date" : "2025-09-18",
    "price" : 543.15,
    "dma50" : 497.07,
    "dma100" : 491.97,
    "dma200" : 503.64,
    "volume" : 1389292.00
  }, {
    "date" : "2025-09-19",
    "price" : 543.40,
    "dma50" : 498.89,
    "dma100" : 492.84,
    "dma200" : 504.04,
    "volume" : 619693.00
  }, {
    "date" : "2025-09-22",
    "price" : 526.30,
    "dma50" : 499.96,
    "dma100" : 493.55,
    "dma200" : 504.26,
    "volume" : 1235450.00
  }, {
    "date" : "2025-09-23",
    "price" : 523.80,
    "dma50" : 500.90,
    "dma100" : 494.23,
    "dma200" : 504.45,
    "volume" : 456273.00
  }, {
    "date" : "2025-09-24",
    "price" : 530.80,
    "dma50" : 502.07,
    "dma100" : 494.92,
    "dma200" : 504.71,
    "volume" : 553980.00
  }, {
    "date" : "2025-09-25",
    "price" : 530.15,
    "dma50" : 503.17,
    "dma100" : 495.74,
    "dma200" : 504.97,
    "volume" : 510226.00
  }, {
    "date" : "2025-09-26",
    "price" : 515.90,
    "dma50" : 503.67,
    "dma100" : 496.36,
    "dma200" : 505.08,
    "volume" : 1443875.00
  }, {
    "date" : "2025-09-29",
    "price" : 514.60,
    "dma50" : 504.10,
    "dma100" : 497.08,
    "dma200" : 505.17,
    "volume" : 1295378.00
  }, {
    "date" : "2025-09-30",
    "price" : 517.00,
    "dma50" : 504.60,
    "dma100" : 497.84,
    "dma200" : 505.29,
    "volume" : 547247.00
  }, {
    "date" : "2025-10-01",
    "price" : 542.65,
    "dma50" : 506.10,
    "dma100" : 498.67,
    "dma200" : 505.66,
    "volume" : 2994395.00
  }, {
    "date" : "2025-10-03",
    "price" : 557.30,
    "dma50" : 508.10,
    "dma100" : 499.47,
    "dma200" : 506.17,
    "volume" : 2449491.00
  }, {
    "date" : "2025-10-06",
    "price" : 552.70,
    "dma50" : 509.85,
    "dma100" : 500.06,
    "dma200" : 506.64,
    "volume" : 584630.00
  }, {
    "date" : "2025-10-07",
    "price" : 555.90,
    "dma50" : 511.66,
    "dma100" : 500.60,
    "dma200" : 507.13,
    "volume" : 541174.00
  }, {
    "date" : "2025-10-08",
    "price" : 548.75,
    "dma50" : 513.11,
    "dma100" : 501.03,
    "dma200" : 507.54,
    "volume" : 690280.00
  }, {
    "date" : "2025-10-09",
    "price" : 566.15,
    "dma50" : 515.19,
    "dma100" : 501.57,
    "dma200" : 508.12,
    "volume" : 3108718.00
  }, {
    "date" : "2025-10-10",
    "price" : 568.55,
    "dma50" : 517.29,
    "dma100" : 502.17,
    "dma200" : 508.73,
    "volume" : 1343148.00
  }, {
    "date" : "2025-10-13",
    "price" : 564.00,
    "dma50" : 519.12,
    "dma100" : 502.63,
    "dma200" : 509.28,
    "volume" : 558448.00
  }, {
    "date" : "2025-10-14",
    "price" : 570.00,
    "dma50" : 521.11,
    "dma100" : 503.17,
    "dma200" : 509.88,
    "volume" : 2881963.00
  }, {
    "date" : "2025-10-15",
    "price" : 568.85,
    "dma50" : 522.99,
    "dma100" : 503.68,
    "dma200" : 510.47,
    "volume" : 2001715.00
  }, {
    "date" : "2025-10-16",
    "price" : 570.10,
    "dma50" : 524.83,
    "dma100" : 504.18,
    "dma200" : 511.06,
    "volume" : 536306.00
  }, {
    "date" : "2025-10-17",
    "price" : 569.55,
    "dma50" : 526.59,
    "dma100" : 504.58,
    "dma200" : 511.64,
    "volume" : 803874.00
  }, {
    "date" : "2025-10-20",
    "price" : 565.80,
    "dma50" : 528.12,
    "dma100" : 505.02,
    "dma200" : 512.18,
    "volume" : 574627.00
  }, {
    "date" : "2025-10-21",
    "price" : 570.05,
    "dma50" : 529.77,
    "dma100" : 505.37,
    "dma200" : 512.76,
    "volume" : 135361.00
  }, {
    "date" : "2025-10-23",
    "price" : 557.15,
    "dma50" : 530.84,
    "dma100" : 505.63,
    "dma200" : 513.20,
    "volume" : 1261414.00
  }, {
    "date" : "2025-10-24",
    "price" : 564.55,
    "dma50" : 532.16,
    "dma100" : 505.99,
    "dma200" : 513.71,
    "volume" : 610314.00
  }, {
    "date" : "2025-10-27",
    "price" : 565.60,
    "dma50" : 533.48,
    "dma100" : 506.43,
    "dma200" : 514.23,
    "volume" : 653526.00
  }, {
    "date" : "2025-10-28",
    "price" : 569.95,
    "dma50" : 534.91,
    "dma100" : 506.85,
    "dma200" : 514.78,
    "volume" : 477788.00
  }, {
    "date" : "2025-10-29",
    "price" : 571.30,
    "dma50" : 536.33,
    "dma100" : 507.23,
    "dma200" : 515.34,
    "volume" : 1738972.00
  }, {
    "date" : "2025-10-30",
    "price" : 574.30,
    "dma50" : 537.82,
    "dma100" : 507.67,
    "dma200" : 515.93,
    "volume" : 292393.00
  }, {
    "date" : "2025-10-31",
    "price" : 565.60,
    "dma50" : 538.91,
    "dma100" : 507.96,
    "dma200" : 516.42,
    "volume" : 404599.00
  }, {
    "date" : "2025-11-03",
    "price" : 573.65,
    "dma50" : 540.27,
    "dma100" : 508.27,
    "dma200" : 516.99,
    "volume" : 477838.00
  }, {
    "date" : "2025-11-04",
    "price" : 567.70,
    "dma50" : 541.35,
    "dma100" : 508.59,
    "dma200" : 517.50,
    "volume" : 402930.00
  }, {
    "date" : "2025-11-06",
    "price" : 552.25,
    "dma50" : 541.78,
    "dma100" : 508.87,
    "dma200" : 517.84,
    "volume" : 713461.00
  }, {
    "date" : "2025-11-07",
    "price" : 554.65,
    "dma50" : 542.28,
    "dma100" : 509.32,
    "dma200" : 518.21,
    "volume" : 336378.00
  }, {
    "date" : "2025-11-10",
    "price" : 550.15,
    "dma50" : 542.59,
    "dma100" : 509.67,
    "dma200" : 518.53,
    "volume" : 225154.00
  }, {
    "date" : "2025-11-11",
    "price" : 535.45,
    "dma50" : 542.31,
    "dma100" : 510.04,
    "dma200" : 518.70,
    "volume" : 876874.00
  }, {
    "date" : "2025-11-12",
    "price" : 542.45,
    "dma50" : 542.32,
    "dma100" : 510.52,
    "dma200" : 518.93,
    "volume" : 498666.00
  }, {
    "date" : "2025-11-13",
    "price" : 556.30,
    "dma50" : 542.86,
    "dma100" : 511.28,
    "dma200" : 519.30,
    "volume" : 2692913.00
  }, {
    "date" : "2025-11-14",
    "price" : 548.20,
    "dma50" : 543.07,
    "dma100" : 511.89,
    "dma200" : 519.59,
    "volume" : 1243710.00
  }, {
    "date" : "2025-11-17",
    "price" : 561.70,
    "dma50" : 543.80,
    "dma100" : 512.53,
    "dma200" : 520.01,
    "volume" : 629678.00
  }, {
    "date" : "2025-11-18",
    "price" : 561.45,
    "dma50" : 544.50,
    "dma100" : 513.25,
    "dma200" : 520.42,
    "volume" : 635717.00
  }, {
    "date" : "2025-11-19",
    "price" : 553.95,
    "dma50" : 544.87,
    "dma100" : 513.85,
    "dma200" : 520.76,
    "volume" : 453665.00
  }, {
    "date" : "2025-11-20",
    "price" : 550.80,
    "dma50" : 545.10,
    "dma100" : 514.39,
    "dma200" : 521.06,
    "volume" : 304340.00
  }, {
    "date" : "2025-11-21",
    "price" : 544.20,
    "dma50" : 545.06,
    "dma100" : 514.86,
    "dma200" : 521.29,
    "volume" : 390666.00
  }, {
    "date" : "2025-11-24",
    "price" : 532.85,
    "dma50" : 544.58,
    "dma100" : 515.24,
    "dma200" : 521.40,
    "volume" : 839158.00
  }, {
    "date" : "2025-11-25",
    "price" : 545.90,
    "dma50" : 544.64,
    "dma100" : 515.81,
    "dma200" : 521.64,
    "volume" : 4041251.00
  }, {
    "date" : "2025-11-26",
    "price" : 545.90,
    "dma50" : 544.69,
    "dma100" : 516.36,
    "dma200" : 521.89,
    "volume" : 1523686.00
  }, {
    "date" : "2025-11-27",
    "price" : 548.95,
    "dma50" : 544.85,
    "dma100" : 516.95,
    "dma200" : 522.15,
    "volume" : 741207.00
  }, {
    "date" : "2025-11-28",
    "price" : 556.10,
    "dma50" : 545.29,
    "dma100" : 517.58,
    "dma200" : 522.49,
    "volume" : 953313.00
  }, {
    "date" : "2025-12-01",
    "price" : 568.75,
    "dma50" : 546.21,
    "dma100" : 518.34,
    "dma200" : 522.95,
    "volume" : 1370703.00
  }, {
    "date" : "2025-12-02",
    "price" : 570.20,
    "dma50" : 547.15,
    "dma100" : 519.22,
    "dma200" : 523.42,
    "volume" : 898099.00
  }, {
    "date" : "2025-12-03",
    "price" : 568.30,
    "dma50" : 547.98,
    "dma100" : 520.11,
    "dma200" : 523.87,
    "volume" : 580173.00
  }, {
    "date" : "2025-12-04",
    "price" : 566.40,
    "dma50" : 548.71,
    "dma100" : 521.04,
    "dma200" : 524.29,
    "volume" : 717053.00
  }, {
    "date" : "2025-12-05",
    "price" : 560.85,
    "dma50" : 549.18,
    "dma100" : 521.95,
    "dma200" : 524.66,
    "volume" : 2390155.00
  }, {
    "date" : "2025-12-08",
    "price" : 543.95,
    "dma50" : 548.98,
    "dma100" : 522.54,
    "dma200" : 524.85,
    "volume" : 691433.00
  }, {
    "date" : "2025-12-09",
    "price" : 560.45,
    "dma50" : 549.43,
    "dma100" : 523.22,
    "dma200" : 525.20,
    "volume" : 2407795.00
  }, {
    "date" : "2025-12-10",
    "price" : 554.85,
    "dma50" : 549.64,
    "dma100" : 523.77,
    "dma200" : 525.50,
    "volume" : 535268.00
  }, {
    "date" : "2025-12-11",
    "price" : 564.75,
    "dma50" : 550.23,
    "dma100" : 524.40,
    "dma200" : 525.89,
    "volume" : 1651877.00
  }, {
    "date" : "2025-12-12",
    "price" : 574.50,
    "dma50" : 551.18,
    "dma100" : 525.18,
    "dma200" : 526.37,
    "volume" : 1322200.00
  }, {
    "date" : "2025-12-15",
    "price" : 571.60,
    "dma50" : 551.98,
    "dma100" : 525.95,
    "dma200" : 526.82,
    "volume" : 618278.00
  }, {
    "date" : "2025-12-16",
    "price" : 574.05,
    "dma50" : 552.85,
    "dma100" : 526.92,
    "dma200" : 527.29,
    "volume" : 652823.00
  }, {
    "date" : "2025-12-17",
    "price" : 579.70,
    "dma50" : 553.90,
    "dma100" : 527.96,
    "dma200" : 527.81,
    "volume" : 1801714.00
  }, {
    "date" : "2025-12-18",
    "price" : 581.85,
    "dma50" : 555.00,
    "dma100" : 529.01,
    "dma200" : 528.35,
    "volume" : 670404.00
  }, {
    "date" : "2025-12-19",
    "price" : 583.40,
    "dma50" : 556.11,
    "dma100" : 530.15,
    "dma200" : 528.90,
    "volume" : 2170149.00
  }, {
    "date" : "2025-12-22",
    "price" : 600.75,
    "dma50" : 557.86,
    "dma100" : 531.53,
    "dma200" : 529.61,
    "volume" : 1811743.00
  }, {
    "date" : "2025-12-23",
    "price" : 614.80,
    "dma50" : 560.10,
    "dma100" : 532.77,
    "dma200" : 530.46,
    "volume" : 3739491.00
  }, {
    "date" : "2025-12-24",
    "price" : 612.40,
    "dma50" : 562.15,
    "dma100" : 533.98,
    "dma200" : 531.28,
    "volume" : 3467643.00
  }, {
    "date" : "2025-12-26",
    "price" : 617.35,
    "dma50" : 564.31,
    "dma100" : 535.40,
    "dma200" : 532.13,
    "volume" : 518535.00
  }, {
    "date" : "2025-12-29",
    "price" : 603.15,
    "dma50" : 565.83,
    "dma100" : 536.91,
    "dma200" : 532.84,
    "volume" : 927827.00
  }, {
    "date" : "2025-12-30",
    "price" : 598.40,
    "dma50" : 567.11,
    "dma100" : 538.36,
    "dma200" : 533.49,
    "volume" : 447485.00
  }, {
    "date" : "2025-12-31",
    "price" : 598.50,
    "dma50" : 568.34,
    "dma100" : 539.86,
    "dma200" : 534.14,
    "volume" : 390041.00
  }, {
    "date" : "2026-01-01",
    "price" : 619.20,
    "dma50" : 570.34,
    "dma100" : 541.66,
    "dma200" : 534.99,
    "volume" : 1225014.00
  }, {
    "date" : "2026-01-02",
    "price" : 615.35,
    "dma50" : 572.10,
    "dma100" : 543.31,
    "dma200" : 535.79,
    "volume" : 729188.00
  }, {
    "date" : "2026-01-05",
    "price" : 605.25,
    "dma50" : 573.40,
    "dma100" : 544.97,
    "dma200" : 536.48,
    "volume" : 490020.00
  }, {
    "date" : "2026-01-06",
    "price" : 612.20,
    "dma50" : 574.92,
    "dma100" : 546.68,
    "dma200" : 537.23,
    "volume" : 569937.00
  }, {
    "date" : "2026-01-07",
    "price" : 610.95,
    "dma50" : 576.34,
    "dma100" : 548.24,
    "dma200" : 537.96,
    "volume" : 2193418.00
  }, {
    "date" : "2026-01-08",
    "price" : 607.35,
    "dma50" : 577.55,
    "dma100" : 549.71,
    "dma200" : 538.65,
    "volume" : 1591670.00
  }, {
    "date" : "2026-01-09",
    "price" : 601.95,
    "dma50" : 578.51,
    "dma100" : 551.14,
    "dma200" : 539.28,
    "volume" : 983568.00
  }, {
    "date" : "2026-01-12",
    "price" : 594.85,
    "dma50" : 579.15,
    "dma100" : 552.47,
    "dma200" : 539.84,
    "volume" : 1142593.00
  }, {
    "date" : "2026-01-13",
    "price" : 590.80,
    "dma50" : 579.61,
    "dma100" : 553.80,
    "dma200" : 540.34,
    "volume" : 769240.00
  }, {
    "date" : "2026-01-14",
    "price" : 599.35,
    "dma50" : 580.38,
    "dma100" : 555.18,
    "dma200" : 540.93,
    "volume" : 569496.00
  }, {
    "date" : "2026-01-16",
    "price" : 583.10,
    "dma50" : 580.49,
    "dma100" : 556.39,
    "dma200" : 541.35,
    "volume" : 527335.00
  }, {
    "date" : "2026-01-19",
    "price" : 574.00,
    "dma50" : 580.23,
    "dma100" : 557.54,
    "dma200" : 541.68,
    "volume" : 641790.00
  }, {
    "date" : "2026-01-20",
    "price" : 552.75,
    "dma50" : 579.16,
    "dma100" : 558.47,
    "dma200" : 541.79,
    "volume" : 984128.00
  }, {
    "date" : "2026-01-21",
    "price" : 537.55,
    "dma50" : 577.52,
    "dma100" : 559.15,
    "dma200" : 541.74,
    "volume" : 958705.00
  }, {
    "date" : "2026-01-22",
    "price" : 571.30,
    "dma50" : 577.28,
    "dma100" : 560.19,
    "dma200" : 542.04,
    "volume" : 1651089.00
  }, {
    "date" : "2026-01-23",
    "price" : 565.00,
    "dma50" : 576.80,
    "dma100" : 560.91,
    "dma200" : 542.27,
    "volume" : 1016781.00
  }, {
    "date" : "2026-01-27",
    "price" : 579.10,
    "dma50" : 576.89,
    "dma100" : 561.55,
    "dma200" : 542.63,
    "volume" : 2112529.00
  }, {
    "date" : "2026-01-28",
    "price" : 564.90,
    "dma50" : 576.42,
    "dma100" : 562.12,
    "dma200" : 542.85,
    "volume" : 1113713.00
  }, {
    "date" : "2026-01-29",
    "price" : 574.15,
    "dma50" : 576.33,
    "dma100" : 562.67,
    "dma200" : 543.17,
    "volume" : 741110.00
  } ],
  "latestTechnicalAttributes" : {
    "date" : "2026-01-29",
    "price" : 574.15,
    "dma50" : 576.33,
    "dma100" : 562.67,
    "dma200" : 543.17,
    "volume" : 741110.00
  },
  "quarterlyResults" : [ {
    "date" : "2005-03-31",
    "sales" : 38.14,
    "salesGrowthYoY" : null,
    "grossProfitMargin" : 32.28,
    "grossProfit" : 12.31,
    "operatingProfitMargin" : 14.50,
    "operatingProfit" : 5.53,
    "netProfitMargin" : 4.64,
    "netProfit" : 1.77
  }, {
    "date" : "2005-06-30",
    "sales" : 34.95,
    "salesGrowthYoY" : null,
    "grossProfitMargin" : 34.85,
    "grossProfit" : 12.18,
    "operatingProfitMargin" : 13.10,
    "operatingProfit" : 4.58,
    "netProfitMargin" : 5.55,
    "netProfit" : 1.94
  }, {
    "date" : "2005-09-30",
    "sales" : 39.83,
    "salesGrowthYoY" : null,
    "grossProfitMargin" : 35.65,
    "grossProfit" : 14.20,
    "operatingProfitMargin" : 14.29,
    "operatingProfit" : 5.69,
    "netProfitMargin" : 5.02,
    "netProfit" : 2.00
  }, {
    "date" : "2005-12-31",
    "sales" : 44.44,
    "salesGrowthYoY" : null,
    "grossProfitMargin" : 34.09,
    "grossProfit" : 15.15,
    "operatingProfitMargin" : 14.00,
    "operatingProfit" : 6.22,
    "netProfitMargin" : 5.00,
    "netProfit" : 2.22
  }, {
    "date" : "2006-03-31",
    "sales" : 43.76,
    "salesGrowthYoY" : 14.74,
    "grossProfitMargin" : 34.67,
    "grossProfit" : 15.17,
    "operatingProfitMargin" : 14.74,
    "operatingProfit" : 6.45,
    "netProfitMargin" : 6.38,
    "netProfit" : 2.79
  }, {
    "date" : "2006-06-30",
    "sales" : 47.54,
    "salesGrowthYoY" : 36.02,
    "grossProfitMargin" : 40.98,
    "grossProfit" : 19.48,
    "operatingProfitMargin" : 15.48,
    "operatingProfit" : 7.36,
    "netProfitMargin" : 5.11,
    "netProfit" : 2.43
  }, {
    "date" : "2006-09-30",
    "sales" : 45.39,
    "salesGrowthYoY" : 13.96,
    "grossProfitMargin" : 42.48,
    "grossProfit" : 19.28,
    "operatingProfitMargin" : 16.77,
    "operatingProfit" : 7.61,
    "netProfitMargin" : 4.49,
    "netProfit" : 2.04
  }, {
    "date" : "2006-12-31",
    "sales" : 50.21,
    "salesGrowthYoY" : 12.98,
    "grossProfitMargin" : 41.13,
    "grossProfit" : 20.65,
    "operatingProfitMargin" : 16.57,
    "operatingProfit" : 8.32,
    "netProfitMargin" : 6.07,
    "netProfit" : 3.05
  }, {
    "date" : "2007-03-31",
    "sales" : 45.43,
    "salesGrowthYoY" : 3.82,
    "grossProfitMargin" : 42.59,
    "grossProfit" : 19.35,
    "operatingProfitMargin" : 17.74,
    "operatingProfit" : 8.06,
    "netProfitMargin" : 6.27,
    "netProfit" : 2.85
  }, {
    "date" : "2007-06-30",
    "sales" : 44.66,
    "salesGrowthYoY" : -6.06,
    "grossProfitMargin" : 42.50,
    "grossProfit" : 18.98,
    "operatingProfitMargin" : 16.41,
    "operatingProfit" : 7.33,
    "netProfitMargin" : 5.96,
    "netProfit" : 2.66
  }, {
    "date" : "2007-09-30",
    "sales" : 50.03,
    "salesGrowthYoY" : 10.22,
    "grossProfitMargin" : 42.45,
    "grossProfit" : 21.24,
    "operatingProfitMargin" : 15.37,
    "operatingProfit" : 7.69,
    "netProfitMargin" : 4.04,
    "netProfit" : 2.02
  }, {
    "date" : "2007-12-31",
    "sales" : 52.94,
    "salesGrowthYoY" : 5.44,
    "grossProfitMargin" : 42.05,
    "grossProfit" : 22.26,
    "operatingProfitMargin" : 14.07,
    "operatingProfit" : 7.45,
    "netProfitMargin" : 3.08,
    "netProfit" : 1.63
  }, {
    "date" : "2008-03-31",
    "sales" : 49.47,
    "salesGrowthYoY" : 8.89,
    "grossProfitMargin" : 42.09,
    "grossProfit" : 20.82,
    "operatingProfitMargin" : 16.82,
    "operatingProfit" : 8.32,
    "netProfitMargin" : 4.08,
    "netProfit" : 2.02
  }, {
    "date" : "2008-06-30",
    "sales" : 61.71,
    "salesGrowthYoY" : 38.18,
    "grossProfitMargin" : 40.06,
    "grossProfit" : 24.72,
    "operatingProfitMargin" : 14.89,
    "operatingProfit" : 9.19,
    "netProfitMargin" : 4.38,
    "netProfit" : 2.70
  }, {
    "date" : "2008-09-30",
    "sales" : 81.45,
    "salesGrowthYoY" : 62.80,
    "grossProfitMargin" : 36.54,
    "grossProfit" : 29.76,
    "operatingProfitMargin" : 12.11,
    "operatingProfit" : 9.86,
    "netProfitMargin" : 3.36,
    "netProfit" : 2.74
  }, {
    "date" : "2008-12-31",
    "sales" : 85.61,
    "salesGrowthYoY" : 61.71,
    "grossProfitMargin" : 39.98,
    "grossProfit" : 34.23,
    "operatingProfitMargin" : 16.61,
    "operatingProfit" : 14.22,
    "netProfitMargin" : 6.48,
    "netProfit" : 5.55
  }, {
    "date" : "2009-03-31",
    "sales" : 86.86,
    "salesGrowthYoY" : 75.58,
    "grossProfitMargin" : 39.27,
    "grossProfit" : 34.11,
    "operatingProfitMargin" : 14.43,
    "operatingProfit" : 12.53,
    "netProfitMargin" : 1.31,
    "netProfit" : 1.14
  }, {
    "date" : "2009-06-30",
    "sales" : 87.37,
    "salesGrowthYoY" : 41.58,
    "grossProfitMargin" : 37.29,
    "grossProfit" : 32.58,
    "operatingProfitMargin" : 7.74,
    "operatingProfit" : 6.76,
    "netProfitMargin" : 2.64,
    "netProfit" : 2.31
  }, {
    "date" : "2009-09-30",
    "sales" : 96.44,
    "salesGrowthYoY" : 18.40,
    "grossProfitMargin" : 38.80,
    "grossProfit" : 37.42,
    "operatingProfitMargin" : 15.16,
    "operatingProfit" : 14.62,
    "netProfitMargin" : 5.94,
    "netProfit" : 5.73
  }, {
    "date" : "2009-12-31",
    "sales" : 101.34,
    "salesGrowthYoY" : 18.37,
    "grossProfitMargin" : 35.67,
    "grossProfit" : 36.15,
    "operatingProfitMargin" : 12.23,
    "operatingProfit" : 12.39,
    "netProfitMargin" : 2.88,
    "netProfit" : 2.92
  }, {
    "date" : "2010-03-31",
    "sales" : 101.05,
    "salesGrowthYoY" : 16.34,
    "grossProfitMargin" : 36.55,
    "grossProfit" : 36.93,
    "operatingProfitMargin" : 3.33,
    "operatingProfit" : 3.36,
    "netProfitMargin" : 5.75,
    "netProfit" : 5.81
  }, {
    "date" : "2010-06-30",
    "sales" : 90.51,
    "salesGrowthYoY" : 3.59,
    "grossProfitMargin" : 38.49,
    "grossProfit" : 34.84,
    "operatingProfitMargin" : 13.09,
    "operatingProfit" : 11.85,
    "netProfitMargin" : 3.54,
    "netProfit" : 3.20
  }, {
    "date" : "2010-09-30",
    "sales" : 100.21,
    "salesGrowthYoY" : 3.91,
    "grossProfitMargin" : 37.17,
    "grossProfit" : 37.25,
    "operatingProfitMargin" : 11.43,
    "operatingProfit" : 11.45,
    "netProfitMargin" : 3.81,
    "netProfit" : 3.82
  }, {
    "date" : "2010-12-31",
    "sales" : 110.18,
    "salesGrowthYoY" : 8.72,
    "grossProfitMargin" : 37.24,
    "grossProfit" : 41.03,
    "operatingProfitMargin" : 12.95,
    "operatingProfit" : 14.27,
    "netProfitMargin" : 5.69,
    "netProfit" : 6.27
  }, {
    "date" : "2011-03-31",
    "sales" : 104.78,
    "salesGrowthYoY" : 3.69,
    "grossProfitMargin" : 39.58,
    "grossProfit" : 41.47,
    "operatingProfitMargin" : 15.27,
    "operatingProfit" : 16.00,
    "netProfitMargin" : 7.85,
    "netProfit" : 8.23
  }, {
    "date" : "2011-06-30",
    "sales" : 101.61,
    "salesGrowthYoY" : 12.26,
    "grossProfitMargin" : 39.12,
    "grossProfit" : 39.75,
    "operatingProfitMargin" : 11.26,
    "operatingProfit" : 11.44,
    "netProfitMargin" : 2.99,
    "netProfit" : 3.04
  }, {
    "date" : "2011-09-30",
    "sales" : 140.08,
    "salesGrowthYoY" : 39.79,
    "grossProfitMargin" : 33.95,
    "grossProfit" : 47.56,
    "operatingProfitMargin" : 9.02,
    "operatingProfit" : 12.64,
    "netProfitMargin" : 2.49,
    "netProfit" : 3.49
  }, {
    "date" : "2011-12-31",
    "sales" : 155.56,
    "salesGrowthYoY" : 41.19,
    "grossProfitMargin" : 38.73,
    "grossProfit" : 60.25,
    "operatingProfitMargin" : 11.78,
    "operatingProfit" : 18.32,
    "netProfitMargin" : 3.83,
    "netProfit" : 5.96
  }, {
    "date" : "2012-03-31",
    "sales" : 165.42,
    "salesGrowthYoY" : 57.87,
    "grossProfitMargin" : 36.26,
    "grossProfit" : 59.98,
    "operatingProfitMargin" : 13.64,
    "operatingProfit" : 22.56,
    "netProfitMargin" : 5.62,
    "netProfit" : 9.30
  }, {
    "date" : "2012-06-30",
    "sales" : 159.05,
    "salesGrowthYoY" : 56.53,
    "grossProfitMargin" : 35.75,
    "grossProfit" : 56.86,
    "operatingProfitMargin" : 10.87,
    "operatingProfit" : 17.29,
    "netProfitMargin" : 3.78,
    "netProfit" : 6.01
  }, {
    "date" : "2012-09-30",
    "sales" : 167.84,
    "salesGrowthYoY" : 19.82,
    "grossProfitMargin" : 38.05,
    "grossProfit" : 63.86,
    "operatingProfitMargin" : 11.86,
    "operatingProfit" : 19.91,
    "netProfitMargin" : 4.56,
    "netProfit" : 7.65
  }, {
    "date" : "2012-12-31",
    "sales" : 173.96,
    "salesGrowthYoY" : 11.83,
    "grossProfitMargin" : 36.42,
    "grossProfit" : 63.36,
    "operatingProfitMargin" : 9.64,
    "operatingProfit" : 16.77,
    "netProfitMargin" : 3.12,
    "netProfit" : 5.43
  }, {
    "date" : "2013-03-31",
    "sales" : 178.95,
    "salesGrowthYoY" : 8.18,
    "grossProfitMargin" : 43.51,
    "grossProfit" : 77.86,
    "operatingProfitMargin" : 14.05,
    "operatingProfit" : 25.14,
    "netProfitMargin" : 6.20,
    "netProfit" : 11.09
  }, {
    "date" : "2013-06-30",
    "sales" : 208.71,
    "salesGrowthYoY" : 31.22,
    "grossProfitMargin" : 38.64,
    "grossProfit" : 80.65,
    "operatingProfitMargin" : 13.83,
    "operatingProfit" : 28.86,
    "netProfitMargin" : 7.06,
    "netProfit" : 14.73
  }, {
    "date" : "2013-09-30",
    "sales" : 239.00,
    "salesGrowthYoY" : 42.40,
    "grossProfitMargin" : 42.25,
    "grossProfit" : 100.98,
    "operatingProfitMargin" : 14.73,
    "operatingProfit" : 35.20,
    "netProfitMargin" : 7.21,
    "netProfit" : 17.23
  }, {
    "date" : "2013-12-31",
    "sales" : 262.12,
    "salesGrowthYoY" : 50.68,
    "grossProfitMargin" : 43.87,
    "grossProfit" : 114.99,
    "operatingProfitMargin" : 17.17,
    "operatingProfit" : 45.01,
    "netProfitMargin" : 8.77,
    "netProfit" : 22.99
  }, {
    "date" : "2014-03-31",
    "sales" : 291.84,
    "salesGrowthYoY" : 63.08,
    "grossProfitMargin" : 41.15,
    "grossProfit" : 120.09,
    "operatingProfitMargin" : 18.48,
    "operatingProfit" : 53.93,
    "netProfitMargin" : 8.92,
    "netProfit" : 26.03
  }, {
    "date" : "2014-06-30",
    "sales" : 253.45,
    "salesGrowthYoY" : 21.44,
    "grossProfitMargin" : 43.16,
    "grossProfit" : 109.39,
    "operatingProfitMargin" : 19.35,
    "operatingProfit" : 49.04,
    "netProfitMargin" : 8.82,
    "netProfit" : 22.35
  }, {
    "date" : "2014-09-30",
    "sales" : 271.70,
    "salesGrowthYoY" : 13.68,
    "grossProfitMargin" : 45.57,
    "grossProfit" : 123.81,
    "operatingProfitMargin" : 20.34,
    "operatingProfit" : 55.26,
    "netProfitMargin" : 9.61,
    "netProfit" : 26.11
  }, {
    "date" : "2014-12-31",
    "sales" : 319.54,
    "salesGrowthYoY" : 21.91,
    "grossProfitMargin" : 41.77,
    "grossProfit" : 133.47,
    "operatingProfitMargin" : 17.55,
    "operatingProfit" : 56.08,
    "netProfitMargin" : 7.63,
    "netProfit" : 24.38
  }, {
    "date" : "2015-03-31",
    "sales" : 317.44,
    "salesGrowthYoY" : 8.77,
    "grossProfitMargin" : 41.09,
    "grossProfit" : 130.44,
    "operatingProfitMargin" : 17.40,
    "operatingProfit" : 55.23,
    "netProfitMargin" : 8.98,
    "netProfit" : 28.51
  }, {
    "date" : "2015-06-30",
    "sales" : 325.10,
    "salesGrowthYoY" : 28.27,
    "grossProfitMargin" : 45.20,
    "grossProfit" : 146.95,
    "operatingProfitMargin" : 19.85,
    "operatingProfit" : 64.53,
    "netProfitMargin" : 9.34,
    "netProfit" : 30.36
  }, {
    "date" : "2015-09-30",
    "sales" : 339.77,
    "salesGrowthYoY" : 25.05,
    "grossProfitMargin" : 41.94,
    "grossProfit" : 142.50,
    "operatingProfitMargin" : 18.39,
    "operatingProfit" : 62.48,
    "netProfitMargin" : 7.88,
    "netProfit" : 26.77
  }, {
    "date" : "2015-12-31",
    "sales" : 324.35,
    "salesGrowthYoY" : 1.51,
    "grossProfitMargin" : 45.42,
    "grossProfit" : 147.32,
    "operatingProfitMargin" : 21.00,
    "operatingProfit" : 68.11,
    "netProfitMargin" : 9.38,
    "netProfit" : 30.42
  }, {
    "date" : "2016-03-31",
    "sales" : 352.57,
    "salesGrowthYoY" : 11.07,
    "grossProfitMargin" : 45.76,
    "grossProfit" : 161.34,
    "operatingProfitMargin" : 20.99,
    "operatingProfit" : 74.00,
    "netProfitMargin" : 9.42,
    "netProfit" : 33.21
  }, {
    "date" : "2016-06-30",
    "sales" : 337.49,
    "salesGrowthYoY" : 3.81,
    "grossProfitMargin" : 48.19,
    "grossProfit" : 162.64,
    "operatingProfitMargin" : 21.03,
    "operatingProfit" : 70.97,
    "netProfitMargin" : 10.55,
    "netProfit" : 35.61
  }, {
    "date" : "2016-09-30",
    "sales" : 336.06,
    "salesGrowthYoY" : -1.09,
    "grossProfitMargin" : 49.18,
    "grossProfit" : 165.27,
    "operatingProfitMargin" : 21.15,
    "operatingProfit" : 71.08,
    "netProfitMargin" : 9.97,
    "netProfit" : 33.51
  }, {
    "date" : "2016-12-31",
    "sales" : 331.07,
    "salesGrowthYoY" : 2.07,
    "grossProfitMargin" : 52.74,
    "grossProfit" : 174.61,
    "operatingProfitMargin" : 22.16,
    "operatingProfit" : 73.37,
    "netProfitMargin" : 10.66,
    "netProfit" : 35.29
  }, {
    "date" : "2017-03-31",
    "sales" : 344.85,
    "salesGrowthYoY" : -2.19,
    "grossProfitMargin" : 54.64,
    "grossProfit" : 188.43,
    "operatingProfitMargin" : 22.58,
    "operatingProfit" : 77.87,
    "netProfitMargin" : 11.15,
    "netProfit" : 38.45
  }, {
    "date" : "2017-06-30",
    "sales" : 387.14,
    "salesGrowthYoY" : 14.71,
    "grossProfitMargin" : 47.64,
    "grossProfit" : 184.43,
    "operatingProfitMargin" : 19.28,
    "operatingProfit" : 74.64,
    "netProfitMargin" : 9.17,
    "netProfit" : 35.50
  }, {
    "date" : "2017-09-30",
    "sales" : 373.53,
    "salesGrowthYoY" : 11.15,
    "grossProfitMargin" : 48.19,
    "grossProfit" : 180.00,
    "operatingProfitMargin" : 19.38,
    "operatingProfit" : 72.39,
    "netProfitMargin" : 9.54,
    "netProfit" : 35.63
  }, {
    "date" : "2017-12-31",
    "sales" : 412.65,
    "salesGrowthYoY" : 24.64,
    "grossProfitMargin" : 46.58,
    "grossProfit" : 192.21,
    "operatingProfitMargin" : 17.98,
    "operatingProfit" : 74.19,
    "netProfitMargin" : 8.20,
    "netProfit" : 33.84
  }, {
    "date" : "2018-03-31",
    "sales" : 473.33,
    "salesGrowthYoY" : 37.26,
    "grossProfitMargin" : 39.49,
    "grossProfit" : 186.92,
    "operatingProfitMargin" : 13.61,
    "operatingProfit" : 64.42,
    "netProfitMargin" : 7.22,
    "netProfit" : 34.17
  }, {
    "date" : "2018-06-30",
    "sales" : 440.34,
    "salesGrowthYoY" : 13.74,
    "grossProfitMargin" : 42.45,
    "grossProfit" : 186.92,
    "operatingProfitMargin" : 15.82,
    "operatingProfit" : 69.66,
    "netProfitMargin" : 8.99,
    "netProfit" : 39.59
  }, {
    "date" : "2018-09-30",
    "sales" : 515.94,
    "salesGrowthYoY" : 38.13,
    "grossProfitMargin" : 41.79,
    "grossProfit" : 215.61,
    "operatingProfitMargin" : 17.13,
    "operatingProfit" : 88.38,
    "netProfitMargin" : 7.91,
    "netProfit" : 40.81
  }, {
    "date" : "2018-12-31",
    "sales" : 581.15,
    "salesGrowthYoY" : 40.83,
    "grossProfitMargin" : 36.92,
    "grossProfit" : 214.56,
    "operatingProfitMargin" : 14.69,
    "operatingProfit" : 85.37,
    "netProfitMargin" : 6.90,
    "netProfit" : 40.10
  }, {
    "date" : "2019-03-31",
    "sales" : 561.00,
    "salesGrowthYoY" : 18.52,
    "grossProfitMargin" : 41.17,
    "grossProfit" : 230.96,
    "operatingProfitMargin" : 15.85,
    "operatingProfit" : 88.92,
    "netProfitMargin" : 7.37,
    "netProfit" : 41.35
  }, {
    "date" : "2019-06-30",
    "sales" : 567.85,
    "salesGrowthYoY" : 28.96,
    "grossProfitMargin" : 46.65,
    "grossProfit" : 264.90,
    "operatingProfitMargin" : 20.89,
    "operatingProfit" : 118.62,
    "netProfitMargin" : 10.48,
    "netProfit" : 59.51
  }, {
    "date" : "2019-09-30",
    "sales" : 638.77,
    "salesGrowthYoY" : 23.81,
    "grossProfitMargin" : 46.19,
    "grossProfit" : 295.05,
    "operatingProfitMargin" : 21.96,
    "operatingProfit" : 140.27,
    "netProfitMargin" : 14.77,
    "netProfit" : 94.35
  }, {
    "date" : "2019-12-31",
    "sales" : 616.44,
    "salesGrowthYoY" : 6.07,
    "grossProfitMargin" : 46.04,
    "grossProfit" : 283.81,
    "operatingProfitMargin" : 22.37,
    "operatingProfit" : 137.90,
    "netProfitMargin" : 14.35,
    "netProfit" : 88.46
  }, {
    "date" : "2020-03-31",
    "sales" : 486.87,
    "salesGrowthYoY" : -13.21,
    "grossProfitMargin" : 50.14,
    "grossProfit" : 244.12,
    "operatingProfitMargin" : 19.98,
    "operatingProfit" : 97.28,
    "netProfitMargin" : 13.88,
    "netProfit" : 67.58
  }, {
    "date" : "2020-06-30",
    "sales" : 742.92,
    "salesGrowthYoY" : 30.83,
    "grossProfitMargin" : 54.17,
    "grossProfit" : 402.44,
    "operatingProfitMargin" : 26.34,
    "operatingProfit" : 195.69,
    "netProfitMargin" : 16.83,
    "netProfit" : 125.03
  }, {
    "date" : "2020-09-30",
    "sales" : 834.50,
    "salesGrowthYoY" : 30.64,
    "grossProfitMargin" : 51.23,
    "grossProfit" : 427.51,
    "operatingProfitMargin" : 28.73,
    "operatingProfit" : 239.75,
    "netProfitMargin" : 18.51,
    "netProfit" : 154.47
  }, {
    "date" : "2020-12-31",
    "sales" : 776.01,
    "salesGrowthYoY" : 25.89,
    "grossProfitMargin" : 49.20,
    "grossProfit" : 381.80,
    "operatingProfitMargin" : 25.95,
    "operatingProfit" : 201.37,
    "netProfitMargin" : 16.89,
    "netProfit" : 131.07
  }, {
    "date" : "2021-03-31",
    "sales" : 781.55,
    "salesGrowthYoY" : 60.53,
    "grossProfitMargin" : 52.93,
    "grossProfit" : 413.67,
    "operatingProfitMargin" : 28.52,
    "operatingProfit" : 222.90,
    "netProfitMargin" : 18.20,
    "netProfit" : 142.24
  }, {
    "date" : "2021-06-30",
    "sales" : 732.12,
    "salesGrowthYoY" : -1.45,
    "grossProfitMargin" : 46.60,
    "grossProfit" : 341.17,
    "operatingProfitMargin" : 20.49,
    "operatingProfit" : 150.01,
    "netProfitMargin" : 12.27,
    "netProfit" : 89.83
  }, {
    "date" : "2021-09-30",
    "sales" : 703.69,
    "salesGrowthYoY" : -15.68,
    "grossProfitMargin" : 44.08,
    "grossProfit" : 310.19,
    "operatingProfitMargin" : 13.27,
    "operatingProfit" : 93.38,
    "netProfitMargin" : 6.55,
    "netProfit" : 46.09
  }, {
    "date" : "2021-12-31",
    "sales" : 889.78,
    "salesGrowthYoY" : 14.66,
    "grossProfitMargin" : 45.24,
    "grossProfit" : 402.54,
    "operatingProfitMargin" : 21.58,
    "operatingProfit" : 192.01,
    "netProfitMargin" : 13.64,
    "netProfit" : 121.37
  }, {
    "date" : "2022-03-31",
    "sales" : 912.85,
    "salesGrowthYoY" : 16.80,
    "grossProfitMargin" : 46.76,
    "grossProfit" : 426.85,
    "operatingProfitMargin" : 22.56,
    "operatingProfit" : 205.94,
    "netProfitMargin" : 14.16,
    "netProfit" : 129.26
  }, {
    "date" : "2022-06-30",
    "sales" : 921.36,
    "salesGrowthYoY" : 25.85,
    "grossProfitMargin" : 45.22,
    "grossProfit" : 416.64,
    "operatingProfitMargin" : 21.34,
    "operatingProfit" : 196.62,
    "netProfitMargin" : 13.54,
    "netProfit" : 124.75
  }, {
    "date" : "2022-09-30",
    "sales" : 963.58,
    "salesGrowthYoY" : 36.93,
    "grossProfitMargin" : 44.21,
    "grossProfit" : 426.00,
    "operatingProfitMargin" : 19.27,
    "operatingProfit" : 185.68,
    "netProfitMargin" : 11.30,
    "netProfit" : 108.88
  }, {
    "date" : "2022-12-31",
    "sales" : 1032.39,
    "salesGrowthYoY" : 16.03,
    "grossProfitMargin" : 45.76,
    "grossProfit" : 472.42,
    "operatingProfitMargin" : 23.11,
    "operatingProfit" : 238.59,
    "netProfitMargin" : 13.54,
    "netProfit" : 139.79
  }, {
    "date" : "2023-03-31",
    "sales" : 1013.88,
    "salesGrowthYoY" : 11.07,
    "grossProfitMargin" : 44.86,
    "grossProfit" : 454.83,
    "operatingProfitMargin" : 21.43,
    "operatingProfit" : 217.27,
    "netProfitMargin" : 12.36,
    "netProfit" : 125.32
  }, {
    "date" : "2023-06-30",
    "sales" : 821.00,
    "salesGrowthYoY" : -10.89,
    "grossProfitMargin" : 46.54,
    "grossProfit" : 382.09,
    "operatingProfitMargin" : 19.10,
    "operatingProfit" : 156.81,
    "netProfitMargin" : 9.72,
    "netProfit" : 79.80
  }, {
    "date" : "2023-09-30",
    "sales" : 1009.42,
    "salesGrowthYoY" : 4.76,
    "grossProfitMargin" : 45.86,
    "grossProfit" : 462.92,
    "operatingProfitMargin" : 20.65,
    "operatingProfit" : 208.45,
    "netProfitMargin" : 11.51,
    "netProfit" : 116.18
  }, {
    "date" : "2023-12-31",
    "sales" : 984.49,
    "salesGrowthYoY" : -4.64,
    "grossProfitMargin" : 52.01,
    "grossProfit" : 512.03,
    "operatingProfitMargin" : 25.08,
    "operatingProfit" : 246.91,
    "netProfitMargin" : 14.50,
    "netProfit" : 142.75
  }, {
    "date" : "2024-03-31",
    "sales" : 940.19,
    "salesGrowthYoY" : -7.27,
    "grossProfitMargin" : 52.25,
    "grossProfit" : 491.25,
    "operatingProfitMargin" : 20.13,
    "operatingProfit" : 189.26,
    "netProfitMargin" : 10.34,
    "netProfit" : 97.22
  }, {
    "date" : "2024-06-30",
    "sales" : 851.95,
    "salesGrowthYoY" : 3.77,
    "grossProfitMargin" : 54.37,
    "grossProfit" : 463.21,
    "operatingProfitMargin" : 20.83,
    "operatingProfit" : 177.46,
    "netProfitMargin" : 11.01,
    "netProfit" : 93.80
  }, {
    "date" : "2024-09-30",
    "sales" : 567.99,
    "salesGrowthYoY" : -43.73,
    "grossProfitMargin" : 59.08,
    "grossProfit" : 335.57,
    "operatingProfitMargin" : 18.06,
    "operatingProfit" : 102.58,
    "netProfitMargin" : 7.29,
    "netProfit" : 41.41
  }, {
    "date" : "2024-12-31",
    "sales" : 842.20,
    "salesGrowthYoY" : -14.45,
    "grossProfitMargin" : 54.97,
    "grossProfit" : 462.96,
    "operatingProfitMargin" : 19.93,
    "operatingProfit" : 167.85,
    "netProfitMargin" : 10.70,
    "netProfit" : 90.12
  }, {
    "date" : "2025-03-31",
    "sales" : 768.02,
    "salesGrowthYoY" : -18.31,
    "grossProfitMargin" : 55.26,
    "grossProfit" : 424.41,
    "operatingProfitMargin" : 15.22,
    "operatingProfit" : 116.89,
    "netProfitMargin" : 9.47,
    "netProfit" : 72.73
  }, {
    "date" : "2025-06-30",
    "sales" : 810.21,
    "salesGrowthYoY" : -4.90,
    "grossProfitMargin" : 55.99,
    "grossProfit" : 453.64,
    "operatingProfitMargin" : 17.73,
    "operatingProfit" : 143.65,
    "netProfitMargin" : 9.70,
    "netProfit" : 78.59
  }, {
    "date" : "2025-09-30",
    "sales" : 891.61,
    "salesGrowthYoY" : 56.98,
    "grossProfitMargin" : 58.18,
    "grossProfit" : 518.74,
    "operatingProfitMargin" : 23.71,
    "operatingProfit" : 211.40,
    "netProfitMargin" : 13.53,
    "netProfit" : 120.63
  }, {
    "date" : "2025-12-31",
    "sales" : 895.31,
    "salesGrowthYoY" : 6.31,
    "grossProfitMargin" : 56.23,
    "grossProfit" : 503.43,
    "operatingProfitMargin" : 21.70,
    "operatingProfit" : 194.28,
    "netProfitMargin" : 12.46,
    "netProfit" : 111.56
  } ],
  "latestQuarterlyResult" : {
    "date" : "2025-12-31",
    "sales" : 895.31,
    "salesGrowthYoY" : 6.31,
    "grossProfitMargin" : 56.23,
    "grossProfit" : 503.43,
    "operatingProfitMargin" : 21.70,
    "operatingProfit" : 194.28,
    "netProfitMargin" : 12.46,
    "netProfit" : 111.56
  },
  "companyScore" : {
    "priceHigherThanDma50" : 0.00,
    "priceHigherThanDma100" : 5.00,
    "priceHigherThanDma200" : 5.00,
    "dma50HigherThanDma100" : 5.00,
    "dma50HigherThanDma200" : 5.00,
    "dma100HigherThanDma200" : 5.00,
    "pricePercentageAboveDma50" : 5.02,
    "pricePercentageAboveDma100" : 4.90,
    "pricePercentageAboveDma200" : 4.71,
    "weeklyVolumeHigherThanYearlyVolume" : 5.00,
    "salesGrowthPercentile" : 8.39,
    "operatingProfitMarginPercentile" : 17.14,
    "netProfitMarginPercentile" : 8.45,
    "totalTechnicalScore" : 44.63,
    "totalFundamentalScore" : 33.98,
    "totalScore" : 78.61
  }
}