{
  "metadata" : {
    "screenerCompanyId" : "1197",
    "companyCode" : "GRAPHITE",
    "companyName" : "Graphite India",
    "screenerCompanyLink" : "https://www.screener.in/company/GRAPHITE/consolidated/",
    "screenerTechnicalHistoryLink" : "https://www.screener.in/api/company/1197/chart/?q=Price-DMA50-DMA200-Volume&days=365",
    "screenerQuarterlyResultsLink" : "https://www.screener.in/api/company/1197/chart/?q=GPM-OPM-NPM-Quarter+Sales&days=10000",
    "attributes" : {
      "companyCode" : "GRAPHITE",
      "companyName" : "Graphite India",
      "marketCap" : 12619.00,
      "peRatio" : 36.30,
      "description" : "Graphite India Ltd is mainly engaged in the business of manufacturing and selling of graphite & carbon and other products.[1]"
    },
    "companyScore" : {
      "priceHigherThanDma50" : 5.00,
      "priceHigherThanDma100" : 5.00,
      "priceHigherThanDma200" : 5.00,
      "dma50HigherThanDma100" : 5.00,
      "dma50HigherThanDma200" : 5.00,
      "dma100HigherThanDma200" : 5.00,
      "pricePercentageAboveDma50" : 4.76,
      "pricePercentageAboveDma100" : 4.51,
      "pricePercentageAboveDma200" : 4.33,
      "weeklyVolumeHigherThanYearlyVolume" : 5.00,
      "salesGrowthPercentile" : 13.75,
      "operatingProfitMarginPercentile" : 12.10,
      "netProfitMarginPercentile" : 7.50,
      "totalTechnicalScore" : 48.59,
      "totalFundamentalScore" : 33.35,
      "totalScore" : 81.94
    }
  },
  "attributes" : {
    "companyCode" : "GRAPHITE",
    "companyName" : "Graphite India",
    "marketCap" : 12619.00,
    "peRatio" : 36.30,
    "description" : "Graphite India Ltd is mainly engaged in the business of manufacturing and selling of graphite & carbon and other products.[1]"
  },
  "technicalHistory" : [ {
    "date" : "2025-02-17",
    "price" : 400.70,
    "dma50" : 498.02,
    "dma100" : null,
    "dma200" : 528.81,
    "volume" : 867430.00
  }, {
    "date" : "2025-02-18",
    "price" : 389.45,
    "dma50" : 493.76,
    "dma100" : null,
    "dma200" : 527.42,
    "volume" : 517272.00
  }, {
    "date" : "2025-02-19",
    "price" : 401.45,
    "dma50" : 490.14,
    "dma100" : null,
    "dma200" : 526.17,
    "volume" : 565629.00
  }, {
    "date" : "2025-02-20",
    "price" : 424.80,
    "dma50" : 487.58,
    "dma100" : null,
    "dma200" : 525.16,
    "volume" : 974491.00
  }, {
    "date" : "2025-02-21",
    "price" : 420.40,
    "dma50" : 484.95,
    "dma100" : null,
    "dma200" : 524.12,
    "volume" : 867395.00
  }, {
    "date" : "2025-02-24",
    "price" : 409.65,
    "dma50" : 481.99,
    "dma100" : null,
    "dma200" : 522.98,
    "volume" : 375449.00
  }, {
    "date" : "2025-02-25",
    "price" : 401.05,
    "dma50" : 478.82,
    "dma100" : null,
    "dma200" : 521.77,
    "volume" : 298989.00
  }, {
    "date" : "2025-02-27",
    "price" : 394.20,
    "dma50" : 475.50,
    "dma100" : null,
    "dma200" : 520.50,
    "volume" : 364010.00
  }, {
    "date" : "2025-02-28",
    "price" : 391.45,
    "dma50" : 472.21,
    "dma100" : null,
    "dma200" : 519.21,
    "volume" : 762412.00
  }, {
    "date" : "2025-03-03",
    "price" : 374.45,
    "dma50" : 468.37,
    "dma100" : null,
    "dma200" : 517.77,
    "volume" : 795469.00
  }, {
    "date" : "2025-03-04",
    "price" : 379.60,
    "dma50" : 464.89,
    "dma100" : null,
    "dma200" : 516.40,
    "volume" : 657304.00
  }, {
    "date" : "2025-03-05",
    "price" : 391.95,
    "dma50" : 462.03,
    "dma100" : null,
    "dma200" : 515.16,
    "volume" : 689621.00
  }, {
    "date" : "2025-03-06",
    "price" : 410.90,
    "dma50" : 460.02,
    "dma100" : null,
    "dma200" : 514.12,
    "volume" : 891617.00
  }, {
    "date" : "2025-03-07",
    "price" : 412.85,
    "dma50" : 458.17,
    "dma100" : null,
    "dma200" : 513.12,
    "volume" : 893550.00
  }, {
    "date" : "2025-03-10",
    "price" : 400.45,
    "dma50" : 455.91,
    "dma100" : null,
    "dma200" : 511.99,
    "volume" : 409987.00
  }, {
    "date" : "2025-03-11",
    "price" : 426.80,
    "dma50" : 454.77,
    "dma100" : null,
    "dma200" : 511.15,
    "volume" : 2648217.00
  }, {
    "date" : "2025-03-12",
    "price" : 433.05,
    "dma50" : 453.92,
    "dma100" : null,
    "dma200" : 510.37,
    "volume" : 1008656.00
  }, {
    "date" : "2025-03-13",
    "price" : 441.45,
    "dma50" : 453.43,
    "dma100" : null,
    "dma200" : 509.68,
    "volume" : 908989.00
  }, {
    "date" : "2025-03-17",
    "price" : 443.60,
    "dma50" : 453.04,
    "dma100" : null,
    "dma200" : 509.03,
    "volume" : 511540.00
  }, {
    "date" : "2025-03-18",
    "price" : 461.25,
    "dma50" : 453.37,
    "dma100" : null,
    "dma200" : 508.55,
    "volume" : 584639.00
  }, {
    "date" : "2025-03-19",
    "price" : 461.05,
    "dma50" : 453.67,
    "dma100" : null,
    "dma200" : 508.08,
    "volume" : 380517.00
  }, {
    "date" : "2025-03-20",
    "price" : 458.65,
    "dma50" : 453.86,
    "dma100" : null,
    "dma200" : 507.59,
    "volume" : 455483.00
  }, {
    "date" : "2025-03-21",
    "price" : 464.15,
    "dma50" : 454.27,
    "dma100" : null,
    "dma200" : 507.15,
    "volume" : 367672.00
  }, {
    "date" : "2025-03-24",
    "price" : 460.10,
    "dma50" : 454.49,
    "dma100" : null,
    "dma200" : 506.69,
    "volume" : 361896.00
  }, {
    "date" : "2025-03-25",
    "price" : 495.90,
    "dma50" : 456.12,
    "dma100" : null,
    "dma200" : 506.58,
    "volume" : 28255731.00
  }, {
    "date" : "2025-03-26",
    "price" : 503.30,
    "dma50" : 457.97,
    "dma100" : null,
    "dma200" : 506.55,
    "volume" : 7844494.00
  }, {
    "date" : "2025-03-27",
    "price" : 493.40,
    "dma50" : 459.36,
    "dma100" : null,
    "dma200" : 506.42,
    "volume" : 1415718.00
  }, {
    "date" : "2025-03-28",
    "price" : 477.95,
    "dma50" : 460.09,
    "dma100" : null,
    "dma200" : 506.13,
    "volume" : 1003550.00
  }, {
    "date" : "2025-04-01",
    "price" : 484.40,
    "dma50" : 461.04,
    "dma100" : null,
    "dma200" : 505.92,
    "volume" : 507509.00
  }, {
    "date" : "2025-04-02",
    "price" : 499.70,
    "dma50" : 462.56,
    "dma100" : null,
    "dma200" : 505.85,
    "volume" : 1357895.00
  }, {
    "date" : "2025-04-03",
    "price" : 497.25,
    "dma50" : 463.92,
    "dma100" : null,
    "dma200" : 505.77,
    "volume" : 447121.00
  }, {
    "date" : "2025-04-04",
    "price" : 479.80,
    "dma50" : 464.54,
    "dma100" : null,
    "dma200" : 505.51,
    "volume" : 504452.00
  }, {
    "date" : "2025-04-07",
    "price" : 451.45,
    "dma50" : 464.03,
    "dma100" : null,
    "dma200" : 504.97,
    "volume" : 909812.00
  }, {
    "date" : "2025-04-08",
    "price" : 462.15,
    "dma50" : 463.95,
    "dma100" : null,
    "dma200" : 504.55,
    "volume" : 351005.00
  }, {
    "date" : "2025-04-09",
    "price" : 446.60,
    "dma50" : 463.27,
    "dma100" : null,
    "dma200" : 503.97,
    "volume" : 328508.00
  }, {
    "date" : "2025-04-11",
    "price" : 451.80,
    "dma50" : 462.82,
    "dma100" : null,
    "dma200" : 503.45,
    "volume" : 699224.00
  }, {
    "date" : "2025-04-15",
    "price" : 468.45,
    "dma50" : 463.04,
    "dma100" : null,
    "dma200" : 503.10,
    "volume" : 571773.00
  }, {
    "date" : "2025-04-16",
    "price" : 474.00,
    "dma50" : 463.47,
    "dma100" : null,
    "dma200" : 502.81,
    "volume" : 395034.00
  }, {
    "date" : "2025-04-17",
    "price" : 482.10,
    "dma50" : 464.20,
    "dma100" : null,
    "dma200" : 502.61,
    "volume" : 1060731.00
  }, {
    "date" : "2025-04-21",
    "price" : 485.45,
    "dma50" : 465.04,
    "dma100" : null,
    "dma200" : 502.44,
    "volume" : 402143.00
  }, {
    "date" : "2025-04-22",
    "price" : 482.35,
    "dma50" : 465.72,
    "dma100" : null,
    "dma200" : 502.24,
    "volume" : 539085.00
  }, {
    "date" : "2025-04-23",
    "price" : 482.60,
    "dma50" : 466.38,
    "dma100" : null,
    "dma200" : 502.04,
    "volume" : 302242.00
  }, {
    "date" : "2025-04-24",
    "price" : 476.35,
    "dma50" : 466.77,
    "dma100" : null,
    "dma200" : 501.78,
    "volume" : 390395.00
  }, {
    "date" : "2025-04-25",
    "price" : 461.90,
    "dma50" : 466.58,
    "dma100" : null,
    "dma200" : 501.39,
    "volume" : 385121.00
  }, {
    "date" : "2025-04-28",
    "price" : 469.50,
    "dma50" : 466.69,
    "dma100" : null,
    "dma200" : 501.07,
    "volume" : 459984.00
  }, {
    "date" : "2025-04-29",
    "price" : 459.65,
    "dma50" : 466.42,
    "dma100" : null,
    "dma200" : 500.66,
    "volume" : 284651.00
  }, {
    "date" : "2025-04-30",
    "price" : 452.20,
    "dma50" : 465.86,
    "dma100" : null,
    "dma200" : 500.18,
    "volume" : 451710.00
  }, {
    "date" : "2025-05-02",
    "price" : 449.45,
    "dma50" : 465.22,
    "dma100" : null,
    "dma200" : 499.67,
    "volume" : 212447.00
  }, {
    "date" : "2025-05-05",
    "price" : 471.25,
    "dma50" : 465.45,
    "dma100" : null,
    "dma200" : 499.39,
    "volume" : 1056261.00
  }, {
    "date" : "2025-05-06",
    "price" : 459.35,
    "dma50" : 465.21,
    "dma100" : null,
    "dma200" : 498.99,
    "volume" : 385231.00
  }, {
    "date" : "2025-05-07",
    "price" : 460.25,
    "dma50" : 465.02,
    "dma100" : null,
    "dma200" : 498.60,
    "volume" : 286148.00
  }, {
    "date" : "2025-05-08",
    "price" : 449.30,
    "dma50" : 464.40,
    "dma100" : null,
    "dma200" : 498.11,
    "volume" : 212961.00
  }, {
    "date" : "2025-05-09",
    "price" : 436.85,
    "dma50" : 463.32,
    "dma100" : null,
    "dma200" : 497.50,
    "volume" : 264641.00
  }, {
    "date" : "2025-05-12",
    "price" : 466.15,
    "dma50" : 463.43,
    "dma100" : null,
    "dma200" : 497.19,
    "volume" : 452503.00
  }, {
    "date" : "2025-05-13",
    "price" : 462.75,
    "dma50" : 463.41,
    "dma100" : null,
    "dma200" : 496.85,
    "volume" : 366264.00
  }, {
    "date" : "2025-05-14",
    "price" : 485.40,
    "dma50" : 464.27,
    "dma100" : null,
    "dma200" : 496.74,
    "volume" : 2198826.00
  }, {
    "date" : "2025-05-15",
    "price" : 481.85,
    "dma50" : 464.96,
    "dma100" : null,
    "dma200" : 496.59,
    "volume" : 760057.00
  }, {
    "date" : "2025-05-16",
    "price" : 486.40,
    "dma50" : 465.80,
    "dma100" : null,
    "dma200" : 496.49,
    "volume" : 462386.00
  }, {
    "date" : "2025-05-19",
    "price" : 568.20,
    "dma50" : 469.81,
    "dma100" : null,
    "dma200" : 497.20,
    "volume" : 21770954.00
  }, {
    "date" : "2025-05-20",
    "price" : 542.90,
    "dma50" : 472.68,
    "dma100" : null,
    "dma200" : 497.65,
    "volume" : 3616528.00
  }, {
    "date" : "2025-05-21",
    "price" : 539.00,
    "dma50" : 475.28,
    "dma100" : null,
    "dma200" : 498.07,
    "volume" : 1687532.00
  }, {
    "date" : "2025-05-22",
    "price" : 529.90,
    "dma50" : 477.42,
    "dma100" : null,
    "dma200" : 498.38,
    "volume" : 1125812.00
  }, {
    "date" : "2025-05-23",
    "price" : 539.40,
    "dma50" : 479.85,
    "dma100" : null,
    "dma200" : 498.79,
    "volume" : 1932952.00
  }, {
    "date" : "2025-05-26",
    "price" : 536.90,
    "dma50" : 482.09,
    "dma100" : null,
    "dma200" : 499.17,
    "volume" : 621107.00
  }, {
    "date" : "2025-05-27",
    "price" : 535.50,
    "dma50" : 484.18,
    "dma100" : null,
    "dma200" : 499.53,
    "volume" : 982057.00
  }, {
    "date" : "2025-05-28",
    "price" : 531.20,
    "dma50" : 486.03,
    "dma100" : null,
    "dma200" : 499.85,
    "volume" : 501051.00
  }, {
    "date" : "2025-05-29",
    "price" : 553.25,
    "dma50" : 488.66,
    "dma100" : null,
    "dma200" : 500.38,
    "volume" : 3074197.00
  }, {
    "date" : "2025-05-30",
    "price" : 546.15,
    "dma50" : 490.92,
    "dma100" : null,
    "dma200" : 500.83,
    "volume" : 2789276.00
  }, {
    "date" : "2025-06-02",
    "price" : 544.80,
    "dma50" : 493.03,
    "dma100" : null,
    "dma200" : 501.27,
    "volume" : 449942.00
  }, {
    "date" : "2025-06-03",
    "price" : 555.25,
    "dma50" : 495.47,
    "dma100" : null,
    "dma200" : 501.81,
    "volume" : 1705596.00
  }, {
    "date" : "2025-06-04",
    "price" : 570.15,
    "dma50" : 498.40,
    "dma100" : null,
    "dma200" : 502.49,
    "volume" : 5028098.00
  }, {
    "date" : "2025-06-05",
    "price" : 555.00,
    "dma50" : 500.62,
    "dma100" : null,
    "dma200" : 503.01,
    "volume" : 1934018.00
  }, {
    "date" : "2025-06-06",
    "price" : 542.00,
    "dma50" : 502.24,
    "dma100" : null,
    "dma200" : 503.40,
    "volume" : 1035330.00
  }, {
    "date" : "2025-06-09",
    "price" : 553.95,
    "dma50" : 504.27,
    "dma100" : null,
    "dma200" : 503.90,
    "volume" : 655547.00
  }, {
    "date" : "2025-06-10",
    "price" : 552.95,
    "dma50" : 506.18,
    "dma100" : null,
    "dma200" : 504.39,
    "volume" : 851618.00
  }, {
    "date" : "2025-06-11",
    "price" : 550.00,
    "dma50" : 507.90,
    "dma100" : null,
    "dma200" : 504.84,
    "volume" : 1097347.00
  }, {
    "date" : "2025-06-12",
    "price" : 533.95,
    "dma50" : 508.92,
    "dma100" : null,
    "dma200" : 505.13,
    "volume" : 860424.00
  }, {
    "date" : "2025-06-13",
    "price" : 523.35,
    "dma50" : 509.49,
    "dma100" : null,
    "dma200" : 505.31,
    "volume" : 781152.00
  }, {
    "date" : "2025-06-16",
    "price" : 538.45,
    "dma50" : 510.62,
    "dma100" : null,
    "dma200" : 505.64,
    "volume" : 766919.00
  }, {
    "date" : "2025-06-17",
    "price" : 538.15,
    "dma50" : 511.70,
    "dma100" : null,
    "dma200" : 505.97,
    "volume" : 651714.00
  }, {
    "date" : "2025-06-18",
    "price" : 553.70,
    "dma50" : 513.35,
    "dma100" : null,
    "dma200" : 506.44,
    "volume" : 1664173.00
  }, {
    "date" : "2025-06-19",
    "price" : 538.00,
    "dma50" : 514.31,
    "dma100" : null,
    "dma200" : 506.76,
    "volume" : 732688.00
  }, {
    "date" : "2025-06-20",
    "price" : 545.00,
    "dma50" : 515.52,
    "dma100" : null,
    "dma200" : 507.14,
    "volume" : 484305.00
  }, {
    "date" : "2025-06-23",
    "price" : 560.55,
    "dma50" : 517.28,
    "dma100" : null,
    "dma200" : 507.67,
    "volume" : 1644178.00
  }, {
    "date" : "2025-06-24",
    "price" : 550.50,
    "dma50" : 518.59,
    "dma100" : null,
    "dma200" : 508.09,
    "volume" : 677515.00
  }, {
    "date" : "2025-06-25",
    "price" : 558.30,
    "dma50" : 520.14,
    "dma100" : null,
    "dma200" : 508.59,
    "volume" : 1093556.00
  }, {
    "date" : "2025-06-26",
    "price" : 557.35,
    "dma50" : 521.60,
    "dma100" : null,
    "dma200" : 509.08,
    "volume" : 382929.00
  }, {
    "date" : "2025-06-27",
    "price" : 569.75,
    "dma50" : 523.49,
    "dma100" : null,
    "dma200" : 509.68,
    "volume" : 3556920.00
  }, {
    "date" : "2025-06-30",
    "price" : 566.20,
    "dma50" : 525.17,
    "dma100" : null,
    "dma200" : 510.25,
    "volume" : 1194072.00
  }, {
    "date" : "2025-07-01",
    "price" : 572.85,
    "dma50" : 527.04,
    "dma100" : null,
    "dma200" : 510.87,
    "volume" : 1333477.00
  }, {
    "date" : "2025-07-02",
    "price" : 563.40,
    "dma50" : 528.46,
    "dma100" : null,
    "dma200" : 511.39,
    "volume" : 717736.00
  }, {
    "date" : "2025-07-03",
    "price" : 566.70,
    "dma50" : 529.96,
    "dma100" : null,
    "dma200" : 511.94,
    "volume" : 553391.00
  }, {
    "date" : "2025-07-04",
    "price" : 564.30,
    "dma50" : 531.31,
    "dma100" : null,
    "dma200" : 512.46,
    "volume" : 387673.00
  }, {
    "date" : "2025-07-07",
    "price" : 555.50,
    "dma50" : 532.26,
    "dma100" : null,
    "dma200" : 512.89,
    "volume" : 370993.00
  }, {
    "date" : "2025-07-08",
    "price" : 557.80,
    "dma50" : 533.26,
    "dma100" : null,
    "dma200" : 513.34,
    "volume" : 403821.00
  }, {
    "date" : "2025-07-09",
    "price" : 559.60,
    "dma50" : 534.29,
    "dma100" : null,
    "dma200" : 513.80,
    "volume" : 417087.00
  }, {
    "date" : "2025-07-10",
    "price" : 564.65,
    "dma50" : 535.48,
    "dma100" : null,
    "dma200" : 514.30,
    "volume" : 715556.00
  }, {
    "date" : "2025-07-11",
    "price" : 562.40,
    "dma50" : 536.54,
    "dma100" : null,
    "dma200" : 514.78,
    "volume" : 430363.00
  }, {
    "date" : "2025-07-14",
    "price" : 585.30,
    "dma50" : 538.45,
    "dma100" : null,
    "dma200" : 515.48,
    "volume" : 4138682.00
  }, {
    "date" : "2025-07-15",
    "price" : 584.65,
    "dma50" : 540.26,
    "dma100" : null,
    "dma200" : 516.17,
    "volume" : 2237327.00
  }, {
    "date" : "2025-07-16",
    "price" : 587.15,
    "dma50" : 542.10,
    "dma100" : 495.04,
    "dma200" : 516.88,
    "volume" : 1193303.00
  }, {
    "date" : "2025-07-17",
    "price" : 579.10,
    "dma50" : 543.55,
    "dma100" : 496.94,
    "dma200" : 517.50,
    "volume" : 1067729.00
  }, {
    "date" : "2025-07-18",
    "price" : 579.15,
    "dma50" : 544.95,
    "dma100" : 498.71,
    "dma200" : 518.11,
    "volume" : 783522.00
  }, {
    "date" : "2025-07-21",
    "price" : 576.75,
    "dma50" : 546.19,
    "dma100" : 500.23,
    "dma200" : 518.69,
    "volume" : 564437.00
  }, {
    "date" : "2025-07-22",
    "price" : 562.65,
    "dma50" : 546.84,
    "dma100" : 501.66,
    "dma200" : 519.13,
    "volume" : 652894.00
  }, {
    "date" : "2025-07-23",
    "price" : 575.75,
    "dma50" : 547.97,
    "dma100" : 503.32,
    "dma200" : 519.70,
    "volume" : 695452.00
  }, {
    "date" : "2025-07-24",
    "price" : 563.65,
    "dma50" : 548.59,
    "dma100" : 504.94,
    "dma200" : 520.13,
    "volume" : 765541.00
  }, {
    "date" : "2025-07-25",
    "price" : 542.30,
    "dma50" : 548.34,
    "dma100" : 506.42,
    "dma200" : 520.35,
    "volume" : 769793.00
  }, {
    "date" : "2025-07-28",
    "price" : 539.50,
    "dma50" : 548.00,
    "dma100" : 507.90,
    "dma200" : 520.54,
    "volume" : 479683.00
  }, {
    "date" : "2025-07-29",
    "price" : 550.40,
    "dma50" : 548.09,
    "dma100" : 509.66,
    "dma200" : 520.84,
    "volume" : 399923.00
  }, {
    "date" : "2025-07-30",
    "price" : 554.70,
    "dma50" : 548.35,
    "dma100" : 511.42,
    "dma200" : 521.18,
    "volume" : 364360.00
  }, {
    "date" : "2025-07-31",
    "price" : 572.75,
    "dma50" : 549.31,
    "dma100" : 513.22,
    "dma200" : 521.69,
    "volume" : 6893810.00
  }, {
    "date" : "2025-08-01",
    "price" : 527.25,
    "dma50" : 548.44,
    "dma100" : 514.39,
    "dma200" : 521.75,
    "volume" : 3011821.00
  }, {
    "date" : "2025-08-04",
    "price" : 527.10,
    "dma50" : 547.60,
    "dma100" : 515.53,
    "dma200" : 521.80,
    "volume" : 1040950.00
  }, {
    "date" : "2025-08-05",
    "price" : 532.15,
    "dma50" : 547.00,
    "dma100" : 516.85,
    "dma200" : 521.90,
    "volume" : 389750.00
  }, {
    "date" : "2025-08-06",
    "price" : 536.05,
    "dma50" : 546.57,
    "dma100" : 517.94,
    "dma200" : 522.04,
    "volume" : 1063157.00
  }, {
    "date" : "2025-08-07",
    "price" : 530.95,
    "dma50" : 545.96,
    "dma100" : 518.92,
    "dma200" : 522.13,
    "volume" : 383903.00
  }, {
    "date" : "2025-08-08",
    "price" : 523.35,
    "dma50" : 545.07,
    "dma100" : 519.74,
    "dma200" : 522.14,
    "volume" : 368184.00
  }, {
    "date" : "2025-08-11",
    "price" : 523.30,
    "dma50" : 544.22,
    "dma100" : 520.53,
    "dma200" : 522.16,
    "volume" : 288751.00
  }, {
    "date" : "2025-08-12",
    "price" : 537.10,
    "dma50" : 543.94,
    "dma100" : 521.29,
    "dma200" : 522.30,
    "volume" : 530198.00
  }, {
    "date" : "2025-08-13",
    "price" : 539.00,
    "dma50" : 543.74,
    "dma100" : 522.07,
    "dma200" : 522.47,
    "volume" : 262416.00
  }, {
    "date" : "2025-08-14",
    "price" : 534.45,
    "dma50" : 543.38,
    "dma100" : 522.83,
    "dma200" : 522.59,
    "volume" : 251858.00
  }, {
    "date" : "2025-08-18",
    "price" : 548.35,
    "dma50" : 543.57,
    "dma100" : 523.67,
    "dma200" : 522.85,
    "volume" : 496042.00
  }, {
    "date" : "2025-08-19",
    "price" : 553.50,
    "dma50" : 543.96,
    "dma100" : 524.61,
    "dma200" : 523.15,
    "volume" : 359774.00
  }, {
    "date" : "2025-08-20",
    "price" : 543.75,
    "dma50" : 543.95,
    "dma100" : 525.08,
    "dma200" : 523.36,
    "volume" : 198659.00
  }, {
    "date" : "2025-08-21",
    "price" : 541.20,
    "dma50" : 543.85,
    "dma100" : 525.46,
    "dma200" : 523.53,
    "volume" : 273422.00
  }, {
    "date" : "2025-08-22",
    "price" : 537.15,
    "dma50" : 543.58,
    "dma100" : 525.90,
    "dma200" : 523.67,
    "volume" : 224366.00
  }, {
    "date" : "2025-08-25",
    "price" : 527.60,
    "dma50" : 542.96,
    "dma100" : 526.40,
    "dma200" : 523.71,
    "volume" : 287383.00
  }, {
    "date" : "2025-08-26",
    "price" : 520.80,
    "dma50" : 542.09,
    "dma100" : 526.76,
    "dma200" : 523.68,
    "volume" : 386155.00
  }, {
    "date" : "2025-08-28",
    "price" : 515.50,
    "dma50" : 541.05,
    "dma100" : 526.92,
    "dma200" : 523.60,
    "volume" : 208436.00
  }, {
    "date" : "2025-08-29",
    "price" : 510.80,
    "dma50" : 539.86,
    "dma100" : 527.05,
    "dma200" : 523.47,
    "volume" : 284139.00
  }, {
    "date" : "2025-09-01",
    "price" : 517.90,
    "dma50" : 539.00,
    "dma100" : 527.44,
    "dma200" : 523.41,
    "volume" : 220363.00
  }, {
    "date" : "2025-09-02",
    "price" : 518.85,
    "dma50" : 538.21,
    "dma100" : 528.11,
    "dma200" : 523.37,
    "volume" : 440180.00
  }, {
    "date" : "2025-09-03",
    "price" : 524.95,
    "dma50" : 537.69,
    "dma100" : 528.74,
    "dma200" : 523.39,
    "volume" : 431779.00
  }, {
    "date" : "2025-09-04",
    "price" : 521.35,
    "dma50" : 537.05,
    "dma100" : 529.49,
    "dma200" : 523.37,
    "volume" : 448776.00
  }, {
    "date" : "2025-09-05",
    "price" : 516.45,
    "dma50" : 536.24,
    "dma100" : 530.13,
    "dma200" : 523.30,
    "volume" : 190857.00
  }, {
    "date" : "2025-09-08",
    "price" : 515.05,
    "dma50" : 535.41,
    "dma100" : 530.60,
    "dma200" : 523.21,
    "volume" : 320168.00
  }, {
    "date" : "2025-09-09",
    "price" : 519.90,
    "dma50" : 534.80,
    "dma100" : 531.06,
    "dma200" : 523.18,
    "volume" : 275986.00
  }, {
    "date" : "2025-09-10",
    "price" : 523.00,
    "dma50" : 534.34,
    "dma100" : 531.47,
    "dma200" : 523.18,
    "volume" : 367239.00
  }, {
    "date" : "2025-09-11",
    "price" : 522.15,
    "dma50" : 533.86,
    "dma100" : 531.83,
    "dma200" : 523.17,
    "volume" : 352720.00
  }, {
    "date" : "2025-09-12",
    "price" : 533.40,
    "dma50" : 533.84,
    "dma100" : 532.34,
    "dma200" : 523.27,
    "volume" : 690673.00
  }, {
    "date" : "2025-09-15",
    "price" : 538.30,
    "dma50" : 534.02,
    "dma100" : 532.90,
    "dma200" : 523.42,
    "volume" : 578923.00
  }, {
    "date" : "2025-09-16",
    "price" : 544.75,
    "dma50" : 534.44,
    "dma100" : 533.58,
    "dma200" : 523.63,
    "volume" : 1280000.00
  }, {
    "date" : "2025-09-17",
    "price" : 554.55,
    "dma50" : 535.23,
    "dma100" : 534.51,
    "dma200" : 523.94,
    "volume" : 624880.00
  }, {
    "date" : "2025-09-18",
    "price" : 565.45,
    "dma50" : 536.41,
    "dma100" : 535.47,
    "dma200" : 524.35,
    "volume" : 1586999.00
  }, {
    "date" : "2025-09-19",
    "price" : 569.90,
    "dma50" : 537.72,
    "dma100" : 536.57,
    "dma200" : 524.81,
    "volume" : 1136336.00
  }, {
    "date" : "2025-09-22",
    "price" : 569.45,
    "dma50" : 538.97,
    "dma100" : 537.75,
    "dma200" : 525.25,
    "volume" : 599041.00
  }, {
    "date" : "2025-09-23",
    "price" : 573.60,
    "dma50" : 540.33,
    "dma100" : 538.99,
    "dma200" : 525.73,
    "volume" : 765543.00
  }, {
    "date" : "2025-09-24",
    "price" : 572.00,
    "dma50" : 541.57,
    "dma100" : 539.99,
    "dma200" : 526.19,
    "volume" : 653588.00
  }, {
    "date" : "2025-09-25",
    "price" : 570.90,
    "dma50" : 542.72,
    "dma100" : 541.11,
    "dma200" : 526.64,
    "volume" : 635728.00
  }, {
    "date" : "2025-09-26",
    "price" : 553.55,
    "dma50" : 543.14,
    "dma100" : 542.04,
    "dma200" : 526.90,
    "volume" : 427977.00
  }, {
    "date" : "2025-09-29",
    "price" : 545.75,
    "dma50" : 543.25,
    "dma100" : 543.01,
    "dma200" : 527.09,
    "volume" : 303787.00
  }, {
    "date" : "2025-09-30",
    "price" : 555.45,
    "dma50" : 543.72,
    "dma100" : 544.19,
    "dma200" : 527.37,
    "volume" : 278436.00
  }, {
    "date" : "2025-10-01",
    "price" : 548.65,
    "dma50" : 543.92,
    "dma100" : 545.02,
    "dma200" : 527.59,
    "volume" : 337384.00
  }, {
    "date" : "2025-10-03",
    "price" : 555.15,
    "dma50" : 544.36,
    "dma100" : 545.94,
    "dma200" : 527.86,
    "volume" : 575385.00
  }, {
    "date" : "2025-10-06",
    "price" : 567.55,
    "dma50" : 545.27,
    "dma100" : 546.76,
    "dma200" : 528.26,
    "volume" : 1483793.00
  }, {
    "date" : "2025-10-07",
    "price" : 574.25,
    "dma50" : 546.40,
    "dma100" : 547.69,
    "dma200" : 528.71,
    "volume" : 614086.00
  }, {
    "date" : "2025-10-08",
    "price" : 590.35,
    "dma50" : 548.13,
    "dma100" : 548.73,
    "dma200" : 529.33,
    "volume" : 11001173.00
  }, {
    "date" : "2025-10-09",
    "price" : 589.95,
    "dma50" : 549.77,
    "dma100" : 548.94,
    "dma200" : 529.93,
    "volume" : 3775671.00
  }, {
    "date" : "2025-10-10",
    "price" : 563.25,
    "dma50" : 550.30,
    "dma100" : 549.15,
    "dma200" : 530.26,
    "volume" : 2003074.00
  }, {
    "date" : "2025-10-13",
    "price" : 554.20,
    "dma50" : 550.45,
    "dma100" : 549.30,
    "dma200" : 530.50,
    "volume" : 892453.00
  }, {
    "date" : "2025-10-14",
    "price" : 551.20,
    "dma50" : 550.48,
    "dma100" : 549.51,
    "dma200" : 530.71,
    "volume" : 747465.00
  }, {
    "date" : "2025-10-15",
    "price" : 557.30,
    "dma50" : 550.75,
    "dma100" : 549.69,
    "dma200" : 530.97,
    "volume" : 472306.00
  }, {
    "date" : "2025-10-16",
    "price" : 556.20,
    "dma50" : 550.96,
    "dma100" : 549.89,
    "dma200" : 531.22,
    "volume" : 505663.00
  }, {
    "date" : "2025-10-17",
    "price" : 551.35,
    "dma50" : 550.98,
    "dma100" : 550.04,
    "dma200" : 531.42,
    "volume" : 498941.00
  }, {
    "date" : "2025-10-20",
    "price" : 548.30,
    "dma50" : 550.87,
    "dma100" : 550.21,
    "dma200" : 531.59,
    "volume" : 308851.00
  }, {
    "date" : "2025-10-21",
    "price" : 556.50,
    "dma50" : 551.09,
    "dma100" : 550.25,
    "dma200" : 531.84,
    "volume" : 188923.00
  }, {
    "date" : "2025-10-23",
    "price" : 556.55,
    "dma50" : 551.31,
    "dma100" : 550.35,
    "dma200" : 532.08,
    "volume" : 465361.00
  }, {
    "date" : "2025-10-24",
    "price" : 556.45,
    "dma50" : 551.51,
    "dma100" : 550.47,
    "dma200" : 532.33,
    "volume" : 340284.00
  }, {
    "date" : "2025-10-27",
    "price" : 562.55,
    "dma50" : 551.94,
    "dma100" : 550.54,
    "dma200" : 532.63,
    "volume" : 397228.00
  }, {
    "date" : "2025-10-28",
    "price" : 590.30,
    "dma50" : 553.44,
    "dma100" : 550.74,
    "dma200" : 533.20,
    "volume" : 2585239.00
  }, {
    "date" : "2025-10-29",
    "price" : 630.55,
    "dma50" : 556.47,
    "dma100" : 551.50,
    "dma200" : 534.17,
    "volume" : 9009555.00
  }, {
    "date" : "2025-10-30",
    "price" : 636.05,
    "dma50" : 559.59,
    "dma100" : 552.44,
    "dma200" : 535.18,
    "volume" : 3549156.00
  }, {
    "date" : "2025-10-31",
    "price" : 623.15,
    "dma50" : 562.08,
    "dma100" : 553.13,
    "dma200" : 536.06,
    "volume" : 1293753.00
  }, {
    "date" : "2025-11-03",
    "price" : 618.65,
    "dma50" : 564.30,
    "dma100" : 553.79,
    "dma200" : 536.88,
    "volume" : 1012164.00
  }, {
    "date" : "2025-11-04",
    "price" : 612.80,
    "dma50" : 566.20,
    "dma100" : 554.42,
    "dma200" : 537.64,
    "volume" : 1033652.00
  }, {
    "date" : "2025-11-06",
    "price" : 591.15,
    "dma50" : 567.18,
    "dma100" : 554.99,
    "dma200" : 538.17,
    "volume" : 894504.00
  }, {
    "date" : "2025-11-07",
    "price" : 577.25,
    "dma50" : 567.58,
    "dma100" : 555.53,
    "dma200" : 538.56,
    "volume" : 869951.00
  }, {
    "date" : "2025-11-10",
    "price" : 538.55,
    "dma50" : 566.44,
    "dma100" : 555.53,
    "dma200" : 538.56,
    "volume" : 4586655.00
  }, {
    "date" : "2025-11-11",
    "price" : 569.80,
    "dma50" : 566.57,
    "dma100" : 555.84,
    "dma200" : 538.87,
    "volume" : 6729791.00
  }, {
    "date" : "2025-11-12",
    "price" : 568.40,
    "dma50" : 566.64,
    "dma100" : 555.99,
    "dma200" : 539.16,
    "volume" : 815782.00
  }, {
    "date" : "2025-11-13",
    "price" : 571.35,
    "dma50" : 566.83,
    "dma100" : 556.32,
    "dma200" : 539.48,
    "volume" : 626647.00
  }, {
    "date" : "2025-11-14",
    "price" : 571.65,
    "dma50" : 567.01,
    "dma100" : 556.59,
    "dma200" : 539.80,
    "volume" : 442298.00
  }, {
    "date" : "2025-11-17",
    "price" : 573.70,
    "dma50" : 567.28,
    "dma100" : 556.72,
    "dma200" : 540.14,
    "volume" : 387247.00
  }, {
    "date" : "2025-11-18",
    "price" : 596.40,
    "dma50" : 568.42,
    "dma100" : 557.18,
    "dma200" : 540.70,
    "volume" : 3447219.00
  }, {
    "date" : "2025-11-19",
    "price" : 568.55,
    "dma50" : 568.42,
    "dma100" : 557.28,
    "dma200" : 540.98,
    "volume" : 928677.00
  }, {
    "date" : "2025-11-20",
    "price" : 562.55,
    "dma50" : 568.19,
    "dma100" : 557.34,
    "dma200" : 541.19,
    "volume" : 933359.00
  }, {
    "date" : "2025-11-21",
    "price" : 555.00,
    "dma50" : 567.68,
    "dma100" : 557.19,
    "dma200" : 541.33,
    "volume" : 716434.00
  }, {
    "date" : "2025-11-24",
    "price" : 553.85,
    "dma50" : 567.13,
    "dma100" : 557.06,
    "dma200" : 541.45,
    "volume" : 673376.00
  }, {
    "date" : "2025-11-25",
    "price" : 552.40,
    "dma50" : 566.56,
    "dma100" : 556.86,
    "dma200" : 541.56,
    "volume" : 1175092.00
  }, {
    "date" : "2025-11-26",
    "price" : 558.20,
    "dma50" : 566.23,
    "dma100" : 556.81,
    "dma200" : 541.73,
    "volume" : 578449.00
  }, {
    "date" : "2025-11-27",
    "price" : 554.25,
    "dma50" : 565.76,
    "dma100" : 556.68,
    "dma200" : 541.85,
    "volume" : 315748.00
  }, {
    "date" : "2025-11-28",
    "price" : 555.00,
    "dma50" : 565.34,
    "dma100" : 556.59,
    "dma200" : 541.98,
    "volume" : 383726.00
  }, {
    "date" : "2025-12-01",
    "price" : 549.80,
    "dma50" : 564.73,
    "dma100" : 556.53,
    "dma200" : 542.06,
    "volume" : 338925.00
  }, {
    "date" : "2025-12-02",
    "price" : 544.55,
    "dma50" : 563.94,
    "dma100" : 556.40,
    "dma200" : 542.08,
    "volume" : 229241.00
  }, {
    "date" : "2025-12-03",
    "price" : 545.20,
    "dma50" : 563.20,
    "dma100" : 556.26,
    "dma200" : 542.12,
    "volume" : 347477.00
  }, {
    "date" : "2025-12-04",
    "price" : 544.05,
    "dma50" : 562.45,
    "dma100" : 556.05,
    "dma200" : 542.14,
    "volume" : 313880.00
  }, {
    "date" : "2025-12-05",
    "price" : 537.50,
    "dma50" : 561.47,
    "dma100" : 555.80,
    "dma200" : 542.09,
    "volume" : 358604.00
  }, {
    "date" : "2025-12-08",
    "price" : 526.15,
    "dma50" : 560.09,
    "dma100" : 555.21,
    "dma200" : 541.93,
    "volume" : 410051.00
  }, {
    "date" : "2025-12-09",
    "price" : 540.80,
    "dma50" : 559.33,
    "dma100" : 554.77,
    "dma200" : 541.92,
    "volume" : 377134.00
  }, {
    "date" : "2025-12-10",
    "price" : 541.20,
    "dma50" : 558.62,
    "dma100" : 554.31,
    "dma200" : 541.91,
    "volume" : 376675.00
  }, {
    "date" : "2025-12-11",
    "price" : 541.40,
    "dma50" : 557.94,
    "dma100" : 553.94,
    "dma200" : 541.91,
    "volume" : 290195.00
  }, {
    "date" : "2025-12-12",
    "price" : 541.45,
    "dma50" : 557.30,
    "dma100" : 553.56,
    "dma200" : 541.90,
    "volume" : 272714.00
  }, {
    "date" : "2025-12-15",
    "price" : 546.50,
    "dma50" : 556.87,
    "dma100" : 553.26,
    "dma200" : 541.95,
    "volume" : 352248.00
  }, {
    "date" : "2025-12-16",
    "price" : 537.15,
    "dma50" : 556.10,
    "dma100" : 553.00,
    "dma200" : 541.90,
    "volume" : 191827.00
  }, {
    "date" : "2025-12-17",
    "price" : 532.80,
    "dma50" : 555.19,
    "dma100" : 552.57,
    "dma200" : 541.81,
    "volume" : 186558.00
  }, {
    "date" : "2025-12-18",
    "price" : 526.35,
    "dma50" : 554.06,
    "dma100" : 552.20,
    "dma200" : 541.66,
    "volume" : 229926.00
  }, {
    "date" : "2025-12-19",
    "price" : 549.15,
    "dma50" : 553.86,
    "dma100" : 552.27,
    "dma200" : 541.73,
    "volume" : 667496.00
  }, {
    "date" : "2025-12-22",
    "price" : 564.30,
    "dma50" : 554.27,
    "dma100" : 552.52,
    "dma200" : 541.96,
    "volume" : 1167839.00
  }, {
    "date" : "2025-12-23",
    "price" : 570.30,
    "dma50" : 554.90,
    "dma100" : 552.71,
    "dma200" : 542.24,
    "volume" : 894694.00
  }, {
    "date" : "2025-12-24",
    "price" : 570.85,
    "dma50" : 555.53,
    "dma100" : 552.88,
    "dma200" : 542.52,
    "volume" : 812471.00
  }, {
    "date" : "2025-12-26",
    "price" : 582.80,
    "dma50" : 556.60,
    "dma100" : 552.98,
    "dma200" : 542.92,
    "volume" : 972609.00
  }, {
    "date" : "2025-12-29",
    "price" : 601.75,
    "dma50" : 558.37,
    "dma100" : 553.72,
    "dma200" : 543.51,
    "volume" : 4841294.00
  }, {
    "date" : "2025-12-30",
    "price" : 587.70,
    "dma50" : 559.52,
    "dma100" : 554.33,
    "dma200" : 543.95,
    "volume" : 1405048.00
  }, {
    "date" : "2025-12-31",
    "price" : 641.70,
    "dma50" : 562.74,
    "dma100" : 555.42,
    "dma200" : 544.92,
    "volume" : 13765461.00
  }, {
    "date" : "2026-01-01",
    "price" : 648.15,
    "dma50" : 566.09,
    "dma100" : 556.54,
    "dma200" : 545.95,
    "volume" : 4285727.00
  }, {
    "date" : "2026-01-02",
    "price" : 659.70,
    "dma50" : 569.76,
    "dma100" : 557.83,
    "dma200" : 547.08,
    "volume" : 1873023.00
  }, {
    "date" : "2026-01-05",
    "price" : 656.80,
    "dma50" : 573.17,
    "dma100" : 559.17,
    "dma200" : 548.17,
    "volume" : 1353229.00
  }, {
    "date" : "2026-01-06",
    "price" : 672.55,
    "dma50" : 577.07,
    "dma100" : 560.66,
    "dma200" : 549.41,
    "volume" : 3145270.00
  }, {
    "date" : "2026-01-07",
    "price" : 661.90,
    "dma50" : 580.40,
    "dma100" : 561.91,
    "dma200" : 550.53,
    "volume" : 1068573.00
  }, {
    "date" : "2026-01-08",
    "price" : 645.55,
    "dma50" : 582.95,
    "dma100" : 562.97,
    "dma200" : 551.47,
    "volume" : 835317.00
  }, {
    "date" : "2026-01-09",
    "price" : 628.45,
    "dma50" : 584.74,
    "dma100" : 563.91,
    "dma200" : 552.24,
    "volume" : 807740.00
  }, {
    "date" : "2026-01-12",
    "price" : 618.90,
    "dma50" : 586.08,
    "dma100" : 564.62,
    "dma200" : 552.90,
    "volume" : 920846.00
  }, {
    "date" : "2026-01-13",
    "price" : 599.30,
    "dma50" : 586.60,
    "dma100" : 565.08,
    "dma200" : 553.36,
    "volume" : 1502994.00
  }, {
    "date" : "2026-01-14",
    "price" : 632.90,
    "dma50" : 588.41,
    "dma100" : 565.97,
    "dma200" : 554.16,
    "volume" : 4849731.00
  }, {
    "date" : "2026-01-16",
    "price" : 639.55,
    "dma50" : 590.42,
    "dma100" : 566.95,
    "dma200" : 555.01,
    "volume" : 1935378.00
  }, {
    "date" : "2026-01-19",
    "price" : 640.10,
    "dma50" : 592.36,
    "dma100" : 567.98,
    "dma200" : 555.85,
    "volume" : 1078725.00
  }, {
    "date" : "2026-01-20",
    "price" : 621.90,
    "dma50" : 593.52,
    "dma100" : 568.92,
    "dma200" : 556.51,
    "volume" : 1119270.00
  }, {
    "date" : "2026-01-21",
    "price" : 620.90,
    "dma50" : 594.60,
    "dma100" : 569.92,
    "dma200" : 557.15,
    "volume" : 1397004.00
  }, {
    "date" : "2026-01-22",
    "price" : 635.95,
    "dma50" : 596.22,
    "dma100" : 571.13,
    "dma200" : 557.93,
    "volume" : 972337.00
  }, {
    "date" : "2026-01-23",
    "price" : 609.90,
    "dma50" : 596.75,
    "dma100" : 572.12,
    "dma200" : 558.45,
    "volume" : 779896.00
  }, {
    "date" : "2026-01-27",
    "price" : 627.95,
    "dma50" : 597.98,
    "dma100" : 573.22,
    "dma200" : 559.14,
    "volume" : 796648.00
  }, {
    "date" : "2026-01-28",
    "price" : 661.75,
    "dma50" : 600.48,
    "dma100" : 574.65,
    "dma200" : 560.16,
    "volume" : 1800899.00
  }, {
    "date" : "2026-01-29",
    "price" : 666.65,
    "dma50" : 603.07,
    "dma100" : 576.07,
    "dma200" : 561.22,
    "volume" : 1886067.00
  }, {
    "date" : "2026-01-30",
    "price" : 617.30,
    "dma50" : 603.63,
    "dma100" : 577.03,
    "dma200" : 561.78,
    "volume" : 1853594.00
  }, {
    "date" : "2026-02-01",
    "price" : 595.35,
    "dma50" : 603.31,
    "dma100" : 577.81,
    "dma200" : 562.12,
    "volume" : 1098609.00
  }, {
    "date" : "2026-02-02",
    "price" : 601.55,
    "dma50" : 603.24,
    "dma100" : 578.68,
    "dma200" : 562.51,
    "volume" : 841162.00
  }, {
    "date" : "2026-02-03",
    "price" : 624.95,
    "dma50" : 604.09,
    "dma100" : 579.73,
    "dma200" : 563.13,
    "volume" : 820369.00
  }, {
    "date" : "2026-02-04",
    "price" : 637.35,
    "dma50" : 605.39,
    "dma100" : 580.87,
    "dma200" : 563.87,
    "volume" : 733449.00
  }, {
    "date" : "2026-02-05",
    "price" : 622.95,
    "dma50" : 606.08,
    "dma100" : 581.88,
    "dma200" : 564.46,
    "volume" : 560633.00
  }, {
    "date" : "2026-02-06",
    "price" : 618.70,
    "dma50" : 606.58,
    "dma100" : 582.73,
    "dma200" : 565.00,
    "volume" : 709230.00
  }, {
    "date" : "2026-02-09",
    "price" : 637.30,
    "dma50" : 607.78,
    "dma100" : 583.72,
    "dma200" : 565.71,
    "volume" : 3560374.00
  }, {
    "date" : "2026-02-10",
    "price" : 668.25,
    "dma50" : 610.15,
    "dma100" : 584.96,
    "dma200" : 566.73,
    "volume" : 2964261.00
  }, {
    "date" : "2026-02-11",
    "price" : 666.95,
    "dma50" : 612.38,
    "dma100" : 586.08,
    "dma200" : 567.73,
    "volume" : 1328616.00
  }, {
    "date" : "2026-02-12",
    "price" : 670.15,
    "dma50" : 614.65,
    "dma100" : 587.13,
    "dma200" : 568.75,
    "volume" : 890793.00
  }, {
    "date" : "2026-02-13",
    "price" : 645.90,
    "dma50" : 615.87,
    "dma100" : 587.89,
    "dma200" : 569.52,
    "volume" : 1224834.00
  } ],
  "latestTechnicalAttributes" : {
    "date" : "2026-02-13",
    "price" : 645.90,
    "dma50" : 615.87,
    "dma100" : 587.89,
    "dma200" : 569.52,
    "volume" : 1224834.00
  },
  "quarterlyResults" : [ {
    "date" : "2005-03-31",
    "sales" : 140.92,
    "salesGrowthYoY" : null,
    "grossProfitMargin" : 47.57,
    "grossProfit" : 67.04,
    "operatingProfitMargin" : 15.46,
    "operatingProfit" : 21.79,
    "netProfitMargin" : 10.76,
    "netProfit" : 15.16
  }, {
    "date" : "2005-06-30",
    "sales" : 114.61,
    "salesGrowthYoY" : null,
    "grossProfitMargin" : 56.27,
    "grossProfit" : 64.49,
    "operatingProfitMargin" : 14.71,
    "operatingProfit" : 16.86,
    "netProfitMargin" : 6.40,
    "netProfit" : 7.34
  }, {
    "date" : "2005-09-30",
    "sales" : 136.73,
    "salesGrowthYoY" : null,
    "grossProfitMargin" : 53.84,
    "grossProfit" : 73.62,
    "operatingProfitMargin" : 17.45,
    "operatingProfit" : 23.86,
    "netProfitMargin" : 9.39,
    "netProfit" : 12.84
  }, {
    "date" : "2005-12-31",
    "sales" : 165.71,
    "salesGrowthYoY" : null,
    "grossProfitMargin" : 53.55,
    "grossProfit" : 88.74,
    "operatingProfitMargin" : 19.03,
    "operatingProfit" : 31.53,
    "netProfitMargin" : 9.17,
    "netProfit" : 15.20
  }, {
    "date" : "2006-03-31",
    "sales" : 196.94,
    "salesGrowthYoY" : 39.75,
    "grossProfitMargin" : 53.87,
    "grossProfit" : 106.09,
    "operatingProfitMargin" : 19.92,
    "operatingProfit" : 39.23,
    "netProfitMargin" : 14.00,
    "netProfit" : 27.57
  }, {
    "date" : "2006-06-30",
    "sales" : 176.81,
    "salesGrowthYoY" : 54.27,
    "grossProfitMargin" : 58.52,
    "grossProfit" : 103.47,
    "operatingProfitMargin" : 21.45,
    "operatingProfit" : 37.93,
    "netProfitMargin" : 14.49,
    "netProfit" : 25.62
  }, {
    "date" : "2006-09-30",
    "sales" : 215.76,
    "salesGrowthYoY" : 57.80,
    "grossProfitMargin" : 54.73,
    "grossProfit" : 118.09,
    "operatingProfitMargin" : 21.66,
    "operatingProfit" : 46.73,
    "netProfitMargin" : 12.71,
    "netProfit" : 27.42
  }, {
    "date" : "2006-12-31",
    "sales" : 216.51,
    "salesGrowthYoY" : 30.66,
    "grossProfitMargin" : 52.02,
    "grossProfit" : 112.63,
    "operatingProfitMargin" : 20.71,
    "operatingProfit" : 44.84,
    "netProfitMargin" : 12.46,
    "netProfit" : 26.98
  }, {
    "date" : "2007-03-31",
    "sales" : 240.77,
    "salesGrowthYoY" : 22.26,
    "grossProfitMargin" : 47.51,
    "grossProfit" : 114.39,
    "operatingProfitMargin" : 14.94,
    "operatingProfit" : 35.97,
    "netProfitMargin" : 9.99,
    "netProfit" : 24.05
  }, {
    "date" : "2007-06-30",
    "sales" : 214.02,
    "salesGrowthYoY" : 21.05,
    "grossProfitMargin" : 54.71,
    "grossProfit" : 117.09,
    "operatingProfitMargin" : 22.14,
    "operatingProfit" : 47.38,
    "netProfitMargin" : 15.34,
    "netProfit" : 32.83
  }, {
    "date" : "2007-09-30",
    "sales" : 264.99,
    "salesGrowthYoY" : 22.82,
    "grossProfitMargin" : 53.64,
    "grossProfit" : 142.14,
    "operatingProfitMargin" : 22.56,
    "operatingProfit" : 59.78,
    "netProfitMargin" : 14.32,
    "netProfit" : 37.95
  }, {
    "date" : "2007-12-31",
    "sales" : 277.23,
    "salesGrowthYoY" : 28.04,
    "grossProfitMargin" : 49.19,
    "grossProfit" : 136.37,
    "operatingProfitMargin" : 19.65,
    "operatingProfit" : 54.48,
    "netProfitMargin" : 10.31,
    "netProfit" : 28.58
  }, {
    "date" : "2008-03-31",
    "sales" : 342.81,
    "salesGrowthYoY" : 42.38,
    "grossProfitMargin" : 50.32,
    "grossProfit" : 172.50,
    "operatingProfitMargin" : 22.86,
    "operatingProfit" : 78.37,
    "netProfitMargin" : 10.00,
    "netProfit" : 34.28
  }, {
    "date" : "2008-06-30",
    "sales" : 272.60,
    "salesGrowthYoY" : 27.37,
    "grossProfitMargin" : 60.23,
    "grossProfit" : 164.19,
    "operatingProfitMargin" : 22.50,
    "operatingProfit" : 61.34,
    "netProfitMargin" : 12.24,
    "netProfit" : 33.37
  }, {
    "date" : "2008-09-30",
    "sales" : 382.03,
    "salesGrowthYoY" : 44.17,
    "grossProfitMargin" : 55.35,
    "grossProfit" : 211.45,
    "operatingProfitMargin" : 21.69,
    "operatingProfit" : 82.86,
    "netProfitMargin" : 12.47,
    "netProfit" : 47.64
  }, {
    "date" : "2008-12-31",
    "sales" : 267.91,
    "salesGrowthYoY" : -3.36,
    "grossProfitMargin" : 57.02,
    "grossProfit" : 152.76,
    "operatingProfitMargin" : 20.47,
    "operatingProfit" : 54.84,
    "netProfitMargin" : 10.94,
    "netProfit" : 29.31
  }, {
    "date" : "2009-03-31",
    "sales" : 203.34,
    "salesGrowthYoY" : -40.68,
    "grossProfitMargin" : 55.74,
    "grossProfit" : 113.34,
    "operatingProfitMargin" : 16.26,
    "operatingProfit" : 33.06,
    "netProfitMargin" : 40.94,
    "netProfit" : 83.25
  }, {
    "date" : "2009-06-30",
    "sales" : 234.44,
    "salesGrowthYoY" : -14.00,
    "grossProfitMargin" : 54.88,
    "grossProfit" : 128.66,
    "operatingProfitMargin" : 29.04,
    "operatingProfit" : 68.08,
    "netProfitMargin" : 19.27,
    "netProfit" : 45.18
  }, {
    "date" : "2009-09-30",
    "sales" : 279.25,
    "salesGrowthYoY" : -26.90,
    "grossProfitMargin" : 59.57,
    "grossProfit" : 166.35,
    "operatingProfitMargin" : 39.30,
    "operatingProfit" : 109.75,
    "netProfitMargin" : 24.49,
    "netProfit" : 68.39
  }, {
    "date" : "2009-12-31",
    "sales" : 278.94,
    "salesGrowthYoY" : 4.12,
    "grossProfitMargin" : 58.87,
    "grossProfit" : 164.21,
    "operatingProfitMargin" : 36.83,
    "operatingProfit" : 102.73,
    "netProfitMargin" : 22.58,
    "netProfit" : 62.98
  }, {
    "date" : "2010-03-31",
    "sales" : 338.56,
    "salesGrowthYoY" : 66.50,
    "grossProfitMargin" : 51.59,
    "grossProfit" : 174.66,
    "operatingProfitMargin" : 28.99,
    "operatingProfit" : 98.15,
    "netProfitMargin" : 16.42,
    "netProfit" : 55.59
  }, {
    "date" : "2010-06-30",
    "sales" : 258.24,
    "salesGrowthYoY" : 10.15,
    "grossProfitMargin" : 50.27,
    "grossProfit" : 129.82,
    "operatingProfitMargin" : 23.01,
    "operatingProfit" : 59.42,
    "netProfitMargin" : 13.32,
    "netProfit" : 34.40
  }, {
    "date" : "2010-09-30",
    "sales" : 323.86,
    "salesGrowthYoY" : 15.97,
    "grossProfitMargin" : 51.65,
    "grossProfit" : 167.27,
    "operatingProfitMargin" : 26.08,
    "operatingProfit" : 84.46,
    "netProfitMargin" : 17.78,
    "netProfit" : 57.58
  }, {
    "date" : "2010-12-31",
    "sales" : 337.45,
    "salesGrowthYoY" : 20.98,
    "grossProfitMargin" : 49.03,
    "grossProfit" : 165.45,
    "operatingProfitMargin" : 21.69,
    "operatingProfit" : 73.19,
    "netProfitMargin" : 13.10,
    "netProfit" : 44.21
  }, {
    "date" : "2011-03-31",
    "sales" : 304.32,
    "salesGrowthYoY" : -10.11,
    "grossProfitMargin" : 46.64,
    "grossProfit" : 141.93,
    "operatingProfitMargin" : 19.78,
    "operatingProfit" : 60.19,
    "netProfitMargin" : 14.64,
    "netProfit" : 44.55
  }, {
    "date" : "2011-06-30",
    "sales" : 319.32,
    "salesGrowthYoY" : 23.65,
    "grossProfitMargin" : 42.80,
    "grossProfit" : 136.67,
    "operatingProfitMargin" : 19.50,
    "operatingProfit" : 62.27,
    "netProfitMargin" : 11.55,
    "netProfit" : 36.88
  }, {
    "date" : "2011-09-30",
    "sales" : 462.27,
    "salesGrowthYoY" : 42.74,
    "grossProfitMargin" : 42.43,
    "grossProfit" : 196.14,
    "operatingProfitMargin" : 16.52,
    "operatingProfit" : 76.37,
    "netProfitMargin" : 9.06,
    "netProfit" : 41.88
  }, {
    "date" : "2011-12-31",
    "sales" : 437.08,
    "salesGrowthYoY" : 29.52,
    "grossProfitMargin" : 42.14,
    "grossProfit" : 184.19,
    "operatingProfitMargin" : 20.55,
    "operatingProfit" : 89.82,
    "netProfitMargin" : 12.85,
    "netProfit" : 56.16
  }, {
    "date" : "2012-03-31",
    "sales" : 452.17,
    "salesGrowthYoY" : 48.58,
    "grossProfitMargin" : 40.80,
    "grossProfit" : 184.49,
    "operatingProfitMargin" : 18.31,
    "operatingProfit" : 82.79,
    "netProfitMargin" : 17.04,
    "netProfit" : 77.05
  }, {
    "date" : "2012-06-30",
    "sales" : 417.53,
    "salesGrowthYoY" : 30.76,
    "grossProfitMargin" : 42.73,
    "grossProfit" : 178.41,
    "operatingProfitMargin" : 17.50,
    "operatingProfit" : 73.07,
    "netProfitMargin" : 9.71,
    "netProfit" : 40.54
  }, {
    "date" : "2012-09-30",
    "sales" : 407.05,
    "salesGrowthYoY" : -11.95,
    "grossProfitMargin" : 45.90,
    "grossProfit" : 186.84,
    "operatingProfitMargin" : 19.01,
    "operatingProfit" : 77.38,
    "netProfitMargin" : 11.41,
    "netProfit" : 46.44
  }, {
    "date" : "2012-12-31",
    "sales" : 429.10,
    "salesGrowthYoY" : -1.83,
    "grossProfitMargin" : 42.69,
    "grossProfit" : 183.18,
    "operatingProfitMargin" : 15.54,
    "operatingProfit" : 66.68,
    "netProfitMargin" : 8.04,
    "netProfit" : 34.50
  }, {
    "date" : "2013-03-31",
    "sales" : 511.18,
    "salesGrowthYoY" : 13.05,
    "grossProfitMargin" : 36.70,
    "grossProfit" : 187.60,
    "operatingProfitMargin" : 12.09,
    "operatingProfit" : 61.80,
    "netProfitMargin" : 8.13,
    "netProfit" : 41.56
  }, {
    "date" : "2013-06-30",
    "sales" : 403.81,
    "salesGrowthYoY" : -3.29,
    "grossProfitMargin" : 41.10,
    "grossProfit" : 165.97,
    "operatingProfitMargin" : 16.30,
    "operatingProfit" : 65.82,
    "netProfitMargin" : 9.73,
    "netProfit" : 39.29
  }, {
    "date" : "2013-09-30",
    "sales" : 440.87,
    "salesGrowthYoY" : 8.31,
    "grossProfitMargin" : 43.80,
    "grossProfit" : 193.10,
    "operatingProfitMargin" : 18.55,
    "operatingProfit" : 81.78,
    "netProfitMargin" : 10.10,
    "netProfit" : 44.53
  }, {
    "date" : "2013-12-31",
    "sales" : 434.45,
    "salesGrowthYoY" : 1.25,
    "grossProfitMargin" : 42.92,
    "grossProfit" : 186.47,
    "operatingProfitMargin" : 15.76,
    "operatingProfit" : 68.47,
    "netProfitMargin" : 9.70,
    "netProfit" : 42.14
  }, {
    "date" : "2014-03-31",
    "sales" : 488.95,
    "salesGrowthYoY" : -4.35,
    "grossProfitMargin" : 41.08,
    "grossProfit" : 200.86,
    "operatingProfitMargin" : 13.94,
    "operatingProfit" : 68.16,
    "netProfitMargin" : 9.19,
    "netProfit" : 44.93
  }, {
    "date" : "2014-06-30",
    "sales" : 370.17,
    "salesGrowthYoY" : -8.33,
    "grossProfitMargin" : 38.56,
    "grossProfit" : 142.74,
    "operatingProfitMargin" : 10.16,
    "operatingProfit" : 37.61,
    "netProfitMargin" : 7.43,
    "netProfit" : 27.50
  }, {
    "date" : "2014-09-30",
    "sales" : 397.32,
    "salesGrowthYoY" : -9.88,
    "grossProfitMargin" : 39.29,
    "grossProfit" : 156.11,
    "operatingProfitMargin" : 10.02,
    "operatingProfit" : 39.81,
    "netProfitMargin" : 5.06,
    "netProfit" : 20.10
  }, {
    "date" : "2014-12-31",
    "sales" : 314.08,
    "salesGrowthYoY" : -27.71,
    "grossProfitMargin" : 47.41,
    "grossProfit" : 148.91,
    "operatingProfitMargin" : 13.29,
    "operatingProfit" : 41.74,
    "netProfitMargin" : 6.50,
    "netProfit" : 20.42
  }, {
    "date" : "2015-03-31",
    "sales" : 415.65,
    "salesGrowthYoY" : -14.99,
    "grossProfitMargin" : 37.15,
    "grossProfit" : 154.41,
    "operatingProfitMargin" : 8.69,
    "operatingProfit" : 36.12,
    "netProfitMargin" : 4.11,
    "netProfit" : 17.08
  }, {
    "date" : "2015-06-30",
    "sales" : 322.50,
    "salesGrowthYoY" : -12.88,
    "grossProfitMargin" : 41.76,
    "grossProfit" : 134.68,
    "operatingProfitMargin" : 9.98,
    "operatingProfit" : 32.19,
    "netProfitMargin" : 5.96,
    "netProfit" : 19.22
  }, {
    "date" : "2015-09-30",
    "sales" : 318.27,
    "salesGrowthYoY" : -19.90,
    "grossProfitMargin" : 46.33,
    "grossProfit" : 147.45,
    "operatingProfitMargin" : 14.00,
    "operatingProfit" : 44.56,
    "netProfitMargin" : 10.66,
    "netProfit" : 33.93
  }, {
    "date" : "2015-12-31",
    "sales" : 356.63,
    "salesGrowthYoY" : 13.55,
    "grossProfitMargin" : 41.70,
    "grossProfit" : 148.71,
    "operatingProfitMargin" : 11.96,
    "operatingProfit" : 42.65,
    "netProfitMargin" : 6.43,
    "netProfit" : 22.93
  }, {
    "date" : "2016-03-31",
    "sales" : 349.28,
    "salesGrowthYoY" : -15.97,
    "grossProfitMargin" : 39.81,
    "grossProfit" : 139.05,
    "operatingProfitMargin" : 8.84,
    "operatingProfit" : 30.88,
    "netProfitMargin" : 8.18,
    "netProfit" : 28.57
  }, {
    "date" : "2016-06-30",
    "sales" : 275.19,
    "salesGrowthYoY" : -14.67,
    "grossProfitMargin" : 36.24,
    "grossProfit" : 99.73,
    "operatingProfitMargin" : 3.82,
    "operatingProfit" : 10.51,
    "netProfitMargin" : 3.99,
    "netProfit" : 10.98
  }, {
    "date" : "2016-09-30",
    "sales" : 319.63,
    "salesGrowthYoY" : 0.43,
    "grossProfitMargin" : 39.17,
    "grossProfit" : 125.20,
    "operatingProfitMargin" : 4.41,
    "operatingProfit" : 14.10,
    "netProfitMargin" : 4.99,
    "netProfit" : 15.95
  }, {
    "date" : "2016-12-31",
    "sales" : 337.56,
    "salesGrowthYoY" : -5.35,
    "grossProfitMargin" : 46.52,
    "grossProfit" : 157.03,
    "operatingProfitMargin" : 10.77,
    "operatingProfit" : 36.36,
    "netProfitMargin" : 6.93,
    "netProfit" : 23.39
  }, {
    "date" : "2017-03-31",
    "sales" : 373.39,
    "salesGrowthYoY" : 6.90,
    "grossProfitMargin" : 39.67,
    "grossProfit" : 148.12,
    "operatingProfitMargin" : 3.92,
    "operatingProfit" : 14.64,
    "netProfitMargin" : 16.60,
    "netProfit" : 61.98
  }, {
    "date" : "2017-06-30",
    "sales" : 351.00,
    "salesGrowthYoY" : 27.55,
    "grossProfitMargin" : 44.44,
    "grossProfit" : 155.98,
    "operatingProfitMargin" : 10.26,
    "operatingProfit" : 36.01,
    "netProfitMargin" : 8.55,
    "netProfit" : 30.01
  }, {
    "date" : "2017-09-30",
    "sales" : 462.00,
    "salesGrowthYoY" : 44.54,
    "grossProfitMargin" : 55.84,
    "grossProfit" : 257.98,
    "operatingProfitMargin" : 28.35,
    "operatingProfit" : 130.98,
    "netProfitMargin" : 19.48,
    "netProfit" : 90.00
  }, {
    "date" : "2017-12-31",
    "sales" : 933.00,
    "salesGrowthYoY" : 176.40,
    "grossProfitMargin" : 71.92,
    "grossProfit" : 671.01,
    "operatingProfitMargin" : 55.52,
    "operatingProfit" : 518.00,
    "netProfitMargin" : 36.55,
    "netProfit" : 341.01
  }, {
    "date" : "2018-03-31",
    "sales" : 1212.00,
    "salesGrowthYoY" : 224.59,
    "grossProfitMargin" : 68.98,
    "grossProfit" : 836.04,
    "operatingProfitMargin" : 55.12,
    "operatingProfit" : 668.05,
    "netProfitMargin" : 37.46,
    "netProfit" : 454.02
  }, {
    "date" : "2018-06-30",
    "sales" : 1777.00,
    "salesGrowthYoY" : 406.27,
    "grossProfitMargin" : 82.33,
    "grossProfit" : 1463.00,
    "operatingProfitMargin" : 73.16,
    "operatingProfit" : 1300.05,
    "netProfitMargin" : 48.28,
    "netProfit" : 857.94
  }, {
    "date" : "2018-09-30",
    "sales" : 2008.00,
    "salesGrowthYoY" : 334.63,
    "grossProfitMargin" : 77.99,
    "grossProfit" : 1566.04,
    "operatingProfitMargin" : 68.08,
    "operatingProfit" : 1367.05,
    "netProfitMargin" : 45.42,
    "netProfit" : 912.03
  }, {
    "date" : "2018-12-31",
    "sales" : 1562.00,
    "salesGrowthYoY" : 67.42,
    "grossProfitMargin" : 67.67,
    "grossProfit" : 1057.01,
    "operatingProfitMargin" : 55.57,
    "operatingProfit" : 868.00,
    "netProfitMargin" : 38.99,
    "netProfit" : 609.02
  }, {
    "date" : "2019-03-31",
    "sales" : 1390.00,
    "salesGrowthYoY" : 14.69,
    "grossProfitMargin" : 64.82,
    "grossProfit" : 901.00,
    "operatingProfitMargin" : 48.27,
    "operatingProfit" : 670.95,
    "netProfitMargin" : 33.31,
    "netProfit" : 463.01
  }, {
    "date" : "2019-06-30",
    "sales" : 897.00,
    "salesGrowthYoY" : -49.52,
    "grossProfitMargin" : 47.71,
    "grossProfit" : 427.96,
    "operatingProfitMargin" : 28.99,
    "operatingProfit" : 260.04,
    "netProfitMargin" : 21.74,
    "netProfit" : 195.01
  }, {
    "date" : "2019-09-30",
    "sales" : 833.00,
    "salesGrowthYoY" : -58.52,
    "grossProfitMargin" : 33.25,
    "grossProfit" : 276.97,
    "operatingProfitMargin" : 14.05,
    "operatingProfit" : 117.04,
    "netProfitMargin" : 20.05,
    "netProfit" : 167.02
  }, {
    "date" : "2019-12-31",
    "sales" : 597.00,
    "salesGrowthYoY" : -61.78,
    "grossProfitMargin" : -55.28,
    "grossProfit" : -330.02,
    "operatingProfitMargin" : -82.58,
    "operatingProfit" : -493.00,
    "netProfitMargin" : -59.63,
    "netProfit" : -355.99
  }, {
    "date" : "2020-03-31",
    "sales" : 548.00,
    "salesGrowthYoY" : -60.58,
    "grossProfitMargin" : 26.46,
    "grossProfit" : 145.00,
    "operatingProfitMargin" : 3.83,
    "operatingProfit" : 20.99,
    "netProfitMargin" : 4.56,
    "netProfit" : 24.99
  }, {
    "date" : "2020-06-30",
    "sales" : 350.00,
    "salesGrowthYoY" : -60.98,
    "grossProfitMargin" : 7.71,
    "grossProfit" : 26.98,
    "operatingProfitMargin" : -20.57,
    "operatingProfit" : -72.00,
    "netProfitMargin" : -3.71,
    "netProfit" : -12.98
  }, {
    "date" : "2020-09-30",
    "sales" : 473.00,
    "salesGrowthYoY" : -43.22,
    "grossProfitMargin" : 20.30,
    "grossProfit" : 96.02,
    "operatingProfitMargin" : -7.40,
    "operatingProfit" : -35.00,
    "netProfitMargin" : 1.06,
    "netProfit" : 5.01
  }, {
    "date" : "2020-12-31",
    "sales" : 453.00,
    "salesGrowthYoY" : -24.12,
    "grossProfitMargin" : 27.37,
    "grossProfit" : 123.99,
    "operatingProfitMargin" : -1.10,
    "operatingProfit" : -4.98,
    "netProfitMargin" : 20.53,
    "netProfit" : 93.00
  }, {
    "date" : "2021-03-31",
    "sales" : 563.00,
    "salesGrowthYoY" : 2.74,
    "grossProfitMargin" : 60.75,
    "grossProfit" : 342.02,
    "operatingProfitMargin" : 22.74,
    "operatingProfit" : 128.03,
    "netProfitMargin" : 20.25,
    "netProfit" : 114.01
  }, {
    "date" : "2021-06-30",
    "sales" : 543.00,
    "salesGrowthYoY" : 55.14,
    "grossProfitMargin" : 52.85,
    "grossProfit" : 286.98,
    "operatingProfitMargin" : 25.05,
    "operatingProfit" : 136.02,
    "netProfitMargin" : 28.91,
    "netProfit" : 156.98
  }, {
    "date" : "2021-09-30",
    "sales" : 654.00,
    "salesGrowthYoY" : 38.27,
    "grossProfitMargin" : 47.25,
    "grossProfit" : 309.01,
    "operatingProfitMargin" : 18.96,
    "operatingProfit" : 124.00,
    "netProfitMargin" : 21.41,
    "netProfit" : 140.02
  }, {
    "date" : "2021-12-31",
    "sales" : 835.00,
    "salesGrowthYoY" : 84.33,
    "grossProfitMargin" : 44.55,
    "grossProfit" : 371.99,
    "operatingProfitMargin" : 18.80,
    "operatingProfit" : 156.98,
    "netProfitMargin" : 18.56,
    "netProfit" : 154.98
  }, {
    "date" : "2022-03-31",
    "sales" : 767.00,
    "salesGrowthYoY" : 36.23,
    "grossProfitMargin" : 44.98,
    "grossProfit" : 345.00,
    "operatingProfitMargin" : 13.95,
    "operatingProfit" : 107.00,
    "netProfitMargin" : 15.91,
    "netProfit" : 122.03
  }, {
    "date" : "2022-06-30",
    "sales" : 798.00,
    "salesGrowthYoY" : 46.96,
    "grossProfitMargin" : 40.23,
    "grossProfit" : 321.04,
    "operatingProfitMargin" : 9.40,
    "operatingProfit" : 75.01,
    "netProfitMargin" : 7.89,
    "netProfit" : 62.96
  }, {
    "date" : "2022-09-30",
    "sales" : 719.00,
    "salesGrowthYoY" : 9.94,
    "grossProfitMargin" : 46.18,
    "grossProfit" : 332.03,
    "operatingProfitMargin" : 14.33,
    "operatingProfit" : 103.03,
    "netProfitMargin" : 19.33,
    "netProfit" : 138.98
  }, {
    "date" : "2022-12-31",
    "sales" : 669.00,
    "salesGrowthYoY" : -19.88,
    "grossProfitMargin" : 40.81,
    "grossProfit" : 273.02,
    "operatingProfitMargin" : 14.20,
    "operatingProfit" : 95.00,
    "netProfitMargin" : 13.75,
    "netProfit" : 91.99
  }, {
    "date" : "2023-03-31",
    "sales" : 727.00,
    "salesGrowthYoY" : -5.22,
    "grossProfitMargin" : 37.14,
    "grossProfit" : 270.01,
    "operatingProfitMargin" : 11.83,
    "operatingProfit" : 86.00,
    "netProfitMargin" : 7.70,
    "netProfit" : 55.98
  }, {
    "date" : "2023-06-30",
    "sales" : 720.00,
    "salesGrowthYoY" : -9.77,
    "grossProfitMargin" : 11.25,
    "grossProfit" : 81.00,
    "operatingProfitMargin" : -11.94,
    "operatingProfit" : -85.97,
    "netProfitMargin" : -3.75,
    "netProfit" : -27.00
  }, {
    "date" : "2023-09-30",
    "sales" : 786.00,
    "salesGrowthYoY" : 9.32,
    "grossProfitMargin" : 21.12,
    "grossProfit" : 166.00,
    "operatingProfitMargin" : -1.91,
    "operatingProfit" : -15.01,
    "netProfitMargin" : 5.26,
    "netProfit" : 41.34
  }, {
    "date" : "2023-12-31",
    "sales" : 682.00,
    "salesGrowthYoY" : 1.94,
    "grossProfitMargin" : 30.21,
    "grossProfit" : 206.03,
    "operatingProfitMargin" : 3.52,
    "operatingProfit" : 24.01,
    "netProfitMargin" : 7.33,
    "netProfit" : 49.99
  }, {
    "date" : "2024-03-31",
    "sales" : 706.00,
    "salesGrowthYoY" : -2.89,
    "grossProfitMargin" : 25.35,
    "grossProfit" : 178.97,
    "operatingProfitMargin" : -0.99,
    "operatingProfit" : -6.99,
    "netProfitMargin" : 4.82,
    "netProfit" : 34.03
  }, {
    "date" : "2024-06-30",
    "sales" : 672.00,
    "salesGrowthYoY" : -6.67,
    "grossProfitMargin" : 38.69,
    "grossProfit" : 260.00,
    "operatingProfitMargin" : 11.16,
    "operatingProfit" : 75.00,
    "netProfitMargin" : 30.51,
    "netProfit" : 205.03
  }, {
    "date" : "2024-09-30",
    "sales" : 586.00,
    "salesGrowthYoY" : -25.45,
    "grossProfitMargin" : 47.44,
    "grossProfit" : 278.00,
    "operatingProfitMargin" : 15.19,
    "operatingProfit" : 89.01,
    "netProfitMargin" : 31.06,
    "netProfit" : 182.01
  }, {
    "date" : "2024-12-31",
    "sales" : 517.00,
    "salesGrowthYoY" : -24.19,
    "grossProfitMargin" : 36.56,
    "grossProfit" : 189.02,
    "operatingProfitMargin" : 3.29,
    "operatingProfit" : 17.01,
    "netProfitMargin" : 0.58,
    "netProfit" : 3.00
  }, {
    "date" : "2025-03-31",
    "sales" : 645.00,
    "salesGrowthYoY" : -8.64,
    "grossProfitMargin" : 35.97,
    "grossProfit" : 232.01,
    "operatingProfitMargin" : 7.75,
    "operatingProfit" : 49.99,
    "netProfitMargin" : 9.61,
    "netProfit" : 61.98
  }, {
    "date" : "2025-06-30",
    "sales" : 643.00,
    "salesGrowthYoY" : -4.32,
    "grossProfitMargin" : 37.95,
    "grossProfit" : 244.02,
    "operatingProfitMargin" : 8.40,
    "operatingProfit" : 54.01,
    "netProfitMargin" : 22.55,
    "netProfit" : 145.00
  }, {
    "date" : "2025-09-30",
    "sales" : 710.00,
    "salesGrowthYoY" : 21.16,
    "grossProfitMargin" : 36.90,
    "grossProfit" : 261.99,
    "operatingProfitMargin" : 7.46,
    "operatingProfit" : 52.97,
    "netProfitMargin" : 12.96,
    "netProfit" : 92.02
  }, {
    "date" : "2025-12-31",
    "sales" : 643.00,
    "salesGrowthYoY" : 24.37,
    "grossProfitMargin" : 42.46,
    "grossProfit" : 273.02,
    "operatingProfitMargin" : 11.66,
    "operatingProfit" : 74.97,
    "netProfitMargin" : 18.76,
    "netProfit" : 120.63
  } ],
  "latestQuarterlyResult" : {
    "date" : "2025-12-31",
    "sales" : 643.00,
    "salesGrowthYoY" : 24.37,
    "grossProfitMargin" : 42.46,
    "grossProfit" : 273.02,
    "operatingProfitMargin" : 11.66,
    "operatingProfit" : 74.97,
    "netProfitMargin" : 18.76,
    "netProfit" : 120.63
  },
  "companyScore" : {
    "priceHigherThanDma50" : 5.00,
    "priceHigherThanDma100" : 5.00,
    "priceHigherThanDma200" : 5.00,
    "dma50HigherThanDma100" : 5.00,
    "dma50HigherThanDma200" : 5.00,
    "dma100HigherThanDma200" : 5.00,
    "pricePercentageAboveDma50" : 4.76,
    "pricePercentageAboveDma100" : 4.51,
    "pricePercentageAboveDma200" : 4.33,
    "weeklyVolumeHigherThanYearlyVolume" : 5.00,
    "salesGrowthPercentile" : 13.75,
    "operatingProfitMarginPercentile" : 12.10,
    "netProfitMarginPercentile" : 7.50,
    "totalTechnicalScore" : 48.59,
    "totalFundamentalScore" : 33.35,
    "totalScore" : 81.94
  }
}