{
  "metadata" : {
    "screenerCompanyId" : "1212",
    "companyCode" : "GRMOVER",
    "companyName" : "GRM Overseas",
    "screenerCompanyLink" : "https://www.screener.in/company/GRMOVER",
    "screenerTechnicalHistoryLink" : "https://www.screener.in/api/company/1212/chart/?q=Price-DMA50-DMA200-Volume&days=365",
    "screenerQuarterlyResultsLink" : "https://www.screener.in/api/company/1212/chart/?q=GPM-OPM-NPM-Quarter+Sales&days=10000",
    "attributes" : {
      "companyCode" : "GRMOVER",
      "companyName" : "GRM Overseas",
      "marketCap" : 2873.00,
      "peRatio" : 54.30,
      "description" : "Incorporated in 1995, GRM Overseas Ltd is in the business of milling, processing and marketing of branded /nonbranded basmati rice in the domestic and overseas market[1]"
    },
    "companyScore" : {
      "priceHigherThanDma50" : 5.00,
      "priceHigherThanDma100" : 5.00,
      "priceHigherThanDma200" : 5.00,
      "dma50HigherThanDma100" : 5.00,
      "dma50HigherThanDma200" : 5.00,
      "dma100HigherThanDma200" : 5.00,
      "pricePercentageAboveDma50" : 4.66,
      "pricePercentageAboveDma100" : 4.14,
      "pricePercentageAboveDma200" : 3.53,
      "weeklyVolumeHigherThanYearlyVolume" : 5.00,
      "salesGrowthPercentile" : 17.72,
      "operatingProfitMarginPercentile" : 10.84,
      "netProfitMarginPercentile" : 6.99,
      "totalTechnicalScore" : 47.33,
      "totalFundamentalScore" : 35.55,
      "totalScore" : 82.88
    }
  },
  "attributes" : {
    "companyCode" : "GRMOVER",
    "companyName" : "GRM Overseas",
    "marketCap" : 2873.00,
    "peRatio" : 54.30,
    "description" : "Incorporated in 1995, GRM Overseas Ltd is in the business of milling, processing and marketing of branded /nonbranded basmati rice in the domestic and overseas market[1]"
  },
  "technicalHistory" : [ {
    "date" : "2024-12-10",
    "price" : 216.50,
    "dma50" : 218.84,
    "dma100" : null,
    "dma200" : 209.84,
    "volume" : 108383.00
  }, {
    "date" : "2024-12-11",
    "price" : 214.29,
    "dma50" : 218.66,
    "dma100" : null,
    "dma200" : 209.88,
    "volume" : 47433.00
  }, {
    "date" : "2024-12-12",
    "price" : 207.82,
    "dma50" : 218.23,
    "dma100" : null,
    "dma200" : 209.86,
    "volume" : 80912.00
  }, {
    "date" : "2024-12-13",
    "price" : 206.54,
    "dma50" : 217.77,
    "dma100" : null,
    "dma200" : 209.83,
    "volume" : 61385.00
  }, {
    "date" : "2024-12-16",
    "price" : 205.53,
    "dma50" : 217.29,
    "dma100" : null,
    "dma200" : 209.79,
    "volume" : 101393.00
  }, {
    "date" : "2024-12-17",
    "price" : 200.93,
    "dma50" : 216.65,
    "dma100" : null,
    "dma200" : 209.70,
    "volume" : 124381.00
  }, {
    "date" : "2024-12-18",
    "price" : 197.83,
    "dma50" : 215.91,
    "dma100" : null,
    "dma200" : 209.58,
    "volume" : 62261.00
  }, {
    "date" : "2024-12-19",
    "price" : 196.47,
    "dma50" : 215.15,
    "dma100" : null,
    "dma200" : 209.45,
    "volume" : 114613.00
  }, {
    "date" : "2024-12-20",
    "price" : 192.64,
    "dma50" : 214.27,
    "dma100" : null,
    "dma200" : 209.28,
    "volume" : 89068.00
  }, {
    "date" : "2024-12-23",
    "price" : 193.74,
    "dma50" : 213.46,
    "dma100" : null,
    "dma200" : 209.13,
    "volume" : 59227.00
  }, {
    "date" : "2024-12-24",
    "price" : 190.23,
    "dma50" : 212.55,
    "dma100" : null,
    "dma200" : 208.94,
    "volume" : 57276.00
  }, {
    "date" : "2024-12-26",
    "price" : 185.14,
    "dma50" : 211.48,
    "dma100" : null,
    "dma200" : 208.70,
    "volume" : 78500.00
  }, {
    "date" : "2024-12-27",
    "price" : 184.31,
    "dma50" : 210.41,
    "dma100" : null,
    "dma200" : 208.46,
    "volume" : 99121.00
  }, {
    "date" : "2024-12-30",
    "price" : 199.86,
    "dma50" : 210.00,
    "dma100" : null,
    "dma200" : 208.37,
    "volume" : 874811.00
  }, {
    "date" : "2024-12-31",
    "price" : 201.76,
    "dma50" : 209.68,
    "dma100" : null,
    "dma200" : 208.31,
    "volume" : 261434.00
  }, {
    "date" : "2025-01-01",
    "price" : 200.31,
    "dma50" : 209.31,
    "dma100" : null,
    "dma200" : 208.23,
    "volume" : 97612.00
  }, {
    "date" : "2025-01-02",
    "price" : 199.19,
    "dma50" : 208.91,
    "dma100" : null,
    "dma200" : 208.14,
    "volume" : 82173.00
  }, {
    "date" : "2025-01-03",
    "price" : 198.96,
    "dma50" : 208.52,
    "dma100" : null,
    "dma200" : 208.05,
    "volume" : 64176.00
  }, {
    "date" : "2025-01-06",
    "price" : 193.75,
    "dma50" : 207.94,
    "dma100" : null,
    "dma200" : 207.90,
    "volume" : 117628.00
  }, {
    "date" : "2025-01-07",
    "price" : 202.71,
    "dma50" : 207.74,
    "dma100" : null,
    "dma200" : 207.85,
    "volume" : 286044.00
  }, {
    "date" : "2025-01-08",
    "price" : 195.40,
    "dma50" : 207.25,
    "dma100" : null,
    "dma200" : 207.73,
    "volume" : 65648.00
  }, {
    "date" : "2025-01-09",
    "price" : 191.27,
    "dma50" : 206.63,
    "dma100" : null,
    "dma200" : 207.57,
    "volume" : 32582.00
  }, {
    "date" : "2025-01-10",
    "price" : 185.74,
    "dma50" : 205.81,
    "dma100" : null,
    "dma200" : 207.35,
    "volume" : 80653.00
  }, {
    "date" : "2025-01-13",
    "price" : 200.95,
    "dma50" : 205.62,
    "dma100" : null,
    "dma200" : 207.28,
    "volume" : 1375016.00
  }, {
    "date" : "2025-01-14",
    "price" : 198.12,
    "dma50" : 205.32,
    "dma100" : null,
    "dma200" : 207.19,
    "volume" : 212306.00
  }, {
    "date" : "2025-01-15",
    "price" : 202.08,
    "dma50" : 205.20,
    "dma100" : null,
    "dma200" : 207.14,
    "volume" : 118181.00
  }, {
    "date" : "2025-01-16",
    "price" : 201.32,
    "dma50" : 205.04,
    "dma100" : null,
    "dma200" : 207.08,
    "volume" : 342498.00
  }, {
    "date" : "2025-01-17",
    "price" : 202.96,
    "dma50" : 204.96,
    "dma100" : null,
    "dma200" : 207.04,
    "volume" : 202139.00
  }, {
    "date" : "2025-01-20",
    "price" : 210.22,
    "dma50" : 205.17,
    "dma100" : null,
    "dma200" : 207.08,
    "volume" : 355356.00
  }, {
    "date" : "2025-01-21",
    "price" : 209.74,
    "dma50" : 205.35,
    "dma100" : null,
    "dma200" : 207.10,
    "volume" : 245881.00
  }, {
    "date" : "2025-01-22",
    "price" : 218.35,
    "dma50" : 205.86,
    "dma100" : null,
    "dma200" : 207.21,
    "volume" : 496385.00
  }, {
    "date" : "2025-01-23",
    "price" : 221.88,
    "dma50" : 206.49,
    "dma100" : null,
    "dma200" : 207.36,
    "volume" : 432856.00
  }, {
    "date" : "2025-01-24",
    "price" : 214.63,
    "dma50" : 206.80,
    "dma100" : null,
    "dma200" : 207.43,
    "volume" : 96296.00
  }, {
    "date" : "2025-01-27",
    "price" : 216.22,
    "dma50" : 207.17,
    "dma100" : null,
    "dma200" : 207.52,
    "volume" : 540806.00
  }, {
    "date" : "2025-01-28",
    "price" : 207.43,
    "dma50" : 207.18,
    "dma100" : null,
    "dma200" : 207.52,
    "volume" : 395626.00
  }, {
    "date" : "2025-01-29",
    "price" : 207.31,
    "dma50" : 207.19,
    "dma100" : null,
    "dma200" : 207.52,
    "volume" : 78845.00
  }, {
    "date" : "2025-01-30",
    "price" : 221.21,
    "dma50" : 207.74,
    "dma100" : null,
    "dma200" : 207.65,
    "volume" : 668569.00
  }, {
    "date" : "2025-01-31",
    "price" : 237.79,
    "dma50" : 208.92,
    "dma100" : null,
    "dma200" : 207.95,
    "volume" : 1400009.00
  }, {
    "date" : "2025-02-01",
    "price" : 232.74,
    "dma50" : 209.85,
    "dma100" : null,
    "dma200" : 208.20,
    "volume" : 311582.00
  }, {
    "date" : "2025-02-03",
    "price" : 231.04,
    "dma50" : 210.68,
    "dma100" : null,
    "dma200" : 208.43,
    "volume" : 613588.00
  }, {
    "date" : "2025-02-04",
    "price" : 231.91,
    "dma50" : 211.51,
    "dma100" : null,
    "dma200" : 208.66,
    "volume" : 247976.00
  }, {
    "date" : "2025-02-05",
    "price" : 230.86,
    "dma50" : 212.27,
    "dma100" : null,
    "dma200" : 208.88,
    "volume" : 697631.00
  }, {
    "date" : "2025-02-06",
    "price" : 241.98,
    "dma50" : 213.44,
    "dma100" : null,
    "dma200" : 209.21,
    "volume" : 1298811.00
  }, {
    "date" : "2025-02-07",
    "price" : 240.06,
    "dma50" : 214.48,
    "dma100" : null,
    "dma200" : 209.52,
    "volume" : 466071.00
  }, {
    "date" : "2025-02-10",
    "price" : 231.46,
    "dma50" : 215.15,
    "dma100" : null,
    "dma200" : 209.74,
    "volume" : 305421.00
  }, {
    "date" : "2025-02-11",
    "price" : 227.84,
    "dma50" : 215.65,
    "dma100" : null,
    "dma200" : 209.92,
    "volume" : 592998.00
  }, {
    "date" : "2025-02-12",
    "price" : 237.59,
    "dma50" : 216.51,
    "dma100" : null,
    "dma200" : 210.19,
    "volume" : 329162.00
  }, {
    "date" : "2025-02-13",
    "price" : 241.47,
    "dma50" : 217.49,
    "dma100" : null,
    "dma200" : 210.50,
    "volume" : 741351.00
  }, {
    "date" : "2025-02-14",
    "price" : 229.12,
    "dma50" : 217.94,
    "dma100" : null,
    "dma200" : 210.69,
    "volume" : 849055.00
  }, {
    "date" : "2025-02-17",
    "price" : 220.35,
    "dma50" : 218.04,
    "dma100" : null,
    "dma200" : 210.78,
    "volume" : 522787.00
  }, {
    "date" : "2025-02-18",
    "price" : 215.71,
    "dma50" : 217.94,
    "dma100" : null,
    "dma200" : 210.83,
    "volume" : 519060.00
  }, {
    "date" : "2025-02-19",
    "price" : 217.64,
    "dma50" : 217.93,
    "dma100" : null,
    "dma200" : 210.90,
    "volume" : 469081.00
  }, {
    "date" : "2025-02-20",
    "price" : 219.58,
    "dma50" : 218.00,
    "dma100" : null,
    "dma200" : 210.99,
    "volume" : 292686.00
  }, {
    "date" : "2025-02-21",
    "price" : 217.48,
    "dma50" : 217.98,
    "dma100" : null,
    "dma200" : 211.05,
    "volume" : 228707.00
  }, {
    "date" : "2025-02-24",
    "price" : 220.54,
    "dma50" : 218.08,
    "dma100" : null,
    "dma200" : 211.15,
    "volume" : 668002.00
  }, {
    "date" : "2025-02-25",
    "price" : 229.89,
    "dma50" : 218.54,
    "dma100" : null,
    "dma200" : 211.33,
    "volume" : 293978.00
  }, {
    "date" : "2025-02-27",
    "price" : 227.84,
    "dma50" : 218.91,
    "dma100" : null,
    "dma200" : 211.50,
    "volume" : 319494.00
  }, {
    "date" : "2025-02-28",
    "price" : 219.66,
    "dma50" : 218.94,
    "dma100" : null,
    "dma200" : 211.58,
    "volume" : 278785.00
  }, {
    "date" : "2025-03-03",
    "price" : 224.78,
    "dma50" : 219.16,
    "dma100" : null,
    "dma200" : 211.71,
    "volume" : 557371.00
  }, {
    "date" : "2025-03-04",
    "price" : 218.78,
    "dma50" : 219.15,
    "dma100" : null,
    "dma200" : 211.78,
    "volume" : 389288.00
  }, {
    "date" : "2025-03-05",
    "price" : 232.52,
    "dma50" : 219.67,
    "dma100" : null,
    "dma200" : 211.99,
    "volume" : 584207.00
  }, {
    "date" : "2025-03-06",
    "price" : 233.76,
    "dma50" : 220.23,
    "dma100" : null,
    "dma200" : 212.20,
    "volume" : 382803.00
  }, {
    "date" : "2025-03-07",
    "price" : 249.34,
    "dma50" : 221.37,
    "dma100" : null,
    "dma200" : 212.57,
    "volume" : 577204.00
  }, {
    "date" : "2025-03-10",
    "price" : 263.97,
    "dma50" : 223.04,
    "dma100" : null,
    "dma200" : 213.08,
    "volume" : 1563509.00
  }, {
    "date" : "2025-03-11",
    "price" : 263.01,
    "dma50" : 224.61,
    "dma100" : null,
    "dma200" : 213.58,
    "volume" : 362088.00
  }, {
    "date" : "2025-03-12",
    "price" : 270.48,
    "dma50" : 226.40,
    "dma100" : null,
    "dma200" : 214.15,
    "volume" : 616774.00
  }, {
    "date" : "2025-03-13",
    "price" : 273.21,
    "dma50" : 228.24,
    "dma100" : null,
    "dma200" : 214.73,
    "volume" : 583531.00
  }, {
    "date" : "2025-03-17",
    "price" : 272.58,
    "dma50" : 229.98,
    "dma100" : null,
    "dma200" : 215.31,
    "volume" : 461579.00
  }, {
    "date" : "2025-03-18",
    "price" : 271.23,
    "dma50" : 231.60,
    "dma100" : null,
    "dma200" : 215.87,
    "volume" : 426069.00
  }, {
    "date" : "2025-03-19",
    "price" : 283.59,
    "dma50" : 233.64,
    "dma100" : null,
    "dma200" : 216.54,
    "volume" : 547514.00
  }, {
    "date" : "2025-03-20",
    "price" : 280.77,
    "dma50" : 235.48,
    "dma100" : null,
    "dma200" : 217.18,
    "volume" : 600622.00
  }, {
    "date" : "2025-03-21",
    "price" : 276.70,
    "dma50" : 237.10,
    "dma100" : null,
    "dma200" : 217.77,
    "volume" : 508229.00
  }, {
    "date" : "2025-03-24",
    "price" : 278.88,
    "dma50" : 238.74,
    "dma100" : null,
    "dma200" : 218.38,
    "volume" : 608700.00
  }, {
    "date" : "2025-03-25",
    "price" : 271.43,
    "dma50" : 240.02,
    "dma100" : null,
    "dma200" : 218.91,
    "volume" : 381484.00
  }, {
    "date" : "2025-03-26",
    "price" : 267.97,
    "dma50" : 241.12,
    "dma100" : null,
    "dma200" : 219.40,
    "volume" : 515403.00
  }, {
    "date" : "2025-03-27",
    "price" : 270.64,
    "dma50" : 242.27,
    "dma100" : null,
    "dma200" : 219.91,
    "volume" : 304216.00
  }, {
    "date" : "2025-03-28",
    "price" : 266.07,
    "dma50" : 243.21,
    "dma100" : null,
    "dma200" : 220.36,
    "volume" : 299337.00
  }, {
    "date" : "2025-04-01",
    "price" : 282.75,
    "dma50" : 244.76,
    "dma100" : null,
    "dma200" : 220.99,
    "volume" : 615147.00
  }, {
    "date" : "2025-04-02",
    "price" : 282.70,
    "dma50" : 246.25,
    "dma100" : null,
    "dma200" : 221.60,
    "volume" : 547233.00
  }, {
    "date" : "2025-04-03",
    "price" : 304.85,
    "dma50" : 248.54,
    "dma100" : null,
    "dma200" : 222.43,
    "volume" : 1385496.00
  }, {
    "date" : "2025-04-04",
    "price" : 298.45,
    "dma50" : 250.50,
    "dma100" : null,
    "dma200" : 223.18,
    "volume" : 929184.00
  }, {
    "date" : "2025-04-07",
    "price" : 303.60,
    "dma50" : 252.58,
    "dma100" : null,
    "dma200" : 223.98,
    "volume" : 716733.00
  }, {
    "date" : "2025-04-08",
    "price" : 306.95,
    "dma50" : 254.72,
    "dma100" : null,
    "dma200" : 224.81,
    "volume" : 887978.00
  }, {
    "date" : "2025-04-09",
    "price" : 319.00,
    "dma50" : 257.24,
    "dma100" : null,
    "dma200" : 225.75,
    "volume" : 842694.00
  }, {
    "date" : "2025-04-11",
    "price" : 325.65,
    "dma50" : 259.92,
    "dma100" : null,
    "dma200" : 226.74,
    "volume" : 965760.00
  }, {
    "date" : "2025-04-15",
    "price" : 314.05,
    "dma50" : 262.04,
    "dma100" : null,
    "dma200" : 227.61,
    "volume" : 556686.00
  }, {
    "date" : "2025-04-16",
    "price" : 312.45,
    "dma50" : 264.02,
    "dma100" : null,
    "dma200" : 228.45,
    "volume" : 298485.00
  }, {
    "date" : "2025-04-17",
    "price" : 323.05,
    "dma50" : 266.33,
    "dma100" : null,
    "dma200" : 229.40,
    "volume" : 477396.00
  }, {
    "date" : "2025-04-21",
    "price" : 313.45,
    "dma50" : 268.18,
    "dma100" : null,
    "dma200" : 230.23,
    "volume" : 846606.00
  }, {
    "date" : "2025-04-22",
    "price" : 324.60,
    "dma50" : 270.39,
    "dma100" : null,
    "dma200" : 231.17,
    "volume" : 630078.00
  }, {
    "date" : "2025-04-23",
    "price" : 325.25,
    "dma50" : 272.55,
    "dma100" : null,
    "dma200" : 232.11,
    "volume" : 725280.00
  }, {
    "date" : "2025-04-24",
    "price" : 330.40,
    "dma50" : 274.81,
    "dma100" : null,
    "dma200" : 233.09,
    "volume" : 762051.00
  }, {
    "date" : "2025-04-25",
    "price" : 311.60,
    "dma50" : 276.26,
    "dma100" : null,
    "dma200" : 233.87,
    "volume" : 396023.00
  }, {
    "date" : "2025-04-28",
    "price" : 320.05,
    "dma50" : 277.97,
    "dma100" : null,
    "dma200" : 234.72,
    "volume" : 365376.00
  }, {
    "date" : "2025-04-29",
    "price" : 320.95,
    "dma50" : 279.66,
    "dma100" : null,
    "dma200" : 235.58,
    "volume" : 537554.00
  }, {
    "date" : "2025-04-30",
    "price" : 315.70,
    "dma50" : 281.07,
    "dma100" : null,
    "dma200" : 236.38,
    "volume" : 550435.00
  }, {
    "date" : "2025-05-02",
    "price" : 307.20,
    "dma50" : 282.10,
    "dma100" : null,
    "dma200" : 237.08,
    "volume" : 505826.00
  }, {
    "date" : "2025-05-05",
    "price" : 315.55,
    "dma50" : 283.41,
    "dma100" : null,
    "dma200" : 237.86,
    "volume" : 450395.00
  }, {
    "date" : "2025-05-06",
    "price" : 294.20,
    "dma50" : 283.83,
    "dma100" : null,
    "dma200" : 238.43,
    "volume" : 342831.00
  }, {
    "date" : "2025-05-07",
    "price" : 298.55,
    "dma50" : 284.41,
    "dma100" : null,
    "dma200" : 239.02,
    "volume" : 341800.00
  }, {
    "date" : "2025-05-08",
    "price" : 291.90,
    "dma50" : 284.70,
    "dma100" : 244.92,
    "dma200" : 239.55,
    "volume" : 523273.00
  }, {
    "date" : "2025-05-09",
    "price" : 279.85,
    "dma50" : 284.51,
    "dma100" : 245.58,
    "dma200" : 239.95,
    "volume" : 613039.00
  }, {
    "date" : "2025-05-12",
    "price" : 298.10,
    "dma50" : 285.05,
    "dma100" : 246.48,
    "dma200" : 240.53,
    "volume" : 556016.00
  }, {
    "date" : "2025-05-13",
    "price" : 295.00,
    "dma50" : 285.44,
    "dma100" : 247.36,
    "dma200" : 241.07,
    "volume" : 256093.00
  }, {
    "date" : "2025-05-14",
    "price" : 295.15,
    "dma50" : 285.82,
    "dma100" : 248.26,
    "dma200" : 241.61,
    "volume" : 512025.00
  }, {
    "date" : "2025-05-15",
    "price" : 311.85,
    "dma50" : 286.84,
    "dma100" : 249.37,
    "dma200" : 242.31,
    "volume" : 869583.00
  }, {
    "date" : "2025-05-16",
    "price" : 304.70,
    "dma50" : 287.54,
    "dma100" : 250.44,
    "dma200" : 242.93,
    "volume" : 332786.00
  }, {
    "date" : "2025-05-19",
    "price" : 313.50,
    "dma50" : 288.56,
    "dma100" : 251.61,
    "dma200" : 243.63,
    "volume" : 544221.00
  }, {
    "date" : "2025-05-20",
    "price" : 308.45,
    "dma50" : 289.34,
    "dma100" : 252.77,
    "dma200" : 244.28,
    "volume" : 596374.00
  }, {
    "date" : "2025-05-21",
    "price" : 308.05,
    "dma50" : 290.07,
    "dma100" : 253.91,
    "dma200" : 244.91,
    "volume" : 299953.00
  }, {
    "date" : "2025-05-22",
    "price" : 303.85,
    "dma50" : 290.61,
    "dma100" : 255.04,
    "dma200" : 245.50,
    "volume" : 165526.00
  }, {
    "date" : "2025-05-23",
    "price" : 309.10,
    "dma50" : 291.34,
    "dma100" : 256.28,
    "dma200" : 246.13,
    "volume" : 152119.00
  }, {
    "date" : "2025-05-26",
    "price" : 303.65,
    "dma50" : 291.82,
    "dma100" : 257.48,
    "dma200" : 246.70,
    "volume" : 170270.00
  }, {
    "date" : "2025-05-27",
    "price" : 296.80,
    "dma50" : 292.01,
    "dma100" : 258.45,
    "dma200" : 247.20,
    "volume" : 437227.00
  }, {
    "date" : "2025-05-28",
    "price" : 295.15,
    "dma50" : 292.14,
    "dma100" : 259.38,
    "dma200" : 247.68,
    "volume" : 603722.00
  }, {
    "date" : "2025-05-29",
    "price" : 304.00,
    "dma50" : 292.60,
    "dma100" : 260.42,
    "dma200" : 248.24,
    "volume" : 331164.00
  }, {
    "date" : "2025-05-30",
    "price" : 301.05,
    "dma50" : 292.93,
    "dma100" : 261.44,
    "dma200" : 248.76,
    "volume" : 205316.00
  }, {
    "date" : "2025-06-02",
    "price" : 299.85,
    "dma50" : 293.21,
    "dma100" : 262.45,
    "dma200" : 249.27,
    "volume" : 531675.00
  }, {
    "date" : "2025-06-03",
    "price" : 297.80,
    "dma50" : 293.39,
    "dma100" : 263.49,
    "dma200" : 249.75,
    "volume" : 315188.00
  }, {
    "date" : "2025-06-04",
    "price" : 287.35,
    "dma50" : 293.15,
    "dma100" : 264.33,
    "dma200" : 250.13,
    "volume" : 219054.00
  }, {
    "date" : "2025-06-05",
    "price" : 292.70,
    "dma50" : 293.13,
    "dma100" : 265.31,
    "dma200" : 250.55,
    "volume" : 640257.00
  }, {
    "date" : "2025-06-06",
    "price" : 292.40,
    "dma50" : 293.10,
    "dma100" : 266.32,
    "dma200" : 250.97,
    "volume" : 626792.00
  }, {
    "date" : "2025-06-09",
    "price" : 307.80,
    "dma50" : 293.68,
    "dma100" : 267.54,
    "dma200" : 251.53,
    "volume" : 1031498.00
  }, {
    "date" : "2025-06-10",
    "price" : 318.60,
    "dma50" : 294.66,
    "dma100" : 268.71,
    "dma200" : 252.20,
    "volume" : 1252441.00
  }, {
    "date" : "2025-06-11",
    "price" : 335.55,
    "dma50" : 296.26,
    "dma100" : 270.09,
    "dma200" : 253.03,
    "volume" : 1055264.00
  }, {
    "date" : "2025-06-12",
    "price" : 338.20,
    "dma50" : 297.90,
    "dma100" : 271.45,
    "dma200" : 253.88,
    "volume" : 845276.00
  }, {
    "date" : "2025-06-13",
    "price" : 343.45,
    "dma50" : 299.69,
    "dma100" : 272.87,
    "dma200" : 254.77,
    "volume" : 979066.00
  }, {
    "date" : "2025-06-16",
    "price" : 362.50,
    "dma50" : 302.15,
    "dma100" : 274.47,
    "dma200" : 255.84,
    "volume" : 1389997.00
  }, {
    "date" : "2025-06-17",
    "price" : 361.45,
    "dma50" : 304.48,
    "dma100" : 275.98,
    "dma200" : 256.89,
    "volume" : 809872.00
  }, {
    "date" : "2025-06-18",
    "price" : 369.85,
    "dma50" : 307.04,
    "dma100" : 277.58,
    "dma200" : 258.02,
    "volume" : 660334.00
  }, {
    "date" : "2025-06-19",
    "price" : 372.25,
    "dma50" : 309.60,
    "dma100" : 279.12,
    "dma200" : 259.15,
    "volume" : 907811.00
  }, {
    "date" : "2025-06-20",
    "price" : 354.35,
    "dma50" : 311.35,
    "dma100" : 280.44,
    "dma200" : 260.10,
    "volume" : 1545342.00
  }, {
    "date" : "2025-06-23",
    "price" : 354.90,
    "dma50" : 313.06,
    "dma100" : 281.85,
    "dma200" : 261.04,
    "volume" : 726471.00
  }, {
    "date" : "2025-06-24",
    "price" : 363.50,
    "dma50" : 315.04,
    "dma100" : 283.32,
    "dma200" : 262.06,
    "volume" : 1531129.00
  }, {
    "date" : "2025-06-25",
    "price" : 366.40,
    "dma50" : 317.05,
    "dma100" : 284.91,
    "dma200" : 263.10,
    "volume" : 937654.00
  }, {
    "date" : "2025-06-26",
    "price" : 362.40,
    "dma50" : 318.83,
    "dma100" : 286.46,
    "dma200" : 264.09,
    "volume" : 285130.00
  }, {
    "date" : "2025-06-27",
    "price" : 368.20,
    "dma50" : 320.77,
    "dma100" : 287.93,
    "dma200" : 265.13,
    "volume" : 480750.00
  }, {
    "date" : "2025-06-30",
    "price" : 362.60,
    "dma50" : 322.41,
    "dma100" : 289.18,
    "dma200" : 266.10,
    "volume" : 691786.00
  }, {
    "date" : "2025-07-01",
    "price" : 359.45,
    "dma50" : 323.86,
    "dma100" : 290.44,
    "dma200" : 267.02,
    "volume" : 518238.00
  }, {
    "date" : "2025-07-02",
    "price" : 362.35,
    "dma50" : 325.37,
    "dma100" : 291.76,
    "dma200" : 267.97,
    "volume" : 736156.00
  }, {
    "date" : "2025-07-03",
    "price" : 368.65,
    "dma50" : 327.07,
    "dma100" : 293.12,
    "dma200" : 268.97,
    "volume" : 1227837.00
  }, {
    "date" : "2025-07-04",
    "price" : 373.15,
    "dma50" : 328.88,
    "dma100" : 294.55,
    "dma200" : 270.01,
    "volume" : 874015.00
  }, {
    "date" : "2025-07-07",
    "price" : 377.65,
    "dma50" : 330.79,
    "dma100" : 295.90,
    "dma200" : 271.08,
    "volume" : 1662433.00
  }, {
    "date" : "2025-07-08",
    "price" : 383.70,
    "dma50" : 332.86,
    "dma100" : 297.34,
    "dma200" : 272.20,
    "volume" : 1703836.00
  }, {
    "date" : "2025-07-09",
    "price" : 383.65,
    "dma50" : 334.85,
    "dma100" : 298.86,
    "dma200" : 273.31,
    "volume" : 869060.00
  }, {
    "date" : "2025-07-10",
    "price" : 379.30,
    "dma50" : 336.60,
    "dma100" : 300.38,
    "dma200" : 274.37,
    "volume" : 604663.00
  }, {
    "date" : "2025-07-11",
    "price" : 377.40,
    "dma50" : 338.20,
    "dma100" : 301.78,
    "dma200" : 275.39,
    "volume" : 219279.00
  }, {
    "date" : "2025-07-14",
    "price" : 383.00,
    "dma50" : 339.95,
    "dma100" : 303.19,
    "dma200" : 276.46,
    "volume" : 558489.00
  }, {
    "date" : "2025-07-15",
    "price" : 390.05,
    "dma50" : 341.92,
    "dma100" : 304.80,
    "dma200" : 277.59,
    "volume" : 867664.00
  }, {
    "date" : "2025-07-16",
    "price" : 387.80,
    "dma50" : 343.72,
    "dma100" : 306.47,
    "dma200" : 278.69,
    "volume" : 1109815.00
  }, {
    "date" : "2025-07-17",
    "price" : 380.10,
    "dma50" : 345.15,
    "dma100" : 308.12,
    "dma200" : 279.70,
    "volume" : 553681.00
  }, {
    "date" : "2025-07-18",
    "price" : 377.80,
    "dma50" : 346.43,
    "dma100" : 309.72,
    "dma200" : 280.67,
    "volume" : 999158.00
  }, {
    "date" : "2025-07-21",
    "price" : 380.40,
    "dma50" : 347.76,
    "dma100" : 311.33,
    "dma200" : 281.67,
    "volume" : 1246519.00
  }, {
    "date" : "2025-07-22",
    "price" : 379.20,
    "dma50" : 348.99,
    "dma100" : 312.95,
    "dma200" : 282.64,
    "volume" : 406546.00
  }, {
    "date" : "2025-07-23",
    "price" : 378.20,
    "dma50" : 350.14,
    "dma100" : 314.52,
    "dma200" : 283.59,
    "volume" : 327323.00
  }, {
    "date" : "2025-07-24",
    "price" : 377.85,
    "dma50" : 351.22,
    "dma100" : 316.00,
    "dma200" : 284.53,
    "volume" : 656809.00
  }, {
    "date" : "2025-07-25",
    "price" : 379.20,
    "dma50" : 352.32,
    "dma100" : 317.52,
    "dma200" : 285.47,
    "volume" : 638171.00
  }, {
    "date" : "2025-07-28",
    "price" : 371.90,
    "dma50" : 353.09,
    "dma100" : 319.04,
    "dma200" : 286.33,
    "volume" : 805409.00
  }, {
    "date" : "2025-07-29",
    "price" : 370.50,
    "dma50" : 353.77,
    "dma100" : 320.49,
    "dma200" : 287.17,
    "volume" : 554030.00
  }, {
    "date" : "2025-07-30",
    "price" : 372.80,
    "dma50" : 354.52,
    "dma100" : 322.03,
    "dma200" : 288.02,
    "volume" : 686874.00
  }, {
    "date" : "2025-07-31",
    "price" : 371.40,
    "dma50" : 355.18,
    "dma100" : 323.42,
    "dma200" : 288.85,
    "volume" : 334620.00
  }, {
    "date" : "2025-08-01",
    "price" : 373.95,
    "dma50" : 355.92,
    "dma100" : 324.83,
    "dma200" : 289.69,
    "volume" : 545419.00
  }, {
    "date" : "2025-08-04",
    "price" : 374.10,
    "dma50" : 356.63,
    "dma100" : 326.07,
    "dma200" : 290.53,
    "volume" : 632244.00
  }, {
    "date" : "2025-08-05",
    "price" : 372.55,
    "dma50" : 357.25,
    "dma100" : 327.16,
    "dma200" : 291.35,
    "volume" : 531082.00
  }, {
    "date" : "2025-08-06",
    "price" : 361.30,
    "dma50" : 357.41,
    "dma100" : 328.14,
    "dma200" : 292.05,
    "volume" : 1001052.00
  }, {
    "date" : "2025-08-07",
    "price" : 350.40,
    "dma50" : 357.14,
    "dma100" : 328.94,
    "dma200" : 292.63,
    "volume" : 1113737.00
  }, {
    "date" : "2025-08-08",
    "price" : 357.45,
    "dma50" : 357.15,
    "dma100" : 329.78,
    "dma200" : 293.27,
    "volume" : 1822583.00
  }, {
    "date" : "2025-08-11",
    "price" : 365.45,
    "dma50" : 357.47,
    "dma100" : 330.71,
    "dma200" : 293.99,
    "volume" : 1032330.00
  }, {
    "date" : "2025-08-12",
    "price" : 366.50,
    "dma50" : 357.83,
    "dma100" : 331.66,
    "dma200" : 294.71,
    "volume" : 911349.00
  }, {
    "date" : "2025-08-13",
    "price" : 370.70,
    "dma50" : 358.33,
    "dma100" : 332.54,
    "dma200" : 295.47,
    "volume" : 2317953.00
  }, {
    "date" : "2025-08-14",
    "price" : 369.45,
    "dma50" : 358.77,
    "dma100" : 333.42,
    "dma200" : 296.20,
    "volume" : 1105210.00
  }, {
    "date" : "2025-08-18",
    "price" : 371.15,
    "dma50" : 359.25,
    "dma100" : 334.37,
    "dma200" : 296.95,
    "volume" : 1401099.00
  }, {
    "date" : "2025-08-19",
    "price" : 359.55,
    "dma50" : 359.27,
    "dma100" : 335.17,
    "dma200" : 297.57,
    "volume" : 1368125.00
  }, {
    "date" : "2025-08-20",
    "price" : 372.60,
    "dma50" : 359.79,
    "dma100" : 336.19,
    "dma200" : 298.32,
    "volume" : 1656766.00
  }, {
    "date" : "2025-08-21",
    "price" : 371.20,
    "dma50" : 360.24,
    "dma100" : 337.22,
    "dma200" : 299.04,
    "volume" : 300862.00
  }, {
    "date" : "2025-08-22",
    "price" : 374.75,
    "dma50" : 360.81,
    "dma100" : 338.26,
    "dma200" : 299.80,
    "volume" : 2474000.00
  }, {
    "date" : "2025-08-25",
    "price" : 376.65,
    "dma50" : 361.43,
    "dma100" : 339.36,
    "dma200" : 300.56,
    "volume" : 1038731.00
  }, {
    "date" : "2025-08-26",
    "price" : 376.35,
    "dma50" : 362.01,
    "dma100" : 340.30,
    "dma200" : 301.32,
    "volume" : 1885774.00
  }, {
    "date" : "2025-08-28",
    "price" : 366.00,
    "dma50" : 362.17,
    "dma100" : 341.13,
    "dma200" : 301.96,
    "volume" : 384317.00
  }, {
    "date" : "2025-08-29",
    "price" : 366.15,
    "dma50" : 362.32,
    "dma100" : 341.75,
    "dma200" : 302.60,
    "volume" : 779761.00
  }, {
    "date" : "2025-09-01",
    "price" : 369.05,
    "dma50" : 362.59,
    "dma100" : 342.45,
    "dma200" : 303.26,
    "volume" : 383657.00
  }, {
    "date" : "2025-09-02",
    "price" : 370.15,
    "dma50" : 362.89,
    "dma100" : 343.12,
    "dma200" : 303.93,
    "volume" : 245914.00
  }, {
    "date" : "2025-09-03",
    "price" : 358.55,
    "dma50" : 362.72,
    "dma100" : 343.63,
    "dma200" : 304.47,
    "volume" : 637355.00
  }, {
    "date" : "2025-09-04",
    "price" : 359.85,
    "dma50" : 362.60,
    "dma100" : 344.04,
    "dma200" : 305.02,
    "volume" : 797127.00
  }, {
    "date" : "2025-09-05",
    "price" : 361.40,
    "dma50" : 362.56,
    "dma100" : 344.40,
    "dma200" : 305.58,
    "volume" : 147478.00
  }, {
    "date" : "2025-09-08",
    "price" : 361.15,
    "dma50" : 362.50,
    "dma100" : 344.87,
    "dma200" : 306.13,
    "volume" : 412465.00
  }, {
    "date" : "2025-09-09",
    "price" : 363.45,
    "dma50" : 362.54,
    "dma100" : 345.38,
    "dma200" : 306.70,
    "volume" : 607930.00
  }, {
    "date" : "2025-09-10",
    "price" : 360.40,
    "dma50" : 362.45,
    "dma100" : 345.75,
    "dma200" : 307.24,
    "volume" : 327898.00
  }, {
    "date" : "2025-09-11",
    "price" : 362.85,
    "dma50" : 362.47,
    "dma100" : 346.25,
    "dma200" : 307.79,
    "volume" : 359235.00
  }, {
    "date" : "2025-09-12",
    "price" : 360.15,
    "dma50" : 362.38,
    "dma100" : 346.60,
    "dma200" : 308.31,
    "volume" : 263292.00
  }, {
    "date" : "2025-09-15",
    "price" : 345.70,
    "dma50" : 361.72,
    "dma100" : 346.81,
    "dma200" : 308.68,
    "volume" : 536502.00
  }, {
    "date" : "2025-09-16",
    "price" : 350.00,
    "dma50" : 361.26,
    "dma100" : 347.00,
    "dma200" : 309.10,
    "volume" : 321508.00
  }, {
    "date" : "2025-09-17",
    "price" : 353.30,
    "dma50" : 360.95,
    "dma100" : 347.42,
    "dma200" : 309.54,
    "volume" : 189428.00
  }, {
    "date" : "2025-09-18",
    "price" : 354.20,
    "dma50" : 360.69,
    "dma100" : 347.76,
    "dma200" : 309.98,
    "volume" : 351128.00
  }, {
    "date" : "2025-09-19",
    "price" : 353.75,
    "dma50" : 360.42,
    "dma100" : 348.09,
    "dma200" : 310.42,
    "volume" : 167804.00
  }, {
    "date" : "2025-09-22",
    "price" : 354.45,
    "dma50" : 360.18,
    "dma100" : 348.48,
    "dma200" : 310.85,
    "volume" : 190313.00
  }, {
    "date" : "2025-09-23",
    "price" : 355.65,
    "dma50" : 360.00,
    "dma100" : 348.96,
    "dma200" : 311.30,
    "volume" : 266538.00
  }, {
    "date" : "2025-09-24",
    "price" : 359.85,
    "dma50" : 360.00,
    "dma100" : 349.41,
    "dma200" : 311.78,
    "volume" : 860906.00
  }, {
    "date" : "2025-09-25",
    "price" : 371.35,
    "dma50" : 360.44,
    "dma100" : 350.18,
    "dma200" : 312.38,
    "volume" : 1438487.00
  }, {
    "date" : "2025-09-26",
    "price" : 361.10,
    "dma50" : 360.47,
    "dma100" : 350.80,
    "dma200" : 312.86,
    "volume" : 1269948.00
  }, {
    "date" : "2025-09-29",
    "price" : 357.70,
    "dma50" : 360.36,
    "dma100" : 351.46,
    "dma200" : 313.31,
    "volume" : 632806.00
  }, {
    "date" : "2025-09-30",
    "price" : 358.85,
    "dma50" : 360.30,
    "dma100" : 352.25,
    "dma200" : 313.76,
    "volume" : 566106.00
  }, {
    "date" : "2025-10-01",
    "price" : 362.45,
    "dma50" : 360.39,
    "dma100" : 352.89,
    "dma200" : 314.24,
    "volume" : 350585.00
  }, {
    "date" : "2025-10-03",
    "price" : 370.40,
    "dma50" : 360.78,
    "dma100" : 353.65,
    "dma200" : 314.80,
    "volume" : 593014.00
  }, {
    "date" : "2025-10-06",
    "price" : 384.60,
    "dma50" : 361.71,
    "dma100" : 354.54,
    "dma200" : 315.50,
    "volume" : 945314.00
  }, {
    "date" : "2025-10-07",
    "price" : 389.75,
    "dma50" : 362.81,
    "dma100" : 355.32,
    "dma200" : 316.24,
    "volume" : 1006038.00
  }, {
    "date" : "2025-10-08",
    "price" : 403.85,
    "dma50" : 364.42,
    "dma100" : 356.31,
    "dma200" : 317.11,
    "volume" : 1951538.00
  }, {
    "date" : "2025-10-09",
    "price" : 401.60,
    "dma50" : 365.88,
    "dma100" : 357.19,
    "dma200" : 317.95,
    "volume" : 1096906.00
  }, {
    "date" : "2025-10-10",
    "price" : 392.75,
    "dma50" : 366.93,
    "dma100" : 358.04,
    "dma200" : 318.69,
    "volume" : 695056.00
  }, {
    "date" : "2025-10-13",
    "price" : 395.40,
    "dma50" : 368.05,
    "dma100" : 358.91,
    "dma200" : 319.46,
    "volume" : 570261.00
  }, {
    "date" : "2025-10-14",
    "price" : 398.10,
    "dma50" : 369.23,
    "dma100" : 359.85,
    "dma200" : 320.24,
    "volume" : 849608.00
  }, {
    "date" : "2025-10-15",
    "price" : 399.20,
    "dma50" : 370.40,
    "dma100" : 360.75,
    "dma200" : 321.02,
    "volume" : 751520.00
  }, {
    "date" : "2025-10-16",
    "price" : 390.90,
    "dma50" : 371.21,
    "dma100" : 361.63,
    "dma200" : 321.72,
    "volume" : 1504882.00
  }, {
    "date" : "2025-10-17",
    "price" : 398.60,
    "dma50" : 372.28,
    "dma100" : 362.65,
    "dma200" : 322.48,
    "volume" : 1083050.00
  }, {
    "date" : "2025-10-20",
    "price" : 413.45,
    "dma50" : 373.90,
    "dma100" : 363.83,
    "dma200" : 323.39,
    "volume" : 829059.00
  }, {
    "date" : "2025-10-21",
    "price" : 416.10,
    "dma50" : 375.55,
    "dma100" : 364.95,
    "dma200" : 324.31,
    "volume" : 359589.00
  }, {
    "date" : "2025-10-23",
    "price" : 410.80,
    "dma50" : 376.93,
    "dma100" : 366.05,
    "dma200" : 325.17,
    "volume" : 812880.00
  }, {
    "date" : "2025-10-24",
    "price" : 413.40,
    "dma50" : 378.36,
    "dma100" : 367.18,
    "dma200" : 326.05,
    "volume" : 1021390.00
  }, {
    "date" : "2025-10-27",
    "price" : 410.90,
    "dma50" : 379.64,
    "dma100" : 368.31,
    "dma200" : 326.89,
    "volume" : 319038.00
  }, {
    "date" : "2025-10-28",
    "price" : 415.55,
    "dma50" : 381.05,
    "dma100" : 369.60,
    "dma200" : 327.78,
    "volume" : 427141.00
  }, {
    "date" : "2025-10-29",
    "price" : 414.10,
    "dma50" : 382.34,
    "dma100" : 370.81,
    "dma200" : 328.64,
    "volume" : 724690.00
  }, {
    "date" : "2025-10-30",
    "price" : 426.95,
    "dma50" : 384.09,
    "dma100" : 372.15,
    "dma200" : 329.61,
    "volume" : 802680.00
  }, {
    "date" : "2025-10-31",
    "price" : 430.25,
    "dma50" : 385.90,
    "dma100" : 373.38,
    "dma200" : 330.62,
    "volume" : 994871.00
  }, {
    "date" : "2025-11-03",
    "price" : 425.20,
    "dma50" : 387.44,
    "dma100" : 374.45,
    "dma200" : 331.56,
    "volume" : 504499.00
  }, {
    "date" : "2025-11-04",
    "price" : 424.85,
    "dma50" : 388.91,
    "dma100" : 375.34,
    "dma200" : 332.48,
    "volume" : 1150621.00
  }, {
    "date" : "2025-11-06",
    "price" : 443.00,
    "dma50" : 391.03,
    "dma100" : 376.39,
    "dma200" : 333.58,
    "volume" : 1923251.00
  }, {
    "date" : "2025-11-07",
    "price" : 446.20,
    "dma50" : 393.20,
    "dma100" : 377.41,
    "dma200" : 334.71,
    "volume" : 1426699.00
  }, {
    "date" : "2025-11-10",
    "price" : 429.85,
    "dma50" : 394.63,
    "dma100" : 378.09,
    "dma200" : 335.65,
    "volume" : 583080.00
  }, {
    "date" : "2025-11-11",
    "price" : 445.15,
    "dma50" : 396.61,
    "dma100" : 378.92,
    "dma200" : 336.74,
    "volume" : 836152.00
  }, {
    "date" : "2025-11-12",
    "price" : 441.10,
    "dma50" : 398.36,
    "dma100" : 379.64,
    "dma200" : 337.78,
    "volume" : 438172.00
  }, {
    "date" : "2025-11-13",
    "price" : 450.30,
    "dma50" : 400.40,
    "dma100" : 380.42,
    "dma200" : 338.90,
    "volume" : 906179.00
  }, {
    "date" : "2025-11-14",
    "price" : 480.75,
    "dma50" : 403.55,
    "dma100" : 381.68,
    "dma200" : 340.31,
    "volume" : 3194221.00
  }, {
    "date" : "2025-11-17",
    "price" : 471.15,
    "dma50" : 406.20,
    "dma100" : 382.84,
    "dma200" : 341.61,
    "volume" : 990256.00
  }, {
    "date" : "2025-11-18",
    "price" : 473.70,
    "dma50" : 408.84,
    "dma100" : 383.95,
    "dma200" : 342.93,
    "volume" : 879292.00
  }, {
    "date" : "2025-11-19",
    "price" : 494.35,
    "dma50" : 412.20,
    "dma100" : 385.23,
    "dma200" : 344.43,
    "volume" : 1518268.00
  }, {
    "date" : "2025-11-20",
    "price" : 487.05,
    "dma50" : 415.13,
    "dma100" : 386.47,
    "dma200" : 345.85,
    "volume" : 978859.00
  }, {
    "date" : "2025-11-21",
    "price" : 487.20,
    "dma50" : 417.96,
    "dma100" : 387.66,
    "dma200" : 347.26,
    "volume" : 867031.00
  }, {
    "date" : "2025-11-24",
    "price" : 466.00,
    "dma50" : 419.84,
    "dma100" : 388.70,
    "dma200" : 348.44,
    "volume" : 1127060.00
  }, {
    "date" : "2025-11-25",
    "price" : 464.25,
    "dma50" : 421.58,
    "dma100" : 389.74,
    "dma200" : 349.59,
    "volume" : 473289.00
  }, {
    "date" : "2025-11-26",
    "price" : 470.90,
    "dma50" : 423.52,
    "dma100" : 390.83,
    "dma200" : 350.80,
    "volume" : 97691.00
  }, {
    "date" : "2025-11-27",
    "price" : 469.80,
    "dma50" : 425.33,
    "dma100" : 391.84,
    "dma200" : 351.98,
    "volume" : 165367.00
  }, {
    "date" : "2025-11-28",
    "price" : 469.45,
    "dma50" : 427.06,
    "dma100" : 392.80,
    "dma200" : 353.15,
    "volume" : 200081.00
  }, {
    "date" : "2025-12-01",
    "price" : 474.30,
    "dma50" : 428.92,
    "dma100" : 393.77,
    "dma200" : 354.36,
    "volume" : 412156.00
  }, {
    "date" : "2025-12-02",
    "price" : 476.20,
    "dma50" : 430.77,
    "dma100" : 394.70,
    "dma200" : 355.57,
    "volume" : 770118.00
  }, {
    "date" : "2025-12-03",
    "price" : 470.70,
    "dma50" : 432.34,
    "dma100" : 395.57,
    "dma200" : 356.72,
    "volume" : 685700.00
  }, {
    "date" : "2025-12-04",
    "price" : 469.05,
    "dma50" : 433.78,
    "dma100" : 396.46,
    "dma200" : 357.83,
    "volume" : 1146369.00
  }, {
    "date" : "2025-12-05",
    "price" : 470.25,
    "dma50" : 435.21,
    "dma100" : 397.39,
    "dma200" : 358.95,
    "volume" : 993530.00
  }, {
    "date" : "2025-12-08",
    "price" : 464.80,
    "dma50" : 436.37,
    "dma100" : 398.21,
    "dma200" : 360.01,
    "volume" : 809358.00
  }, {
    "date" : "2025-12-09",
    "price" : 464.95,
    "dma50" : 437.49,
    "dma100" : 398.96,
    "dma200" : 361.05,
    "volume" : 746714.00
  }, {
    "date" : "2025-12-10",
    "price" : 468.55,
    "dma50" : 438.71,
    "dma100" : 399.77,
    "dma200" : 362.12,
    "volume" : 38959.00
  } ],
  "latestTechnicalAttributes" : {
    "date" : "2025-12-10",
    "price" : 468.55,
    "dma50" : 438.71,
    "dma100" : 399.77,
    "dma200" : 362.12,
    "volume" : 38959.00
  },
  "quarterlyResults" : [ {
    "date" : "2005-03-31",
    "sales" : 24.96,
    "salesGrowthYoY" : null,
    "grossProfitMargin" : 17.95,
    "grossProfit" : 4.48,
    "operatingProfitMargin" : 4.41,
    "operatingProfit" : 1.10,
    "netProfitMargin" : 1.04,
    "netProfit" : 0.26
  }, {
    "date" : "2005-06-30",
    "sales" : 18.99,
    "salesGrowthYoY" : null,
    "grossProfitMargin" : 17.85,
    "grossProfit" : 3.39,
    "operatingProfitMargin" : 3.16,
    "operatingProfit" : 0.60,
    "netProfitMargin" : 0.63,
    "netProfit" : 0.12
  }, {
    "date" : "2005-09-30",
    "sales" : 23.26,
    "salesGrowthYoY" : null,
    "grossProfitMargin" : 12.94,
    "grossProfit" : 3.01,
    "operatingProfitMargin" : 2.24,
    "operatingProfit" : 0.52,
    "netProfitMargin" : 1.12,
    "netProfit" : 0.26
  }, {
    "date" : "2005-12-31",
    "sales" : 19.23,
    "salesGrowthYoY" : null,
    "grossProfitMargin" : 30.73,
    "grossProfit" : 5.91,
    "operatingProfitMargin" : 3.80,
    "operatingProfit" : 0.73,
    "netProfitMargin" : 1.09,
    "netProfit" : 0.21
  }, {
    "date" : "2006-03-31",
    "sales" : 26.88,
    "salesGrowthYoY" : 7.69,
    "grossProfitMargin" : 17.08,
    "grossProfit" : 4.59,
    "operatingProfitMargin" : 1.49,
    "operatingProfit" : 0.40,
    "netProfitMargin" : 0.97,
    "netProfit" : 0.26
  }, {
    "date" : "2006-06-30",
    "sales" : 14.23,
    "salesGrowthYoY" : -25.07,
    "grossProfitMargin" : 20.45,
    "grossProfit" : 2.91,
    "operatingProfitMargin" : 2.18,
    "operatingProfit" : 0.31,
    "netProfitMargin" : 1.05,
    "netProfit" : 0.15
  }, {
    "date" : "2006-09-30",
    "sales" : 18.89,
    "salesGrowthYoY" : -18.79,
    "grossProfitMargin" : 19.64,
    "grossProfit" : 3.71,
    "operatingProfitMargin" : 2.81,
    "operatingProfit" : 0.53,
    "netProfitMargin" : 0.95,
    "netProfit" : 0.18
  }, {
    "date" : "2006-12-31",
    "sales" : 28.12,
    "salesGrowthYoY" : 46.23,
    "grossProfitMargin" : 23.68,
    "grossProfit" : 6.66,
    "operatingProfitMargin" : 3.95,
    "operatingProfit" : 1.11,
    "netProfitMargin" : 1.28,
    "netProfit" : 0.36
  }, {
    "date" : "2007-03-31",
    "sales" : 33.98,
    "salesGrowthYoY" : 26.41,
    "grossProfitMargin" : 16.24,
    "grossProfit" : 5.52,
    "operatingProfitMargin" : 3.97,
    "operatingProfit" : 1.35,
    "netProfitMargin" : 1.27,
    "netProfit" : 0.43
  }, {
    "date" : "2007-06-30",
    "sales" : 24.90,
    "salesGrowthYoY" : 74.98,
    "grossProfitMargin" : 17.35,
    "grossProfit" : 4.32,
    "operatingProfitMargin" : 4.34,
    "operatingProfit" : 1.08,
    "netProfitMargin" : 1.04,
    "netProfit" : 0.26
  }, {
    "date" : "2007-09-30",
    "sales" : 28.52,
    "salesGrowthYoY" : 50.98,
    "grossProfitMargin" : 13.53,
    "grossProfit" : 3.86,
    "operatingProfitMargin" : 2.00,
    "operatingProfit" : 0.57,
    "netProfitMargin" : 1.16,
    "netProfit" : 0.33
  }, {
    "date" : "2007-12-31",
    "sales" : 46.45,
    "salesGrowthYoY" : 65.18,
    "grossProfitMargin" : 12.70,
    "grossProfit" : 5.90,
    "operatingProfitMargin" : -0.09,
    "operatingProfit" : -0.04,
    "netProfitMargin" : 0.97,
    "netProfit" : 0.45
  }, {
    "date" : "2008-03-31",
    "sales" : 78.52,
    "salesGrowthYoY" : 131.08,
    "grossProfitMargin" : 16.94,
    "grossProfit" : 13.30,
    "operatingProfitMargin" : 3.60,
    "operatingProfit" : 2.83,
    "netProfitMargin" : 0.69,
    "netProfit" : 0.54
  }, {
    "date" : "2008-06-30",
    "sales" : 72.38,
    "salesGrowthYoY" : 190.68,
    "grossProfitMargin" : 17.89,
    "grossProfit" : 12.95,
    "operatingProfitMargin" : 3.03,
    "operatingProfit" : 2.19,
    "netProfitMargin" : 1.28,
    "netProfit" : 0.93
  }, {
    "date" : "2008-09-30",
    "sales" : 90.31,
    "salesGrowthYoY" : 216.65,
    "grossProfitMargin" : 16.79,
    "grossProfit" : 15.16,
    "operatingProfitMargin" : 1.92,
    "operatingProfit" : 1.73,
    "netProfitMargin" : 1.00,
    "netProfit" : 0.90
  }, {
    "date" : "2008-12-31",
    "sales" : 58.85,
    "salesGrowthYoY" : 26.70,
    "grossProfitMargin" : 26.76,
    "grossProfit" : 15.75,
    "operatingProfitMargin" : 4.32,
    "operatingProfit" : 2.54,
    "netProfitMargin" : 1.87,
    "netProfit" : 1.10
  }, {
    "date" : "2009-03-31",
    "sales" : 52.39,
    "salesGrowthYoY" : -33.28,
    "grossProfitMargin" : 9.98,
    "grossProfit" : 5.23,
    "operatingProfitMargin" : 3.82,
    "operatingProfit" : 2.00,
    "netProfitMargin" : 0.40,
    "netProfit" : 0.21
  }, {
    "date" : "2009-06-30",
    "sales" : 119.65,
    "salesGrowthYoY" : 65.31,
    "grossProfitMargin" : 10.05,
    "grossProfit" : 12.02,
    "operatingProfitMargin" : 2.82,
    "operatingProfit" : 3.37,
    "netProfitMargin" : 1.31,
    "netProfit" : 1.57
  }, {
    "date" : "2009-09-30",
    "sales" : 55.07,
    "salesGrowthYoY" : -39.02,
    "grossProfitMargin" : 11.60,
    "grossProfit" : 6.39,
    "operatingProfitMargin" : 2.29,
    "operatingProfit" : 1.26,
    "netProfitMargin" : 1.23,
    "netProfit" : 0.68
  }, {
    "date" : "2009-12-31",
    "sales" : 39.19,
    "salesGrowthYoY" : -33.41,
    "grossProfitMargin" : 19.60,
    "grossProfit" : 7.68,
    "operatingProfitMargin" : 2.37,
    "operatingProfit" : 0.93,
    "netProfitMargin" : 0.66,
    "netProfit" : 0.26
  }, {
    "date" : "2010-03-31",
    "sales" : 61.78,
    "salesGrowthYoY" : 17.92,
    "grossProfitMargin" : 19.84,
    "grossProfit" : 12.26,
    "operatingProfitMargin" : 6.73,
    "operatingProfit" : 4.16,
    "netProfitMargin" : 1.70,
    "netProfit" : 1.05
  }, {
    "date" : "2010-06-30",
    "sales" : 65.95,
    "salesGrowthYoY" : -44.88,
    "grossProfitMargin" : 9.58,
    "grossProfit" : 6.32,
    "operatingProfitMargin" : 3.41,
    "operatingProfit" : 2.25,
    "netProfitMargin" : 1.24,
    "netProfit" : 0.82
  }, {
    "date" : "2010-09-30",
    "sales" : 21.53,
    "salesGrowthYoY" : -60.90,
    "grossProfitMargin" : 19.14,
    "grossProfit" : 4.12,
    "operatingProfitMargin" : 4.37,
    "operatingProfit" : 0.94,
    "netProfitMargin" : 0.51,
    "netProfit" : 0.11
  }, {
    "date" : "2010-12-31",
    "sales" : 45.62,
    "salesGrowthYoY" : 16.41,
    "grossProfitMargin" : 18.15,
    "grossProfit" : 8.28,
    "operatingProfitMargin" : 3.09,
    "operatingProfit" : 1.41,
    "netProfitMargin" : 1.05,
    "netProfit" : 0.48
  }, {
    "date" : "2011-03-31",
    "sales" : 36.99,
    "salesGrowthYoY" : -40.13,
    "grossProfitMargin" : 19.90,
    "grossProfit" : 7.36,
    "operatingProfitMargin" : 6.60,
    "operatingProfit" : 2.44,
    "netProfitMargin" : 0.51,
    "netProfit" : 0.19
  }, {
    "date" : "2011-06-30",
    "sales" : 58.39,
    "salesGrowthYoY" : -11.46,
    "grossProfitMargin" : 12.25,
    "grossProfit" : 7.15,
    "operatingProfitMargin" : 4.21,
    "operatingProfit" : 2.46,
    "netProfitMargin" : 1.08,
    "netProfit" : 0.63
  }, {
    "date" : "2011-09-30",
    "sales" : 59.29,
    "salesGrowthYoY" : 175.38,
    "grossProfitMargin" : 14.86,
    "grossProfit" : 8.81,
    "operatingProfitMargin" : 5.35,
    "operatingProfit" : 3.17,
    "netProfitMargin" : 1.05,
    "netProfit" : 0.62
  }, {
    "date" : "2011-12-31",
    "sales" : 58.00,
    "salesGrowthYoY" : 27.14,
    "grossProfitMargin" : 19.86,
    "grossProfit" : 11.52,
    "operatingProfitMargin" : 4.76,
    "operatingProfit" : 2.76,
    "netProfitMargin" : 0.84,
    "netProfit" : 0.49
  }, {
    "date" : "2012-03-31",
    "sales" : 61.03,
    "salesGrowthYoY" : 64.99,
    "grossProfitMargin" : 21.50,
    "grossProfit" : 13.12,
    "operatingProfitMargin" : 5.62,
    "operatingProfit" : 3.43,
    "netProfitMargin" : 1.07,
    "netProfit" : 0.65
  }, {
    "date" : "2012-06-30",
    "sales" : 71.14,
    "salesGrowthYoY" : 21.84,
    "grossProfitMargin" : 13.69,
    "grossProfit" : 9.74,
    "operatingProfitMargin" : 4.27,
    "operatingProfit" : 3.04,
    "netProfitMargin" : 1.07,
    "netProfit" : 0.76
  }, {
    "date" : "2012-09-30",
    "sales" : 58.26,
    "salesGrowthYoY" : -1.74,
    "grossProfitMargin" : 14.93,
    "grossProfit" : 8.70,
    "operatingProfitMargin" : 3.60,
    "operatingProfit" : 2.10,
    "netProfitMargin" : 0.91,
    "netProfit" : 0.53
  }, {
    "date" : "2012-12-31",
    "sales" : 29.20,
    "salesGrowthYoY" : -49.66,
    "grossProfitMargin" : 24.45,
    "grossProfit" : 7.14,
    "operatingProfitMargin" : 4.21,
    "operatingProfit" : 1.23,
    "netProfitMargin" : 1.03,
    "netProfit" : 0.30
  }, {
    "date" : "2013-03-31",
    "sales" : 112.00,
    "salesGrowthYoY" : 83.52,
    "grossProfitMargin" : 14.13,
    "grossProfit" : 15.83,
    "operatingProfitMargin" : 5.10,
    "operatingProfit" : 5.71,
    "netProfitMargin" : 1.06,
    "netProfit" : 1.19
  }, {
    "date" : "2013-06-30",
    "sales" : 86.88,
    "salesGrowthYoY" : 22.13,
    "grossProfitMargin" : 12.43,
    "grossProfit" : 10.80,
    "operatingProfitMargin" : 2.94,
    "operatingProfit" : 2.55,
    "netProfitMargin" : 1.29,
    "netProfit" : 1.12
  }, {
    "date" : "2013-09-30",
    "sales" : 130.31,
    "salesGrowthYoY" : 123.67,
    "grossProfitMargin" : 8.44,
    "grossProfit" : 11.00,
    "operatingProfitMargin" : 2.19,
    "operatingProfit" : 2.85,
    "netProfitMargin" : 1.09,
    "netProfit" : 1.42
  }, {
    "date" : "2013-12-31",
    "sales" : 82.36,
    "salesGrowthYoY" : 182.05,
    "grossProfitMargin" : 21.47,
    "grossProfit" : 17.68,
    "operatingProfitMargin" : 3.11,
    "operatingProfit" : 2.56,
    "netProfitMargin" : 1.12,
    "netProfit" : 0.92
  }, {
    "date" : "2014-03-31",
    "sales" : 122.13,
    "salesGrowthYoY" : 9.04,
    "grossProfitMargin" : 20.68,
    "grossProfit" : 25.26,
    "operatingProfitMargin" : 6.41,
    "operatingProfit" : 7.83,
    "netProfitMargin" : 1.11,
    "netProfit" : 1.36
  }, {
    "date" : "2014-06-30",
    "sales" : 100.16,
    "salesGrowthYoY" : 15.29,
    "grossProfitMargin" : 14.54,
    "grossProfit" : 14.56,
    "operatingProfitMargin" : 3.71,
    "operatingProfit" : 3.72,
    "netProfitMargin" : 1.21,
    "netProfit" : 1.21
  }, {
    "date" : "2014-09-30",
    "sales" : 133.77,
    "salesGrowthYoY" : 2.66,
    "grossProfitMargin" : 11.12,
    "grossProfit" : 14.88,
    "operatingProfitMargin" : 3.44,
    "operatingProfit" : 4.60,
    "netProfitMargin" : 1.13,
    "netProfit" : 1.51
  }, {
    "date" : "2014-12-31",
    "sales" : 191.68,
    "salesGrowthYoY" : 132.73,
    "grossProfitMargin" : 12.30,
    "grossProfit" : 23.58,
    "operatingProfitMargin" : 2.03,
    "operatingProfit" : 3.89,
    "netProfitMargin" : 0.57,
    "netProfit" : 1.09
  }, {
    "date" : "2015-03-31",
    "sales" : 142.76,
    "salesGrowthYoY" : 16.89,
    "grossProfitMargin" : 22.09,
    "grossProfit" : 31.54,
    "operatingProfitMargin" : 8.29,
    "operatingProfit" : 11.83,
    "netProfitMargin" : 0.52,
    "netProfit" : 0.74
  }, {
    "date" : "2015-06-30",
    "sales" : 75.62,
    "salesGrowthYoY" : -24.50,
    "grossProfitMargin" : 19.36,
    "grossProfit" : 14.64,
    "operatingProfitMargin" : 4.71,
    "operatingProfit" : 3.56,
    "netProfitMargin" : 0.83,
    "netProfit" : 0.63
  }, {
    "date" : "2015-09-30",
    "sales" : 75.77,
    "salesGrowthYoY" : -43.36,
    "grossProfitMargin" : 11.15,
    "grossProfit" : 8.45,
    "operatingProfitMargin" : 3.14,
    "operatingProfit" : 2.38,
    "netProfitMargin" : 0.92,
    "netProfit" : 0.70
  }, {
    "date" : "2015-12-31",
    "sales" : 93.55,
    "salesGrowthYoY" : -51.19,
    "grossProfitMargin" : 14.88,
    "grossProfit" : 13.92,
    "operatingProfitMargin" : -0.67,
    "operatingProfit" : -0.63,
    "netProfitMargin" : -1.31,
    "netProfit" : -1.23
  }, {
    "date" : "2016-03-31",
    "sales" : 110.77,
    "salesGrowthYoY" : -22.41,
    "grossProfitMargin" : 18.41,
    "grossProfit" : 20.39,
    "operatingProfitMargin" : 8.00,
    "operatingProfit" : 8.86,
    "netProfitMargin" : 6.68,
    "netProfit" : 7.40
  }, {
    "date" : "2016-06-30",
    "sales" : 85.01,
    "salesGrowthYoY" : 12.42,
    "grossProfitMargin" : 15.15,
    "grossProfit" : 12.88,
    "operatingProfitMargin" : 1.80,
    "operatingProfit" : 1.53,
    "netProfitMargin" : 0.80,
    "netProfit" : 0.68
  }, {
    "date" : "2016-09-30",
    "sales" : 132.54,
    "salesGrowthYoY" : 74.92,
    "grossProfitMargin" : 11.48,
    "grossProfit" : 15.22,
    "operatingProfitMargin" : 1.93,
    "operatingProfit" : 2.56,
    "netProfitMargin" : 0.48,
    "netProfit" : 0.64
  }, {
    "date" : "2016-12-31",
    "sales" : 156.08,
    "salesGrowthYoY" : 66.84,
    "grossProfitMargin" : 15.13,
    "grossProfit" : 23.61,
    "operatingProfitMargin" : 1.61,
    "operatingProfit" : 2.51,
    "netProfitMargin" : 1.01,
    "netProfit" : 1.58
  }, {
    "date" : "2017-03-31",
    "sales" : 217.53,
    "salesGrowthYoY" : 96.38,
    "grossProfitMargin" : 18.60,
    "grossProfit" : 40.46,
    "operatingProfitMargin" : 6.27,
    "operatingProfit" : 13.64,
    "netProfitMargin" : 5.19,
    "netProfit" : 11.29
  }, {
    "date" : "2017-06-30",
    "sales" : 334.16,
    "salesGrowthYoY" : 293.08,
    "grossProfitMargin" : 9.68,
    "grossProfit" : 32.35,
    "operatingProfitMargin" : 1.81,
    "operatingProfit" : 6.05,
    "netProfitMargin" : 0.91,
    "netProfit" : 3.04
  }, {
    "date" : "2017-09-30",
    "sales" : 134.95,
    "salesGrowthYoY" : 1.82,
    "grossProfitMargin" : 15.74,
    "grossProfit" : 21.24,
    "operatingProfitMargin" : 3.48,
    "operatingProfit" : 4.70,
    "netProfitMargin" : 0.95,
    "netProfit" : 1.28
  }, {
    "date" : "2017-12-31",
    "sales" : 204.31,
    "salesGrowthYoY" : 30.90,
    "grossProfitMargin" : 15.72,
    "grossProfit" : 32.12,
    "operatingProfitMargin" : 1.86,
    "operatingProfit" : 3.80,
    "netProfitMargin" : 0.85,
    "netProfit" : 1.74
  }, {
    "date" : "2018-03-31",
    "sales" : 251.54,
    "salesGrowthYoY" : 15.63,
    "grossProfitMargin" : 21.15,
    "grossProfit" : 53.20,
    "operatingProfitMargin" : 8.07,
    "operatingProfit" : 20.30,
    "netProfitMargin" : 2.24,
    "netProfit" : 5.63
  }, {
    "date" : "2018-06-30",
    "sales" : 255.94,
    "salesGrowthYoY" : -23.41,
    "grossProfitMargin" : 12.66,
    "grossProfit" : 32.40,
    "operatingProfitMargin" : 4.17,
    "operatingProfit" : 10.67,
    "netProfitMargin" : 1.72,
    "netProfit" : 4.40
  }, {
    "date" : "2018-09-30",
    "sales" : 138.99,
    "salesGrowthYoY" : 2.99,
    "grossProfitMargin" : 15.81,
    "grossProfit" : 21.97,
    "operatingProfitMargin" : 5.04,
    "operatingProfit" : 7.01,
    "netProfitMargin" : 2.91,
    "netProfit" : 4.04
  }, {
    "date" : "2018-12-31",
    "sales" : 205.28,
    "salesGrowthYoY" : 0.47,
    "grossProfitMargin" : 13.61,
    "grossProfit" : 27.94,
    "operatingProfitMargin" : 3.72,
    "operatingProfit" : 7.64,
    "netProfitMargin" : 1.66,
    "netProfit" : 3.41
  }, {
    "date" : "2019-03-31",
    "sales" : 470.43,
    "salesGrowthYoY" : 87.02,
    "grossProfitMargin" : 14.03,
    "grossProfit" : 66.00,
    "operatingProfitMargin" : 3.23,
    "operatingProfit" : 15.19,
    "netProfitMargin" : 0.68,
    "netProfit" : 3.20
  }, {
    "date" : "2019-06-30",
    "sales" : 316.16,
    "salesGrowthYoY" : 23.53,
    "grossProfitMargin" : 19.74,
    "grossProfit" : 62.41,
    "operatingProfitMargin" : 3.73,
    "operatingProfit" : 11.79,
    "netProfitMargin" : 1.70,
    "netProfit" : 5.37
  }, {
    "date" : "2019-09-30",
    "sales" : 139.93,
    "salesGrowthYoY" : 0.68,
    "grossProfitMargin" : 14.76,
    "grossProfit" : 20.65,
    "operatingProfitMargin" : 4.91,
    "operatingProfit" : 6.87,
    "netProfitMargin" : 3.27,
    "netProfit" : 4.58
  }, {
    "date" : "2019-12-31",
    "sales" : 108.70,
    "salesGrowthYoY" : -47.05,
    "grossProfitMargin" : 21.92,
    "grossProfit" : 23.83,
    "operatingProfitMargin" : 6.45,
    "operatingProfit" : 7.01,
    "netProfitMargin" : 3.52,
    "netProfit" : 3.83
  }, {
    "date" : "2020-03-31",
    "sales" : 201.73,
    "salesGrowthYoY" : -57.12,
    "grossProfitMargin" : 30.17,
    "grossProfit" : 60.86,
    "operatingProfitMargin" : 13.09,
    "operatingProfit" : 26.41,
    "netProfitMargin" : 11.09,
    "netProfit" : 22.37
  }, {
    "date" : "2020-06-30",
    "sales" : 118.22,
    "salesGrowthYoY" : -62.61,
    "grossProfitMargin" : 23.18,
    "grossProfit" : 27.40,
    "operatingProfitMargin" : 9.69,
    "operatingProfit" : 11.46,
    "netProfitMargin" : 4.73,
    "netProfit" : 5.59
  }, {
    "date" : "2020-09-30",
    "sales" : 171.22,
    "salesGrowthYoY" : 22.36,
    "grossProfitMargin" : 33.54,
    "grossProfit" : 57.43,
    "operatingProfitMargin" : 11.90,
    "operatingProfit" : 20.38,
    "netProfitMargin" : 7.63,
    "netProfit" : 13.06
  }, {
    "date" : "2020-12-31",
    "sales" : 206.24,
    "salesGrowthYoY" : 89.73,
    "grossProfitMargin" : 17.60,
    "grossProfit" : 36.30,
    "operatingProfitMargin" : 6.79,
    "operatingProfit" : 14.00,
    "netProfitMargin" : 3.95,
    "netProfit" : 8.15
  }, {
    "date" : "2021-03-31",
    "sales" : 282.40,
    "salesGrowthYoY" : 39.99,
    "grossProfitMargin" : 23.86,
    "grossProfit" : 67.38,
    "operatingProfitMargin" : 4.38,
    "operatingProfit" : 12.37,
    "netProfitMargin" : 3.48,
    "netProfit" : 9.83
  }, {
    "date" : "2021-06-30",
    "sales" : 213.97,
    "salesGrowthYoY" : 80.99,
    "grossProfitMargin" : 29.00,
    "grossProfit" : 62.05,
    "operatingProfitMargin" : 12.37,
    "operatingProfit" : 26.47,
    "netProfitMargin" : 8.22,
    "netProfit" : 17.59
  }, {
    "date" : "2021-09-30",
    "sales" : 245.78,
    "salesGrowthYoY" : 43.55,
    "grossProfitMargin" : 27.08,
    "grossProfit" : 66.56,
    "operatingProfitMargin" : 11.80,
    "operatingProfit" : 29.00,
    "netProfitMargin" : 9.58,
    "netProfit" : 23.55
  }, {
    "date" : "2021-12-31",
    "sales" : 288.02,
    "salesGrowthYoY" : 39.65,
    "grossProfitMargin" : 10.50,
    "grossProfit" : 30.24,
    "operatingProfitMargin" : 7.35,
    "operatingProfit" : 21.17,
    "netProfitMargin" : 8.53,
    "netProfit" : 24.57
  }, {
    "date" : "2022-03-31",
    "sales" : 350.65,
    "salesGrowthYoY" : 24.17,
    "grossProfitMargin" : 18.47,
    "grossProfit" : 64.77,
    "operatingProfitMargin" : 2.38,
    "operatingProfit" : 8.35,
    "netProfitMargin" : 3.74,
    "netProfit" : 13.11
  }, {
    "date" : "2022-06-30",
    "sales" : 313.28,
    "salesGrowthYoY" : 46.41,
    "grossProfitMargin" : 19.69,
    "grossProfit" : 61.68,
    "operatingProfitMargin" : 9.25,
    "operatingProfit" : 28.98,
    "netProfitMargin" : 5.70,
    "netProfit" : 17.86
  }, {
    "date" : "2022-09-30",
    "sales" : 258.97,
    "salesGrowthYoY" : 5.37,
    "grossProfitMargin" : 19.57,
    "grossProfit" : 50.68,
    "operatingProfitMargin" : 7.04,
    "operatingProfit" : 18.23,
    "netProfitMargin" : 4.03,
    "netProfit" : 10.44
  }, {
    "date" : "2022-12-31",
    "sales" : 330.83,
    "salesGrowthYoY" : 14.86,
    "grossProfitMargin" : 13.62,
    "grossProfit" : 45.06,
    "operatingProfitMargin" : 6.21,
    "operatingProfit" : 20.54,
    "netProfitMargin" : 4.96,
    "netProfit" : 16.41
  }, {
    "date" : "2023-03-31",
    "sales" : 359.38,
    "salesGrowthYoY" : 2.49,
    "grossProfitMargin" : 16.93,
    "grossProfit" : 60.84,
    "operatingProfitMargin" : 4.96,
    "operatingProfit" : 17.83,
    "netProfitMargin" : 2.46,
    "netProfit" : 8.84
  }, {
    "date" : "2023-06-30",
    "sales" : 297.32,
    "salesGrowthYoY" : -5.09,
    "grossProfitMargin" : 15.42,
    "grossProfit" : 45.85,
    "operatingProfitMargin" : 7.33,
    "operatingProfit" : 21.79,
    "netProfitMargin" : 5.27,
    "netProfit" : 15.67
  }, {
    "date" : "2023-09-30",
    "sales" : 165.60,
    "salesGrowthYoY" : -36.05,
    "grossProfitMargin" : 14.34,
    "grossProfit" : 23.75,
    "operatingProfitMargin" : 4.57,
    "operatingProfit" : 7.57,
    "netProfitMargin" : 4.09,
    "netProfit" : 6.77
  }, {
    "date" : "2023-12-31",
    "sales" : 357.47,
    "salesGrowthYoY" : 8.05,
    "grossProfitMargin" : 11.39,
    "grossProfit" : 40.72,
    "operatingProfitMargin" : 4.30,
    "operatingProfit" : 15.37,
    "netProfitMargin" : 3.71,
    "netProfit" : 13.26
  }, {
    "date" : "2024-03-31",
    "sales" : 365.44,
    "salesGrowthYoY" : 1.69,
    "grossProfitMargin" : 14.42,
    "grossProfit" : 52.70,
    "operatingProfitMargin" : 3.95,
    "operatingProfit" : 14.43,
    "netProfitMargin" : 4.29,
    "netProfit" : 15.68
  }, {
    "date" : "2024-06-30",
    "sales" : 275.90,
    "salesGrowthYoY" : -7.20,
    "grossProfitMargin" : 17.34,
    "grossProfit" : 47.84,
    "operatingProfitMargin" : 7.47,
    "operatingProfit" : 20.61,
    "netProfitMargin" : 5.83,
    "netProfit" : 16.08
  }, {
    "date" : "2024-09-30",
    "sales" : 149.92,
    "salesGrowthYoY" : -9.47,
    "grossProfitMargin" : 27.58,
    "grossProfit" : 41.35,
    "operatingProfitMargin" : 5.40,
    "operatingProfit" : 8.10,
    "netProfitMargin" : 4.75,
    "netProfit" : 7.12
  }, {
    "date" : "2024-12-31",
    "sales" : 244.51,
    "salesGrowthYoY" : -31.60,
    "grossProfitMargin" : 16.58,
    "grossProfit" : 40.54,
    "operatingProfitMargin" : 3.93,
    "operatingProfit" : 9.61,
    "netProfitMargin" : 4.89,
    "netProfit" : 11.96
  }, {
    "date" : "2025-03-31",
    "sales" : 242.82,
    "salesGrowthYoY" : -33.55,
    "grossProfitMargin" : 27.17,
    "grossProfit" : 65.97,
    "operatingProfitMargin" : 11.09,
    "operatingProfit" : 26.93,
    "netProfitMargin" : 6.53,
    "netProfit" : 15.86
  }, {
    "date" : "2025-06-30",
    "sales" : 255.93,
    "salesGrowthYoY" : -7.24,
    "grossProfitMargin" : 15.91,
    "grossProfit" : 40.72,
    "operatingProfitMargin" : 7.90,
    "operatingProfit" : 20.22,
    "netProfitMargin" : 6.38,
    "netProfit" : 16.33
  }, {
    "date" : "2025-09-30",
    "sales" : 290.86,
    "salesGrowthYoY" : 94.01,
    "grossProfitMargin" : 12.89,
    "grossProfit" : 37.49,
    "operatingProfitMargin" : 4.29,
    "operatingProfit" : 12.48,
    "netProfitMargin" : 3.03,
    "netProfit" : 8.81
  } ],
  "latestQuarterlyResult" : {
    "date" : "2025-09-30",
    "sales" : 290.86,
    "salesGrowthYoY" : 94.01,
    "grossProfitMargin" : 12.89,
    "grossProfit" : 37.49,
    "operatingProfitMargin" : 4.29,
    "operatingProfit" : 12.48,
    "netProfitMargin" : 3.03,
    "netProfit" : 8.81
  },
  "companyScore" : {
    "priceHigherThanDma50" : 5.00,
    "priceHigherThanDma100" : 5.00,
    "priceHigherThanDma200" : 5.00,
    "dma50HigherThanDma100" : 5.00,
    "dma50HigherThanDma200" : 5.00,
    "dma100HigherThanDma200" : 5.00,
    "pricePercentageAboveDma50" : 4.66,
    "pricePercentageAboveDma100" : 4.14,
    "pricePercentageAboveDma200" : 3.53,
    "weeklyVolumeHigherThanYearlyVolume" : 5.00,
    "salesGrowthPercentile" : 17.72,
    "operatingProfitMarginPercentile" : 10.84,
    "netProfitMarginPercentile" : 6.99,
    "totalTechnicalScore" : 47.33,
    "totalFundamentalScore" : 35.55,
    "totalScore" : 82.88
  }
}