{
  "metadata" : {
    "screenerCompanyId" : "1224",
    "companyCode" : "GUJALKALI",
    "companyName" : "Gujarat Alkalies",
    "screenerCompanyLink" : "https://www.screener.in/company/GUJALKALI",
    "screenerTechnicalHistoryLink" : "https://www.screener.in/api/company/1224/chart/?q=Price-DMA50-DMA200-Volume&days=365",
    "screenerQuarterlyResultsLink" : "https://www.screener.in/api/company/1224/chart/?q=GPM-OPM-NPM-Quarter+Sales&days=10000",
    "attributes" : {
      "companyCode" : "GUJALKALI",
      "companyName" : "Gujarat Alkalies",
      "marketCap" : 3823.00,
      "peRatio" : 70.80,
      "description" : "Gujarat Alkalies and Chemicals Ltd is a multi-product chemical manufacturing company and is one of the leading manufacturers of Caustic Soda Lye.[1] Its manufacturing facilities are located at Dahej and Vadodara in Gujarat.[2]"
    },
    "companyScore" : {
      "priceHigherThanDma50" : 0.00,
      "priceHigherThanDma100" : 0.00,
      "priceHigherThanDma200" : 0.00,
      "dma50HigherThanDma100" : 0.00,
      "dma50HigherThanDma200" : 0.00,
      "dma100HigherThanDma200" : 0.00,
      "pricePercentageAboveDma50" : 5.28,
      "pricePercentageAboveDma100" : 5.41,
      "pricePercentageAboveDma200" : 5.64,
      "weeklyVolumeHigherThanYearlyVolume" : 0.00,
      "salesGrowthPercentile" : 11.65,
      "operatingProfitMarginPercentile" : 2.53,
      "netProfitMarginPercentile" : 2.68,
      "totalTechnicalScore" : 16.33,
      "totalFundamentalScore" : 16.85,
      "totalScore" : 33.18
    }
  },
  "attributes" : {
    "companyCode" : "GUJALKALI",
    "companyName" : "Gujarat Alkalies",
    "marketCap" : 3823.00,
    "peRatio" : 70.80,
    "description" : "Gujarat Alkalies and Chemicals Ltd is a multi-product chemical manufacturing company and is one of the leading manufacturers of Caustic Soda Lye.[1] Its manufacturing facilities are located at Dahej and Vadodara in Gujarat.[2]"
  },
  "technicalHistory" : [ {
    "date" : "2024-12-05",
    "price" : 794.05,
    "dma50" : 802.98,
    "dma100" : null,
    "dma200" : 786.43,
    "volume" : 27813.00
  }, {
    "date" : "2024-12-06",
    "price" : 794.35,
    "dma50" : 802.64,
    "dma100" : null,
    "dma200" : 786.51,
    "volume" : 29149.00
  }, {
    "date" : "2024-12-09",
    "price" : 808.85,
    "dma50" : 802.89,
    "dma100" : null,
    "dma200" : 786.73,
    "volume" : 100581.00
  }, {
    "date" : "2024-12-10",
    "price" : 790.15,
    "dma50" : 802.39,
    "dma100" : null,
    "dma200" : 786.77,
    "volume" : 194250.00
  }, {
    "date" : "2024-12-11",
    "price" : 806.75,
    "dma50" : 802.56,
    "dma100" : null,
    "dma200" : 786.97,
    "volume" : 106637.00
  }, {
    "date" : "2024-12-12",
    "price" : 783.50,
    "dma50" : 801.81,
    "dma100" : null,
    "dma200" : 786.93,
    "volume" : 52442.00
  }, {
    "date" : "2024-12-13",
    "price" : 776.75,
    "dma50" : 800.83,
    "dma100" : null,
    "dma200" : 786.83,
    "volume" : 51580.00
  }, {
    "date" : "2024-12-16",
    "price" : 775.45,
    "dma50" : 799.83,
    "dma100" : null,
    "dma200" : 786.72,
    "volume" : 52169.00
  }, {
    "date" : "2024-12-17",
    "price" : 768.95,
    "dma50" : 798.62,
    "dma100" : null,
    "dma200" : 786.54,
    "volume" : 59972.00
  }, {
    "date" : "2024-12-18",
    "price" : 769.80,
    "dma50" : 797.49,
    "dma100" : null,
    "dma200" : 786.37,
    "volume" : 36441.00
  }, {
    "date" : "2024-12-19",
    "price" : 764.10,
    "dma50" : 796.18,
    "dma100" : null,
    "dma200" : 786.15,
    "volume" : 40117.00
  }, {
    "date" : "2024-12-20",
    "price" : 743.85,
    "dma50" : 794.13,
    "dma100" : null,
    "dma200" : 785.73,
    "volume" : 30972.00
  }, {
    "date" : "2024-12-23",
    "price" : 733.05,
    "dma50" : 791.73,
    "dma100" : null,
    "dma200" : 785.21,
    "volume" : 29626.00
  }, {
    "date" : "2024-12-24",
    "price" : 739.80,
    "dma50" : 789.70,
    "dma100" : null,
    "dma200" : 784.76,
    "volume" : 30658.00
  }, {
    "date" : "2024-12-26",
    "price" : 756.00,
    "dma50" : 788.38,
    "dma100" : null,
    "dma200" : 784.47,
    "volume" : 40975.00
  }, {
    "date" : "2024-12-27",
    "price" : 754.90,
    "dma50" : 787.06,
    "dma100" : null,
    "dma200" : 784.17,
    "volume" : 27869.00
  }, {
    "date" : "2024-12-30",
    "price" : 736.30,
    "dma50" : 785.07,
    "dma100" : null,
    "dma200" : 783.70,
    "volume" : 32771.00
  }, {
    "date" : "2024-12-31",
    "price" : 753.55,
    "dma50" : 783.84,
    "dma100" : null,
    "dma200" : 783.40,
    "volume" : 53067.00
  }, {
    "date" : "2025-01-01",
    "price" : 747.40,
    "dma50" : 782.41,
    "dma100" : null,
    "dma200" : 783.04,
    "volume" : 21484.00
  }, {
    "date" : "2025-01-02",
    "price" : 747.35,
    "dma50" : 781.03,
    "dma100" : null,
    "dma200" : 782.69,
    "volume" : 20943.00
  }, {
    "date" : "2025-01-03",
    "price" : 749.75,
    "dma50" : 779.81,
    "dma100" : null,
    "dma200" : 782.36,
    "volume" : 26609.00
  }, {
    "date" : "2025-01-06",
    "price" : 734.95,
    "dma50" : 778.05,
    "dma100" : null,
    "dma200" : 781.89,
    "volume" : 36467.00
  }, {
    "date" : "2025-01-07",
    "price" : 743.80,
    "dma50" : 776.70,
    "dma100" : null,
    "dma200" : 781.51,
    "volume" : 24527.00
  }, {
    "date" : "2025-01-08",
    "price" : 743.00,
    "dma50" : 775.38,
    "dma100" : null,
    "dma200" : 781.12,
    "volume" : 16953.00
  }, {
    "date" : "2025-01-09",
    "price" : 736.00,
    "dma50" : 773.84,
    "dma100" : null,
    "dma200" : 780.67,
    "volume" : 45684.00
  }, {
    "date" : "2025-01-10",
    "price" : 738.30,
    "dma50" : 772.44,
    "dma100" : null,
    "dma200" : 780.25,
    "volume" : 49458.00
  }, {
    "date" : "2025-01-13",
    "price" : 732.25,
    "dma50" : 770.87,
    "dma100" : null,
    "dma200" : 779.78,
    "volume" : 57583.00
  }, {
    "date" : "2025-01-14",
    "price" : 731.15,
    "dma50" : 769.31,
    "dma100" : null,
    "dma200" : 779.29,
    "volume" : 41367.00
  }, {
    "date" : "2025-01-15",
    "price" : 733.30,
    "dma50" : 767.90,
    "dma100" : null,
    "dma200" : 778.83,
    "volume" : 22168.00
  }, {
    "date" : "2025-01-16",
    "price" : 741.05,
    "dma50" : 766.85,
    "dma100" : null,
    "dma200" : 778.46,
    "volume" : 25692.00
  }, {
    "date" : "2025-01-17",
    "price" : 738.95,
    "dma50" : 765.75,
    "dma100" : null,
    "dma200" : 778.06,
    "volume" : 25066.00
  }, {
    "date" : "2025-01-20",
    "price" : 742.10,
    "dma50" : 764.82,
    "dma100" : null,
    "dma200" : 777.71,
    "volume" : 18079.00
  }, {
    "date" : "2025-01-21",
    "price" : 731.15,
    "dma50" : 763.50,
    "dma100" : null,
    "dma200" : 777.24,
    "volume" : 19161.00
  }, {
    "date" : "2025-01-22",
    "price" : 731.05,
    "dma50" : 762.23,
    "dma100" : null,
    "dma200" : 776.78,
    "volume" : 31738.00
  }, {
    "date" : "2025-01-23",
    "price" : 711.00,
    "dma50" : 760.22,
    "dma100" : null,
    "dma200" : 776.13,
    "volume" : 30423.00
  }, {
    "date" : "2025-01-24",
    "price" : 698.05,
    "dma50" : 757.78,
    "dma100" : null,
    "dma200" : 775.35,
    "volume" : 22034.00
  }, {
    "date" : "2025-01-27",
    "price" : 682.00,
    "dma50" : 754.81,
    "dma100" : null,
    "dma200" : 774.42,
    "volume" : 32391.00
  }, {
    "date" : "2025-01-28",
    "price" : 663.70,
    "dma50" : 751.24,
    "dma100" : null,
    "dma200" : 773.32,
    "volume" : 28463.00
  }, {
    "date" : "2025-01-29",
    "price" : 678.60,
    "dma50" : 748.39,
    "dma100" : null,
    "dma200" : 772.38,
    "volume" : 37092.00
  }, {
    "date" : "2025-01-30",
    "price" : 680.95,
    "dma50" : 745.75,
    "dma100" : null,
    "dma200" : 771.47,
    "volume" : 16712.00
  }, {
    "date" : "2025-01-31",
    "price" : 693.10,
    "dma50" : 743.68,
    "dma100" : null,
    "dma200" : 770.69,
    "volume" : 36369.00
  }, {
    "date" : "2025-02-01",
    "price" : 675.70,
    "dma50" : 741.01,
    "dma100" : null,
    "dma200" : 769.74,
    "volume" : 28500.00
  }, {
    "date" : "2025-02-03",
    "price" : 679.55,
    "dma50" : 738.60,
    "dma100" : null,
    "dma200" : 768.85,
    "volume" : 17012.00
  }, {
    "date" : "2025-02-04",
    "price" : 686.60,
    "dma50" : 736.57,
    "dma100" : null,
    "dma200" : 768.03,
    "volume" : 16631.00
  }, {
    "date" : "2025-02-05",
    "price" : 684.75,
    "dma50" : 734.53,
    "dma100" : null,
    "dma200" : 767.20,
    "volume" : 15877.00
  }, {
    "date" : "2025-02-06",
    "price" : 691.45,
    "dma50" : 732.84,
    "dma100" : null,
    "dma200" : 766.45,
    "volume" : 21296.00
  }, {
    "date" : "2025-02-07",
    "price" : 662.50,
    "dma50" : 730.09,
    "dma100" : null,
    "dma200" : 765.41,
    "volume" : 36198.00
  }, {
    "date" : "2025-02-10",
    "price" : 655.00,
    "dma50" : 727.14,
    "dma100" : null,
    "dma200" : 764.31,
    "volume" : 35748.00
  }, {
    "date" : "2025-02-11",
    "price" : 619.70,
    "dma50" : 722.93,
    "dma100" : null,
    "dma200" : 762.87,
    "volume" : 39356.00
  }, {
    "date" : "2025-02-12",
    "price" : 608.40,
    "dma50" : 718.44,
    "dma100" : null,
    "dma200" : 761.34,
    "volume" : 63659.00
  }, {
    "date" : "2025-02-13",
    "price" : 597.05,
    "dma50" : 713.68,
    "dma100" : null,
    "dma200" : 759.70,
    "volume" : 28182.00
  }, {
    "date" : "2025-02-14",
    "price" : 578.65,
    "dma50" : 708.38,
    "dma100" : null,
    "dma200" : 757.90,
    "volume" : 31365.00
  }, {
    "date" : "2025-02-17",
    "price" : 576.20,
    "dma50" : 703.20,
    "dma100" : null,
    "dma200" : 756.09,
    "volume" : 80667.00
  }, {
    "date" : "2025-02-18",
    "price" : 577.25,
    "dma50" : 698.26,
    "dma100" : null,
    "dma200" : 754.31,
    "volume" : 39389.00
  }, {
    "date" : "2025-02-19",
    "price" : 575.35,
    "dma50" : 693.44,
    "dma100" : null,
    "dma200" : 752.53,
    "volume" : 30232.00
  }, {
    "date" : "2025-02-20",
    "price" : 582.00,
    "dma50" : 689.07,
    "dma100" : null,
    "dma200" : 750.84,
    "volume" : 63937.00
  }, {
    "date" : "2025-02-21",
    "price" : 579.30,
    "dma50" : 684.76,
    "dma100" : null,
    "dma200" : 749.13,
    "volume" : 26619.00
  }, {
    "date" : "2025-02-24",
    "price" : 560.60,
    "dma50" : 679.89,
    "dma100" : null,
    "dma200" : 747.25,
    "volume" : 23208.00
  }, {
    "date" : "2025-02-25",
    "price" : 567.90,
    "dma50" : 675.50,
    "dma100" : null,
    "dma200" : 745.47,
    "volume" : 30416.00
  }, {
    "date" : "2025-02-27",
    "price" : 548.65,
    "dma50" : 670.53,
    "dma100" : null,
    "dma200" : 743.51,
    "volume" : 29665.00
  }, {
    "date" : "2025-02-28",
    "price" : 524.15,
    "dma50" : 664.79,
    "dma100" : null,
    "dma200" : 741.33,
    "volume" : 64232.00
  }, {
    "date" : "2025-03-03",
    "price" : 501.80,
    "dma50" : 658.40,
    "dma100" : null,
    "dma200" : 738.94,
    "volume" : 88222.00
  }, {
    "date" : "2025-03-04",
    "price" : 508.90,
    "dma50" : 652.53,
    "dma100" : null,
    "dma200" : 736.66,
    "volume" : 49572.00
  }, {
    "date" : "2025-03-05",
    "price" : 523.95,
    "dma50" : 647.49,
    "dma100" : null,
    "dma200" : 734.54,
    "volume" : 52176.00
  }, {
    "date" : "2025-03-06",
    "price" : 529.95,
    "dma50" : 642.88,
    "dma100" : null,
    "dma200" : 732.50,
    "volume" : 60427.00
  }, {
    "date" : "2025-03-07",
    "price" : 542.95,
    "dma50" : 638.96,
    "dma100" : null,
    "dma200" : 730.62,
    "volume" : 54301.00
  }, {
    "date" : "2025-03-10",
    "price" : 527.95,
    "dma50" : 634.61,
    "dma100" : null,
    "dma200" : 728.60,
    "volume" : 58723.00
  }, {
    "date" : "2025-03-11",
    "price" : 524.00,
    "dma50" : 630.27,
    "dma100" : null,
    "dma200" : 726.56,
    "volume" : 35791.00
  }, {
    "date" : "2025-03-12",
    "price" : 513.40,
    "dma50" : 625.69,
    "dma100" : null,
    "dma200" : 724.44,
    "volume" : 69676.00
  }, {
    "date" : "2025-03-13",
    "price" : 516.10,
    "dma50" : 621.39,
    "dma100" : null,
    "dma200" : 722.37,
    "volume" : 43923.00
  }, {
    "date" : "2025-03-17",
    "price" : 499.30,
    "dma50" : 616.60,
    "dma100" : null,
    "dma200" : 720.15,
    "volume" : 61961.00
  }, {
    "date" : "2025-03-18",
    "price" : 513.95,
    "dma50" : 612.58,
    "dma100" : null,
    "dma200" : 718.10,
    "volume" : 46339.00
  }, {
    "date" : "2025-03-19",
    "price" : 532.35,
    "dma50" : 609.43,
    "dma100" : null,
    "dma200" : 716.25,
    "volume" : 95418.00
  }, {
    "date" : "2025-03-20",
    "price" : 541.10,
    "dma50" : 606.75,
    "dma100" : null,
    "dma200" : 714.51,
    "volume" : 64200.00
  }, {
    "date" : "2025-03-21",
    "price" : 548.00,
    "dma50" : 604.45,
    "dma100" : null,
    "dma200" : 712.85,
    "volume" : 40505.00
  }, {
    "date" : "2025-03-24",
    "price" : 605.25,
    "dma50" : 604.48,
    "dma100" : null,
    "dma200" : 711.78,
    "volume" : 370105.00
  }, {
    "date" : "2025-03-25",
    "price" : 583.05,
    "dma50" : 603.64,
    "dma100" : null,
    "dma200" : 710.50,
    "volume" : 104576.00
  }, {
    "date" : "2025-03-26",
    "price" : 576.75,
    "dma50" : 602.58,
    "dma100" : null,
    "dma200" : 709.17,
    "volume" : 86464.00
  }, {
    "date" : "2025-03-27",
    "price" : 583.50,
    "dma50" : 601.84,
    "dma100" : null,
    "dma200" : 707.92,
    "volume" : 1040042.00
  }, {
    "date" : "2025-03-28",
    "price" : 579.20,
    "dma50" : 600.95,
    "dma100" : null,
    "dma200" : 706.64,
    "volume" : 82441.00
  }, {
    "date" : "2025-04-01",
    "price" : 565.70,
    "dma50" : 599.57,
    "dma100" : null,
    "dma200" : 705.24,
    "volume" : 47761.00
  }, {
    "date" : "2025-04-02",
    "price" : 647.75,
    "dma50" : 601.46,
    "dma100" : null,
    "dma200" : 704.66,
    "volume" : 1179717.00
  }, {
    "date" : "2025-04-03",
    "price" : 657.60,
    "dma50" : 603.66,
    "dma100" : null,
    "dma200" : 704.20,
    "volume" : 1460337.00
  }, {
    "date" : "2025-04-04",
    "price" : 625.75,
    "dma50" : 604.52,
    "dma100" : null,
    "dma200" : 703.41,
    "volume" : 203994.00
  }, {
    "date" : "2025-04-07",
    "price" : 601.50,
    "dma50" : 604.40,
    "dma100" : null,
    "dma200" : 702.40,
    "volume" : 91354.00
  }, {
    "date" : "2025-04-08",
    "price" : 616.10,
    "dma50" : 604.86,
    "dma100" : null,
    "dma200" : 701.54,
    "volume" : 100265.00
  }, {
    "date" : "2025-04-09",
    "price" : 605.10,
    "dma50" : 604.87,
    "dma100" : null,
    "dma200" : 700.58,
    "volume" : 34923.00
  }, {
    "date" : "2025-04-11",
    "price" : 602.40,
    "dma50" : 604.78,
    "dma100" : null,
    "dma200" : 699.61,
    "volume" : 50363.00
  }, {
    "date" : "2025-04-15",
    "price" : 617.85,
    "dma50" : 605.29,
    "dma100" : null,
    "dma200" : 698.79,
    "volume" : 41761.00
  }, {
    "date" : "2025-04-16",
    "price" : 642.50,
    "dma50" : 606.75,
    "dma100" : null,
    "dma200" : 698.23,
    "volume" : 160804.00
  }, {
    "date" : "2025-04-17",
    "price" : 636.30,
    "dma50" : 607.91,
    "dma100" : null,
    "dma200" : 697.62,
    "volume" : 70023.00
  }, {
    "date" : "2025-04-21",
    "price" : 647.25,
    "dma50" : 609.45,
    "dma100" : null,
    "dma200" : 697.11,
    "volume" : 48696.00
  }, {
    "date" : "2025-04-22",
    "price" : 662.45,
    "dma50" : 611.53,
    "dma100" : null,
    "dma200" : 696.77,
    "volume" : 111317.00
  }, {
    "date" : "2025-04-23",
    "price" : 638.20,
    "dma50" : 612.57,
    "dma100" : null,
    "dma200" : 696.19,
    "volume" : 102921.00
  }, {
    "date" : "2025-04-24",
    "price" : 641.30,
    "dma50" : 613.70,
    "dma100" : null,
    "dma200" : 695.64,
    "volume" : 67010.00
  }, {
    "date" : "2025-04-25",
    "price" : 622.90,
    "dma50" : 614.06,
    "dma100" : null,
    "dma200" : 694.92,
    "volume" : 63400.00
  }, {
    "date" : "2025-04-28",
    "price" : 628.00,
    "dma50" : 614.61,
    "dma100" : null,
    "dma200" : 694.25,
    "volume" : 60030.00
  }, {
    "date" : "2025-04-29",
    "price" : 625.95,
    "dma50" : 615.05,
    "dma100" : null,
    "dma200" : 693.57,
    "volume" : 34048.00
  }, {
    "date" : "2025-04-30",
    "price" : 605.70,
    "dma50" : 614.69,
    "dma100" : null,
    "dma200" : 692.70,
    "volume" : 44356.00
  }, {
    "date" : "2025-05-02",
    "price" : 611.80,
    "dma50" : 614.57,
    "dma100" : null,
    "dma200" : 691.89,
    "volume" : 43195.00
  }, {
    "date" : "2025-05-05",
    "price" : 612.50,
    "dma50" : 614.49,
    "dma100" : 652.82,
    "dma200" : 691.10,
    "volume" : 18795.00
  }, {
    "date" : "2025-05-06",
    "price" : 590.40,
    "dma50" : 613.55,
    "dma100" : 650.78,
    "dma200" : 690.10,
    "volume" : 42349.00
  }, {
    "date" : "2025-05-07",
    "price" : 625.10,
    "dma50" : 614.00,
    "dma100" : 648.94,
    "dma200" : 689.45,
    "volume" : 89245.00
  }, {
    "date" : "2025-05-08",
    "price" : 633.05,
    "dma50" : 614.75,
    "dma100" : 647.37,
    "dma200" : 688.89,
    "volume" : 142680.00
  }, {
    "date" : "2025-05-09",
    "price" : 609.90,
    "dma50" : 614.56,
    "dma100" : 645.40,
    "dma200" : 688.11,
    "volume" : 45635.00
  }, {
    "date" : "2025-05-12",
    "price" : 632.05,
    "dma50" : 615.24,
    "dma100" : 643.89,
    "dma200" : 687.55,
    "volume" : 35576.00
  }, {
    "date" : "2025-05-13",
    "price" : 636.25,
    "dma50" : 616.07,
    "dma100" : 642.48,
    "dma200" : 687.04,
    "volume" : 29923.00
  }, {
    "date" : "2025-05-14",
    "price" : 643.50,
    "dma50" : 617.14,
    "dma100" : 641.16,
    "dma200" : 686.60,
    "volume" : 31621.00
  }, {
    "date" : "2025-05-15",
    "price" : 651.25,
    "dma50" : 618.48,
    "dma100" : 639.99,
    "dma200" : 686.25,
    "volume" : 64950.00
  }, {
    "date" : "2025-05-16",
    "price" : 652.35,
    "dma50" : 619.81,
    "dma100" : 638.81,
    "dma200" : 685.92,
    "volume" : 44041.00
  }, {
    "date" : "2025-05-19",
    "price" : 657.25,
    "dma50" : 621.28,
    "dma100" : 637.74,
    "dma200" : 685.63,
    "volume" : 239212.00
  }, {
    "date" : "2025-05-20",
    "price" : 634.30,
    "dma50" : 621.79,
    "dma100" : 636.65,
    "dma200" : 685.12,
    "volume" : 143794.00
  }, {
    "date" : "2025-05-21",
    "price" : 613.00,
    "dma50" : 621.44,
    "dma100" : 635.45,
    "dma200" : 684.40,
    "volume" : 156893.00
  }, {
    "date" : "2025-05-22",
    "price" : 597.30,
    "dma50" : 620.50,
    "dma100" : 634.02,
    "dma200" : 683.54,
    "volume" : 185102.00
  }, {
    "date" : "2025-05-23",
    "price" : 597.90,
    "dma50" : 619.61,
    "dma100" : 632.44,
    "dma200" : 682.68,
    "volume" : 54290.00
  }, {
    "date" : "2025-05-26",
    "price" : 605.95,
    "dma50" : 619.07,
    "dma100" : 630.95,
    "dma200" : 681.92,
    "volume" : 65609.00
  }, {
    "date" : "2025-05-27",
    "price" : 602.30,
    "dma50" : 618.42,
    "dma100" : 629.61,
    "dma200" : 681.13,
    "volume" : 40169.00
  }, {
    "date" : "2025-05-28",
    "price" : 588.55,
    "dma50" : 617.25,
    "dma100" : 627.96,
    "dma200" : 680.21,
    "volume" : 153866.00
  }, {
    "date" : "2025-05-29",
    "price" : 583.60,
    "dma50" : 615.93,
    "dma100" : 626.32,
    "dma200" : 679.24,
    "volume" : 68627.00
  }, {
    "date" : "2025-05-30",
    "price" : 574.00,
    "dma50" : 614.28,
    "dma100" : 624.59,
    "dma200" : 678.20,
    "volume" : 386623.00
  }, {
    "date" : "2025-06-02",
    "price" : 591.50,
    "dma50" : 613.39,
    "dma100" : 623.01,
    "dma200" : 677.34,
    "volume" : 72220.00
  }, {
    "date" : "2025-06-03",
    "price" : 581.75,
    "dma50" : 612.15,
    "dma100" : 621.48,
    "dma200" : 676.38,
    "volume" : 63603.00
  }, {
    "date" : "2025-06-04",
    "price" : 589.30,
    "dma50" : 611.25,
    "dma100" : 619.93,
    "dma200" : 675.52,
    "volume" : 50770.00
  }, {
    "date" : "2025-06-05",
    "price" : 587.00,
    "dma50" : 610.30,
    "dma100" : 618.37,
    "dma200" : 674.64,
    "volume" : 43300.00
  }, {
    "date" : "2025-06-06",
    "price" : 589.40,
    "dma50" : 609.48,
    "dma100" : 616.90,
    "dma200" : 673.79,
    "volume" : 75408.00
  }, {
    "date" : "2025-06-09",
    "price" : 593.75,
    "dma50" : 608.86,
    "dma100" : 615.46,
    "dma200" : 672.99,
    "volume" : 51494.00
  }, {
    "date" : "2025-06-10",
    "price" : 595.90,
    "dma50" : 608.36,
    "dma100" : 614.10,
    "dma200" : 672.23,
    "volume" : 57285.00
  }, {
    "date" : "2025-06-11",
    "price" : 597.85,
    "dma50" : 607.94,
    "dma100" : 612.76,
    "dma200" : 671.49,
    "volume" : 98749.00
  }, {
    "date" : "2025-06-12",
    "price" : 585.20,
    "dma50" : 607.05,
    "dma100" : 611.28,
    "dma200" : 670.63,
    "volume" : 70713.00
  }, {
    "date" : "2025-06-13",
    "price" : 591.30,
    "dma50" : 606.43,
    "dma100" : 609.78,
    "dma200" : 669.84,
    "volume" : 43775.00
  }, {
    "date" : "2025-06-16",
    "price" : 589.35,
    "dma50" : 605.76,
    "dma100" : 608.29,
    "dma200" : 669.04,
    "volume" : 32478.00
  }, {
    "date" : "2025-06-17",
    "price" : 585.95,
    "dma50" : 604.99,
    "dma100" : 606.73,
    "dma200" : 668.21,
    "volume" : 28927.00
  }, {
    "date" : "2025-06-18",
    "price" : 581.40,
    "dma50" : 604.06,
    "dma100" : 605.23,
    "dma200" : 667.35,
    "volume" : 25005.00
  }, {
    "date" : "2025-06-19",
    "price" : 573.10,
    "dma50" : 602.85,
    "dma100" : 603.65,
    "dma200" : 666.41,
    "volume" : 31480.00
  }, {
    "date" : "2025-06-20",
    "price" : 570.20,
    "dma50" : 601.57,
    "dma100" : 602.24,
    "dma200" : 665.45,
    "volume" : 30147.00
  }, {
    "date" : "2025-06-23",
    "price" : 573.40,
    "dma50" : 600.46,
    "dma100" : 600.99,
    "dma200" : 664.53,
    "volume" : 26365.00
  }, {
    "date" : "2025-06-24",
    "price" : 578.05,
    "dma50" : 599.58,
    "dma100" : 599.96,
    "dma200" : 663.67,
    "volume" : 31756.00
  }, {
    "date" : "2025-06-25",
    "price" : 590.95,
    "dma50" : 599.25,
    "dma100" : 599.23,
    "dma200" : 662.95,
    "volume" : 47189.00
  }, {
    "date" : "2025-06-26",
    "price" : 609.25,
    "dma50" : 599.64,
    "dma100" : 598.53,
    "dma200" : 662.42,
    "volume" : 270634.00
  }, {
    "date" : "2025-06-27",
    "price" : 606.45,
    "dma50" : 599.90,
    "dma100" : 597.79,
    "dma200" : 661.86,
    "volume" : 59008.00
  }, {
    "date" : "2025-06-30",
    "price" : 599.65,
    "dma50" : 599.89,
    "dma100" : 596.85,
    "dma200" : 661.24,
    "volume" : 52633.00
  }, {
    "date" : "2025-07-01",
    "price" : 610.80,
    "dma50" : 600.32,
    "dma100" : 596.21,
    "dma200" : 660.74,
    "volume" : 73882.00
  }, {
    "date" : "2025-07-02",
    "price" : 589.75,
    "dma50" : 599.91,
    "dma100" : 595.31,
    "dma200" : 660.03,
    "volume" : 87160.00
  }, {
    "date" : "2025-07-03",
    "price" : 589.30,
    "dma50" : 599.49,
    "dma100" : 594.33,
    "dma200" : 659.33,
    "volume" : 45915.00
  }, {
    "date" : "2025-07-04",
    "price" : 579.70,
    "dma50" : 598.72,
    "dma100" : 593.28,
    "dma200" : 658.54,
    "volume" : 99647.00
  }, {
    "date" : "2025-07-07",
    "price" : 575.05,
    "dma50" : 597.79,
    "dma100" : 592.12,
    "dma200" : 657.71,
    "volume" : 57854.00
  }, {
    "date" : "2025-07-08",
    "price" : 578.10,
    "dma50" : 597.02,
    "dma100" : 591.28,
    "dma200" : 656.91,
    "volume" : 44552.00
  }, {
    "date" : "2025-07-09",
    "price" : 586.95,
    "dma50" : 596.62,
    "dma100" : 590.60,
    "dma200" : 656.22,
    "volume" : 44102.00
  }, {
    "date" : "2025-07-10",
    "price" : 595.95,
    "dma50" : 596.59,
    "dma100" : 590.36,
    "dma200" : 655.62,
    "volume" : 65815.00
  }, {
    "date" : "2025-07-11",
    "price" : 591.50,
    "dma50" : 596.39,
    "dma100" : 590.19,
    "dma200" : 654.98,
    "volume" : 35476.00
  }, {
    "date" : "2025-07-14",
    "price" : 586.45,
    "dma50" : 596.00,
    "dma100" : 590.08,
    "dma200" : 654.30,
    "volume" : 29258.00
  }, {
    "date" : "2025-07-15",
    "price" : 591.50,
    "dma50" : 595.83,
    "dma100" : 590.21,
    "dma200" : 653.67,
    "volume" : 28850.00
  }, {
    "date" : "2025-07-16",
    "price" : 596.25,
    "dma50" : 595.84,
    "dma100" : 590.41,
    "dma200" : 653.10,
    "volume" : 50090.00
  }, {
    "date" : "2025-07-17",
    "price" : 594.10,
    "dma50" : 595.78,
    "dma100" : 590.58,
    "dma200" : 652.51,
    "volume" : 19985.00
  }, {
    "date" : "2025-07-18",
    "price" : 590.10,
    "dma50" : 595.55,
    "dma100" : 590.73,
    "dma200" : 651.89,
    "volume" : 18104.00
  }, {
    "date" : "2025-07-21",
    "price" : 588.40,
    "dma50" : 595.27,
    "dma100" : 590.79,
    "dma200" : 651.26,
    "volume" : 30874.00
  }, {
    "date" : "2025-07-22",
    "price" : 600.15,
    "dma50" : 595.46,
    "dma100" : 591.00,
    "dma200" : 650.75,
    "volume" : 499556.00
  }, {
    "date" : "2025-07-23",
    "price" : 598.75,
    "dma50" : 595.59,
    "dma100" : 591.38,
    "dma200" : 650.24,
    "volume" : 325750.00
  }, {
    "date" : "2025-07-24",
    "price" : 601.15,
    "dma50" : 595.81,
    "dma100" : 591.71,
    "dma200" : 649.75,
    "volume" : 249595.00
  }, {
    "date" : "2025-07-25",
    "price" : 594.10,
    "dma50" : 595.74,
    "dma100" : 592.17,
    "dma200" : 649.19,
    "volume" : 105575.00
  }, {
    "date" : "2025-07-28",
    "price" : 575.60,
    "dma50" : 594.95,
    "dma100" : 592.68,
    "dma200" : 648.46,
    "volume" : 51419.00
  }, {
    "date" : "2025-07-29",
    "price" : 574.90,
    "dma50" : 594.17,
    "dma100" : 593.41,
    "dma200" : 647.73,
    "volume" : 57324.00
  }, {
    "date" : "2025-07-30",
    "price" : 573.40,
    "dma50" : 593.35,
    "dma100" : 594.06,
    "dma200" : 646.99,
    "volume" : 46650.00
  }, {
    "date" : "2025-07-31",
    "price" : 581.60,
    "dma50" : 592.89,
    "dma100" : 594.64,
    "dma200" : 646.34,
    "volume" : 69562.00
  }, {
    "date" : "2025-08-01",
    "price" : 573.25,
    "dma50" : 592.12,
    "dma100" : 595.07,
    "dma200" : 645.61,
    "volume" : 44815.00
  }, {
    "date" : "2025-08-04",
    "price" : 579.85,
    "dma50" : 591.64,
    "dma100" : 595.44,
    "dma200" : 644.96,
    "volume" : 28682.00
  }, {
    "date" : "2025-08-05",
    "price" : 583.15,
    "dma50" : 591.31,
    "dma100" : 595.99,
    "dma200" : 644.34,
    "volume" : 24385.00
  }, {
    "date" : "2025-08-06",
    "price" : 581.05,
    "dma50" : 590.91,
    "dma100" : 596.56,
    "dma200" : 643.71,
    "volume" : 16194.00
  }, {
    "date" : "2025-08-07",
    "price" : 574.95,
    "dma50" : 590.28,
    "dma100" : 597.18,
    "dma200" : 643.03,
    "volume" : 40063.00
  }, {
    "date" : "2025-08-08",
    "price" : 578.65,
    "dma50" : 589.82,
    "dma100" : 597.80,
    "dma200" : 642.39,
    "volume" : 19834.00
  }, {
    "date" : "2025-08-11",
    "price" : 559.25,
    "dma50" : 588.62,
    "dma100" : 598.40,
    "dma200" : 641.56,
    "volume" : 64346.00
  }, {
    "date" : "2025-08-12",
    "price" : 560.10,
    "dma50" : 587.51,
    "dma100" : 598.86,
    "dma200" : 640.75,
    "volume" : 23149.00
  }, {
    "date" : "2025-08-13",
    "price" : 552.00,
    "dma50" : 586.11,
    "dma100" : 599.06,
    "dma200" : 639.87,
    "volume" : 39757.00
  }, {
    "date" : "2025-08-14",
    "price" : 550.35,
    "dma50" : 584.71,
    "dma100" : 599.15,
    "dma200" : 638.98,
    "volume" : 28224.00
  }, {
    "date" : "2025-08-18",
    "price" : 547.95,
    "dma50" : 583.27,
    "dma100" : 599.15,
    "dma200" : 638.07,
    "volume" : 46272.00
  }, {
    "date" : "2025-08-19",
    "price" : 559.60,
    "dma50" : 582.34,
    "dma100" : 598.69,
    "dma200" : 637.29,
    "volume" : 27640.00
  }, {
    "date" : "2025-08-20",
    "price" : 565.15,
    "dma50" : 581.67,
    "dma100" : 598.52,
    "dma200" : 636.57,
    "volume" : 29978.00
  }, {
    "date" : "2025-08-21",
    "price" : 568.95,
    "dma50" : 581.17,
    "dma100" : 598.44,
    "dma200" : 635.90,
    "volume" : 27716.00
  }, {
    "date" : "2025-08-22",
    "price" : 574.55,
    "dma50" : 580.91,
    "dma100" : 598.35,
    "dma200" : 635.29,
    "volume" : 46397.00
  }, {
    "date" : "2025-08-25",
    "price" : 570.55,
    "dma50" : 580.50,
    "dma100" : 598.26,
    "dma200" : 634.64,
    "volume" : 23171.00
  }, {
    "date" : "2025-08-26",
    "price" : 565.25,
    "dma50" : 579.90,
    "dma100" : 598.26,
    "dma200" : 633.95,
    "volume" : 18575.00
  }, {
    "date" : "2025-08-28",
    "price" : 564.10,
    "dma50" : 579.28,
    "dma100" : 597.42,
    "dma200" : 633.26,
    "volume" : 23087.00
  }, {
    "date" : "2025-08-29",
    "price" : 564.30,
    "dma50" : 578.70,
    "dma100" : 596.49,
    "dma200" : 632.57,
    "volume" : 19309.00
  }, {
    "date" : "2025-09-01",
    "price" : 576.10,
    "dma50" : 578.60,
    "dma100" : 595.99,
    "dma200" : 632.01,
    "volume" : 27851.00
  }, {
    "date" : "2025-09-02",
    "price" : 587.85,
    "dma50" : 578.96,
    "dma100" : 595.85,
    "dma200" : 631.57,
    "volume" : 192922.00
  }, {
    "date" : "2025-09-03",
    "price" : 594.55,
    "dma50" : 579.57,
    "dma100" : 595.64,
    "dma200" : 631.20,
    "volume" : 48509.00
  }, {
    "date" : "2025-09-04",
    "price" : 593.75,
    "dma50" : 580.13,
    "dma100" : 595.53,
    "dma200" : 630.83,
    "volume" : 78596.00
  }, {
    "date" : "2025-09-05",
    "price" : 587.80,
    "dma50" : 580.43,
    "dma100" : 595.38,
    "dma200" : 630.40,
    "volume" : 69724.00
  }, {
    "date" : "2025-09-08",
    "price" : 593.90,
    "dma50" : 580.96,
    "dma100" : 595.14,
    "dma200" : 630.04,
    "volume" : 46649.00
  }, {
    "date" : "2025-09-09",
    "price" : 592.30,
    "dma50" : 581.40,
    "dma100" : 594.64,
    "dma200" : 629.66,
    "volume" : 40599.00
  }, {
    "date" : "2025-09-10",
    "price" : 600.40,
    "dma50" : 582.15,
    "dma100" : 594.28,
    "dma200" : 629.37,
    "volume" : 44353.00
  }, {
    "date" : "2025-09-11",
    "price" : 608.05,
    "dma50" : 583.16,
    "dma100" : 593.89,
    "dma200" : 629.16,
    "volume" : 79071.00
  }, {
    "date" : "2025-09-12",
    "price" : 608.60,
    "dma50" : 584.16,
    "dma100" : 593.35,
    "dma200" : 628.96,
    "volume" : 47693.00
  }, {
    "date" : "2025-09-15",
    "price" : 610.90,
    "dma50" : 585.21,
    "dma100" : 593.08,
    "dma200" : 628.78,
    "volume" : 93488.00
  }, {
    "date" : "2025-09-16",
    "price" : 613.95,
    "dma50" : 586.33,
    "dma100" : 592.80,
    "dma200" : 628.63,
    "volume" : 66115.00
  }, {
    "date" : "2025-09-17",
    "price" : 615.15,
    "dma50" : 587.46,
    "dma100" : 592.72,
    "dma200" : 628.49,
    "volume" : 105119.00
  }, {
    "date" : "2025-09-18",
    "price" : 614.95,
    "dma50" : 588.54,
    "dma100" : 592.59,
    "dma200" : 628.36,
    "volume" : 101748.00
  }, {
    "date" : "2025-09-19",
    "price" : 594.50,
    "dma50" : 588.78,
    "dma100" : 592.28,
    "dma200" : 628.02,
    "volume" : 67192.00
  }, {
    "date" : "2025-09-22",
    "price" : 594.55,
    "dma50" : 589.00,
    "dma100" : 592.17,
    "dma200" : 627.69,
    "volume" : 68598.00
  }, {
    "date" : "2025-09-23",
    "price" : 586.20,
    "dma50" : 588.89,
    "dma100" : 591.91,
    "dma200" : 627.28,
    "volume" : 27991.00
  }, {
    "date" : "2025-09-24",
    "price" : 580.60,
    "dma50" : 588.57,
    "dma100" : 591.59,
    "dma200" : 626.81,
    "volume" : 33065.00
  }, {
    "date" : "2025-09-25",
    "price" : 567.25,
    "dma50" : 587.73,
    "dma100" : 591.36,
    "dma200" : 626.22,
    "volume" : 42026.00
  }, {
    "date" : "2025-09-26",
    "price" : 559.60,
    "dma50" : 586.63,
    "dma100" : 590.71,
    "dma200" : 625.56,
    "volume" : 52592.00
  }, {
    "date" : "2025-09-29",
    "price" : 543.95,
    "dma50" : 584.95,
    "dma100" : 589.82,
    "dma200" : 624.74,
    "volume" : 74811.00
  }, {
    "date" : "2025-09-30",
    "price" : 546.55,
    "dma50" : 583.45,
    "dma100" : 589.18,
    "dma200" : 623.97,
    "volume" : 33795.00
  }, {
    "date" : "2025-10-01",
    "price" : 552.70,
    "dma50" : 582.24,
    "dma100" : 588.39,
    "dma200" : 623.26,
    "volume" : 27393.00
  }, {
    "date" : "2025-10-03",
    "price" : 561.60,
    "dma50" : 581.43,
    "dma100" : 587.64,
    "dma200" : 622.64,
    "volume" : 40162.00
  }, {
    "date" : "2025-10-06",
    "price" : 561.50,
    "dma50" : 580.65,
    "dma100" : 586.82,
    "dma200" : 622.04,
    "volume" : 22616.00
  }, {
    "date" : "2025-10-07",
    "price" : 555.65,
    "dma50" : 579.67,
    "dma100" : 585.87,
    "dma200" : 621.37,
    "volume" : 29110.00
  }, {
    "date" : "2025-10-08",
    "price" : 552.95,
    "dma50" : 578.62,
    "dma100" : 584.87,
    "dma200" : 620.69,
    "volume" : 58037.00
  }, {
    "date" : "2025-10-09",
    "price" : 560.45,
    "dma50" : 577.91,
    "dma100" : 583.90,
    "dma200" : 620.09,
    "volume" : 21276.00
  }, {
    "date" : "2025-10-10",
    "price" : 566.55,
    "dma50" : 577.46,
    "dma100" : 583.23,
    "dma200" : 619.56,
    "volume" : 29823.00
  }, {
    "date" : "2025-10-13",
    "price" : 560.60,
    "dma50" : 576.80,
    "dma100" : 582.70,
    "dma200" : 618.98,
    "volume" : 20729.00
  }, {
    "date" : "2025-10-14",
    "price" : 546.65,
    "dma50" : 575.62,
    "dma100" : 582.20,
    "dma200" : 618.26,
    "volume" : 63374.00
  }, {
    "date" : "2025-10-15",
    "price" : 553.40,
    "dma50" : 574.75,
    "dma100" : 581.75,
    "dma200" : 617.61,
    "volume" : 23847.00
  }, {
    "date" : "2025-10-16",
    "price" : 559.50,
    "dma50" : 574.15,
    "dma100" : 581.29,
    "dma200" : 617.03,
    "volume" : 26790.00
  }, {
    "date" : "2025-10-17",
    "price" : 545.65,
    "dma50" : 573.03,
    "dma100" : 580.72,
    "dma200" : 616.32,
    "volume" : 32937.00
  }, {
    "date" : "2025-10-20",
    "price" : 551.15,
    "dma50" : 572.18,
    "dma100" : 580.35,
    "dma200" : 615.67,
    "volume" : 27955.00
  }, {
    "date" : "2025-10-21",
    "price" : 552.60,
    "dma50" : 571.41,
    "dma100" : 580.04,
    "dma200" : 615.05,
    "volume" : 13166.00
  }, {
    "date" : "2025-10-23",
    "price" : 557.15,
    "dma50" : 570.85,
    "dma100" : 579.87,
    "dma200" : 614.47,
    "volume" : 19143.00
  }, {
    "date" : "2025-10-24",
    "price" : 560.15,
    "dma50" : 570.43,
    "dma100" : 579.55,
    "dma200" : 613.93,
    "volume" : 14868.00
  }, {
    "date" : "2025-10-27",
    "price" : 556.65,
    "dma50" : 569.89,
    "dma100" : 579.30,
    "dma200" : 613.36,
    "volume" : 35896.00
  }, {
    "date" : "2025-10-28",
    "price" : 558.55,
    "dma50" : 569.44,
    "dma100" : 579.00,
    "dma200" : 612.81,
    "volume" : 19944.00
  }, {
    "date" : "2025-10-29",
    "price" : 573.60,
    "dma50" : 569.61,
    "dma100" : 578.86,
    "dma200" : 612.42,
    "volume" : 65729.00
  }, {
    "date" : "2025-10-30",
    "price" : 574.60,
    "dma50" : 569.80,
    "dma100" : 578.71,
    "dma200" : 612.05,
    "volume" : 44670.00
  }, {
    "date" : "2025-10-31",
    "price" : 572.05,
    "dma50" : 569.89,
    "dma100" : 578.50,
    "dma200" : 611.65,
    "volume" : 18846.00
  }, {
    "date" : "2025-11-03",
    "price" : 562.45,
    "dma50" : 569.60,
    "dma100" : 578.16,
    "dma200" : 611.16,
    "volume" : 46462.00
  }, {
    "date" : "2025-11-04",
    "price" : 563.85,
    "dma50" : 569.37,
    "dma100" : 577.82,
    "dma200" : 610.69,
    "volume" : 26545.00
  }, {
    "date" : "2025-11-06",
    "price" : 558.05,
    "dma50" : 568.93,
    "dma100" : 577.55,
    "dma200" : 610.17,
    "volume" : 55820.00
  }, {
    "date" : "2025-11-07",
    "price" : 558.00,
    "dma50" : 568.50,
    "dma100" : 577.22,
    "dma200" : 609.65,
    "volume" : 29122.00
  }, {
    "date" : "2025-11-10",
    "price" : 557.15,
    "dma50" : 568.06,
    "dma100" : 576.90,
    "dma200" : 609.12,
    "volume" : 40831.00
  }, {
    "date" : "2025-11-11",
    "price" : 549.95,
    "dma50" : 567.35,
    "dma100" : 576.54,
    "dma200" : 608.54,
    "volume" : 43112.00
  }, {
    "date" : "2025-11-12",
    "price" : 552.55,
    "dma50" : 566.77,
    "dma100" : 576.25,
    "dma200" : 607.98,
    "volume" : 11391.00
  }, {
    "date" : "2025-11-13",
    "price" : 548.85,
    "dma50" : 566.06,
    "dma100" : 576.00,
    "dma200" : 607.39,
    "volume" : 35951.00
  }, {
    "date" : "2025-11-14",
    "price" : 553.50,
    "dma50" : 565.57,
    "dma100" : 575.84,
    "dma200" : 606.85,
    "volume" : 23235.00
  }, {
    "date" : "2025-11-17",
    "price" : 555.65,
    "dma50" : 565.18,
    "dma100" : 575.66,
    "dma200" : 606.34,
    "volume" : 35057.00
  }, {
    "date" : "2025-11-18",
    "price" : 554.90,
    "dma50" : 564.78,
    "dma100" : 575.43,
    "dma200" : 605.83,
    "volume" : 17185.00
  }, {
    "date" : "2025-11-19",
    "price" : 555.10,
    "dma50" : 564.40,
    "dma100" : 575.07,
    "dma200" : 605.33,
    "volume" : 20376.00
  }, {
    "date" : "2025-11-20",
    "price" : 555.05,
    "dma50" : 564.03,
    "dma100" : 574.53,
    "dma200" : 604.83,
    "volume" : 22719.00
  }, {
    "date" : "2025-11-21",
    "price" : 545.75,
    "dma50" : 563.32,
    "dma100" : 573.92,
    "dma200" : 604.24,
    "volume" : 13969.00
  }, {
    "date" : "2025-11-24",
    "price" : 525.95,
    "dma50" : 561.85,
    "dma100" : 573.18,
    "dma200" : 603.46,
    "volume" : 50484.00
  }, {
    "date" : "2025-11-25",
    "price" : 530.95,
    "dma50" : 560.64,
    "dma100" : 572.39,
    "dma200" : 602.74,
    "volume" : 48327.00
  }, {
    "date" : "2025-11-26",
    "price" : 533.75,
    "dma50" : 559.58,
    "dma100" : 571.83,
    "dma200" : 602.05,
    "volume" : 18390.00
  }, {
    "date" : "2025-11-27",
    "price" : 530.35,
    "dma50" : 558.44,
    "dma100" : 571.24,
    "dma200" : 601.34,
    "volume" : 16573.00
  }, {
    "date" : "2025-11-28",
    "price" : 530.50,
    "dma50" : 557.34,
    "dma100" : 570.74,
    "dma200" : 600.63,
    "volume" : 14675.00
  }, {
    "date" : "2025-12-01",
    "price" : 525.15,
    "dma50" : 556.08,
    "dma100" : 570.25,
    "dma200" : 599.88,
    "volume" : 16018.00
  }, {
    "date" : "2025-12-02",
    "price" : 520.75,
    "dma50" : 554.69,
    "dma100" : 569.67,
    "dma200" : 599.10,
    "volume" : 21445.00
  }, {
    "date" : "2025-12-03",
    "price" : 523.50,
    "dma50" : 553.47,
    "dma100" : 569.04,
    "dma200" : 598.34,
    "volume" : 50451.00
  }, {
    "date" : "2025-12-04",
    "price" : 521.50,
    "dma50" : 552.22,
    "dma100" : 568.29,
    "dma200" : 597.58,
    "volume" : 14453.00
  } ],
  "latestTechnicalAttributes" : {
    "date" : "2025-12-04",
    "price" : 521.50,
    "dma50" : 552.22,
    "dma100" : 568.29,
    "dma200" : 597.58,
    "volume" : 14453.00
  },
  "quarterlyResults" : [ {
    "date" : "2005-03-31",
    "sales" : 260.66,
    "salesGrowthYoY" : null,
    "grossProfitMargin" : 66.38,
    "grossProfit" : 173.03,
    "operatingProfitMargin" : 45.66,
    "operatingProfit" : 119.02,
    "netProfitMargin" : 18.48,
    "netProfit" : 48.17
  }, {
    "date" : "2005-06-30",
    "sales" : 246.40,
    "salesGrowthYoY" : null,
    "grossProfitMargin" : 67.15,
    "grossProfit" : 165.46,
    "operatingProfitMargin" : 48.45,
    "operatingProfit" : 119.38,
    "netProfitMargin" : 25.65,
    "netProfit" : 63.20
  }, {
    "date" : "2005-09-30",
    "sales" : 235.07,
    "salesGrowthYoY" : null,
    "grossProfitMargin" : 62.36,
    "grossProfit" : 146.59,
    "operatingProfitMargin" : 43.76,
    "operatingProfit" : 102.87,
    "netProfitMargin" : 24.49,
    "netProfit" : 57.57
  }, {
    "date" : "2005-12-31",
    "sales" : 229.91,
    "salesGrowthYoY" : null,
    "grossProfitMargin" : 54.27,
    "grossProfit" : 124.77,
    "operatingProfitMargin" : 32.79,
    "operatingProfit" : 75.39,
    "netProfitMargin" : 20.52,
    "netProfit" : 47.18
  }, {
    "date" : "2006-03-31",
    "sales" : 232.72,
    "salesGrowthYoY" : -10.72,
    "grossProfitMargin" : 55.99,
    "grossProfit" : 130.30,
    "operatingProfitMargin" : 37.36,
    "operatingProfit" : 86.94,
    "netProfitMargin" : 11.61,
    "netProfit" : 27.02
  }, {
    "date" : "2006-06-30",
    "sales" : 241.83,
    "salesGrowthYoY" : -1.85,
    "grossProfitMargin" : 58.26,
    "grossProfit" : 140.89,
    "operatingProfitMargin" : 34.31,
    "operatingProfit" : 82.97,
    "netProfitMargin" : 17.60,
    "netProfit" : 42.56
  }, {
    "date" : "2006-09-30",
    "sales" : 271.75,
    "salesGrowthYoY" : 15.60,
    "grossProfitMargin" : 56.85,
    "grossProfit" : 154.49,
    "operatingProfitMargin" : 36.04,
    "operatingProfit" : 97.94,
    "netProfitMargin" : 19.42,
    "netProfit" : 52.77
  }, {
    "date" : "2006-12-31",
    "sales" : 269.13,
    "salesGrowthYoY" : 17.06,
    "grossProfitMargin" : 57.87,
    "grossProfit" : 155.75,
    "operatingProfitMargin" : 37.54,
    "operatingProfit" : 101.03,
    "netProfitMargin" : 19.19,
    "netProfit" : 51.65
  }, {
    "date" : "2007-03-31",
    "sales" : 262.13,
    "salesGrowthYoY" : 12.64,
    "grossProfitMargin" : 45.38,
    "grossProfit" : 118.95,
    "operatingProfitMargin" : 29.13,
    "operatingProfit" : 76.36,
    "netProfitMargin" : 15.71,
    "netProfit" : 41.18
  }, {
    "date" : "2007-06-30",
    "sales" : 248.70,
    "salesGrowthYoY" : 2.84,
    "grossProfitMargin" : 52.73,
    "grossProfit" : 131.14,
    "operatingProfitMargin" : 28.51,
    "operatingProfit" : 70.90,
    "netProfitMargin" : 20.38,
    "netProfit" : 50.69
  }, {
    "date" : "2007-09-30",
    "sales" : 295.43,
    "salesGrowthYoY" : 8.71,
    "grossProfitMargin" : 51.01,
    "grossProfit" : 150.70,
    "operatingProfitMargin" : 32.11,
    "operatingProfit" : 94.86,
    "netProfitMargin" : 27.75,
    "netProfit" : 81.98
  }, {
    "date" : "2007-12-31",
    "sales" : 283.59,
    "salesGrowthYoY" : 5.37,
    "grossProfitMargin" : 53.22,
    "grossProfit" : 150.93,
    "operatingProfitMargin" : 32.05,
    "operatingProfit" : 90.89,
    "netProfitMargin" : 25.43,
    "netProfit" : 72.12
  }, {
    "date" : "2008-03-31",
    "sales" : 314.44,
    "salesGrowthYoY" : 19.96,
    "grossProfitMargin" : 47.40,
    "grossProfit" : 149.04,
    "operatingProfitMargin" : 25.76,
    "operatingProfit" : 81.00,
    "netProfitMargin" : 5.84,
    "netProfit" : 18.36
  }, {
    "date" : "2008-06-30",
    "sales" : 351.06,
    "salesGrowthYoY" : 41.16,
    "grossProfitMargin" : 56.13,
    "grossProfit" : 197.05,
    "operatingProfitMargin" : 30.84,
    "operatingProfit" : 108.27,
    "netProfitMargin" : 16.54,
    "netProfit" : 58.07
  }, {
    "date" : "2008-09-30",
    "sales" : 392.40,
    "salesGrowthYoY" : 32.82,
    "grossProfitMargin" : 53.61,
    "grossProfit" : 210.37,
    "operatingProfitMargin" : 35.21,
    "operatingProfit" : 138.16,
    "netProfitMargin" : 21.24,
    "netProfit" : 83.35
  }, {
    "date" : "2008-12-31",
    "sales" : 330.09,
    "salesGrowthYoY" : 16.40,
    "grossProfitMargin" : 42.95,
    "grossProfit" : 141.77,
    "operatingProfitMargin" : 23.60,
    "operatingProfit" : 77.90,
    "netProfitMargin" : 9.85,
    "netProfit" : 32.51
  }, {
    "date" : "2009-03-31",
    "sales" : 346.99,
    "salesGrowthYoY" : 10.35,
    "grossProfitMargin" : 35.86,
    "grossProfit" : 124.43,
    "operatingProfitMargin" : 19.61,
    "operatingProfit" : 68.04,
    "netProfitMargin" : 6.66,
    "netProfit" : 23.11
  }, {
    "date" : "2009-06-30",
    "sales" : 335.36,
    "salesGrowthYoY" : -4.47,
    "grossProfitMargin" : 48.53,
    "grossProfit" : 162.75,
    "operatingProfitMargin" : 26.91,
    "operatingProfit" : 90.25,
    "netProfitMargin" : 12.35,
    "netProfit" : 41.42
  }, {
    "date" : "2009-09-30",
    "sales" : 337.24,
    "salesGrowthYoY" : -14.06,
    "grossProfitMargin" : 41.34,
    "grossProfit" : 139.42,
    "operatingProfitMargin" : 19.78,
    "operatingProfit" : 66.71,
    "netProfitMargin" : 8.64,
    "netProfit" : 29.14
  }, {
    "date" : "2009-12-31",
    "sales" : 321.13,
    "salesGrowthYoY" : -2.71,
    "grossProfitMargin" : 39.61,
    "grossProfit" : 127.20,
    "operatingProfitMargin" : 17.21,
    "operatingProfit" : 55.27,
    "netProfitMargin" : 6.02,
    "netProfit" : 19.33
  }, {
    "date" : "2010-03-31",
    "sales" : 322.14,
    "salesGrowthYoY" : -7.16,
    "grossProfitMargin" : 40.70,
    "grossProfit" : 131.11,
    "operatingProfitMargin" : 16.75,
    "operatingProfit" : 53.96,
    "netProfitMargin" : 26.59,
    "netProfit" : 85.66
  }, {
    "date" : "2010-06-30",
    "sales" : 329.90,
    "salesGrowthYoY" : -1.63,
    "grossProfitMargin" : 41.87,
    "grossProfit" : 138.13,
    "operatingProfitMargin" : 17.82,
    "operatingProfit" : 58.79,
    "netProfitMargin" : 5.83,
    "netProfit" : 19.23
  }, {
    "date" : "2010-09-30",
    "sales" : 352.66,
    "salesGrowthYoY" : 4.57,
    "grossProfitMargin" : 37.52,
    "grossProfit" : 132.32,
    "operatingProfitMargin" : 14.84,
    "operatingProfit" : 52.33,
    "netProfitMargin" : 5.64,
    "netProfit" : 19.89
  }, {
    "date" : "2010-12-31",
    "sales" : 345.28,
    "salesGrowthYoY" : 7.52,
    "grossProfitMargin" : 39.68,
    "grossProfit" : 137.01,
    "operatingProfitMargin" : 16.11,
    "operatingProfit" : 55.62,
    "netProfitMargin" : 5.56,
    "netProfit" : 19.20
  }, {
    "date" : "2011-03-31",
    "sales" : 407.82,
    "salesGrowthYoY" : 26.60,
    "grossProfitMargin" : 42.01,
    "grossProfit" : 171.33,
    "operatingProfitMargin" : 25.05,
    "operatingProfit" : 102.16,
    "netProfitMargin" : 13.70,
    "netProfit" : 55.87
  }, {
    "date" : "2011-06-30",
    "sales" : 420.45,
    "salesGrowthYoY" : 27.45,
    "grossProfitMargin" : 49.73,
    "grossProfit" : 209.09,
    "operatingProfitMargin" : 28.26,
    "operatingProfit" : 118.82,
    "netProfitMargin" : 13.76,
    "netProfit" : 57.85
  }, {
    "date" : "2011-09-30",
    "sales" : 420.16,
    "salesGrowthYoY" : 19.14,
    "grossProfitMargin" : 43.86,
    "grossProfit" : 184.28,
    "operatingProfitMargin" : 20.05,
    "operatingProfit" : 84.24,
    "netProfitMargin" : 8.89,
    "netProfit" : 37.35
  }, {
    "date" : "2011-12-31",
    "sales" : 442.96,
    "salesGrowthYoY" : 28.29,
    "grossProfitMargin" : 38.50,
    "grossProfit" : 170.54,
    "operatingProfitMargin" : 17.18,
    "operatingProfit" : 76.10,
    "netProfitMargin" : 5.86,
    "netProfit" : 25.96
  }, {
    "date" : "2012-03-31",
    "sales" : 427.40,
    "salesGrowthYoY" : 4.80,
    "grossProfitMargin" : 42.72,
    "grossProfit" : 182.59,
    "operatingProfitMargin" : 26.09,
    "operatingProfit" : 111.51,
    "netProfitMargin" : 10.33,
    "netProfit" : 44.15
  }, {
    "date" : "2012-06-30",
    "sales" : 441.05,
    "salesGrowthYoY" : 4.90,
    "grossProfitMargin" : 46.97,
    "grossProfit" : 207.16,
    "operatingProfitMargin" : 27.35,
    "operatingProfit" : 120.63,
    "netProfitMargin" : 12.53,
    "netProfit" : 55.26
  }, {
    "date" : "2012-09-30",
    "sales" : 481.74,
    "salesGrowthYoY" : 14.66,
    "grossProfitMargin" : 43.40,
    "grossProfit" : 209.08,
    "operatingProfitMargin" : 24.09,
    "operatingProfit" : 116.05,
    "netProfitMargin" : 13.71,
    "netProfit" : 66.05
  }, {
    "date" : "2012-12-31",
    "sales" : 419.69,
    "salesGrowthYoY" : -5.25,
    "grossProfitMargin" : 43.99,
    "grossProfit" : 184.62,
    "operatingProfitMargin" : 24.84,
    "operatingProfit" : 104.25,
    "netProfitMargin" : 10.79,
    "netProfit" : 45.28
  }, {
    "date" : "2013-03-31",
    "sales" : 472.12,
    "salesGrowthYoY" : 10.46,
    "grossProfitMargin" : 42.15,
    "grossProfit" : 199.00,
    "operatingProfitMargin" : 32.70,
    "operatingProfit" : 154.38,
    "netProfitMargin" : 17.11,
    "netProfit" : 80.78
  }, {
    "date" : "2013-06-30",
    "sales" : 414.59,
    "salesGrowthYoY" : -6.00,
    "grossProfitMargin" : 40.20,
    "grossProfit" : 166.67,
    "operatingProfitMargin" : 21.00,
    "operatingProfit" : 87.06,
    "netProfitMargin" : 9.01,
    "netProfit" : 37.35
  }, {
    "date" : "2013-09-30",
    "sales" : 466.76,
    "salesGrowthYoY" : -3.11,
    "grossProfitMargin" : 39.21,
    "grossProfit" : 183.02,
    "operatingProfitMargin" : 17.38,
    "operatingProfit" : 81.12,
    "netProfitMargin" : 10.24,
    "netProfit" : 47.80
  }, {
    "date" : "2013-12-31",
    "sales" : 510.02,
    "salesGrowthYoY" : 21.52,
    "grossProfitMargin" : 34.33,
    "grossProfit" : 175.09,
    "operatingProfitMargin" : 16.87,
    "operatingProfit" : 86.04,
    "netProfitMargin" : 6.90,
    "netProfit" : 35.19
  }, {
    "date" : "2014-03-31",
    "sales" : 504.69,
    "salesGrowthYoY" : 6.90,
    "grossProfitMargin" : 41.27,
    "grossProfit" : 208.29,
    "operatingProfitMargin" : 23.63,
    "operatingProfit" : 119.26,
    "netProfitMargin" : 12.85,
    "netProfit" : 64.85
  }, {
    "date" : "2014-06-30",
    "sales" : 497.13,
    "salesGrowthYoY" : 19.91,
    "grossProfitMargin" : 38.44,
    "grossProfit" : 191.10,
    "operatingProfitMargin" : 19.01,
    "operatingProfit" : 94.50,
    "netProfitMargin" : 11.46,
    "netProfit" : 56.97
  }, {
    "date" : "2014-09-30",
    "sales" : 498.31,
    "salesGrowthYoY" : 6.76,
    "grossProfitMargin" : 36.91,
    "grossProfit" : 183.93,
    "operatingProfitMargin" : 13.60,
    "operatingProfit" : 67.77,
    "netProfitMargin" : 9.81,
    "netProfit" : 48.88
  }, {
    "date" : "2014-12-31",
    "sales" : 457.13,
    "salesGrowthYoY" : -10.37,
    "grossProfitMargin" : 29.58,
    "grossProfit" : 135.22,
    "operatingProfitMargin" : 13.05,
    "operatingProfit" : 59.66,
    "netProfitMargin" : 5.69,
    "netProfit" : 26.01
  }, {
    "date" : "2015-03-31",
    "sales" : 495.55,
    "salesGrowthYoY" : -1.81,
    "grossProfitMargin" : 31.57,
    "grossProfit" : 156.45,
    "operatingProfitMargin" : 10.56,
    "operatingProfit" : 52.33,
    "netProfitMargin" : 19.39,
    "netProfit" : 96.09
  }, {
    "date" : "2015-06-30",
    "sales" : 481.28,
    "salesGrowthYoY" : -3.19,
    "grossProfitMargin" : 37.79,
    "grossProfit" : 181.88,
    "operatingProfitMargin" : 16.21,
    "operatingProfit" : 78.02,
    "netProfitMargin" : 9.19,
    "netProfit" : 44.23
  }, {
    "date" : "2015-09-30",
    "sales" : 481.01,
    "salesGrowthYoY" : -3.47,
    "grossProfitMargin" : 37.59,
    "grossProfit" : 180.81,
    "operatingProfitMargin" : 14.88,
    "operatingProfit" : 71.57,
    "netProfitMargin" : 9.55,
    "netProfit" : 45.94
  }, {
    "date" : "2015-12-31",
    "sales" : 470.77,
    "salesGrowthYoY" : 2.98,
    "grossProfitMargin" : 32.12,
    "grossProfit" : 151.21,
    "operatingProfitMargin" : 10.34,
    "operatingProfit" : 48.68,
    "netProfitMargin" : 3.05,
    "netProfit" : 14.36
  }, {
    "date" : "2016-03-31",
    "sales" : 561.34,
    "salesGrowthYoY" : 13.28,
    "grossProfitMargin" : 44.51,
    "grossProfit" : 249.85,
    "operatingProfitMargin" : 24.15,
    "operatingProfit" : 135.56,
    "netProfitMargin" : 20.56,
    "netProfit" : 115.41
  }, {
    "date" : "2016-06-30",
    "sales" : 524.69,
    "salesGrowthYoY" : 9.02,
    "grossProfitMargin" : 48.25,
    "grossProfit" : 253.16,
    "operatingProfitMargin" : 25.57,
    "operatingProfit" : 134.16,
    "netProfitMargin" : 16.44,
    "netProfit" : 86.26
  }, {
    "date" : "2016-09-30",
    "sales" : 528.43,
    "salesGrowthYoY" : 9.86,
    "grossProfitMargin" : 44.52,
    "grossProfit" : 235.26,
    "operatingProfitMargin" : 23.10,
    "operatingProfit" : 122.07,
    "netProfitMargin" : 16.54,
    "netProfit" : 87.40
  }, {
    "date" : "2016-12-31",
    "sales" : 485.84,
    "salesGrowthYoY" : 3.20,
    "grossProfitMargin" : 41.20,
    "grossProfit" : 200.17,
    "operatingProfitMargin" : 17.50,
    "operatingProfit" : 85.02,
    "netProfitMargin" : 9.74,
    "netProfit" : 47.32
  }, {
    "date" : "2017-03-31",
    "sales" : 531.25,
    "salesGrowthYoY" : -5.36,
    "grossProfitMargin" : 45.07,
    "grossProfit" : 239.43,
    "operatingProfitMargin" : 20.40,
    "operatingProfit" : 108.38,
    "netProfitMargin" : 16.40,
    "netProfit" : 87.12
  }, {
    "date" : "2017-06-30",
    "sales" : 544.18,
    "salesGrowthYoY" : 3.71,
    "grossProfitMargin" : 51.22,
    "grossProfit" : 278.73,
    "operatingProfitMargin" : 28.28,
    "operatingProfit" : 153.89,
    "netProfitMargin" : 17.52,
    "netProfit" : 95.34
  }, {
    "date" : "2017-09-30",
    "sales" : 595.39,
    "salesGrowthYoY" : 12.67,
    "grossProfitMargin" : 50.54,
    "grossProfit" : 300.91,
    "operatingProfitMargin" : 27.03,
    "operatingProfit" : 160.93,
    "netProfitMargin" : 17.87,
    "netProfit" : 106.40
  }, {
    "date" : "2017-12-31",
    "sales" : 617.61,
    "salesGrowthYoY" : 27.12,
    "grossProfitMargin" : 50.53,
    "grossProfit" : 312.08,
    "operatingProfitMargin" : 28.98,
    "operatingProfit" : 178.98,
    "netProfitMargin" : 18.17,
    "netProfit" : 112.22
  }, {
    "date" : "2018-03-31",
    "sales" : 697.32,
    "salesGrowthYoY" : 31.26,
    "grossProfitMargin" : 54.81,
    "grossProfit" : 382.20,
    "operatingProfitMargin" : 41.99,
    "operatingProfit" : 292.80,
    "netProfitMargin" : 31.70,
    "netProfit" : 221.05
  }, {
    "date" : "2018-06-30",
    "sales" : 752.85,
    "salesGrowthYoY" : 38.35,
    "grossProfitMargin" : 56.65,
    "grossProfit" : 426.49,
    "operatingProfitMargin" : 38.17,
    "operatingProfit" : 287.36,
    "netProfitMargin" : 24.33,
    "netProfit" : 183.17
  }, {
    "date" : "2018-09-30",
    "sales" : 771.72,
    "salesGrowthYoY" : 29.62,
    "grossProfitMargin" : 54.15,
    "grossProfit" : 417.89,
    "operatingProfitMargin" : 36.05,
    "operatingProfit" : 278.21,
    "netProfitMargin" : 22.59,
    "netProfit" : 174.33
  }, {
    "date" : "2018-12-31",
    "sales" : 816.26,
    "salesGrowthYoY" : 32.16,
    "grossProfitMargin" : 50.71,
    "grossProfit" : 413.93,
    "operatingProfitMargin" : 33.83,
    "operatingProfit" : 276.14,
    "netProfitMargin" : 19.88,
    "netProfit" : 162.27
  }, {
    "date" : "2019-03-31",
    "sales" : 820.55,
    "salesGrowthYoY" : 17.67,
    "grossProfitMargin" : 51.49,
    "grossProfit" : 422.50,
    "operatingProfitMargin" : 33.33,
    "operatingProfit" : 273.49,
    "netProfitMargin" : 20.70,
    "netProfit" : 169.85
  }, {
    "date" : "2019-06-30",
    "sales" : 748.57,
    "salesGrowthYoY" : -0.57,
    "grossProfitMargin" : 52.89,
    "grossProfit" : 395.92,
    "operatingProfitMargin" : 33.68,
    "operatingProfit" : 252.12,
    "netProfitMargin" : 21.23,
    "netProfit" : 158.92
  }, {
    "date" : "2019-09-30",
    "sales" : 698.81,
    "salesGrowthYoY" : -9.45,
    "grossProfitMargin" : 42.67,
    "grossProfit" : 298.18,
    "operatingProfitMargin" : 21.66,
    "operatingProfit" : 151.36,
    "netProfitMargin" : 14.63,
    "netProfit" : 102.24
  }, {
    "date" : "2019-12-31",
    "sales" : 655.58,
    "salesGrowthYoY" : -19.68,
    "grossProfitMargin" : 38.52,
    "grossProfit" : 252.53,
    "operatingProfitMargin" : 14.40,
    "operatingProfit" : 94.40,
    "netProfitMargin" : 9.12,
    "netProfit" : 59.79
  }, {
    "date" : "2020-03-31",
    "sales" : 621.63,
    "salesGrowthYoY" : -24.24,
    "grossProfitMargin" : 42.20,
    "grossProfit" : 262.33,
    "operatingProfitMargin" : 12.85,
    "operatingProfit" : 79.88,
    "netProfitMargin" : 1.91,
    "netProfit" : 11.87
  }, {
    "date" : "2020-06-30",
    "sales" : 469.61,
    "salesGrowthYoY" : -37.27,
    "grossProfitMargin" : 48.30,
    "grossProfit" : 226.82,
    "operatingProfitMargin" : 16.71,
    "operatingProfit" : 78.47,
    "netProfitMargin" : 6.81,
    "netProfit" : 31.98
  }, {
    "date" : "2020-09-30",
    "sales" : 638.25,
    "salesGrowthYoY" : -8.67,
    "grossProfitMargin" : 43.76,
    "grossProfit" : 279.30,
    "operatingProfitMargin" : 16.39,
    "operatingProfit" : 104.61,
    "netProfitMargin" : 10.40,
    "netProfit" : 66.38
  }, {
    "date" : "2020-12-31",
    "sales" : 650.20,
    "salesGrowthYoY" : -0.82,
    "grossProfitMargin" : 36.14,
    "grossProfit" : 234.98,
    "operatingProfitMargin" : 12.09,
    "operatingProfit" : 78.61,
    "netProfitMargin" : 5.16,
    "netProfit" : 33.55
  }, {
    "date" : "2021-03-31",
    "sales" : 671.42,
    "salesGrowthYoY" : 8.01,
    "grossProfitMargin" : 38.41,
    "grossProfit" : 257.89,
    "operatingProfitMargin" : 14.37,
    "operatingProfit" : 96.48,
    "netProfitMargin" : 5.21,
    "netProfit" : 34.98
  }, {
    "date" : "2021-06-30",
    "sales" : 716.44,
    "salesGrowthYoY" : 52.56,
    "grossProfitMargin" : 42.18,
    "grossProfit" : 302.19,
    "operatingProfitMargin" : 17.72,
    "operatingProfit" : 126.95,
    "netProfitMargin" : 8.86,
    "netProfit" : 63.48
  }, {
    "date" : "2021-09-30",
    "sales" : 825.76,
    "salesGrowthYoY" : 29.38,
    "grossProfitMargin" : 40.25,
    "grossProfit" : 332.37,
    "operatingProfitMargin" : 17.25,
    "operatingProfit" : 142.44,
    "netProfitMargin" : 9.09,
    "netProfit" : 75.06
  }, {
    "date" : "2021-12-31",
    "sales" : 1075.05,
    "salesGrowthYoY" : 65.34,
    "grossProfitMargin" : 51.22,
    "grossProfit" : 550.64,
    "operatingProfitMargin" : 34.08,
    "operatingProfit" : 366.38,
    "netProfitMargin" : 18.77,
    "netProfit" : 201.79
  }, {
    "date" : "2022-03-31",
    "sales" : 1141.48,
    "salesGrowthYoY" : 70.01,
    "grossProfitMargin" : 48.53,
    "grossProfit" : 553.96,
    "operatingProfitMargin" : 30.69,
    "operatingProfit" : 350.32,
    "netProfitMargin" : 19.42,
    "netProfit" : 221.68
  }, {
    "date" : "2022-06-30",
    "sales" : 1128.33,
    "salesGrowthYoY" : 57.49,
    "grossProfitMargin" : 49.64,
    "grossProfit" : 560.10,
    "operatingProfitMargin" : 33.83,
    "operatingProfit" : 381.71,
    "netProfitMargin" : 19.68,
    "netProfit" : 222.06
  }, {
    "date" : "2022-09-30",
    "sales" : 1127.26,
    "salesGrowthYoY" : 36.51,
    "grossProfitMargin" : 39.41,
    "grossProfit" : 444.25,
    "operatingProfitMargin" : 20.04,
    "operatingProfit" : 225.90,
    "netProfitMargin" : 11.34,
    "netProfit" : 127.83
  }, {
    "date" : "2022-12-31",
    "sales" : 1122.79,
    "salesGrowthYoY" : 4.44,
    "grossProfitMargin" : 40.76,
    "grossProfit" : 457.65,
    "operatingProfitMargin" : 23.54,
    "operatingProfit" : 264.30,
    "netProfitMargin" : 10.15,
    "netProfit" : 113.96
  }, {
    "date" : "2023-03-31",
    "sales" : 1138.12,
    "salesGrowthYoY" : -0.29,
    "grossProfitMargin" : 37.47,
    "grossProfit" : 426.45,
    "operatingProfitMargin" : 21.31,
    "operatingProfit" : 242.53,
    "netProfitMargin" : 9.83,
    "netProfit" : 111.88
  }, {
    "date" : "2023-06-30",
    "sales" : 912.81,
    "salesGrowthYoY" : -19.10,
    "grossProfitMargin" : 27.04,
    "grossProfit" : 246.82,
    "operatingProfitMargin" : 5.99,
    "operatingProfit" : 54.68,
    "netProfitMargin" : -3.67,
    "netProfit" : -33.50
  }, {
    "date" : "2023-09-30",
    "sales" : 971.30,
    "salesGrowthYoY" : -13.84,
    "grossProfitMargin" : 24.80,
    "grossProfit" : 240.88,
    "operatingProfitMargin" : 4.65,
    "operatingProfit" : 45.17,
    "netProfitMargin" : 1.06,
    "netProfit" : 10.30
  }, {
    "date" : "2023-12-31",
    "sales" : 920.90,
    "salesGrowthYoY" : -17.98,
    "grossProfitMargin" : 22.41,
    "grossProfit" : 206.37,
    "operatingProfitMargin" : 0.79,
    "operatingProfit" : 7.28,
    "netProfitMargin" : -9.54,
    "netProfit" : -87.85
  }, {
    "date" : "2024-03-31",
    "sales" : 1001.62,
    "salesGrowthYoY" : -11.99,
    "grossProfitMargin" : 24.23,
    "grossProfit" : 242.69,
    "operatingProfitMargin" : 2.88,
    "operatingProfit" : 28.85,
    "netProfitMargin" : -2.12,
    "netProfit" : -21.23
  }, {
    "date" : "2024-06-30",
    "sales" : 977.30,
    "salesGrowthYoY" : 7.06,
    "grossProfitMargin" : 27.70,
    "grossProfit" : 270.71,
    "operatingProfitMargin" : 7.55,
    "operatingProfit" : 73.79,
    "netProfitMargin" : -2.53,
    "netProfit" : -24.73
  }, {
    "date" : "2024-09-30",
    "sales" : 990.73,
    "salesGrowthYoY" : 2.00,
    "grossProfitMargin" : 29.23,
    "grossProfit" : 289.59,
    "operatingProfitMargin" : 7.56,
    "operatingProfit" : 74.90,
    "netProfitMargin" : 1.07,
    "netProfit" : 10.60
  }, {
    "date" : "2024-12-31",
    "sales" : 1029.41,
    "salesGrowthYoY" : 11.78,
    "grossProfitMargin" : 31.64,
    "grossProfit" : 325.71,
    "operatingProfitMargin" : 9.52,
    "operatingProfit" : 98.00,
    "netProfitMargin" : 0.83,
    "netProfit" : 8.54
  }, {
    "date" : "2025-03-31",
    "sales" : 1075.47,
    "salesGrowthYoY" : 7.37,
    "grossProfitMargin" : 32.57,
    "grossProfit" : 350.28,
    "operatingProfitMargin" : 10.58,
    "operatingProfit" : 113.78,
    "netProfitMargin" : 1.99,
    "netProfit" : 21.40
  }, {
    "date" : "2025-06-30",
    "sales" : 1105.12,
    "salesGrowthYoY" : 13.08,
    "grossProfitMargin" : 33.49,
    "grossProfit" : 370.10,
    "operatingProfitMargin" : 10.55,
    "operatingProfit" : 116.59,
    "netProfitMargin" : 0.70,
    "netProfit" : 7.74
  }, {
    "date" : "2025-09-30",
    "sales" : 1083.19,
    "salesGrowthYoY" : 9.33,
    "grossProfitMargin" : 31.97,
    "grossProfit" : 346.30,
    "operatingProfitMargin" : 6.82,
    "operatingProfit" : 73.87,
    "netProfitMargin" : 1.50,
    "netProfit" : 16.25
  } ],
  "latestQuarterlyResult" : {
    "date" : "2025-09-30",
    "sales" : 1083.19,
    "salesGrowthYoY" : 9.33,
    "grossProfitMargin" : 31.97,
    "grossProfit" : 346.30,
    "operatingProfitMargin" : 6.82,
    "operatingProfit" : 73.87,
    "netProfitMargin" : 1.50,
    "netProfit" : 16.25
  },
  "companyScore" : {
    "priceHigherThanDma50" : 0.00,
    "priceHigherThanDma100" : 0.00,
    "priceHigherThanDma200" : 0.00,
    "dma50HigherThanDma100" : 0.00,
    "dma50HigherThanDma200" : 0.00,
    "dma100HigherThanDma200" : 0.00,
    "pricePercentageAboveDma50" : 5.28,
    "pricePercentageAboveDma100" : 5.41,
    "pricePercentageAboveDma200" : 5.64,
    "weeklyVolumeHigherThanYearlyVolume" : 0.00,
    "salesGrowthPercentile" : 11.65,
    "operatingProfitMarginPercentile" : 2.53,
    "netProfitMarginPercentile" : 2.68,
    "totalTechnicalScore" : 16.33,
    "totalFundamentalScore" : 16.85,
    "totalScore" : 33.18
  }
}