{
  "metadata" : {
    "screenerCompanyId" : "1257",
    "companyCode" : "GUJTHEM",
    "companyName" : "Guj. Themis Bio.",
    "screenerCompanyLink" : "https://www.screener.in/company/GUJTHEM/",
    "screenerTechnicalHistoryLink" : "https://www.screener.in/api/company/1257/chart/?q=Price-DMA50-DMA200-Volume&days=365",
    "screenerQuarterlyResultsLink" : "https://www.screener.in/api/company/1257/chart/?q=GPM-OPM-NPM-Quarter+Sales&days=10000",
    "attributes" : {
      "companyCode" : "GUJTHEM",
      "companyName" : "Guj. Themis Bio.",
      "marketCap" : 4249.00,
      "peRatio" : 88.00,
      "description" : "Incorporated in 1981, Gujarat Themis Biosyn Ltd manufactures and sells finished Active Pharmaceutical Ingredients products by fermentation process[1]"
    },
    "companyScore" : {
      "priceHigherThanDma50" : 0.00,
      "priceHigherThanDma100" : 0.00,
      "priceHigherThanDma200" : 5.00,
      "dma50HigherThanDma100" : 5.00,
      "dma50HigherThanDma200" : 5.00,
      "dma100HigherThanDma200" : 5.00,
      "pricePercentageAboveDma50" : 5.25,
      "pricePercentageAboveDma100" : 5.14,
      "pricePercentageAboveDma200" : 4.71,
      "weeklyVolumeHigherThanYearlyVolume" : 0.00,
      "salesGrowthPercentile" : 13.92,
      "operatingProfitMarginPercentile" : 19.82,
      "netProfitMarginPercentile" : 9.86,
      "totalTechnicalScore" : 35.10,
      "totalFundamentalScore" : 43.59,
      "totalScore" : 78.70
    }
  },
  "attributes" : {
    "companyCode" : "GUJTHEM",
    "companyName" : "Guj. Themis Bio.",
    "marketCap" : 4249.00,
    "peRatio" : 88.00,
    "description" : "Incorporated in 1981, Gujarat Themis Biosyn Ltd manufactures and sells finished Active Pharmaceutical Ingredients products by fermentation process[1]"
  },
  "technicalHistory" : [ {
    "date" : "2024-12-13",
    "price" : 325.35,
    "dma50" : 325.73,
    "dma100" : null,
    "dma200" : 295.85,
    "volume" : 22473.00
  }, {
    "date" : "2024-12-16",
    "price" : 319.00,
    "dma50" : 325.46,
    "dma100" : null,
    "dma200" : 296.08,
    "volume" : 25203.00
  }, {
    "date" : "2024-12-17",
    "price" : 316.80,
    "dma50" : 325.13,
    "dma100" : null,
    "dma200" : 296.29,
    "volume" : 23890.00
  }, {
    "date" : "2024-12-18",
    "price" : 310.05,
    "dma50" : 324.53,
    "dma100" : null,
    "dma200" : 296.43,
    "volume" : 14966.00
  }, {
    "date" : "2024-12-19",
    "price" : 311.15,
    "dma50" : 324.01,
    "dma100" : null,
    "dma200" : 296.57,
    "volume" : 15211.00
  }, {
    "date" : "2024-12-20",
    "price" : 307.85,
    "dma50" : 323.38,
    "dma100" : null,
    "dma200" : 296.69,
    "volume" : 481607.00
  }, {
    "date" : "2024-12-23",
    "price" : 304.10,
    "dma50" : 322.62,
    "dma100" : null,
    "dma200" : 296.76,
    "volume" : 22046.00
  }, {
    "date" : "2024-12-24",
    "price" : 299.15,
    "dma50" : 321.70,
    "dma100" : null,
    "dma200" : 296.78,
    "volume" : 25631.00
  }, {
    "date" : "2024-12-26",
    "price" : 307.65,
    "dma50" : 321.15,
    "dma100" : null,
    "dma200" : 296.89,
    "volume" : 23117.00
  }, {
    "date" : "2024-12-27",
    "price" : 304.45,
    "dma50" : 320.49,
    "dma100" : null,
    "dma200" : 296.97,
    "volume" : 15095.00
  }, {
    "date" : "2024-12-30",
    "price" : 300.45,
    "dma50" : 319.71,
    "dma100" : null,
    "dma200" : 297.00,
    "volume" : 251742.00
  }, {
    "date" : "2024-12-31",
    "price" : 305.45,
    "dma50" : 319.15,
    "dma100" : null,
    "dma200" : 297.08,
    "volume" : 16745.00
  }, {
    "date" : "2025-01-01",
    "price" : 316.90,
    "dma50" : 319.06,
    "dma100" : null,
    "dma200" : 297.28,
    "volume" : 35310.00
  }, {
    "date" : "2025-01-02",
    "price" : 330.80,
    "dma50" : 319.52,
    "dma100" : null,
    "dma200" : 297.62,
    "volume" : 114722.00
  }, {
    "date" : "2025-01-03",
    "price" : 336.75,
    "dma50" : 320.20,
    "dma100" : null,
    "dma200" : 298.00,
    "volume" : 86968.00
  }, {
    "date" : "2025-01-06",
    "price" : 325.50,
    "dma50" : 320.40,
    "dma100" : null,
    "dma200" : 298.28,
    "volume" : 50254.00
  }, {
    "date" : "2025-01-07",
    "price" : 331.75,
    "dma50" : 320.85,
    "dma100" : null,
    "dma200" : 298.61,
    "volume" : 365818.00
  }, {
    "date" : "2025-01-08",
    "price" : 339.35,
    "dma50" : 321.57,
    "dma100" : null,
    "dma200" : 299.02,
    "volume" : 142342.00
  }, {
    "date" : "2025-01-09",
    "price" : 335.50,
    "dma50" : 322.12,
    "dma100" : null,
    "dma200" : 299.38,
    "volume" : 59124.00
  }, {
    "date" : "2025-01-10",
    "price" : 325.00,
    "dma50" : 322.23,
    "dma100" : null,
    "dma200" : 299.63,
    "volume" : 53817.00
  }, {
    "date" : "2025-01-13",
    "price" : 299.05,
    "dma50" : 321.32,
    "dma100" : null,
    "dma200" : 299.63,
    "volume" : 102122.00
  }, {
    "date" : "2025-01-14",
    "price" : 311.95,
    "dma50" : 320.96,
    "dma100" : null,
    "dma200" : 299.75,
    "volume" : 400900.00
  }, {
    "date" : "2025-01-15",
    "price" : 314.40,
    "dma50" : 320.70,
    "dma100" : null,
    "dma200" : 299.90,
    "volume" : 46050.00
  }, {
    "date" : "2025-01-16",
    "price" : 322.65,
    "dma50" : 320.78,
    "dma100" : null,
    "dma200" : 300.12,
    "volume" : 51930.00
  }, {
    "date" : "2025-01-17",
    "price" : 339.50,
    "dma50" : 321.51,
    "dma100" : null,
    "dma200" : 300.52,
    "volume" : 306242.00
  }, {
    "date" : "2025-01-20",
    "price" : 343.55,
    "dma50" : 322.37,
    "dma100" : null,
    "dma200" : 300.94,
    "volume" : 92399.00
  }, {
    "date" : "2025-01-21",
    "price" : 323.85,
    "dma50" : 322.43,
    "dma100" : null,
    "dma200" : 301.17,
    "volume" : 37773.00
  }, {
    "date" : "2025-01-22",
    "price" : 315.30,
    "dma50" : 322.15,
    "dma100" : null,
    "dma200" : 301.31,
    "volume" : 89287.00
  }, {
    "date" : "2025-01-23",
    "price" : 314.40,
    "dma50" : 321.85,
    "dma100" : null,
    "dma200" : 301.44,
    "volume" : 275932.00
  }, {
    "date" : "2025-01-24",
    "price" : 315.70,
    "dma50" : 321.61,
    "dma100" : null,
    "dma200" : 301.58,
    "volume" : 58836.00
  }, {
    "date" : "2025-01-27",
    "price" : 296.90,
    "dma50" : 320.64,
    "dma100" : null,
    "dma200" : 301.54,
    "volume" : 51377.00
  }, {
    "date" : "2025-01-28",
    "price" : 290.15,
    "dma50" : 319.44,
    "dma100" : null,
    "dma200" : 301.42,
    "volume" : 143244.00
  }, {
    "date" : "2025-01-29",
    "price" : 299.90,
    "dma50" : 318.68,
    "dma100" : null,
    "dma200" : 301.41,
    "volume" : 41571.00
  }, {
    "date" : "2025-01-30",
    "price" : 296.65,
    "dma50" : 317.81,
    "dma100" : null,
    "dma200" : 301.36,
    "volume" : 42251.00
  }, {
    "date" : "2025-01-31",
    "price" : 295.95,
    "dma50" : 316.96,
    "dma100" : null,
    "dma200" : 301.31,
    "volume" : 67033.00
  }, {
    "date" : "2025-02-01",
    "price" : 288.40,
    "dma50" : 315.84,
    "dma100" : null,
    "dma200" : 301.18,
    "volume" : 59773.00
  }, {
    "date" : "2025-02-03",
    "price" : 279.90,
    "dma50" : 314.43,
    "dma100" : null,
    "dma200" : 300.97,
    "volume" : 26641.00
  }, {
    "date" : "2025-02-04",
    "price" : 280.20,
    "dma50" : 313.08,
    "dma100" : null,
    "dma200" : 300.76,
    "volume" : 26661.00
  }, {
    "date" : "2025-02-05",
    "price" : 281.05,
    "dma50" : 311.83,
    "dma100" : null,
    "dma200" : 300.56,
    "volume" : 268934.00
  }, {
    "date" : "2025-02-06",
    "price" : 299.15,
    "dma50" : 311.33,
    "dma100" : null,
    "dma200" : 300.55,
    "volume" : 81919.00
  }, {
    "date" : "2025-02-07",
    "price" : 288.35,
    "dma50" : 310.43,
    "dma100" : null,
    "dma200" : 300.43,
    "volume" : 26899.00
  }, {
    "date" : "2025-02-10",
    "price" : 274.35,
    "dma50" : 309.01,
    "dma100" : null,
    "dma200" : 300.17,
    "volume" : 42673.00
  }, {
    "date" : "2025-02-11",
    "price" : 263.00,
    "dma50" : 307.21,
    "dma100" : null,
    "dma200" : 299.80,
    "volume" : 99890.00
  }, {
    "date" : "2025-02-12",
    "price" : 263.70,
    "dma50" : 305.50,
    "dma100" : null,
    "dma200" : 299.44,
    "volume" : 119449.00
  }, {
    "date" : "2025-02-13",
    "price" : 260.50,
    "dma50" : 303.74,
    "dma100" : null,
    "dma200" : 299.05,
    "volume" : 38549.00
  }, {
    "date" : "2025-02-14",
    "price" : 249.15,
    "dma50" : 301.60,
    "dma100" : null,
    "dma200" : 298.56,
    "volume" : 152481.00
  }, {
    "date" : "2025-02-17",
    "price" : 229.75,
    "dma50" : 298.78,
    "dma100" : null,
    "dma200" : 297.87,
    "volume" : 124202.00
  }, {
    "date" : "2025-02-18",
    "price" : 212.20,
    "dma50" : 295.39,
    "dma100" : null,
    "dma200" : 297.02,
    "volume" : 680899.00
  }, {
    "date" : "2025-02-19",
    "price" : 251.50,
    "dma50" : 293.66,
    "dma100" : null,
    "dma200" : 296.57,
    "volume" : 399798.00
  }, {
    "date" : "2025-02-20",
    "price" : 244.45,
    "dma50" : 291.73,
    "dma100" : null,
    "dma200" : 296.05,
    "volume" : 41339.00
  }, {
    "date" : "2025-02-21",
    "price" : 244.40,
    "dma50" : 289.88,
    "dma100" : null,
    "dma200" : 295.53,
    "volume" : 41355.00
  }, {
    "date" : "2025-02-24",
    "price" : 248.55,
    "dma50" : 288.26,
    "dma100" : null,
    "dma200" : 295.07,
    "volume" : 57495.00
  }, {
    "date" : "2025-02-25",
    "price" : 244.05,
    "dma50" : 286.52,
    "dma100" : null,
    "dma200" : 294.56,
    "volume" : 55227.00
  }, {
    "date" : "2025-02-27",
    "price" : 233.50,
    "dma50" : 284.44,
    "dma100" : null,
    "dma200" : 293.95,
    "volume" : 52933.00
  }, {
    "date" : "2025-02-28",
    "price" : 219.40,
    "dma50" : 281.89,
    "dma100" : null,
    "dma200" : 293.21,
    "volume" : 286787.00
  }, {
    "date" : "2025-03-03",
    "price" : 237.05,
    "dma50" : 280.14,
    "dma100" : null,
    "dma200" : 292.65,
    "volume" : 158041.00
  }, {
    "date" : "2025-03-04",
    "price" : 260.15,
    "dma50" : 279.35,
    "dma100" : null,
    "dma200" : 292.33,
    "volume" : 664965.00
  }, {
    "date" : "2025-03-05",
    "price" : 273.35,
    "dma50" : 279.12,
    "dma100" : null,
    "dma200" : 292.14,
    "volume" : 184203.00
  }, {
    "date" : "2025-03-06",
    "price" : 262.50,
    "dma50" : 278.46,
    "dma100" : null,
    "dma200" : 291.84,
    "volume" : 59573.00
  }, {
    "date" : "2025-03-07",
    "price" : 255.45,
    "dma50" : 277.56,
    "dma100" : null,
    "dma200" : 291.48,
    "volume" : 103095.00
  }, {
    "date" : "2025-03-10",
    "price" : 248.15,
    "dma50" : 276.41,
    "dma100" : null,
    "dma200" : 291.05,
    "volume" : 27062.00
  }, {
    "date" : "2025-03-11",
    "price" : 247.45,
    "dma50" : 275.27,
    "dma100" : null,
    "dma200" : 290.62,
    "volume" : 65769.00
  }, {
    "date" : "2025-03-12",
    "price" : 241.70,
    "dma50" : 273.96,
    "dma100" : null,
    "dma200" : 290.13,
    "volume" : 248693.00
  }, {
    "date" : "2025-03-13",
    "price" : 246.15,
    "dma50" : 272.87,
    "dma100" : null,
    "dma200" : 289.69,
    "volume" : 119032.00
  }, {
    "date" : "2025-03-17",
    "price" : 258.20,
    "dma50" : 272.29,
    "dma100" : null,
    "dma200" : 289.38,
    "volume" : 220156.00
  }, {
    "date" : "2025-03-18",
    "price" : 254.75,
    "dma50" : 271.60,
    "dma100" : null,
    "dma200" : 289.03,
    "volume" : 150751.00
  }, {
    "date" : "2025-03-19",
    "price" : 253.95,
    "dma50" : 270.91,
    "dma100" : null,
    "dma200" : 288.69,
    "volume" : 98409.00
  }, {
    "date" : "2025-03-20",
    "price" : 253.70,
    "dma50" : 270.24,
    "dma100" : null,
    "dma200" : 288.34,
    "volume" : 359288.00
  }, {
    "date" : "2025-03-21",
    "price" : 254.75,
    "dma50" : 269.63,
    "dma100" : null,
    "dma200" : 288.00,
    "volume" : 58943.00
  }, {
    "date" : "2025-03-24",
    "price" : 291.65,
    "dma50" : 270.49,
    "dma100" : null,
    "dma200" : 288.04,
    "volume" : 867432.00
  }, {
    "date" : "2025-03-25",
    "price" : 284.25,
    "dma50" : 271.03,
    "dma100" : null,
    "dma200" : 288.00,
    "volume" : 698633.00
  }, {
    "date" : "2025-03-26",
    "price" : 286.10,
    "dma50" : 271.62,
    "dma100" : null,
    "dma200" : 287.98,
    "volume" : 177913.00
  }, {
    "date" : "2025-03-27",
    "price" : 297.50,
    "dma50" : 272.64,
    "dma100" : null,
    "dma200" : 288.08,
    "volume" : 429674.00
  }, {
    "date" : "2025-03-28",
    "price" : 281.50,
    "dma50" : 272.98,
    "dma100" : null,
    "dma200" : 288.01,
    "volume" : 116853.00
  }, {
    "date" : "2025-04-01",
    "price" : 271.85,
    "dma50" : 272.94,
    "dma100" : null,
    "dma200" : 287.85,
    "volume" : 133496.00
  }, {
    "date" : "2025-04-02",
    "price" : 272.20,
    "dma50" : 272.91,
    "dma100" : null,
    "dma200" : 287.70,
    "volume" : 208757.00
  }, {
    "date" : "2025-04-03",
    "price" : 282.25,
    "dma50" : 273.28,
    "dma100" : null,
    "dma200" : 287.64,
    "volume" : 263645.00
  }, {
    "date" : "2025-04-04",
    "price" : 261.90,
    "dma50" : 272.83,
    "dma100" : null,
    "dma200" : 287.39,
    "volume" : 117701.00
  }, {
    "date" : "2025-04-07",
    "price" : 247.65,
    "dma50" : 271.84,
    "dma100" : null,
    "dma200" : 286.99,
    "volume" : 261232.00
  }, {
    "date" : "2025-04-08",
    "price" : 253.25,
    "dma50" : 271.11,
    "dma100" : null,
    "dma200" : 286.65,
    "volume" : 74422.00
  }, {
    "date" : "2025-04-09",
    "price" : 245.55,
    "dma50" : 270.11,
    "dma100" : null,
    "dma200" : 286.25,
    "volume" : 52739.00
  }, {
    "date" : "2025-04-11",
    "price" : 263.75,
    "dma50" : 269.86,
    "dma100" : null,
    "dma200" : 286.02,
    "volume" : 158449.00
  }, {
    "date" : "2025-04-15",
    "price" : 277.35,
    "dma50" : 270.16,
    "dma100" : null,
    "dma200" : 285.93,
    "volume" : 270753.00
  }, {
    "date" : "2025-04-16",
    "price" : 292.25,
    "dma50" : 271.02,
    "dma100" : null,
    "dma200" : 286.00,
    "volume" : 129980.00
  }, {
    "date" : "2025-04-17",
    "price" : 316.15,
    "dma50" : 272.79,
    "dma100" : null,
    "dma200" : 286.30,
    "volume" : 1924905.00
  }, {
    "date" : "2025-04-21",
    "price" : 315.45,
    "dma50" : 274.47,
    "dma100" : null,
    "dma200" : 286.59,
    "volume" : 252995.00
  }, {
    "date" : "2025-04-22",
    "price" : 304.80,
    "dma50" : 275.65,
    "dma100" : null,
    "dma200" : 286.77,
    "volume" : 107780.00
  }, {
    "date" : "2025-04-23",
    "price" : 306.35,
    "dma50" : 276.86,
    "dma100" : null,
    "dma200" : 286.96,
    "volume" : 66680.00
  }, {
    "date" : "2025-04-24",
    "price" : 296.30,
    "dma50" : 277.62,
    "dma100" : null,
    "dma200" : 287.06,
    "volume" : 97101.00
  }, {
    "date" : "2025-04-25",
    "price" : 283.70,
    "dma50" : 277.86,
    "dma100" : null,
    "dma200" : 287.02,
    "volume" : 170220.00
  }, {
    "date" : "2025-04-28",
    "price" : 280.65,
    "dma50" : 277.97,
    "dma100" : null,
    "dma200" : 286.96,
    "volume" : 91470.00
  }, {
    "date" : "2025-04-29",
    "price" : 285.15,
    "dma50" : 278.25,
    "dma100" : null,
    "dma200" : 286.94,
    "volume" : 87924.00
  }, {
    "date" : "2025-04-30",
    "price" : 272.65,
    "dma50" : 278.03,
    "dma100" : null,
    "dma200" : 286.80,
    "volume" : 95473.00
  }, {
    "date" : "2025-05-02",
    "price" : 275.25,
    "dma50" : 277.92,
    "dma100" : null,
    "dma200" : 286.68,
    "volume" : 108011.00
  }, {
    "date" : "2025-05-05",
    "price" : 273.00,
    "dma50" : 277.73,
    "dma100" : null,
    "dma200" : 286.55,
    "volume" : 80033.00
  }, {
    "date" : "2025-05-06",
    "price" : 264.40,
    "dma50" : 277.21,
    "dma100" : null,
    "dma200" : 286.33,
    "volume" : 77437.00
  }, {
    "date" : "2025-05-07",
    "price" : 275.00,
    "dma50" : 277.12,
    "dma100" : null,
    "dma200" : 286.22,
    "volume" : 159009.00
  }, {
    "date" : "2025-05-08",
    "price" : 264.35,
    "dma50" : 276.62,
    "dma100" : null,
    "dma200" : 286.00,
    "volume" : 48624.00
  }, {
    "date" : "2025-05-09",
    "price" : 269.15,
    "dma50" : 276.33,
    "dma100" : null,
    "dma200" : 285.83,
    "volume" : 123022.00
  }, {
    "date" : "2025-05-12",
    "price" : 299.55,
    "dma50" : 277.24,
    "dma100" : null,
    "dma200" : 285.97,
    "volume" : 228772.00
  }, {
    "date" : "2025-05-13",
    "price" : 306.75,
    "dma50" : 278.39,
    "dma100" : 284.08,
    "dma200" : 286.17,
    "volume" : 289118.00
  }, {
    "date" : "2025-05-14",
    "price" : 314.45,
    "dma50" : 279.81,
    "dma100" : 284.04,
    "dma200" : 286.46,
    "volume" : 422412.00
  }, {
    "date" : "2025-05-15",
    "price" : 325.45,
    "dma50" : 281.60,
    "dma100" : 284.12,
    "dma200" : 286.84,
    "volume" : 381614.00
  }, {
    "date" : "2025-05-16",
    "price" : 342.35,
    "dma50" : 283.98,
    "dma100" : 284.44,
    "dma200" : 287.40,
    "volume" : 495713.00
  }, {
    "date" : "2025-05-19",
    "price" : 333.95,
    "dma50" : 285.94,
    "dma100" : 284.67,
    "dma200" : 287.86,
    "volume" : 120703.00
  }, {
    "date" : "2025-05-20",
    "price" : 325.90,
    "dma50" : 287.51,
    "dma100" : 284.85,
    "dma200" : 288.24,
    "volume" : 115229.00
  }, {
    "date" : "2025-05-21",
    "price" : 312.05,
    "dma50" : 288.47,
    "dma100" : 284.93,
    "dma200" : 288.47,
    "volume" : 500882.00
  }, {
    "date" : "2025-05-22",
    "price" : 315.80,
    "dma50" : 289.54,
    "dma100" : 285.10,
    "dma200" : 288.75,
    "volume" : 93809.00
  }, {
    "date" : "2025-05-23",
    "price" : 302.55,
    "dma50" : 290.05,
    "dma100" : 285.05,
    "dma200" : 288.88,
    "volume" : 143439.00
  }, {
    "date" : "2025-05-26",
    "price" : 312.25,
    "dma50" : 290.92,
    "dma100" : 285.13,
    "dma200" : 289.12,
    "volume" : 179544.00
  }, {
    "date" : "2025-05-27",
    "price" : 301.10,
    "dma50" : 291.32,
    "dma100" : 285.13,
    "dma200" : 289.24,
    "volume" : 329291.00
  }, {
    "date" : "2025-05-28",
    "price" : 306.20,
    "dma50" : 291.90,
    "dma100" : 285.14,
    "dma200" : 289.40,
    "volume" : 659084.00
  }, {
    "date" : "2025-05-29",
    "price" : 312.40,
    "dma50" : 292.71,
    "dma100" : 285.10,
    "dma200" : 289.63,
    "volume" : 165125.00
  }, {
    "date" : "2025-05-30",
    "price" : 307.95,
    "dma50" : 293.31,
    "dma100" : 284.87,
    "dma200" : 289.81,
    "volume" : 246687.00
  }, {
    "date" : "2025-06-02",
    "price" : 309.40,
    "dma50" : 293.94,
    "dma100" : 284.59,
    "dma200" : 290.01,
    "volume" : 123380.00
  }, {
    "date" : "2025-06-03",
    "price" : 306.40,
    "dma50" : 294.43,
    "dma100" : 284.40,
    "dma200" : 290.17,
    "volume" : 67802.00
  }, {
    "date" : "2025-06-04",
    "price" : 332.55,
    "dma50" : 295.92,
    "dma100" : 284.41,
    "dma200" : 290.59,
    "volume" : 450438.00
  }, {
    "date" : "2025-06-05",
    "price" : 329.70,
    "dma50" : 297.25,
    "dma100" : 284.31,
    "dma200" : 290.98,
    "volume" : 184452.00
  }, {
    "date" : "2025-06-06",
    "price" : 322.55,
    "dma50" : 298.24,
    "dma100" : 284.18,
    "dma200" : 291.30,
    "volume" : 99290.00
  }, {
    "date" : "2025-06-09",
    "price" : 343.45,
    "dma50" : 300.01,
    "dma100" : 284.37,
    "dma200" : 291.82,
    "volume" : 1011464.00
  }, {
    "date" : "2025-06-10",
    "price" : 345.05,
    "dma50" : 301.78,
    "dma100" : 284.83,
    "dma200" : 292.35,
    "volume" : 237128.00
  }, {
    "date" : "2025-06-11",
    "price" : 349.15,
    "dma50" : 303.63,
    "dma100" : 285.20,
    "dma200" : 292.91,
    "volume" : 498033.00
  }, {
    "date" : "2025-06-12",
    "price" : 346.55,
    "dma50" : 305.32,
    "dma100" : 285.52,
    "dma200" : 293.45,
    "volume" : 135755.00
  }, {
    "date" : "2025-06-13",
    "price" : 333.75,
    "dma50" : 306.43,
    "dma100" : 285.63,
    "dma200" : 293.85,
    "volume" : 98043.00
  }, {
    "date" : "2025-06-16",
    "price" : 349.55,
    "dma50" : 308.12,
    "dma100" : 285.73,
    "dma200" : 294.40,
    "volume" : 400205.00
  }, {
    "date" : "2025-06-17",
    "price" : 337.05,
    "dma50" : 309.26,
    "dma100" : 285.67,
    "dma200" : 294.83,
    "volume" : 96520.00
  }, {
    "date" : "2025-06-18",
    "price" : 325.10,
    "dma50" : 309.88,
    "dma100" : 285.68,
    "dma200" : 295.13,
    "volume" : 70512.00
  }, {
    "date" : "2025-06-19",
    "price" : 315.05,
    "dma50" : 310.08,
    "dma100" : 285.68,
    "dma200" : 295.32,
    "volume" : 75546.00
  }, {
    "date" : "2025-06-20",
    "price" : 321.05,
    "dma50" : 310.51,
    "dma100" : 285.75,
    "dma200" : 295.58,
    "volume" : 47581.00
  }, {
    "date" : "2025-06-23",
    "price" : 325.65,
    "dma50" : 311.11,
    "dma100" : 285.84,
    "dma200" : 295.88,
    "volume" : 119540.00
  }, {
    "date" : "2025-06-24",
    "price" : 331.75,
    "dma50" : 311.92,
    "dma100" : 286.19,
    "dma200" : 296.24,
    "volume" : 370338.00
  }, {
    "date" : "2025-06-25",
    "price" : 343.70,
    "dma50" : 313.16,
    "dma100" : 286.73,
    "dma200" : 296.71,
    "volume" : 424968.00
  }, {
    "date" : "2025-06-26",
    "price" : 345.65,
    "dma50" : 314.44,
    "dma100" : 287.19,
    "dma200" : 297.20,
    "volume" : 525981.00
  }, {
    "date" : "2025-06-27",
    "price" : 349.50,
    "dma50" : 315.81,
    "dma100" : 287.71,
    "dma200" : 297.72,
    "volume" : 691080.00
  }, {
    "date" : "2025-06-30",
    "price" : 347.60,
    "dma50" : 317.06,
    "dma100" : 288.23,
    "dma200" : 298.21,
    "volume" : 206581.00
  }, {
    "date" : "2025-07-01",
    "price" : 346.75,
    "dma50" : 318.22,
    "dma100" : 288.81,
    "dma200" : 298.70,
    "volume" : 160885.00
  }, {
    "date" : "2025-07-02",
    "price" : 347.85,
    "dma50" : 319.38,
    "dma100" : 289.49,
    "dma200" : 299.18,
    "volume" : 124533.00
  }, {
    "date" : "2025-07-03",
    "price" : 341.30,
    "dma50" : 320.24,
    "dma100" : 290.10,
    "dma200" : 299.60,
    "volume" : 81923.00
  }, {
    "date" : "2025-07-04",
    "price" : 350.45,
    "dma50" : 321.43,
    "dma100" : 290.80,
    "dma200" : 300.11,
    "volume" : 310988.00
  }, {
    "date" : "2025-07-07",
    "price" : 346.10,
    "dma50" : 322.40,
    "dma100" : 291.27,
    "dma200" : 300.57,
    "volume" : 334430.00
  }, {
    "date" : "2025-07-08",
    "price" : 347.65,
    "dma50" : 323.39,
    "dma100" : 291.86,
    "dma200" : 301.04,
    "volume" : 171180.00
  }, {
    "date" : "2025-07-09",
    "price" : 349.40,
    "dma50" : 324.41,
    "dma100" : 292.61,
    "dma200" : 301.52,
    "volume" : 342634.00
  }, {
    "date" : "2025-07-10",
    "price" : 345.40,
    "dma50" : 325.23,
    "dma100" : 293.44,
    "dma200" : 301.95,
    "volume" : 44451.00
  }, {
    "date" : "2025-07-11",
    "price" : 343.55,
    "dma50" : 325.95,
    "dma100" : 294.23,
    "dma200" : 302.37,
    "volume" : 64581.00
  }, {
    "date" : "2025-07-14",
    "price" : 360.20,
    "dma50" : 327.29,
    "dma100" : 295.23,
    "dma200" : 302.94,
    "volume" : 450675.00
  }, {
    "date" : "2025-07-15",
    "price" : 359.90,
    "dma50" : 328.57,
    "dma100" : 296.34,
    "dma200" : 303.51,
    "volume" : 218289.00
  }, {
    "date" : "2025-07-16",
    "price" : 371.15,
    "dma50" : 330.24,
    "dma100" : 297.75,
    "dma200" : 304.18,
    "volume" : 240787.00
  }, {
    "date" : "2025-07-17",
    "price" : 370.35,
    "dma50" : 331.81,
    "dma100" : 299.33,
    "dma200" : 304.84,
    "volume" : 140876.00
  }, {
    "date" : "2025-07-18",
    "price" : 366.70,
    "dma50" : 333.18,
    "dma100" : 300.49,
    "dma200" : 305.46,
    "volume" : 104757.00
  }, {
    "date" : "2025-07-21",
    "price" : 363.45,
    "dma50" : 334.37,
    "dma100" : 301.68,
    "dma200" : 306.03,
    "volume" : 67986.00
  }, {
    "date" : "2025-07-22",
    "price" : 372.80,
    "dma50" : 335.87,
    "dma100" : 302.96,
    "dma200" : 306.70,
    "volume" : 181365.00
  }, {
    "date" : "2025-07-23",
    "price" : 372.55,
    "dma50" : 337.31,
    "dma100" : 304.20,
    "dma200" : 307.35,
    "volume" : 235201.00
  }, {
    "date" : "2025-07-24",
    "price" : 363.15,
    "dma50" : 338.33,
    "dma100" : 305.39,
    "dma200" : 307.91,
    "volume" : 58615.00
  }, {
    "date" : "2025-07-25",
    "price" : 363.35,
    "dma50" : 339.31,
    "dma100" : 306.69,
    "dma200" : 308.46,
    "volume" : 109364.00
  }, {
    "date" : "2025-07-28",
    "price" : 367.70,
    "dma50" : 340.42,
    "dma100" : 308.17,
    "dma200" : 309.05,
    "volume" : 353167.00
  }, {
    "date" : "2025-07-29",
    "price" : 390.35,
    "dma50" : 342.38,
    "dma100" : 309.71,
    "dma200" : 309.86,
    "volume" : 1703385.00
  }, {
    "date" : "2025-07-30",
    "price" : 388.35,
    "dma50" : 344.18,
    "dma100" : 310.99,
    "dma200" : 310.64,
    "volume" : 399525.00
  }, {
    "date" : "2025-07-31",
    "price" : 390.95,
    "dma50" : 346.02,
    "dma100" : 312.16,
    "dma200" : 311.44,
    "volume" : 217585.00
  }, {
    "date" : "2025-08-01",
    "price" : 371.85,
    "dma50" : 347.03,
    "dma100" : 313.26,
    "dma200" : 312.04,
    "volume" : 505778.00
  }, {
    "date" : "2025-08-04",
    "price" : 372.65,
    "dma50" : 348.03,
    "dma100" : 314.43,
    "dma200" : 312.64,
    "volume" : 151387.00
  }, {
    "date" : "2025-08-05",
    "price" : 358.25,
    "dma50" : 348.43,
    "dma100" : 315.53,
    "dma200" : 313.10,
    "volume" : 158911.00
  }, {
    "date" : "2025-08-06",
    "price" : 354.80,
    "dma50" : 348.68,
    "dma100" : 316.60,
    "dma200" : 313.51,
    "volume" : 110562.00
  }, {
    "date" : "2025-08-07",
    "price" : 356.15,
    "dma50" : 348.98,
    "dma100" : 317.75,
    "dma200" : 313.94,
    "volume" : 73019.00
  }, {
    "date" : "2025-08-08",
    "price" : 341.60,
    "dma50" : 348.69,
    "dma100" : 318.70,
    "dma200" : 314.21,
    "volume" : 87370.00
  }, {
    "date" : "2025-08-11",
    "price" : 350.80,
    "dma50" : 348.77,
    "dma100" : 319.63,
    "dma200" : 314.58,
    "volume" : 105030.00
  }, {
    "date" : "2025-08-12",
    "price" : 358.35,
    "dma50" : 349.15,
    "dma100" : 320.66,
    "dma200" : 315.01,
    "volume" : 71275.00
  }, {
    "date" : "2025-08-13",
    "price" : 364.85,
    "dma50" : 349.76,
    "dma100" : 321.77,
    "dma200" : 315.51,
    "volume" : 115798.00
  }, {
    "date" : "2025-08-14",
    "price" : 355.35,
    "dma50" : 349.98,
    "dma100" : 322.79,
    "dma200" : 315.90,
    "volume" : 126100.00
  }, {
    "date" : "2025-08-18",
    "price" : 362.00,
    "dma50" : 350.45,
    "dma100" : 323.86,
    "dma200" : 316.36,
    "volume" : 97028.00
  }, {
    "date" : "2025-08-19",
    "price" : 362.30,
    "dma50" : 350.92,
    "dma100" : 324.57,
    "dma200" : 316.82,
    "volume" : 132729.00
  }, {
    "date" : "2025-08-20",
    "price" : 386.30,
    "dma50" : 352.30,
    "dma100" : 325.59,
    "dma200" : 317.51,
    "volume" : 258842.00
  }, {
    "date" : "2025-08-21",
    "price" : 397.20,
    "dma50" : 354.07,
    "dma100" : 326.70,
    "dma200" : 318.30,
    "volume" : 477556.00
  }, {
    "date" : "2025-08-22",
    "price" : 399.70,
    "dma50" : 355.85,
    "dma100" : 327.72,
    "dma200" : 319.11,
    "volume" : 191061.00
  }, {
    "date" : "2025-08-25",
    "price" : 400.60,
    "dma50" : 357.61,
    "dma100" : 328.91,
    "dma200" : 319.92,
    "volume" : 358227.00
  }, {
    "date" : "2025-08-26",
    "price" : 385.15,
    "dma50" : 358.69,
    "dma100" : 330.05,
    "dma200" : 320.57,
    "volume" : 124431.00
  }, {
    "date" : "2025-08-28",
    "price" : 380.80,
    "dma50" : 359.56,
    "dma100" : 331.13,
    "dma200" : 321.17,
    "volume" : 375116.00
  }, {
    "date" : "2025-08-29",
    "price" : 377.90,
    "dma50" : 360.28,
    "dma100" : 332.09,
    "dma200" : 321.74,
    "volume" : 126703.00
  }, {
    "date" : "2025-09-01",
    "price" : 384.35,
    "dma50" : 361.22,
    "dma100" : 333.31,
    "dma200" : 322.36,
    "volume" : 104424.00
  }, {
    "date" : "2025-09-02",
    "price" : 376.95,
    "dma50" : 361.84,
    "dma100" : 334.61,
    "dma200" : 322.90,
    "volume" : 36765.00
  }, {
    "date" : "2025-09-03",
    "price" : 393.75,
    "dma50" : 363.09,
    "dma100" : 336.01,
    "dma200" : 323.61,
    "volume" : 123411.00
  }, {
    "date" : "2025-09-04",
    "price" : 381.70,
    "dma50" : 363.82,
    "dma100" : 337.37,
    "dma200" : 324.19,
    "volume" : 164933.00
  }, {
    "date" : "2025-09-05",
    "price" : 383.80,
    "dma50" : 364.60,
    "dma100" : 338.57,
    "dma200" : 324.78,
    "volume" : 97319.00
  }, {
    "date" : "2025-09-08",
    "price" : 383.60,
    "dma50" : 365.35,
    "dma100" : 339.64,
    "dma200" : 325.36,
    "volume" : 30302.00
  }, {
    "date" : "2025-09-09",
    "price" : 381.40,
    "dma50" : 365.98,
    "dma100" : 340.53,
    "dma200" : 325.92,
    "volume" : 26616.00
  }, {
    "date" : "2025-09-10",
    "price" : 378.20,
    "dma50" : 366.46,
    "dma100" : 341.15,
    "dma200" : 326.44,
    "volume" : 37218.00
  }, {
    "date" : "2025-09-11",
    "price" : 381.05,
    "dma50" : 367.03,
    "dma100" : 341.80,
    "dma200" : 326.99,
    "volume" : 46088.00
  }, {
    "date" : "2025-09-12",
    "price" : 378.20,
    "dma50" : 367.47,
    "dma100" : 342.54,
    "dma200" : 327.50,
    "volume" : 111470.00
  }, {
    "date" : "2025-09-15",
    "price" : 380.20,
    "dma50" : 367.97,
    "dma100" : 343.28,
    "dma200" : 328.02,
    "volume" : 39987.00
  }, {
    "date" : "2025-09-16",
    "price" : 381.70,
    "dma50" : 368.50,
    "dma100" : 344.13,
    "dma200" : 328.55,
    "volume" : 19569.00
  }, {
    "date" : "2025-09-17",
    "price" : 385.85,
    "dma50" : 369.18,
    "dma100" : 345.15,
    "dma200" : 329.12,
    "volume" : 147755.00
  }, {
    "date" : "2025-09-18",
    "price" : 382.70,
    "dma50" : 369.71,
    "dma100" : 346.17,
    "dma200" : 329.66,
    "volume" : 111596.00
  }, {
    "date" : "2025-09-19",
    "price" : 385.65,
    "dma50" : 370.34,
    "dma100" : 347.18,
    "dma200" : 330.21,
    "volume" : 80994.00
  }, {
    "date" : "2025-09-22",
    "price" : 410.10,
    "dma50" : 371.90,
    "dma100" : 348.55,
    "dma200" : 331.01,
    "volume" : 1672341.00
  }, {
    "date" : "2025-09-23",
    "price" : 409.10,
    "dma50" : 373.36,
    "dma100" : 349.89,
    "dma200" : 331.79,
    "volume" : 170763.00
  }, {
    "date" : "2025-09-24",
    "price" : 412.10,
    "dma50" : 374.88,
    "dma100" : 351.28,
    "dma200" : 332.59,
    "volume" : 161518.00
  }, {
    "date" : "2025-09-25",
    "price" : 411.55,
    "dma50" : 376.31,
    "dma100" : 352.75,
    "dma200" : 333.37,
    "volume" : 163080.00
  }, {
    "date" : "2025-09-26",
    "price" : 398.55,
    "dma50" : 377.19,
    "dma100" : 353.99,
    "dma200" : 334.02,
    "volume" : 556801.00
  }, {
    "date" : "2025-09-29",
    "price" : 407.25,
    "dma50" : 378.37,
    "dma100" : 355.42,
    "dma200" : 334.75,
    "volume" : 142523.00
  }, {
    "date" : "2025-09-30",
    "price" : 397.05,
    "dma50" : 379.10,
    "dma100" : 356.70,
    "dma200" : 335.37,
    "volume" : 223524.00
  }, {
    "date" : "2025-10-01",
    "price" : 403.20,
    "dma50" : 380.04,
    "dma100" : 357.73,
    "dma200" : 336.04,
    "volume" : 65657.00
  }, {
    "date" : "2025-10-03",
    "price" : 422.85,
    "dma50" : 381.72,
    "dma100" : 358.89,
    "dma200" : 336.91,
    "volume" : 574209.00
  }, {
    "date" : "2025-10-06",
    "price" : 428.85,
    "dma50" : 383.57,
    "dma100" : 360.04,
    "dma200" : 337.82,
    "volume" : 636858.00
  }, {
    "date" : "2025-10-07",
    "price" : 417.15,
    "dma50" : 384.89,
    "dma100" : 360.96,
    "dma200" : 338.61,
    "volume" : 124534.00
  }, {
    "date" : "2025-10-08",
    "price" : 408.55,
    "dma50" : 385.82,
    "dma100" : 361.62,
    "dma200" : 339.31,
    "volume" : 94642.00
  }, {
    "date" : "2025-10-09",
    "price" : 415.85,
    "dma50" : 386.99,
    "dma100" : 362.44,
    "dma200" : 340.07,
    "volume" : 97246.00
  }, {
    "date" : "2025-10-10",
    "price" : 421.25,
    "dma50" : 388.34,
    "dma100" : 363.39,
    "dma200" : 340.88,
    "volume" : 66809.00
  }, {
    "date" : "2025-10-13",
    "price" : 411.75,
    "dma50" : 389.25,
    "dma100" : 364.39,
    "dma200" : 341.58,
    "volume" : 30330.00
  }, {
    "date" : "2025-10-14",
    "price" : 413.50,
    "dma50" : 390.21,
    "dma100" : 365.36,
    "dma200" : 342.30,
    "volume" : 177784.00
  }, {
    "date" : "2025-10-15",
    "price" : 430.00,
    "dma50" : 391.77,
    "dma100" : 366.64,
    "dma200" : 343.17,
    "volume" : 341315.00
  }, {
    "date" : "2025-10-16",
    "price" : 430.05,
    "dma50" : 393.27,
    "dma100" : 367.82,
    "dma200" : 344.03,
    "volume" : 1867810.00
  }, {
    "date" : "2025-10-17",
    "price" : 432.00,
    "dma50" : 394.79,
    "dma100" : 369.13,
    "dma200" : 344.91,
    "volume" : 342258.00
  }, {
    "date" : "2025-10-20",
    "price" : 452.60,
    "dma50" : 397.05,
    "dma100" : 370.59,
    "dma200" : 345.98,
    "volume" : 425403.00
  }, {
    "date" : "2025-10-21",
    "price" : 457.85,
    "dma50" : 399.44,
    "dma100" : 372.04,
    "dma200" : 347.09,
    "volume" : 89150.00
  }, {
    "date" : "2025-10-23",
    "price" : 452.30,
    "dma50" : 401.51,
    "dma100" : 373.49,
    "dma200" : 348.14,
    "volume" : 88599.00
  }, {
    "date" : "2025-10-24",
    "price" : 455.05,
    "dma50" : 403.61,
    "dma100" : 374.94,
    "dma200" : 349.20,
    "volume" : 85606.00
  }, {
    "date" : "2025-10-27",
    "price" : 472.70,
    "dma50" : 406.32,
    "dma100" : 376.61,
    "dma200" : 350.43,
    "volume" : 275232.00
  }, {
    "date" : "2025-10-28",
    "price" : 460.40,
    "dma50" : 408.44,
    "dma100" : 377.89,
    "dma200" : 351.53,
    "volume" : 1041046.00
  }, {
    "date" : "2025-10-29",
    "price" : 464.70,
    "dma50" : 410.65,
    "dma100" : 379.24,
    "dma200" : 352.65,
    "volume" : 114823.00
  }, {
    "date" : "2025-10-30",
    "price" : 467.35,
    "dma50" : 412.87,
    "dma100" : 380.68,
    "dma200" : 353.79,
    "volume" : 78338.00
  }, {
    "date" : "2025-10-31",
    "price" : 463.05,
    "dma50" : 414.84,
    "dma100" : 381.88,
    "dma200" : 354.88,
    "volume" : 55026.00
  }, {
    "date" : "2025-11-03",
    "price" : 463.95,
    "dma50" : 416.76,
    "dma100" : 383.07,
    "dma200" : 355.97,
    "volume" : 60816.00
  }, {
    "date" : "2025-11-04",
    "price" : 461.50,
    "dma50" : 418.52,
    "dma100" : 384.19,
    "dma200" : 357.02,
    "volume" : 81349.00
  }, {
    "date" : "2025-11-06",
    "price" : 449.45,
    "dma50" : 419.73,
    "dma100" : 385.22,
    "dma200" : 357.94,
    "volume" : 204927.00
  }, {
    "date" : "2025-11-07",
    "price" : 450.25,
    "dma50" : 420.93,
    "dma100" : 386.39,
    "dma200" : 358.86,
    "volume" : 47478.00
  }, {
    "date" : "2025-11-10",
    "price" : 454.50,
    "dma50" : 422.24,
    "dma100" : 387.44,
    "dma200" : 359.81,
    "volume" : 155529.00
  }, {
    "date" : "2025-11-11",
    "price" : 449.80,
    "dma50" : 423.33,
    "dma100" : 388.56,
    "dma200" : 360.70,
    "volume" : 131141.00
  }, {
    "date" : "2025-11-12",
    "price" : 449.90,
    "dma50" : 424.37,
    "dma100" : 389.81,
    "dma200" : 361.59,
    "volume" : 89919.00
  }, {
    "date" : "2025-11-13",
    "price" : 449.35,
    "dma50" : 425.35,
    "dma100" : 391.15,
    "dma200" : 362.46,
    "volume" : 66132.00
  }, {
    "date" : "2025-11-14",
    "price" : 447.00,
    "dma50" : 426.20,
    "dma100" : 392.41,
    "dma200" : 363.30,
    "volume" : 34234.00
  }, {
    "date" : "2025-11-17",
    "price" : 447.80,
    "dma50" : 427.04,
    "dma100" : 393.63,
    "dma200" : 364.15,
    "volume" : 35313.00
  }, {
    "date" : "2025-11-18",
    "price" : 434.40,
    "dma50" : 427.33,
    "dma100" : 394.66,
    "dma200" : 364.84,
    "volume" : 37118.00
  }, {
    "date" : "2025-11-19",
    "price" : 437.05,
    "dma50" : 427.71,
    "dma100" : 395.59,
    "dma200" : 365.56,
    "volume" : 334628.00
  }, {
    "date" : "2025-11-20",
    "price" : 422.85,
    "dma50" : 427.52,
    "dma100" : 396.37,
    "dma200" : 366.13,
    "volume" : 82989.00
  }, {
    "date" : "2025-11-21",
    "price" : 412.75,
    "dma50" : 426.94,
    "dma100" : 397.00,
    "dma200" : 366.60,
    "volume" : 131068.00
  }, {
    "date" : "2025-11-24",
    "price" : 400.60,
    "dma50" : 425.91,
    "dma100" : 397.53,
    "dma200" : 366.94,
    "volume" : 90810.00
  }, {
    "date" : "2025-11-25",
    "price" : 411.40,
    "dma50" : 425.34,
    "dma100" : 398.18,
    "dma200" : 367.38,
    "volume" : 86521.00
  }, {
    "date" : "2025-11-26",
    "price" : 416.80,
    "dma50" : 425.01,
    "dma100" : 398.87,
    "dma200" : 367.87,
    "volume" : 78081.00
  }, {
    "date" : "2025-11-27",
    "price" : 415.10,
    "dma50" : 424.62,
    "dma100" : 399.60,
    "dma200" : 368.34,
    "volume" : 56312.00
  }, {
    "date" : "2025-11-28",
    "price" : 407.90,
    "dma50" : 423.96,
    "dma100" : 400.18,
    "dma200" : 368.73,
    "volume" : 93442.00
  }, {
    "date" : "2025-12-01",
    "price" : 408.10,
    "dma50" : 423.34,
    "dma100" : 400.80,
    "dma200" : 369.12,
    "volume" : 126597.00
  }, {
    "date" : "2025-12-02",
    "price" : 399.25,
    "dma50" : 422.40,
    "dma100" : 401.31,
    "dma200" : 369.42,
    "volume" : 85764.00
  }, {
    "date" : "2025-12-03",
    "price" : 399.85,
    "dma50" : 421.51,
    "dma100" : 401.82,
    "dma200" : 369.73,
    "volume" : 54465.00
  }, {
    "date" : "2025-12-04",
    "price" : 387.60,
    "dma50" : 420.18,
    "dma100" : 402.24,
    "dma200" : 369.91,
    "volume" : 114140.00
  }, {
    "date" : "2025-12-05",
    "price" : 377.65,
    "dma50" : 418.51,
    "dma100" : 402.58,
    "dma200" : 369.98,
    "volume" : 125209.00
  }, {
    "date" : "2025-12-08",
    "price" : 375.65,
    "dma50" : 416.83,
    "dma100" : 402.74,
    "dma200" : 370.04,
    "volume" : 80092.00
  }, {
    "date" : "2025-12-09",
    "price" : 385.30,
    "dma50" : 415.60,
    "dma100" : 402.99,
    "dma200" : 370.19,
    "volume" : 155353.00
  }, {
    "date" : "2025-12-10",
    "price" : 382.05,
    "dma50" : 414.28,
    "dma100" : 403.10,
    "dma200" : 370.31,
    "volume" : 44982.00
  }, {
    "date" : "2025-12-11",
    "price" : 389.75,
    "dma50" : 413.32,
    "dma100" : 403.29,
    "dma200" : 370.50,
    "volume" : 69319.00
  }, {
    "date" : "2025-12-12",
    "price" : 392.00,
    "dma50" : 412.48,
    "dma100" : 403.55,
    "dma200" : 370.72,
    "volume" : 67534.00
  } ],
  "latestTechnicalAttributes" : {
    "date" : "2025-12-12",
    "price" : 392.00,
    "dma50" : 412.48,
    "dma100" : 403.55,
    "dma200" : 370.72,
    "volume" : 67534.00
  },
  "quarterlyResults" : [ {
    "date" : "2005-03-31",
    "sales" : 7.84,
    "salesGrowthYoY" : null,
    "grossProfitMargin" : 26.91,
    "grossProfit" : 2.11,
    "operatingProfitMargin" : 16.33,
    "operatingProfit" : 1.28,
    "netProfitMargin" : 8.04,
    "netProfit" : 0.63
  }, {
    "date" : "2005-06-30",
    "sales" : 5.99,
    "salesGrowthYoY" : null,
    "grossProfitMargin" : 22.87,
    "grossProfit" : 1.37,
    "operatingProfitMargin" : 9.68,
    "operatingProfit" : 0.58,
    "netProfitMargin" : -1.17,
    "netProfit" : -0.07
  }, {
    "date" : "2005-09-30",
    "sales" : 5.84,
    "salesGrowthYoY" : null,
    "grossProfitMargin" : 9.42,
    "grossProfit" : 0.55,
    "operatingProfitMargin" : -4.62,
    "operatingProfit" : -0.27,
    "netProfitMargin" : -13.36,
    "netProfit" : -0.78
  }, {
    "date" : "2005-12-31",
    "sales" : 2.56,
    "salesGrowthYoY" : null,
    "grossProfitMargin" : 46.09,
    "grossProfit" : 1.18,
    "operatingProfitMargin" : 12.11,
    "operatingProfit" : 0.31,
    "netProfitMargin" : -10.16,
    "netProfit" : -0.26
  }, {
    "date" : "2006-03-31",
    "sales" : 4.41,
    "salesGrowthYoY" : -43.75,
    "grossProfitMargin" : -1.59,
    "grossProfit" : -0.07,
    "operatingProfitMargin" : -21.09,
    "operatingProfit" : -0.93,
    "netProfitMargin" : -36.05,
    "netProfit" : -1.59
  }, {
    "date" : "2006-06-30",
    "sales" : 6.91,
    "salesGrowthYoY" : 15.36,
    "grossProfitMargin" : 15.63,
    "grossProfit" : 1.08,
    "operatingProfitMargin" : 0.72,
    "operatingProfit" : 0.05,
    "netProfitMargin" : -10.85,
    "netProfit" : -0.75
  }, {
    "date" : "2006-09-30",
    "sales" : 3.09,
    "salesGrowthYoY" : -47.09,
    "grossProfitMargin" : 10.36,
    "grossProfit" : 0.32,
    "operatingProfitMargin" : -39.48,
    "operatingProfit" : -1.22,
    "netProfitMargin" : -65.70,
    "netProfit" : -2.03
  }, {
    "date" : "2006-12-31",
    "sales" : 0.42,
    "salesGrowthYoY" : -83.59,
    "grossProfitMargin" : -102.38,
    "grossProfit" : -0.43,
    "operatingProfitMargin" : -326.19,
    "operatingProfit" : -1.37,
    "netProfitMargin" : -559.52,
    "netProfit" : -2.35
  }, {
    "date" : "2007-03-31",
    "sales" : 1.29,
    "salesGrowthYoY" : -70.75,
    "grossProfitMargin" : -112.40,
    "grossProfit" : -1.45,
    "operatingProfitMargin" : -458.91,
    "operatingProfit" : -5.92,
    "netProfitMargin" : -517.83,
    "netProfit" : -6.68
  }, {
    "date" : "2007-06-30",
    "sales" : 2.85,
    "salesGrowthYoY" : -58.76,
    "grossProfitMargin" : 22.46,
    "grossProfit" : 0.64,
    "operatingProfitMargin" : -3.16,
    "operatingProfit" : -0.09,
    "netProfitMargin" : -37.89,
    "netProfit" : -1.08
  }, {
    "date" : "2007-09-30",
    "sales" : 3.45,
    "salesGrowthYoY" : 11.65,
    "grossProfitMargin" : 34.49,
    "grossProfit" : 1.19,
    "operatingProfitMargin" : 11.59,
    "operatingProfit" : 0.40,
    "netProfitMargin" : -15.36,
    "netProfit" : -0.53
  }, {
    "date" : "2007-12-31",
    "sales" : 5.32,
    "salesGrowthYoY" : 1166.67,
    "grossProfitMargin" : 34.96,
    "grossProfit" : 1.86,
    "operatingProfitMargin" : 18.23,
    "operatingProfit" : 0.97,
    "netProfitMargin" : -0.38,
    "netProfit" : -0.02
  }, {
    "date" : "2008-03-31",
    "sales" : 4.51,
    "salesGrowthYoY" : 249.61,
    "grossProfitMargin" : 41.24,
    "grossProfit" : 1.86,
    "operatingProfitMargin" : 19.96,
    "operatingProfit" : 0.90,
    "netProfitMargin" : -2.66,
    "netProfit" : -0.12
  }, {
    "date" : "2008-06-30",
    "sales" : 3.26,
    "salesGrowthYoY" : 14.39,
    "grossProfitMargin" : 26.99,
    "grossProfit" : 0.88,
    "operatingProfitMargin" : -2.15,
    "operatingProfit" : -0.07,
    "netProfitMargin" : -29.14,
    "netProfit" : -0.95
  }, {
    "date" : "2008-09-30",
    "sales" : 2.78,
    "salesGrowthYoY" : -19.42,
    "grossProfitMargin" : 1.44,
    "grossProfit" : 0.04,
    "operatingProfitMargin" : -29.14,
    "operatingProfit" : -0.81,
    "netProfitMargin" : -48.56,
    "netProfit" : -1.35
  }, {
    "date" : "2008-12-31",
    "sales" : 3.13,
    "salesGrowthYoY" : -41.17,
    "grossProfitMargin" : 31.63,
    "grossProfit" : 0.99,
    "operatingProfitMargin" : 1.60,
    "operatingProfit" : 0.05,
    "netProfitMargin" : -21.41,
    "netProfit" : -0.67
  }, {
    "date" : "2009-03-31",
    "sales" : 3.54,
    "salesGrowthYoY" : -21.51,
    "grossProfitMargin" : 38.42,
    "grossProfit" : 1.36,
    "operatingProfitMargin" : 3.95,
    "operatingProfit" : 0.14,
    "netProfitMargin" : -18.64,
    "netProfit" : -0.66
  }, {
    "date" : "2009-06-30",
    "sales" : 3.08,
    "salesGrowthYoY" : -5.52,
    "grossProfitMargin" : 35.39,
    "grossProfit" : 1.09,
    "operatingProfitMargin" : 5.19,
    "operatingProfit" : 0.16,
    "netProfitMargin" : -16.23,
    "netProfit" : -0.50
  }, {
    "date" : "2009-09-30",
    "sales" : 4.07,
    "salesGrowthYoY" : 46.40,
    "grossProfitMargin" : 27.52,
    "grossProfit" : 1.12,
    "operatingProfitMargin" : 5.65,
    "operatingProfit" : 0.23,
    "netProfitMargin" : -10.57,
    "netProfit" : -0.43
  }, {
    "date" : "2009-12-31",
    "sales" : 4.46,
    "salesGrowthYoY" : 42.49,
    "grossProfitMargin" : 40.81,
    "grossProfit" : 1.82,
    "operatingProfitMargin" : 17.49,
    "operatingProfit" : 0.78,
    "netProfitMargin" : 3.36,
    "netProfit" : 0.15
  }, {
    "date" : "2010-03-31",
    "sales" : 3.97,
    "salesGrowthYoY" : 12.15,
    "grossProfitMargin" : 31.99,
    "grossProfit" : 1.27,
    "operatingProfitMargin" : 9.57,
    "operatingProfit" : 0.38,
    "netProfitMargin" : -7.56,
    "netProfit" : -0.30
  }, {
    "date" : "2010-06-30",
    "sales" : 3.77,
    "salesGrowthYoY" : 22.40,
    "grossProfitMargin" : 30.24,
    "grossProfit" : 1.14,
    "operatingProfitMargin" : 2.39,
    "operatingProfit" : 0.09,
    "netProfitMargin" : -11.67,
    "netProfit" : -0.44
  }, {
    "date" : "2010-09-30",
    "sales" : 3.72,
    "salesGrowthYoY" : -8.60,
    "grossProfitMargin" : 16.94,
    "grossProfit" : 0.63,
    "operatingProfitMargin" : -12.90,
    "operatingProfit" : -0.48,
    "netProfitMargin" : -27.42,
    "netProfit" : -1.02
  }, {
    "date" : "2010-12-31",
    "sales" : 2.92,
    "salesGrowthYoY" : -34.53,
    "grossProfitMargin" : 19.52,
    "grossProfit" : 0.57,
    "operatingProfitMargin" : -22.26,
    "operatingProfit" : -0.65,
    "netProfitMargin" : -40.07,
    "netProfit" : -1.17
  }, {
    "date" : "2011-03-31",
    "sales" : 3.10,
    "salesGrowthYoY" : -21.91,
    "grossProfitMargin" : 30.32,
    "grossProfit" : 0.94,
    "operatingProfitMargin" : -2.90,
    "operatingProfit" : -0.09,
    "netProfitMargin" : -20.97,
    "netProfit" : -0.65
  }, {
    "date" : "2011-06-30",
    "sales" : 1.37,
    "salesGrowthYoY" : -63.66,
    "grossProfitMargin" : 4.38,
    "grossProfit" : 0.06,
    "operatingProfitMargin" : -43.07,
    "operatingProfit" : -0.59,
    "netProfitMargin" : -88.32,
    "netProfit" : -1.21
  }, {
    "date" : "2011-09-30",
    "sales" : 0.50,
    "salesGrowthYoY" : -86.56,
    "grossProfitMargin" : -42.00,
    "grossProfit" : -0.21,
    "operatingProfitMargin" : -188.00,
    "operatingProfit" : -0.94,
    "netProfitMargin" : -296.00,
    "netProfit" : -1.48
  }, {
    "date" : "2011-12-31",
    "sales" : 1.42,
    "salesGrowthYoY" : -51.37,
    "grossProfitMargin" : -17.61,
    "grossProfit" : -0.25,
    "operatingProfitMargin" : -89.44,
    "operatingProfit" : -1.27,
    "netProfitMargin" : -14.08,
    "netProfit" : -0.20
  }, {
    "date" : "2012-03-31",
    "sales" : 5.42,
    "salesGrowthYoY" : 74.84,
    "grossProfitMargin" : 42.07,
    "grossProfit" : 2.28,
    "operatingProfitMargin" : 9.78,
    "operatingProfit" : 0.53,
    "netProfitMargin" : -0.18,
    "netProfit" : -0.01
  }, {
    "date" : "2012-06-30",
    "sales" : 6.36,
    "salesGrowthYoY" : 364.23,
    "grossProfitMargin" : 29.40,
    "grossProfit" : 1.87,
    "operatingProfitMargin" : 3.93,
    "operatingProfit" : 0.25,
    "netProfitMargin" : -2.20,
    "netProfit" : -0.14
  }, {
    "date" : "2012-09-30",
    "sales" : 7.83,
    "salesGrowthYoY" : 1466.00,
    "grossProfitMargin" : 41.51,
    "grossProfit" : 3.25,
    "operatingProfitMargin" : 12.01,
    "operatingProfit" : 0.94,
    "netProfitMargin" : 4.73,
    "netProfit" : 0.37
  }, {
    "date" : "2012-12-31",
    "sales" : 6.84,
    "salesGrowthYoY" : 381.69,
    "grossProfitMargin" : 44.74,
    "grossProfit" : 3.06,
    "operatingProfitMargin" : 20.76,
    "operatingProfit" : 1.42,
    "netProfitMargin" : 12.87,
    "netProfit" : 0.88
  }, {
    "date" : "2013-03-31",
    "sales" : 7.32,
    "salesGrowthYoY" : 35.06,
    "grossProfitMargin" : 44.40,
    "grossProfit" : 3.25,
    "operatingProfitMargin" : 5.46,
    "operatingProfit" : 0.40,
    "netProfitMargin" : -0.68,
    "netProfit" : -0.05
  }, {
    "date" : "2013-06-30",
    "sales" : 7.71,
    "salesGrowthYoY" : 21.23,
    "grossProfitMargin" : 45.65,
    "grossProfit" : 3.52,
    "operatingProfitMargin" : 17.77,
    "operatingProfit" : 1.37,
    "netProfitMargin" : 11.02,
    "netProfit" : 0.85
  }, {
    "date" : "2013-09-30",
    "sales" : 7.94,
    "salesGrowthYoY" : 1.40,
    "grossProfitMargin" : 45.21,
    "grossProfit" : 3.59,
    "operatingProfitMargin" : 21.54,
    "operatingProfit" : 1.71,
    "netProfitMargin" : 15.37,
    "netProfit" : 1.22
  }, {
    "date" : "2013-12-31",
    "sales" : 7.31,
    "salesGrowthYoY" : 6.87,
    "grossProfitMargin" : 49.93,
    "grossProfit" : 3.65,
    "operatingProfitMargin" : 21.89,
    "operatingProfit" : 1.60,
    "netProfitMargin" : 15.18,
    "netProfit" : 1.11
  }, {
    "date" : "2014-03-31",
    "sales" : 7.29,
    "salesGrowthYoY" : -0.41,
    "grossProfitMargin" : 53.50,
    "grossProfit" : 3.90,
    "operatingProfitMargin" : 25.65,
    "operatingProfit" : 1.87,
    "netProfitMargin" : 18.52,
    "netProfit" : 1.35
  }, {
    "date" : "2014-06-30",
    "sales" : 7.64,
    "salesGrowthYoY" : -0.91,
    "grossProfitMargin" : 47.64,
    "grossProfit" : 3.64,
    "operatingProfitMargin" : 21.47,
    "operatingProfit" : 1.64,
    "netProfitMargin" : 15.58,
    "netProfit" : 1.19
  }, {
    "date" : "2014-09-30",
    "sales" : 7.86,
    "salesGrowthYoY" : -1.01,
    "grossProfitMargin" : 46.56,
    "grossProfit" : 3.66,
    "operatingProfitMargin" : 20.61,
    "operatingProfit" : 1.62,
    "netProfitMargin" : 15.14,
    "netProfit" : 1.19
  }, {
    "date" : "2014-12-31",
    "sales" : 7.89,
    "salesGrowthYoY" : 7.93,
    "grossProfitMargin" : 48.29,
    "grossProfit" : 3.81,
    "operatingProfitMargin" : 22.56,
    "operatingProfit" : 1.78,
    "netProfitMargin" : 17.36,
    "netProfit" : 1.37
  }, {
    "date" : "2015-03-31",
    "sales" : 8.05,
    "salesGrowthYoY" : 10.43,
    "grossProfitMargin" : 48.32,
    "grossProfit" : 3.89,
    "operatingProfitMargin" : 15.28,
    "operatingProfit" : 1.23,
    "netProfitMargin" : 10.56,
    "netProfit" : 0.85
  }, {
    "date" : "2015-06-30",
    "sales" : 8.27,
    "salesGrowthYoY" : 8.25,
    "grossProfitMargin" : 45.47,
    "grossProfit" : 3.76,
    "operatingProfitMargin" : 18.98,
    "operatingProfit" : 1.57,
    "netProfitMargin" : 14.87,
    "netProfit" : 1.23
  }, {
    "date" : "2015-09-30",
    "sales" : 8.25,
    "salesGrowthYoY" : 4.96,
    "grossProfitMargin" : 45.09,
    "grossProfit" : 3.72,
    "operatingProfitMargin" : 16.73,
    "operatingProfit" : 1.38,
    "netProfitMargin" : 13.21,
    "netProfit" : 1.09
  }, {
    "date" : "2015-12-31",
    "sales" : 7.85,
    "salesGrowthYoY" : -0.51,
    "grossProfitMargin" : 45.86,
    "grossProfit" : 3.60,
    "operatingProfitMargin" : 16.82,
    "operatingProfit" : 1.32,
    "netProfitMargin" : 11.85,
    "netProfit" : 0.93
  }, {
    "date" : "2016-03-31",
    "sales" : 8.26,
    "salesGrowthYoY" : 2.61,
    "grossProfitMargin" : 49.27,
    "grossProfit" : 4.07,
    "operatingProfitMargin" : 21.43,
    "operatingProfit" : 1.77,
    "netProfitMargin" : 16.83,
    "netProfit" : 1.39
  }, {
    "date" : "2016-06-30",
    "sales" : 8.36,
    "salesGrowthYoY" : 1.09,
    "grossProfitMargin" : 48.92,
    "grossProfit" : 4.09,
    "operatingProfitMargin" : 18.90,
    "operatingProfit" : 1.58,
    "netProfitMargin" : 15.55,
    "netProfit" : 1.30
  }, {
    "date" : "2016-09-30",
    "sales" : 8.40,
    "salesGrowthYoY" : 1.82,
    "grossProfitMargin" : 47.50,
    "grossProfit" : 3.99,
    "operatingProfitMargin" : 14.29,
    "operatingProfit" : 1.20,
    "netProfitMargin" : 9.40,
    "netProfit" : 0.79
  }, {
    "date" : "2016-12-31",
    "sales" : 8.50,
    "salesGrowthYoY" : 8.28,
    "grossProfitMargin" : 44.12,
    "grossProfit" : 3.75,
    "operatingProfitMargin" : 17.65,
    "operatingProfit" : 1.50,
    "netProfitMargin" : 12.71,
    "netProfit" : 1.08
  }, {
    "date" : "2017-03-31",
    "sales" : 10.43,
    "salesGrowthYoY" : 26.27,
    "grossProfitMargin" : 44.39,
    "grossProfit" : 4.63,
    "operatingProfitMargin" : 16.87,
    "operatingProfit" : 1.76,
    "netProfitMargin" : 11.60,
    "netProfit" : 1.21
  }, {
    "date" : "2017-06-30",
    "sales" : 9.48,
    "salesGrowthYoY" : 13.40,
    "grossProfitMargin" : 43.88,
    "grossProfit" : 4.16,
    "operatingProfitMargin" : 15.61,
    "operatingProfit" : 1.48,
    "netProfitMargin" : 9.60,
    "netProfit" : 0.91
  }, {
    "date" : "2017-09-30",
    "sales" : 9.53,
    "salesGrowthYoY" : 13.45,
    "grossProfitMargin" : 44.39,
    "grossProfit" : 4.23,
    "operatingProfitMargin" : 16.37,
    "operatingProfit" : 1.56,
    "netProfitMargin" : 9.44,
    "netProfit" : 0.90
  }, {
    "date" : "2017-12-31",
    "sales" : 9.83,
    "salesGrowthYoY" : 15.65,
    "grossProfitMargin" : 41.71,
    "grossProfit" : 4.10,
    "operatingProfitMargin" : 16.28,
    "operatingProfit" : 1.60,
    "netProfitMargin" : 10.07,
    "netProfit" : 0.99
  }, {
    "date" : "2018-03-31",
    "sales" : 9.95,
    "salesGrowthYoY" : -4.60,
    "grossProfitMargin" : 49.55,
    "grossProfit" : 4.93,
    "operatingProfitMargin" : 15.48,
    "operatingProfit" : 1.54,
    "netProfitMargin" : 10.05,
    "netProfit" : 1.00
  }, {
    "date" : "2018-06-30",
    "sales" : 10.38,
    "salesGrowthYoY" : 9.49,
    "grossProfitMargin" : 46.92,
    "grossProfit" : 4.87,
    "operatingProfitMargin" : 18.59,
    "operatingProfit" : 1.93,
    "netProfitMargin" : 12.91,
    "netProfit" : 1.34
  }, {
    "date" : "2018-09-30",
    "sales" : 10.51,
    "salesGrowthYoY" : 10.28,
    "grossProfitMargin" : 46.05,
    "grossProfit" : 4.84,
    "operatingProfitMargin" : 17.41,
    "operatingProfit" : 1.83,
    "netProfitMargin" : 12.75,
    "netProfit" : 1.34
  }, {
    "date" : "2018-12-31",
    "sales" : 9.81,
    "salesGrowthYoY" : -0.20,
    "grossProfitMargin" : 48.22,
    "grossProfit" : 4.73,
    "operatingProfitMargin" : 19.98,
    "operatingProfit" : 1.96,
    "netProfitMargin" : 12.33,
    "netProfit" : 1.21
  }, {
    "date" : "2019-03-31",
    "sales" : 10.36,
    "salesGrowthYoY" : 4.12,
    "grossProfitMargin" : 49.32,
    "grossProfit" : 5.11,
    "operatingProfitMargin" : 15.54,
    "operatingProfit" : 1.61,
    "netProfitMargin" : 24.32,
    "netProfit" : 2.52
  }, {
    "date" : "2019-06-30",
    "sales" : 11.71,
    "salesGrowthYoY" : 12.81,
    "grossProfitMargin" : 49.70,
    "grossProfit" : 5.82,
    "operatingProfitMargin" : 14.69,
    "operatingProfit" : 1.72,
    "netProfitMargin" : 12.04,
    "netProfit" : 1.41
  }, {
    "date" : "2019-09-30",
    "sales" : 16.47,
    "salesGrowthYoY" : 56.71,
    "grossProfitMargin" : 47.78,
    "grossProfit" : 7.87,
    "operatingProfitMargin" : 11.90,
    "operatingProfit" : 1.96,
    "netProfitMargin" : 9.71,
    "netProfit" : 1.60
  }, {
    "date" : "2019-12-31",
    "sales" : 30.60,
    "salesGrowthYoY" : 211.93,
    "grossProfitMargin" : 64.22,
    "grossProfit" : 19.65,
    "operatingProfitMargin" : 48.82,
    "operatingProfit" : 14.94,
    "netProfitMargin" : 31.73,
    "netProfit" : 9.71
  }, {
    "date" : "2020-03-31",
    "sales" : 26.35,
    "salesGrowthYoY" : 154.34,
    "grossProfitMargin" : 66.76,
    "grossProfit" : 17.59,
    "operatingProfitMargin" : 50.17,
    "operatingProfit" : 13.22,
    "netProfitMargin" : 41.56,
    "netProfit" : 10.95
  }, {
    "date" : "2020-06-30",
    "sales" : 15.66,
    "salesGrowthYoY" : 33.73,
    "grossProfitMargin" : 68.14,
    "grossProfit" : 10.67,
    "operatingProfitMargin" : 42.08,
    "operatingProfit" : 6.59,
    "netProfitMargin" : 35.57,
    "netProfit" : 5.57
  }, {
    "date" : "2020-09-30",
    "sales" : 27.20,
    "salesGrowthYoY" : 65.15,
    "grossProfitMargin" : 71.80,
    "grossProfit" : 19.53,
    "operatingProfitMargin" : 54.19,
    "operatingProfit" : 14.74,
    "netProfitMargin" : 41.73,
    "netProfit" : 11.35
  }, {
    "date" : "2020-12-31",
    "sales" : 24.40,
    "salesGrowthYoY" : -20.26,
    "grossProfitMargin" : 64.55,
    "grossProfit" : 15.75,
    "operatingProfitMargin" : 43.81,
    "operatingProfit" : 10.69,
    "netProfitMargin" : 30.61,
    "netProfit" : 7.47
  }, {
    "date" : "2021-03-31",
    "sales" : 23.30,
    "salesGrowthYoY" : -11.57,
    "grossProfitMargin" : 54.38,
    "grossProfit" : 12.67,
    "operatingProfitMargin" : 35.62,
    "operatingProfit" : 8.30,
    "netProfitMargin" : 24.85,
    "netProfit" : 5.79
  }, {
    "date" : "2021-06-30",
    "sales" : 32.44,
    "salesGrowthYoY" : 107.15,
    "grossProfitMargin" : 63.72,
    "grossProfit" : 20.67,
    "operatingProfitMargin" : 51.57,
    "operatingProfit" : 16.73,
    "netProfitMargin" : 39.83,
    "netProfit" : 12.92
  }, {
    "date" : "2021-09-30",
    "sales" : 35.05,
    "salesGrowthYoY" : 28.86,
    "grossProfitMargin" : 65.36,
    "grossProfit" : 22.91,
    "operatingProfitMargin" : 52.64,
    "operatingProfit" : 18.45,
    "netProfitMargin" : 39.34,
    "netProfit" : 13.79
  }, {
    "date" : "2021-12-31",
    "sales" : 18.60,
    "salesGrowthYoY" : -23.77,
    "grossProfitMargin" : 77.20,
    "grossProfit" : 14.36,
    "operatingProfitMargin" : 52.69,
    "operatingProfit" : 9.80,
    "netProfitMargin" : 38.28,
    "netProfit" : 7.12
  }, {
    "date" : "2022-03-31",
    "sales" : 28.76,
    "salesGrowthYoY" : 23.43,
    "grossProfitMargin" : 64.57,
    "grossProfit" : 18.57,
    "operatingProfitMargin" : 45.48,
    "operatingProfit" : 13.08,
    "netProfitMargin" : 34.04,
    "netProfit" : 9.79
  }, {
    "date" : "2022-06-30",
    "sales" : 44.94,
    "salesGrowthYoY" : 38.53,
    "grossProfitMargin" : 61.10,
    "grossProfit" : 27.46,
    "operatingProfitMargin" : 50.69,
    "operatingProfit" : 22.78,
    "netProfitMargin" : 39.54,
    "netProfit" : 17.77
  }, {
    "date" : "2022-09-30",
    "sales" : 47.69,
    "salesGrowthYoY" : 36.06,
    "grossProfitMargin" : 61.63,
    "grossProfit" : 29.39,
    "operatingProfitMargin" : 51.16,
    "operatingProfit" : 24.40,
    "netProfitMargin" : 39.21,
    "netProfit" : 18.70
  }, {
    "date" : "2022-12-31",
    "sales" : 28.17,
    "salesGrowthYoY" : 51.45,
    "grossProfitMargin" : 69.36,
    "grossProfit" : 19.54,
    "operatingProfitMargin" : 42.99,
    "operatingProfit" : 12.11,
    "netProfitMargin" : 34.82,
    "netProfit" : 9.81
  }, {
    "date" : "2023-03-31",
    "sales" : 27.59,
    "salesGrowthYoY" : -4.07,
    "grossProfitMargin" : 69.26,
    "grossProfit" : 19.11,
    "operatingProfitMargin" : 52.05,
    "operatingProfit" : 14.36,
    "netProfitMargin" : 42.37,
    "netProfit" : 11.69
  }, {
    "date" : "2023-06-30",
    "sales" : 49.59,
    "salesGrowthYoY" : 10.35,
    "grossProfitMargin" : 59.06,
    "grossProfit" : 29.29,
    "operatingProfitMargin" : 47.43,
    "operatingProfit" : 23.52,
    "netProfitMargin" : 35.73,
    "netProfit" : 17.72
  }, {
    "date" : "2023-09-30",
    "sales" : 39.54,
    "salesGrowthYoY" : -17.09,
    "grossProfitMargin" : 62.70,
    "grossProfit" : 24.79,
    "operatingProfitMargin" : 42.29,
    "operatingProfit" : 16.72,
    "netProfitMargin" : 31.71,
    "netProfit" : 12.54
  }, {
    "date" : "2023-12-31",
    "sales" : 38.78,
    "salesGrowthYoY" : 37.66,
    "grossProfitMargin" : 65.14,
    "grossProfit" : 25.26,
    "operatingProfitMargin" : 45.56,
    "operatingProfit" : 17.67,
    "netProfitMargin" : 33.55,
    "netProfit" : 13.01
  }, {
    "date" : "2024-03-31",
    "sales" : 42.01,
    "salesGrowthYoY" : 52.27,
    "grossProfitMargin" : 65.20,
    "grossProfit" : 27.39,
    "operatingProfitMargin" : 49.80,
    "operatingProfit" : 20.92,
    "netProfitMargin" : 37.82,
    "netProfit" : 15.89
  }, {
    "date" : "2024-06-30",
    "sales" : 38.83,
    "salesGrowthYoY" : -21.70,
    "grossProfitMargin" : 68.09,
    "grossProfit" : 26.44,
    "operatingProfitMargin" : 47.80,
    "operatingProfit" : 18.56,
    "netProfitMargin" : 34.10,
    "netProfit" : 13.24
  }, {
    "date" : "2024-09-30",
    "sales" : 34.72,
    "salesGrowthYoY" : -12.19,
    "grossProfitMargin" : 65.50,
    "grossProfit" : 22.74,
    "operatingProfitMargin" : 44.33,
    "operatingProfit" : 15.39,
    "netProfitMargin" : 30.44,
    "netProfit" : 10.57
  }, {
    "date" : "2024-12-31",
    "sales" : 39.52,
    "salesGrowthYoY" : 1.91,
    "grossProfitMargin" : 64.80,
    "grossProfit" : 25.61,
    "operatingProfitMargin" : 47.72,
    "operatingProfit" : 18.86,
    "netProfitMargin" : 32.82,
    "netProfit" : 12.97
  }, {
    "date" : "2025-03-31",
    "sales" : 37.74,
    "salesGrowthYoY" : -10.16,
    "grossProfitMargin" : 65.95,
    "grossProfit" : 24.89,
    "operatingProfitMargin" : 42.50,
    "operatingProfit" : 16.04,
    "netProfitMargin" : 31.80,
    "netProfit" : 12.00
  }, {
    "date" : "2025-06-30",
    "sales" : 35.87,
    "salesGrowthYoY" : -7.62,
    "grossProfitMargin" : 62.20,
    "grossProfit" : 22.31,
    "operatingProfitMargin" : 38.81,
    "operatingProfit" : 13.92,
    "netProfitMargin" : 25.26,
    "netProfit" : 9.06
  }, {
    "date" : "2025-09-30",
    "sales" : 42.35,
    "salesGrowthYoY" : 21.98,
    "grossProfitMargin" : 70.89,
    "grossProfit" : 30.02,
    "operatingProfitMargin" : 49.45,
    "operatingProfit" : 20.94,
    "netProfitMargin" : 33.67,
    "netProfit" : 14.26
  } ],
  "latestQuarterlyResult" : {
    "date" : "2025-09-30",
    "sales" : 42.35,
    "salesGrowthYoY" : 21.98,
    "grossProfitMargin" : 70.89,
    "grossProfit" : 30.02,
    "operatingProfitMargin" : 49.45,
    "operatingProfit" : 20.94,
    "netProfitMargin" : 33.67,
    "netProfit" : 14.26
  },
  "companyScore" : {
    "priceHigherThanDma50" : 0.00,
    "priceHigherThanDma100" : 0.00,
    "priceHigherThanDma200" : 5.00,
    "dma50HigherThanDma100" : 5.00,
    "dma50HigherThanDma200" : 5.00,
    "dma100HigherThanDma200" : 5.00,
    "pricePercentageAboveDma50" : 5.25,
    "pricePercentageAboveDma100" : 5.14,
    "pricePercentageAboveDma200" : 4.71,
    "weeklyVolumeHigherThanYearlyVolume" : 0.00,
    "salesGrowthPercentile" : 13.92,
    "operatingProfitMarginPercentile" : 19.82,
    "netProfitMarginPercentile" : 9.86,
    "totalTechnicalScore" : 35.10,
    "totalFundamentalScore" : 43.59,
    "totalScore" : 78.70
  }
}