{
  "metadata" : {
    "screenerCompanyId" : "1287",
    "companyCode" : "HATSUN",
    "companyName" : "Hatsun Agro",
    "screenerCompanyLink" : "https://www.screener.in/company/HATSUN/",
    "screenerTechnicalHistoryLink" : "https://www.screener.in/api/company/1287/chart/?q=Price-DMA50-DMA200-Volume&days=365",
    "screenerQuarterlyResultsLink" : "https://www.screener.in/api/company/1287/chart/?q=GPM-OPM-NPM-Quarter+Sales&days=10000",
    "attributes" : {
      "companyCode" : "HATSUN",
      "companyName" : "Hatsun Agro",
      "marketCap" : 21764.00,
      "peRatio" : 60.60,
      "description" : "Hatsun Agro Product Limited has been in business for over 5 decades and achieved the position of the largest private-sector industry in the Dairy sector manufacturing and marketing Milk and Milk products, Ice-Cream, etc. [1] It was incorporated by Mr. R G Chandramogan, who has been in the dairy business for more than 30 years. [2] Its journey began with Arun Icecreams. [3]"
    },
    "companyScore" : {
      "priceHigherThanDma50" : 0.00,
      "priceHigherThanDma100" : 5.00,
      "priceHigherThanDma200" : 0.00,
      "dma50HigherThanDma100" : 5.00,
      "dma50HigherThanDma200" : 5.00,
      "dma100HigherThanDma200" : 0.00,
      "pricePercentageAboveDma50" : 5.11,
      "pricePercentageAboveDma100" : 4.95,
      "pricePercentageAboveDma200" : 5.01,
      "weeklyVolumeHigherThanYearlyVolume" : 0.00,
      "salesGrowthPercentile" : 11.14,
      "operatingProfitMarginPercentile" : 18.80,
      "netProfitMarginPercentile" : 9.64,
      "totalTechnicalScore" : 30.07,
      "totalFundamentalScore" : 39.57,
      "totalScore" : 69.64
    }
  },
  "attributes" : {
    "companyCode" : "HATSUN",
    "companyName" : "Hatsun Agro",
    "marketCap" : 21764.00,
    "peRatio" : 60.60,
    "description" : "Hatsun Agro Product Limited has been in business for over 5 decades and achieved the position of the largest private-sector industry in the Dairy sector manufacturing and marketing Milk and Milk products, Ice-Cream, etc. [1] It was incorporated by Mr. R G Chandramogan, who has been in the dairy business for more than 30 years. [2] Its journey began with Arun Icecreams. [3]"
  },
  "technicalHistory" : [ {
    "date" : "2025-01-03",
    "price" : 1005.05,
    "dma50" : 1077.63,
    "dma100" : null,
    "dma200" : 1113.87,
    "volume" : 37852.00
  }, {
    "date" : "2025-01-06",
    "price" : 977.10,
    "dma50" : 1073.69,
    "dma100" : null,
    "dma200" : 1112.50,
    "volume" : 24085.00
  }, {
    "date" : "2025-01-07",
    "price" : 988.05,
    "dma50" : 1070.33,
    "dma100" : null,
    "dma200" : 1111.27,
    "volume" : 17420.00
  }, {
    "date" : "2025-01-08",
    "price" : 987.95,
    "dma50" : 1067.10,
    "dma100" : null,
    "dma200" : 1110.04,
    "volume" : 11747.00
  }, {
    "date" : "2025-01-09",
    "price" : 986.95,
    "dma50" : 1063.96,
    "dma100" : null,
    "dma200" : 1108.81,
    "volume" : 10755.00
  }, {
    "date" : "2025-01-10",
    "price" : 959.75,
    "dma50" : 1059.87,
    "dma100" : null,
    "dma200" : 1107.33,
    "volume" : 60054.00
  }, {
    "date" : "2025-01-13",
    "price" : 937.65,
    "dma50" : 1055.08,
    "dma100" : null,
    "dma200" : 1105.64,
    "volume" : 21586.00
  }, {
    "date" : "2025-01-14",
    "price" : 956.15,
    "dma50" : 1051.20,
    "dma100" : null,
    "dma200" : 1104.16,
    "volume" : 9180.00
  }, {
    "date" : "2025-01-15",
    "price" : 1074.55,
    "dma50" : 1052.11,
    "dma100" : null,
    "dma200" : 1103.86,
    "volume" : 166222.00
  }, {
    "date" : "2025-01-16",
    "price" : 1039.75,
    "dma50" : 1051.63,
    "dma100" : null,
    "dma200" : 1103.22,
    "volume" : 64946.00
  }, {
    "date" : "2025-01-17",
    "price" : 970.70,
    "dma50" : 1048.46,
    "dma100" : null,
    "dma200" : 1101.90,
    "volume" : 177046.00
  }, {
    "date" : "2025-01-20",
    "price" : 954.80,
    "dma50" : 1044.78,
    "dma100" : null,
    "dma200" : 1100.44,
    "volume" : 1328835.00
  }, {
    "date" : "2025-01-21",
    "price" : 947.95,
    "dma50" : 1040.99,
    "dma100" : null,
    "dma200" : 1098.92,
    "volume" : 46816.00
  }, {
    "date" : "2025-01-22",
    "price" : 934.55,
    "dma50" : 1036.81,
    "dma100" : null,
    "dma200" : 1097.29,
    "volume" : 23051.00
  }, {
    "date" : "2025-01-23",
    "price" : 923.60,
    "dma50" : 1032.37,
    "dma100" : null,
    "dma200" : 1095.56,
    "volume" : 298116.00
  }, {
    "date" : "2025-01-24",
    "price" : 940.80,
    "dma50" : 1028.78,
    "dma100" : null,
    "dma200" : 1094.02,
    "volume" : 134710.00
  }, {
    "date" : "2025-01-27",
    "price" : 955.35,
    "dma50" : 1025.90,
    "dma100" : null,
    "dma200" : 1092.64,
    "volume" : 82579.00
  }, {
    "date" : "2025-01-28",
    "price" : 941.50,
    "dma50" : 1022.59,
    "dma100" : null,
    "dma200" : 1091.14,
    "volume" : 28316.00
  }, {
    "date" : "2025-01-29",
    "price" : 947.95,
    "dma50" : 1019.66,
    "dma100" : null,
    "dma200" : 1089.71,
    "volume" : 9887.00
  }, {
    "date" : "2025-01-30",
    "price" : 941.70,
    "dma50" : 1016.61,
    "dma100" : null,
    "dma200" : 1088.24,
    "volume" : 13130.00
  }, {
    "date" : "2025-01-31",
    "price" : 942.10,
    "dma50" : 1013.69,
    "dma100" : null,
    "dma200" : 1086.78,
    "volume" : 11672.00
  }, {
    "date" : "2025-02-01",
    "price" : 952.45,
    "dma50" : 1011.28,
    "dma100" : null,
    "dma200" : 1085.45,
    "volume" : 24098.00
  }, {
    "date" : "2025-02-03",
    "price" : 1011.70,
    "dma50" : 1011.30,
    "dma100" : null,
    "dma200" : 1084.71,
    "volume" : 576574.00
  }, {
    "date" : "2025-02-04",
    "price" : 1013.35,
    "dma50" : 1011.38,
    "dma100" : null,
    "dma200" : 1084.00,
    "volume" : 72134.00
  }, {
    "date" : "2025-02-05",
    "price" : 1005.00,
    "dma50" : 1011.13,
    "dma100" : null,
    "dma200" : 1083.22,
    "volume" : 24250.00
  }, {
    "date" : "2025-02-06",
    "price" : 1023.05,
    "dma50" : 1011.60,
    "dma100" : null,
    "dma200" : 1082.62,
    "volume" : 33869.00
  }, {
    "date" : "2025-02-07",
    "price" : 1020.50,
    "dma50" : 1011.95,
    "dma100" : null,
    "dma200" : 1082.00,
    "volume" : 16174.00
  }, {
    "date" : "2025-02-10",
    "price" : 992.60,
    "dma50" : 1011.19,
    "dma100" : null,
    "dma200" : 1081.11,
    "volume" : 29946.00
  }, {
    "date" : "2025-02-11",
    "price" : 980.45,
    "dma50" : 1009.98,
    "dma100" : null,
    "dma200" : 1080.11,
    "volume" : 22278.00
  }, {
    "date" : "2025-02-12",
    "price" : 975.60,
    "dma50" : 1008.63,
    "dma100" : null,
    "dma200" : 1079.07,
    "volume" : 32717.00
  }, {
    "date" : "2025-02-13",
    "price" : 966.05,
    "dma50" : 1006.96,
    "dma100" : null,
    "dma200" : 1077.95,
    "volume" : 9105.00
  }, {
    "date" : "2025-02-14",
    "price" : 974.50,
    "dma50" : 1005.69,
    "dma100" : null,
    "dma200" : 1076.92,
    "volume" : 13203.00
  }, {
    "date" : "2025-02-17",
    "price" : 964.65,
    "dma50" : 1004.08,
    "dma100" : null,
    "dma200" : 1075.80,
    "volume" : 14312.00
  }, {
    "date" : "2025-02-18",
    "price" : 958.50,
    "dma50" : 1002.29,
    "dma100" : null,
    "dma200" : 1074.63,
    "volume" : 32001.00
  }, {
    "date" : "2025-02-19",
    "price" : 957.70,
    "dma50" : 1000.55,
    "dma100" : null,
    "dma200" : 1073.47,
    "volume" : 26337.00
  }, {
    "date" : "2025-02-20",
    "price" : 964.10,
    "dma50" : 999.12,
    "dma100" : null,
    "dma200" : 1072.38,
    "volume" : 9816.00
  }, {
    "date" : "2025-02-21",
    "price" : 961.70,
    "dma50" : 997.65,
    "dma100" : null,
    "dma200" : 1071.28,
    "volume" : 7831.00
  }, {
    "date" : "2025-02-24",
    "price" : 962.30,
    "dma50" : 996.26,
    "dma100" : null,
    "dma200" : 1070.19,
    "volume" : 11544.00
  }, {
    "date" : "2025-02-25",
    "price" : 980.80,
    "dma50" : 995.66,
    "dma100" : null,
    "dma200" : 1069.30,
    "volume" : 32415.00
  }, {
    "date" : "2025-02-27",
    "price" : 980.40,
    "dma50" : 995.06,
    "dma100" : null,
    "dma200" : 1068.42,
    "volume" : 29146.00
  }, {
    "date" : "2025-02-28",
    "price" : 972.45,
    "dma50" : 994.17,
    "dma100" : null,
    "dma200" : 1067.47,
    "volume" : 163189.00
  }, {
    "date" : "2025-03-03",
    "price" : 898.30,
    "dma50" : 990.41,
    "dma100" : null,
    "dma200" : 1065.78,
    "volume" : 247452.00
  }, {
    "date" : "2025-03-04",
    "price" : 874.40,
    "dma50" : 985.86,
    "dma100" : null,
    "dma200" : 1063.88,
    "volume" : 120814.00
  }, {
    "date" : "2025-03-05",
    "price" : 895.85,
    "dma50" : 982.33,
    "dma100" : null,
    "dma200" : 1062.21,
    "volume" : 31736.00
  }, {
    "date" : "2025-03-06",
    "price" : 897.60,
    "dma50" : 979.01,
    "dma100" : null,
    "dma200" : 1060.57,
    "volume" : 23364.00
  }, {
    "date" : "2025-03-07",
    "price" : 886.45,
    "dma50" : 975.38,
    "dma100" : null,
    "dma200" : 1058.84,
    "volume" : 19822.00
  }, {
    "date" : "2025-03-10",
    "price" : 883.75,
    "dma50" : 971.79,
    "dma100" : null,
    "dma200" : 1057.09,
    "volume" : 12521.00
  }, {
    "date" : "2025-03-11",
    "price" : 871.40,
    "dma50" : 967.85,
    "dma100" : null,
    "dma200" : 1055.25,
    "volume" : 21861.00
  }, {
    "date" : "2025-03-12",
    "price" : 868.60,
    "dma50" : 963.96,
    "dma100" : null,
    "dma200" : 1053.39,
    "volume" : 34154.00
  }, {
    "date" : "2025-03-13",
    "price" : 868.00,
    "dma50" : 960.19,
    "dma100" : null,
    "dma200" : 1051.54,
    "volume" : 400388.00
  }, {
    "date" : "2025-03-17",
    "price" : 895.55,
    "dma50" : 957.66,
    "dma100" : null,
    "dma200" : 1049.99,
    "volume" : 37716.00
  }, {
    "date" : "2025-03-18",
    "price" : 924.50,
    "dma50" : 956.36,
    "dma100" : null,
    "dma200" : 1048.74,
    "volume" : 62612.00
  }, {
    "date" : "2025-03-19",
    "price" : 912.00,
    "dma50" : 954.62,
    "dma100" : null,
    "dma200" : 1047.38,
    "volume" : 48449.00
  }, {
    "date" : "2025-03-20",
    "price" : 920.65,
    "dma50" : 953.29,
    "dma100" : null,
    "dma200" : 1046.12,
    "volume" : 27200.00
  }, {
    "date" : "2025-03-21",
    "price" : 952.60,
    "dma50" : 953.26,
    "dma100" : null,
    "dma200" : 1045.19,
    "volume" : 82008.00
  }, {
    "date" : "2025-03-24",
    "price" : 963.35,
    "dma50" : 953.66,
    "dma100" : null,
    "dma200" : 1044.38,
    "volume" : 19351.00
  }, {
    "date" : "2025-03-25",
    "price" : 989.60,
    "dma50" : 955.07,
    "dma100" : null,
    "dma200" : 1043.83,
    "volume" : 1006595.00
  }, {
    "date" : "2025-03-26",
    "price" : 969.20,
    "dma50" : 955.62,
    "dma100" : null,
    "dma200" : 1043.09,
    "volume" : 36613.00
  }, {
    "date" : "2025-03-27",
    "price" : 944.40,
    "dma50" : 955.18,
    "dma100" : null,
    "dma200" : 1042.11,
    "volume" : 32283.00
  }, {
    "date" : "2025-03-28",
    "price" : 964.15,
    "dma50" : 955.53,
    "dma100" : null,
    "dma200" : 1041.33,
    "volume" : 29111.00
  }, {
    "date" : "2025-04-01",
    "price" : 903.20,
    "dma50" : 953.48,
    "dma100" : null,
    "dma200" : 1039.96,
    "volume" : 310182.00
  }, {
    "date" : "2025-04-02",
    "price" : 911.85,
    "dma50" : 951.85,
    "dma100" : null,
    "dma200" : 1038.68,
    "volume" : 70602.00
  }, {
    "date" : "2025-04-03",
    "price" : 910.05,
    "dma50" : 950.21,
    "dma100" : null,
    "dma200" : 1037.40,
    "volume" : 152193.00
  }, {
    "date" : "2025-04-04",
    "price" : 904.65,
    "dma50" : 948.42,
    "dma100" : null,
    "dma200" : 1036.08,
    "volume" : 28726.00
  }, {
    "date" : "2025-04-07",
    "price" : 877.90,
    "dma50" : 945.66,
    "dma100" : null,
    "dma200" : 1034.51,
    "volume" : 32383.00
  }, {
    "date" : "2025-04-08",
    "price" : 944.40,
    "dma50" : 945.61,
    "dma100" : null,
    "dma200" : 1033.61,
    "volume" : 92518.00
  }, {
    "date" : "2025-04-09",
    "price" : 916.00,
    "dma50" : 944.45,
    "dma100" : null,
    "dma200" : 1032.44,
    "volume" : 15533.00
  }, {
    "date" : "2025-04-11",
    "price" : 941.90,
    "dma50" : 944.35,
    "dma100" : null,
    "dma200" : 1031.54,
    "volume" : 31533.00
  }, {
    "date" : "2025-04-15",
    "price" : 945.95,
    "dma50" : 944.41,
    "dma100" : null,
    "dma200" : 1030.69,
    "volume" : 15946.00
  }, {
    "date" : "2025-04-16",
    "price" : 950.20,
    "dma50" : 944.64,
    "dma100" : null,
    "dma200" : 1029.89,
    "volume" : 19630.00
  }, {
    "date" : "2025-04-17",
    "price" : 944.10,
    "dma50" : 944.61,
    "dma100" : null,
    "dma200" : 1029.03,
    "volume" : 21549.00
  }, {
    "date" : "2025-04-21",
    "price" : 949.05,
    "dma50" : 944.79,
    "dma100" : null,
    "dma200" : 1028.24,
    "volume" : 22220.00
  }, {
    "date" : "2025-04-22",
    "price" : 949.20,
    "dma50" : 944.96,
    "dma100" : null,
    "dma200" : 1027.45,
    "volume" : 287359.00
  }, {
    "date" : "2025-04-23",
    "price" : 956.05,
    "dma50" : 945.40,
    "dma100" : null,
    "dma200" : 1026.74,
    "volume" : 21927.00
  }, {
    "date" : "2025-04-24",
    "price" : 940.85,
    "dma50" : 945.22,
    "dma100" : null,
    "dma200" : 1025.89,
    "volume" : 80571.00
  }, {
    "date" : "2025-04-25",
    "price" : 925.80,
    "dma50" : 944.46,
    "dma100" : null,
    "dma200" : 1024.89,
    "volume" : 25645.00
  }, {
    "date" : "2025-04-28",
    "price" : 940.35,
    "dma50" : 944.30,
    "dma100" : null,
    "dma200" : 1024.05,
    "volume" : 37329.00
  }, {
    "date" : "2025-04-29",
    "price" : 893.40,
    "dma50" : 942.30,
    "dma100" : null,
    "dma200" : 1022.75,
    "volume" : 187813.00
  }, {
    "date" : "2025-04-30",
    "price" : 905.75,
    "dma50" : 940.87,
    "dma100" : null,
    "dma200" : 1021.58,
    "volume" : 44165.00
  }, {
    "date" : "2025-05-02",
    "price" : 898.65,
    "dma50" : 939.21,
    "dma100" : null,
    "dma200" : 1020.36,
    "volume" : 54794.00
  }, {
    "date" : "2025-05-05",
    "price" : 885.45,
    "dma50" : 937.10,
    "dma100" : null,
    "dma200" : 1019.02,
    "volume" : 31188.00
  }, {
    "date" : "2025-05-06",
    "price" : 869.00,
    "dma50" : 934.43,
    "dma100" : null,
    "dma200" : 1017.53,
    "volume" : 24756.00
  }, {
    "date" : "2025-05-07",
    "price" : 888.75,
    "dma50" : 932.64,
    "dma100" : null,
    "dma200" : 1016.25,
    "volume" : 50098.00
  }, {
    "date" : "2025-05-08",
    "price" : 882.65,
    "dma50" : 930.68,
    "dma100" : null,
    "dma200" : 1014.92,
    "volume" : 35196.00
  }, {
    "date" : "2025-05-09",
    "price" : 883.70,
    "dma50" : 928.84,
    "dma100" : null,
    "dma200" : 1013.61,
    "volume" : 30309.00
  }, {
    "date" : "2025-05-12",
    "price" : 901.05,
    "dma50" : 927.75,
    "dma100" : null,
    "dma200" : 1012.49,
    "volume" : 38348.00
  }, {
    "date" : "2025-05-13",
    "price" : 904.85,
    "dma50" : 926.85,
    "dma100" : null,
    "dma200" : 1011.42,
    "volume" : 42513.00
  }, {
    "date" : "2025-05-14",
    "price" : 895.75,
    "dma50" : 925.63,
    "dma100" : null,
    "dma200" : 1010.27,
    "volume" : 29819.00
  }, {
    "date" : "2025-05-15",
    "price" : 902.55,
    "dma50" : 924.73,
    "dma100" : null,
    "dma200" : 1009.20,
    "volume" : 25716.00
  }, {
    "date" : "2025-05-16",
    "price" : 898.60,
    "dma50" : 923.70,
    "dma100" : null,
    "dma200" : 1008.10,
    "volume" : 35227.00
  }, {
    "date" : "2025-05-19",
    "price" : 905.15,
    "dma50" : 922.97,
    "dma100" : null,
    "dma200" : 1007.07,
    "volume" : 72680.00
  }, {
    "date" : "2025-05-20",
    "price" : 901.65,
    "dma50" : 922.14,
    "dma100" : null,
    "dma200" : 1006.02,
    "volume" : 44991.00
  }, {
    "date" : "2025-05-21",
    "price" : 893.10,
    "dma50" : 921.00,
    "dma100" : null,
    "dma200" : 1004.90,
    "volume" : 32756.00
  }, {
    "date" : "2025-05-22",
    "price" : 900.15,
    "dma50" : 920.18,
    "dma100" : null,
    "dma200" : 1003.86,
    "volume" : 82386.00
  }, {
    "date" : "2025-05-23",
    "price" : 890.85,
    "dma50" : 919.03,
    "dma100" : null,
    "dma200" : 1002.73,
    "volume" : 27342.00
  }, {
    "date" : "2025-05-26",
    "price" : 894.65,
    "dma50" : 918.07,
    "dma100" : null,
    "dma200" : 1001.66,
    "volume" : 27478.00
  }, {
    "date" : "2025-05-27",
    "price" : 892.00,
    "dma50" : 917.05,
    "dma100" : null,
    "dma200" : 1000.57,
    "volume" : 27115.00
  }, {
    "date" : "2025-05-28",
    "price" : 924.85,
    "dma50" : 917.36,
    "dma100" : null,
    "dma200" : 999.81,
    "volume" : 164367.00
  }, {
    "date" : "2025-05-29",
    "price" : 958.20,
    "dma50" : 918.96,
    "dma100" : null,
    "dma200" : 999.40,
    "volume" : 97132.00
  }, {
    "date" : "2025-05-30",
    "price" : 964.40,
    "dma50" : 920.74,
    "dma100" : null,
    "dma200" : 999.05,
    "volume" : 64168.00
  }, {
    "date" : "2025-06-02",
    "price" : 965.20,
    "dma50" : 922.48,
    "dma100" : 938.19,
    "dma200" : 998.71,
    "volume" : 38470.00
  }, {
    "date" : "2025-06-03",
    "price" : 974.15,
    "dma50" : 924.51,
    "dma100" : 938.16,
    "dma200" : 998.47,
    "volume" : 29904.00
  }, {
    "date" : "2025-06-04",
    "price" : 993.35,
    "dma50" : 927.21,
    "dma100" : 938.21,
    "dma200" : 998.42,
    "volume" : 63057.00
  }, {
    "date" : "2025-06-05",
    "price" : 983.70,
    "dma50" : 929.43,
    "dma100" : 938.17,
    "dma200" : 998.27,
    "volume" : 48399.00
  }, {
    "date" : "2025-06-06",
    "price" : 984.45,
    "dma50" : 931.58,
    "dma100" : 938.15,
    "dma200" : 998.13,
    "volume" : 26789.00
  }, {
    "date" : "2025-06-09",
    "price" : 979.60,
    "dma50" : 933.47,
    "dma100" : 938.34,
    "dma200" : 997.95,
    "volume" : 27981.00
  }, {
    "date" : "2025-06-10",
    "price" : 981.25,
    "dma50" : 935.34,
    "dma100" : 938.78,
    "dma200" : 997.78,
    "volume" : 9125.00
  }, {
    "date" : "2025-06-11",
    "price" : 965.60,
    "dma50" : 936.53,
    "dma100" : 938.87,
    "dma200" : 997.46,
    "volume" : 18519.00
  }, {
    "date" : "2025-06-12",
    "price" : 983.10,
    "dma50" : 938.35,
    "dma100" : 937.96,
    "dma200" : 997.32,
    "volume" : 53756.00
  }, {
    "date" : "2025-06-13",
    "price" : 981.40,
    "dma50" : 940.04,
    "dma100" : 937.38,
    "dma200" : 997.16,
    "volume" : 26181.00
  }, {
    "date" : "2025-06-16",
    "price" : 950.30,
    "dma50" : 940.44,
    "dma100" : 937.17,
    "dma200" : 996.70,
    "volume" : 36665.00
  }, {
    "date" : "2025-06-17",
    "price" : 961.10,
    "dma50" : 941.25,
    "dma100" : 937.24,
    "dma200" : 996.34,
    "volume" : 51206.00
  }, {
    "date" : "2025-06-18",
    "price" : 962.50,
    "dma50" : 942.09,
    "dma100" : 937.38,
    "dma200" : 996.00,
    "volume" : 37979.00
  }, {
    "date" : "2025-06-19",
    "price" : 948.55,
    "dma50" : 942.34,
    "dma100" : 937.52,
    "dma200" : 995.53,
    "volume" : 18496.00
  }, {
    "date" : "2025-06-20",
    "price" : 951.40,
    "dma50" : 942.70,
    "dma100" : 937.80,
    "dma200" : 995.09,
    "volume" : 19014.00
  }, {
    "date" : "2025-06-23",
    "price" : 936.45,
    "dma50" : 942.45,
    "dma100" : 937.76,
    "dma200" : 994.51,
    "volume" : 25263.00
  }, {
    "date" : "2025-06-24",
    "price" : 932.80,
    "dma50" : 942.07,
    "dma100" : 937.53,
    "dma200" : 993.90,
    "volume" : 13115.00
  }, {
    "date" : "2025-06-25",
    "price" : 953.40,
    "dma50" : 942.52,
    "dma100" : 937.65,
    "dma200" : 993.49,
    "volume" : 37274.00
  }, {
    "date" : "2025-06-26",
    "price" : 945.90,
    "dma50" : 942.65,
    "dma100" : 937.63,
    "dma200" : 993.02,
    "volume" : 21410.00
  }, {
    "date" : "2025-06-27",
    "price" : 945.45,
    "dma50" : 942.76,
    "dma100" : 937.67,
    "dma200" : 992.55,
    "volume" : 11364.00
  }, {
    "date" : "2025-06-30",
    "price" : 957.10,
    "dma50" : 943.32,
    "dma100" : 937.82,
    "dma200" : 992.19,
    "volume" : 16721.00
  }, {
    "date" : "2025-07-01",
    "price" : 952.70,
    "dma50" : 943.69,
    "dma100" : 937.82,
    "dma200" : 991.80,
    "volume" : 17685.00
  }, {
    "date" : "2025-07-02",
    "price" : 948.10,
    "dma50" : 943.86,
    "dma100" : 937.18,
    "dma200" : 991.37,
    "volume" : 26410.00
  }, {
    "date" : "2025-07-03",
    "price" : 943.00,
    "dma50" : 943.83,
    "dma100" : 936.48,
    "dma200" : 990.88,
    "volume" : 19221.00
  }, {
    "date" : "2025-07-04",
    "price" : 956.35,
    "dma50" : 944.32,
    "dma100" : 935.99,
    "dma200" : 990.54,
    "volume" : 34215.00
  }, {
    "date" : "2025-07-07",
    "price" : 967.30,
    "dma50" : 945.22,
    "dma100" : 935.43,
    "dma200" : 990.31,
    "volume" : 40178.00
  }, {
    "date" : "2025-07-08",
    "price" : 978.70,
    "dma50" : 946.53,
    "dma100" : 935.02,
    "dma200" : 990.19,
    "volume" : 64798.00
  }, {
    "date" : "2025-07-09",
    "price" : 979.10,
    "dma50" : 947.81,
    "dma100" : 934.88,
    "dma200" : 990.08,
    "volume" : 22972.00
  }, {
    "date" : "2025-07-10",
    "price" : 956.60,
    "dma50" : 948.16,
    "dma100" : 934.64,
    "dma200" : 989.75,
    "volume" : 30460.00
  }, {
    "date" : "2025-07-11",
    "price" : 947.75,
    "dma50" : 948.14,
    "dma100" : 934.36,
    "dma200" : 989.33,
    "volume" : 19772.00
  }, {
    "date" : "2025-07-14",
    "price" : 941.30,
    "dma50" : 947.87,
    "dma100" : 934.12,
    "dma200" : 988.85,
    "volume" : 14773.00
  }, {
    "date" : "2025-07-15",
    "price" : 944.15,
    "dma50" : 947.73,
    "dma100" : 933.81,
    "dma200" : 988.41,
    "volume" : 13345.00
  }, {
    "date" : "2025-07-16",
    "price" : 949.25,
    "dma50" : 947.79,
    "dma100" : 933.66,
    "dma200" : 988.02,
    "volume" : 86699.00
  }, {
    "date" : "2025-07-17",
    "price" : 946.65,
    "dma50" : 947.74,
    "dma100" : 933.54,
    "dma200" : 987.61,
    "volume" : 108088.00
  }, {
    "date" : "2025-07-18",
    "price" : 948.95,
    "dma50" : 947.79,
    "dma100" : 933.45,
    "dma200" : 987.22,
    "volume" : 155211.00
  }, {
    "date" : "2025-07-21",
    "price" : 973.25,
    "dma50" : 948.79,
    "dma100" : 933.55,
    "dma200" : 987.08,
    "volume" : 1618242.00
  }, {
    "date" : "2025-07-22",
    "price" : 958.90,
    "dma50" : 949.18,
    "dma100" : 933.52,
    "dma200" : 986.80,
    "volume" : 98622.00
  }, {
    "date" : "2025-07-23",
    "price" : 962.65,
    "dma50" : 949.71,
    "dma100" : 933.52,
    "dma200" : 986.56,
    "volume" : 69691.00
  }, {
    "date" : "2025-07-24",
    "price" : 943.20,
    "dma50" : 949.46,
    "dma100" : 933.14,
    "dma200" : 986.13,
    "volume" : 47029.00
  }, {
    "date" : "2025-07-25",
    "price" : 922.65,
    "dma50" : 948.40,
    "dma100" : 932.57,
    "dma200" : 985.50,
    "volume" : 64435.00
  }, {
    "date" : "2025-07-28",
    "price" : 904.05,
    "dma50" : 946.67,
    "dma100" : 931.88,
    "dma200" : 984.69,
    "volume" : 58415.00
  }, {
    "date" : "2025-07-29",
    "price" : 903.30,
    "dma50" : 944.96,
    "dma100" : 931.93,
    "dma200" : 983.88,
    "volume" : 45725.00
  }, {
    "date" : "2025-07-30",
    "price" : 906.70,
    "dma50" : 943.46,
    "dma100" : 932.26,
    "dma200" : 983.11,
    "volume" : 41822.00
  }, {
    "date" : "2025-07-31",
    "price" : 915.80,
    "dma50" : 942.38,
    "dma100" : 932.46,
    "dma200" : 982.44,
    "volume" : 37689.00
  }, {
    "date" : "2025-08-01",
    "price" : 902.55,
    "dma50" : 940.82,
    "dma100" : 932.51,
    "dma200" : 981.65,
    "volume" : 53126.00
  }, {
    "date" : "2025-08-04",
    "price" : 904.55,
    "dma50" : 939.40,
    "dma100" : 932.69,
    "dma200" : 980.88,
    "volume" : 18834.00
  }, {
    "date" : "2025-08-05",
    "price" : 890.95,
    "dma50" : 937.50,
    "dma100" : 932.76,
    "dma200" : 979.99,
    "volume" : 43390.00
  }, {
    "date" : "2025-08-06",
    "price" : 890.45,
    "dma50" : 935.65,
    "dma100" : 932.95,
    "dma200" : 979.09,
    "volume" : 22527.00
  }, {
    "date" : "2025-08-07",
    "price" : 895.00,
    "dma50" : 934.06,
    "dma100" : 933.21,
    "dma200" : 978.26,
    "volume" : 23088.00
  }, {
    "date" : "2025-08-08",
    "price" : 892.25,
    "dma50" : 932.42,
    "dma100" : 933.46,
    "dma200" : 977.40,
    "volume" : 22468.00
  }, {
    "date" : "2025-08-11",
    "price" : 888.85,
    "dma50" : 930.71,
    "dma100" : 933.39,
    "dma200" : 976.52,
    "volume" : 12454.00
  }, {
    "date" : "2025-08-12",
    "price" : 891.75,
    "dma50" : 929.18,
    "dma100" : 933.06,
    "dma200" : 975.68,
    "volume" : 10622.00
  }, {
    "date" : "2025-08-13",
    "price" : 879.70,
    "dma50" : 927.24,
    "dma100" : 932.74,
    "dma200" : 974.72,
    "volume" : 21234.00
  }, {
    "date" : "2025-08-14",
    "price" : 879.95,
    "dma50" : 925.39,
    "dma100" : 932.33,
    "dma200" : 973.78,
    "volume" : 12971.00
  }, {
    "date" : "2025-08-18",
    "price" : 896.10,
    "dma50" : 924.24,
    "dma100" : 931.77,
    "dma200" : 973.01,
    "volume" : 34331.00
  }, {
    "date" : "2025-08-19",
    "price" : 914.30,
    "dma50" : 923.85,
    "dma100" : 931.28,
    "dma200" : 972.42,
    "volume" : 35226.00
  }, {
    "date" : "2025-08-20",
    "price" : 912.45,
    "dma50" : 923.40,
    "dma100" : 930.50,
    "dma200" : 971.83,
    "volume" : 19387.00
  }, {
    "date" : "2025-08-21",
    "price" : 912.95,
    "dma50" : 922.99,
    "dma100" : 929.94,
    "dma200" : 971.24,
    "volume" : 25583.00
  }, {
    "date" : "2025-08-22",
    "price" : 899.15,
    "dma50" : 922.06,
    "dma100" : 929.49,
    "dma200" : 970.52,
    "volume" : 28540.00
  }, {
    "date" : "2025-08-25",
    "price" : 901.25,
    "dma50" : 921.24,
    "dma100" : 928.86,
    "dma200" : 969.83,
    "volume" : 16094.00
  }, {
    "date" : "2025-08-26",
    "price" : 883.60,
    "dma50" : 919.76,
    "dma100" : 928.66,
    "dma200" : 968.98,
    "volume" : 23338.00
  }, {
    "date" : "2025-08-28",
    "price" : 895.85,
    "dma50" : 918.83,
    "dma100" : 928.50,
    "dma200" : 968.25,
    "volume" : 36615.00
  }, {
    "date" : "2025-08-29",
    "price" : 890.75,
    "dma50" : 917.72,
    "dma100" : 928.31,
    "dma200" : 967.48,
    "volume" : 13324.00
  }, {
    "date" : "2025-09-01",
    "price" : 890.10,
    "dma50" : 916.64,
    "dma100" : 928.17,
    "dma200" : 966.71,
    "volume" : 9622.00
  }, {
    "date" : "2025-09-02",
    "price" : 909.35,
    "dma50" : 916.36,
    "dma100" : 928.48,
    "dma200" : 966.14,
    "volume" : 65286.00
  }, {
    "date" : "2025-09-03",
    "price" : 900.50,
    "dma50" : 915.73,
    "dma100" : 928.04,
    "dma200" : 965.48,
    "volume" : 33970.00
  }, {
    "date" : "2025-09-04",
    "price" : 924.80,
    "dma50" : 916.09,
    "dma100" : 928.13,
    "dma200" : 965.08,
    "volume" : 126578.00
  }, {
    "date" : "2025-09-05",
    "price" : 913.00,
    "dma50" : 915.97,
    "dma100" : 927.84,
    "dma200" : 964.56,
    "volume" : 50301.00
  }, {
    "date" : "2025-09-08",
    "price" : 901.65,
    "dma50" : 915.41,
    "dma100" : 927.40,
    "dma200" : 963.93,
    "volume" : 34690.00
  }, {
    "date" : "2025-09-09",
    "price" : 906.05,
    "dma50" : 915.04,
    "dma100" : 926.96,
    "dma200" : 963.36,
    "volume" : 48376.00
  }, {
    "date" : "2025-09-10",
    "price" : 908.35,
    "dma50" : 914.78,
    "dma100" : 926.60,
    "dma200" : 962.81,
    "volume" : 19264.00
  }, {
    "date" : "2025-09-11",
    "price" : 910.20,
    "dma50" : 914.60,
    "dma100" : 926.21,
    "dma200" : 962.29,
    "volume" : 18173.00
  }, {
    "date" : "2025-09-12",
    "price" : 907.35,
    "dma50" : 914.31,
    "dma100" : 925.79,
    "dma200" : 961.74,
    "volume" : 15962.00
  }, {
    "date" : "2025-09-15",
    "price" : 906.50,
    "dma50" : 914.01,
    "dma100" : 925.30,
    "dma200" : 961.19,
    "volume" : 1437542.00
  }, {
    "date" : "2025-09-16",
    "price" : 909.10,
    "dma50" : 913.81,
    "dma100" : 924.98,
    "dma200" : 960.67,
    "volume" : 91833.00
  }, {
    "date" : "2025-09-17",
    "price" : 908.10,
    "dma50" : 913.59,
    "dma100" : 924.80,
    "dma200" : 960.15,
    "volume" : 81393.00
  }, {
    "date" : "2025-09-18",
    "price" : 925.60,
    "dma50" : 914.06,
    "dma100" : 924.65,
    "dma200" : 959.81,
    "volume" : 109412.00
  }, {
    "date" : "2025-09-19",
    "price" : 899.80,
    "dma50" : 913.50,
    "dma100" : 924.72,
    "dma200" : 959.21,
    "volume" : 351448.00
  }, {
    "date" : "2025-09-22",
    "price" : 909.50,
    "dma50" : 913.35,
    "dma100" : 924.76,
    "dma200" : 958.71,
    "volume" : 127852.00
  }, {
    "date" : "2025-09-23",
    "price" : 902.50,
    "dma50" : 912.92,
    "dma100" : 924.79,
    "dma200" : 958.15,
    "volume" : 27028.00
  }, {
    "date" : "2025-09-24",
    "price" : 901.75,
    "dma50" : 912.48,
    "dma100" : 924.96,
    "dma200" : 957.59,
    "volume" : 23164.00
  }, {
    "date" : "2025-09-25",
    "price" : 894.40,
    "dma50" : 911.77,
    "dma100" : 925.21,
    "dma200" : 956.96,
    "volume" : 30176.00
  }, {
    "date" : "2025-09-26",
    "price" : 895.60,
    "dma50" : 911.14,
    "dma100" : 925.28,
    "dma200" : 956.35,
    "volume" : 96901.00
  }, {
    "date" : "2025-09-29",
    "price" : 911.05,
    "dma50" : 911.14,
    "dma100" : 925.56,
    "dma200" : 955.90,
    "volume" : 164804.00
  }, {
    "date" : "2025-09-30",
    "price" : 912.80,
    "dma50" : 911.20,
    "dma100" : 925.85,
    "dma200" : 955.47,
    "volume" : 698580.00
  }, {
    "date" : "2025-10-01",
    "price" : 912.95,
    "dma50" : 911.27,
    "dma100" : 925.97,
    "dma200" : 955.05,
    "volume" : 65160.00
  }, {
    "date" : "2025-10-03",
    "price" : 921.20,
    "dma50" : 911.66,
    "dma100" : 926.14,
    "dma200" : 954.71,
    "volume" : 85610.00
  }, {
    "date" : "2025-10-06",
    "price" : 915.20,
    "dma50" : 911.80,
    "dma100" : 926.33,
    "dma200" : 954.32,
    "volume" : 30399.00
  }, {
    "date" : "2025-10-07",
    "price" : 905.80,
    "dma50" : 911.56,
    "dma100" : 926.36,
    "dma200" : 953.84,
    "volume" : 115173.00
  }, {
    "date" : "2025-10-08",
    "price" : 899.90,
    "dma50" : 911.10,
    "dma100" : 926.38,
    "dma200" : 953.30,
    "volume" : 100034.00
  }, {
    "date" : "2025-10-09",
    "price" : 888.80,
    "dma50" : 910.23,
    "dma100" : 926.21,
    "dma200" : 952.66,
    "volume" : 741876.00
  }, {
    "date" : "2025-10-10",
    "price" : 880.90,
    "dma50" : 909.08,
    "dma100" : 926.01,
    "dma200" : 951.95,
    "volume" : 35190.00
  }, {
    "date" : "2025-10-13",
    "price" : 873.90,
    "dma50" : 907.70,
    "dma100" : 925.81,
    "dma200" : 951.17,
    "volume" : 32986.00
  }, {
    "date" : "2025-10-14",
    "price" : 869.30,
    "dma50" : 906.19,
    "dma100" : 925.51,
    "dma200" : 950.35,
    "volume" : 22076.00
  }, {
    "date" : "2025-10-15",
    "price" : 910.05,
    "dma50" : 906.35,
    "dma100" : 925.70,
    "dma200" : 949.95,
    "volume" : 99581.00
  }, {
    "date" : "2025-10-16",
    "price" : 898.60,
    "dma50" : 906.04,
    "dma100" : 925.74,
    "dma200" : 949.44,
    "volume" : 27561.00
  }, {
    "date" : "2025-10-17",
    "price" : 894.10,
    "dma50" : 905.57,
    "dma100" : 925.76,
    "dma200" : 948.89,
    "volume" : 18022.00
  }, {
    "date" : "2025-10-20",
    "price" : 885.30,
    "dma50" : 904.78,
    "dma100" : 925.36,
    "dma200" : 948.26,
    "volume" : 21799.00
  }, {
    "date" : "2025-10-21",
    "price" : 905.90,
    "dma50" : 904.82,
    "dma100" : 924.84,
    "dma200" : 947.84,
    "volume" : 20632.00
  }, {
    "date" : "2025-10-23",
    "price" : 906.25,
    "dma50" : 904.88,
    "dma100" : 924.26,
    "dma200" : 947.42,
    "volume" : 20391.00
  }, {
    "date" : "2025-10-24",
    "price" : 903.55,
    "dma50" : 904.83,
    "dma100" : 923.64,
    "dma200" : 946.99,
    "volume" : 12708.00
  }, {
    "date" : "2025-10-27",
    "price" : 1079.90,
    "dma50" : 911.69,
    "dma100" : 924.70,
    "dma200" : 948.31,
    "volume" : 1930785.00
  }, {
    "date" : "2025-10-28",
    "price" : 1131.55,
    "dma50" : 920.31,
    "dma100" : 926.08,
    "dma200" : 950.13,
    "volume" : 3025276.00
  }, {
    "date" : "2025-10-29",
    "price" : 1146.65,
    "dma50" : 929.19,
    "dma100" : 927.71,
    "dma200" : 952.09,
    "volume" : 426191.00
  }, {
    "date" : "2025-10-30",
    "price" : 1141.50,
    "dma50" : 937.52,
    "dma100" : 929.28,
    "dma200" : 953.97,
    "volume" : 170566.00
  }, {
    "date" : "2025-10-31",
    "price" : 1105.85,
    "dma50" : 944.12,
    "dma100" : 930.54,
    "dma200" : 955.48,
    "volume" : 72653.00
  }, {
    "date" : "2025-11-03",
    "price" : 1073.30,
    "dma50" : 949.18,
    "dma100" : 931.46,
    "dma200" : 956.66,
    "volume" : 265317.00
  }, {
    "date" : "2025-11-04",
    "price" : 1039.70,
    "dma50" : 952.73,
    "dma100" : 932.20,
    "dma200" : 957.48,
    "volume" : 134723.00
  }, {
    "date" : "2025-11-06",
    "price" : 1020.10,
    "dma50" : 955.37,
    "dma100" : 932.57,
    "dma200" : 958.11,
    "volume" : 104165.00
  }, {
    "date" : "2025-11-07",
    "price" : 1041.90,
    "dma50" : 958.77,
    "dma100" : 933.18,
    "dma200" : 958.94,
    "volume" : 82904.00
  }, {
    "date" : "2025-11-10",
    "price" : 1023.40,
    "dma50" : 961.30,
    "dma100" : 933.91,
    "dma200" : 959.58,
    "volume" : 52675.00
  }, {
    "date" : "2025-11-11",
    "price" : 1070.90,
    "dma50" : 965.60,
    "dma100" : 935.01,
    "dma200" : 960.69,
    "volume" : 196663.00
  }, {
    "date" : "2025-11-12",
    "price" : 1100.80,
    "dma50" : 970.90,
    "dma100" : 936.39,
    "dma200" : 962.08,
    "volume" : 92945.00
  }, {
    "date" : "2025-11-13",
    "price" : 1077.00,
    "dma50" : 975.06,
    "dma100" : 937.68,
    "dma200" : 963.23,
    "volume" : 63947.00
  }, {
    "date" : "2025-11-14",
    "price" : 1092.90,
    "dma50" : 979.68,
    "dma100" : 939.09,
    "dma200" : 964.52,
    "volume" : 36414.00
  }, {
    "date" : "2025-11-17",
    "price" : 1072.20,
    "dma50" : 983.31,
    "dma100" : 940.45,
    "dma200" : 965.59,
    "volume" : 31237.00
  }, {
    "date" : "2025-11-18",
    "price" : 1056.30,
    "dma50" : 986.17,
    "dma100" : 941.68,
    "dma200" : 966.49,
    "volume" : 28127.00
  }, {
    "date" : "2025-11-19",
    "price" : 1053.60,
    "dma50" : 988.82,
    "dma100" : 942.69,
    "dma200" : 967.36,
    "volume" : 17730.00
  }, {
    "date" : "2025-11-20",
    "price" : 1060.50,
    "dma50" : 991.63,
    "dma100" : 943.83,
    "dma200" : 968.28,
    "volume" : 19378.00
  }, {
    "date" : "2025-11-21",
    "price" : 1046.40,
    "dma50" : 993.78,
    "dma100" : 944.84,
    "dma200" : 969.06,
    "volume" : 18927.00
  }, {
    "date" : "2025-11-24",
    "price" : 1042.60,
    "dma50" : 995.69,
    "dma100" : 945.70,
    "dma200" : 969.79,
    "volume" : 14434.00
  }, {
    "date" : "2025-11-25",
    "price" : 1051.10,
    "dma50" : 997.86,
    "dma100" : 946.68,
    "dma200" : 970.60,
    "volume" : 16455.00
  }, {
    "date" : "2025-11-26",
    "price" : 1061.80,
    "dma50" : 1000.37,
    "dma100" : 947.82,
    "dma200" : 971.51,
    "volume" : 41627.00
  }, {
    "date" : "2025-11-27",
    "price" : 1052.00,
    "dma50" : 1002.40,
    "dma100" : 948.91,
    "dma200" : 972.31,
    "volume" : 21351.00
  }, {
    "date" : "2025-11-28",
    "price" : 1051.70,
    "dma50" : 1004.33,
    "dma100" : 949.86,
    "dma200" : 973.10,
    "volume" : 85795.00
  }, {
    "date" : "2025-12-01",
    "price" : 1033.80,
    "dma50" : 1005.49,
    "dma100" : 950.53,
    "dma200" : 973.70,
    "volume" : 34484.00
  }, {
    "date" : "2025-12-02",
    "price" : 1029.40,
    "dma50" : 1006.42,
    "dma100" : 951.03,
    "dma200" : 974.26,
    "volume" : 25816.00
  }, {
    "date" : "2025-12-03",
    "price" : 1037.80,
    "dma50" : 1007.65,
    "dma100" : 951.62,
    "dma200" : 974.89,
    "volume" : 891999.00
  }, {
    "date" : "2025-12-04",
    "price" : 1047.00,
    "dma50" : 1009.20,
    "dma100" : 952.52,
    "dma200" : 975.61,
    "volume" : 75408.00
  }, {
    "date" : "2025-12-05",
    "price" : 1035.00,
    "dma50" : 1010.21,
    "dma100" : 953.40,
    "dma200" : 976.20,
    "volume" : 13609.00
  }, {
    "date" : "2025-12-08",
    "price" : 1004.60,
    "dma50" : 1009.99,
    "dma100" : 954.03,
    "dma200" : 976.48,
    "volume" : 45288.00
  }, {
    "date" : "2025-12-09",
    "price" : 1030.20,
    "dma50" : 1010.78,
    "dma100" : 954.89,
    "dma200" : 977.02,
    "volume" : 37330.00
  }, {
    "date" : "2025-12-10",
    "price" : 1026.40,
    "dma50" : 1011.39,
    "dma100" : 955.66,
    "dma200" : 977.51,
    "volume" : 15481.00
  }, {
    "date" : "2025-12-11",
    "price" : 1023.40,
    "dma50" : 1011.86,
    "dma100" : 956.43,
    "dma200" : 977.96,
    "volume" : 15210.00
  }, {
    "date" : "2025-12-12",
    "price" : 1019.40,
    "dma50" : 1012.16,
    "dma100" : 957.13,
    "dma200" : 978.38,
    "volume" : 19959.00
  }, {
    "date" : "2025-12-15",
    "price" : 1008.70,
    "dma50" : 1012.02,
    "dma100" : 957.49,
    "dma200" : 978.68,
    "volume" : 29858.00
  }, {
    "date" : "2025-12-16",
    "price" : 996.20,
    "dma50" : 1011.40,
    "dma100" : 957.86,
    "dma200" : 978.85,
    "volume" : 16770.00
  }, {
    "date" : "2025-12-17",
    "price" : 985.90,
    "dma50" : 1010.40,
    "dma100" : 958.09,
    "dma200" : 978.92,
    "volume" : 19993.00
  }, {
    "date" : "2025-12-18",
    "price" : 977.20,
    "dma50" : 1009.10,
    "dma100" : 958.43,
    "dma200" : 978.91,
    "volume" : 34172.00
  }, {
    "date" : "2025-12-19",
    "price" : 983.10,
    "dma50" : 1008.08,
    "dma100" : 959.04,
    "dma200" : 978.95,
    "volume" : 18404.00
  }, {
    "date" : "2025-12-22",
    "price" : 987.60,
    "dma50" : 1007.28,
    "dma100" : 959.87,
    "dma200" : 979.03,
    "volume" : 18825.00
  }, {
    "date" : "2025-12-23",
    "price" : 983.20,
    "dma50" : 1006.33,
    "dma100" : 960.67,
    "dma200" : 979.08,
    "volume" : 13250.00
  }, {
    "date" : "2025-12-24",
    "price" : 984.80,
    "dma50" : 1005.49,
    "dma100" : 961.45,
    "dma200" : 979.13,
    "volume" : 801053.00
  }, {
    "date" : "2025-12-26",
    "price" : 971.10,
    "dma50" : 1004.14,
    "dma100" : 962.01,
    "dma200" : 979.05,
    "volume" : 39190.00
  }, {
    "date" : "2025-12-29",
    "price" : 965.80,
    "dma50" : 1002.64,
    "dma100" : 962.64,
    "dma200" : 978.92,
    "volume" : 19032.00
  }, {
    "date" : "2025-12-30",
    "price" : 954.70,
    "dma50" : 1000.76,
    "dma100" : 963.14,
    "dma200" : 978.68,
    "volume" : 14135.00
  }, {
    "date" : "2025-12-31",
    "price" : 977.20,
    "dma50" : 999.83,
    "dma100" : 964.00,
    "dma200" : 978.66,
    "volume" : 17209.00
  }, {
    "date" : "2026-01-01",
    "price" : 973.85,
    "dma50" : 998.82,
    "dma100" : 964.84,
    "dma200" : 978.62,
    "volume" : 6791.00
  }, {
    "date" : "2026-01-02",
    "price" : 975.85,
    "dma50" : 997.91,
    "dma100" : 965.65,
    "dma200" : 978.59,
    "volume" : 13407.00
  } ],
  "latestTechnicalAttributes" : {
    "date" : "2026-01-02",
    "price" : 975.85,
    "dma50" : 997.91,
    "dma100" : 965.65,
    "dma200" : 978.59,
    "volume" : 13407.00
  },
  "quarterlyResults" : [ {
    "date" : "2005-03-31",
    "sales" : 116.01,
    "salesGrowthYoY" : null,
    "grossProfitMargin" : 23.78,
    "grossProfit" : 27.59,
    "operatingProfitMargin" : 4.22,
    "operatingProfit" : 4.90,
    "netProfitMargin" : 0.43,
    "netProfit" : 0.50
  }, {
    "date" : "2005-06-30",
    "sales" : 121.65,
    "salesGrowthYoY" : null,
    "grossProfitMargin" : 28.61,
    "grossProfit" : 34.80,
    "operatingProfitMargin" : 7.87,
    "operatingProfit" : 9.57,
    "netProfitMargin" : 2.26,
    "netProfit" : 2.75
  }, {
    "date" : "2005-09-30",
    "sales" : 150.63,
    "salesGrowthYoY" : null,
    "grossProfitMargin" : 22.74,
    "grossProfit" : 34.25,
    "operatingProfitMargin" : 5.22,
    "operatingProfit" : 7.86,
    "netProfitMargin" : 0.98,
    "netProfit" : 1.48
  }, {
    "date" : "2005-12-31",
    "sales" : 138.57,
    "salesGrowthYoY" : null,
    "grossProfitMargin" : 23.31,
    "grossProfit" : 32.30,
    "operatingProfitMargin" : 3.46,
    "operatingProfit" : 4.79,
    "netProfitMargin" : 0.66,
    "netProfit" : 0.91
  }, {
    "date" : "2006-03-31",
    "sales" : 129.49,
    "salesGrowthYoY" : 11.62,
    "grossProfitMargin" : 22.08,
    "grossProfit" : 28.59,
    "operatingProfitMargin" : 2.53,
    "operatingProfit" : 3.28,
    "netProfitMargin" : -0.68,
    "netProfit" : -0.88
  }, {
    "date" : "2006-06-30",
    "sales" : 130.62,
    "salesGrowthYoY" : 7.37,
    "grossProfitMargin" : 25.46,
    "grossProfit" : 33.26,
    "operatingProfitMargin" : 4.26,
    "operatingProfit" : 5.56,
    "netProfitMargin" : 0.10,
    "netProfit" : 0.13
  }, {
    "date" : "2006-09-30",
    "sales" : 146.04,
    "salesGrowthYoY" : -3.05,
    "grossProfitMargin" : 24.92,
    "grossProfit" : 36.39,
    "operatingProfitMargin" : 5.64,
    "operatingProfit" : 8.24,
    "netProfitMargin" : 1.26,
    "netProfit" : 1.84
  }, {
    "date" : "2006-12-31",
    "sales" : 152.82,
    "salesGrowthYoY" : 10.28,
    "grossProfitMargin" : 22.77,
    "grossProfit" : 34.80,
    "operatingProfitMargin" : 4.94,
    "operatingProfit" : 7.55,
    "netProfitMargin" : 1.06,
    "netProfit" : 1.62
  }, {
    "date" : "2007-03-31",
    "sales" : 155.81,
    "salesGrowthYoY" : 20.33,
    "grossProfitMargin" : 23.89,
    "grossProfit" : 37.22,
    "operatingProfitMargin" : 5.80,
    "operatingProfit" : 9.04,
    "netProfitMargin" : 2.93,
    "netProfit" : 4.57
  }, {
    "date" : "2007-06-30",
    "sales" : 191.02,
    "salesGrowthYoY" : 46.24,
    "grossProfitMargin" : 23.40,
    "grossProfit" : 44.70,
    "operatingProfitMargin" : 5.70,
    "operatingProfit" : 10.89,
    "netProfitMargin" : 1.35,
    "netProfit" : 2.58
  }, {
    "date" : "2007-09-30",
    "sales" : 209.68,
    "salesGrowthYoY" : 43.58,
    "grossProfitMargin" : 22.23,
    "grossProfit" : 46.61,
    "operatingProfitMargin" : 7.05,
    "operatingProfit" : 14.78,
    "netProfitMargin" : 2.03,
    "netProfit" : 4.26
  }, {
    "date" : "2007-12-31",
    "sales" : 232.19,
    "salesGrowthYoY" : 51.94,
    "grossProfitMargin" : 22.84,
    "grossProfit" : 53.03,
    "operatingProfitMargin" : 6.42,
    "operatingProfit" : 14.91,
    "netProfitMargin" : 2.24,
    "netProfit" : 5.20
  }, {
    "date" : "2008-03-31",
    "sales" : 230.30,
    "salesGrowthYoY" : 47.81,
    "grossProfitMargin" : 23.56,
    "grossProfit" : 54.26,
    "operatingProfitMargin" : 6.37,
    "operatingProfit" : 14.67,
    "netProfitMargin" : 2.29,
    "netProfit" : 5.27
  }, {
    "date" : "2008-06-30",
    "sales" : 262.38,
    "salesGrowthYoY" : 37.36,
    "grossProfitMargin" : 26.48,
    "grossProfit" : 69.48,
    "operatingProfitMargin" : 8.24,
    "operatingProfit" : 21.62,
    "netProfitMargin" : 2.97,
    "netProfit" : 7.79
  }, {
    "date" : "2008-09-30",
    "sales" : 262.93,
    "salesGrowthYoY" : 25.40,
    "grossProfitMargin" : 26.71,
    "grossProfit" : 70.23,
    "operatingProfitMargin" : 6.88,
    "operatingProfit" : 18.09,
    "netProfitMargin" : 1.88,
    "netProfit" : 4.94
  }, {
    "date" : "2008-12-31",
    "sales" : 261.66,
    "salesGrowthYoY" : 12.69,
    "grossProfitMargin" : 25.32,
    "grossProfit" : 66.25,
    "operatingProfitMargin" : 5.47,
    "operatingProfit" : 14.31,
    "netProfitMargin" : 0.76,
    "netProfit" : 1.99
  }, {
    "date" : "2009-03-31",
    "sales" : 226.08,
    "salesGrowthYoY" : -1.83,
    "grossProfitMargin" : 22.28,
    "grossProfit" : 50.37,
    "operatingProfitMargin" : 3.14,
    "operatingProfit" : 7.10,
    "netProfitMargin" : -1.23,
    "netProfit" : -2.78
  }, {
    "date" : "2009-06-30",
    "sales" : 251.74,
    "salesGrowthYoY" : -4.06,
    "grossProfitMargin" : 23.76,
    "grossProfit" : 59.81,
    "operatingProfitMargin" : 6.65,
    "operatingProfit" : 16.74,
    "netProfitMargin" : 1.78,
    "netProfit" : 4.48
  }, {
    "date" : "2009-09-30",
    "sales" : 281.14,
    "salesGrowthYoY" : 6.93,
    "grossProfitMargin" : 24.83,
    "grossProfit" : 69.81,
    "operatingProfitMargin" : 5.82,
    "operatingProfit" : 16.36,
    "netProfitMargin" : 1.92,
    "netProfit" : 5.40
  }, {
    "date" : "2009-12-31",
    "sales" : 306.73,
    "salesGrowthYoY" : 17.22,
    "grossProfitMargin" : 21.07,
    "grossProfit" : 64.63,
    "operatingProfitMargin" : 5.19,
    "operatingProfit" : 15.92,
    "netProfitMargin" : -1.56,
    "netProfit" : -4.78
  }, {
    "date" : "2010-03-31",
    "sales" : 300.99,
    "salesGrowthYoY" : 33.13,
    "grossProfitMargin" : 28.33,
    "grossProfit" : 85.27,
    "operatingProfitMargin" : 4.73,
    "operatingProfit" : 14.24,
    "netProfitMargin" : -0.80,
    "netProfit" : -2.41
  }, {
    "date" : "2010-06-30",
    "sales" : 328.27,
    "salesGrowthYoY" : 30.40,
    "grossProfitMargin" : 26.05,
    "grossProfit" : 85.51,
    "operatingProfitMargin" : 7.28,
    "operatingProfit" : 23.90,
    "netProfitMargin" : 1.69,
    "netProfit" : 5.55
  }, {
    "date" : "2010-09-30",
    "sales" : 350.20,
    "salesGrowthYoY" : 24.56,
    "grossProfitMargin" : 25.13,
    "grossProfit" : 88.01,
    "operatingProfitMargin" : 6.57,
    "operatingProfit" : 23.01,
    "netProfitMargin" : 1.54,
    "netProfit" : 5.39
  }, {
    "date" : "2010-12-31",
    "sales" : 340.37,
    "salesGrowthYoY" : 10.97,
    "grossProfitMargin" : 24.01,
    "grossProfit" : 81.72,
    "operatingProfitMargin" : 7.49,
    "operatingProfit" : 25.49,
    "netProfitMargin" : 1.89,
    "netProfit" : 6.43
  }, {
    "date" : "2011-03-31",
    "sales" : 336.89,
    "salesGrowthYoY" : 11.93,
    "grossProfitMargin" : 27.16,
    "grossProfit" : 91.50,
    "operatingProfitMargin" : 6.58,
    "operatingProfit" : 22.17,
    "netProfitMargin" : 0.40,
    "netProfit" : 1.35
  }, {
    "date" : "2011-06-30",
    "sales" : 371.15,
    "salesGrowthYoY" : 13.06,
    "grossProfitMargin" : 23.66,
    "grossProfit" : 87.81,
    "operatingProfitMargin" : 4.46,
    "operatingProfit" : 16.55,
    "netProfitMargin" : -0.09,
    "netProfit" : -0.33
  }, {
    "date" : "2011-09-30",
    "sales" : 393.90,
    "salesGrowthYoY" : 12.48,
    "grossProfitMargin" : 25.87,
    "grossProfit" : 101.90,
    "operatingProfitMargin" : 8.53,
    "operatingProfit" : 33.60,
    "netProfitMargin" : 3.42,
    "netProfit" : 13.47
  }, {
    "date" : "2011-12-31",
    "sales" : 404.35,
    "salesGrowthYoY" : 18.80,
    "grossProfitMargin" : 26.23,
    "grossProfit" : 106.06,
    "operatingProfitMargin" : 8.23,
    "operatingProfit" : 33.28,
    "netProfitMargin" : 2.64,
    "netProfit" : 10.67
  }, {
    "date" : "2012-03-31",
    "sales" : 433.82,
    "salesGrowthYoY" : 28.77,
    "grossProfitMargin" : 23.65,
    "grossProfit" : 102.60,
    "operatingProfitMargin" : 5.95,
    "operatingProfit" : 25.81,
    "netProfitMargin" : 0.65,
    "netProfit" : 2.82
  }, {
    "date" : "2012-06-30",
    "sales" : 490.51,
    "salesGrowthYoY" : 32.16,
    "grossProfitMargin" : 25.38,
    "grossProfit" : 124.49,
    "operatingProfitMargin" : 7.76,
    "operatingProfit" : 38.06,
    "netProfitMargin" : 2.83,
    "netProfit" : 13.88
  }, {
    "date" : "2012-09-30",
    "sales" : 529.72,
    "salesGrowthYoY" : 34.48,
    "grossProfitMargin" : 23.90,
    "grossProfit" : 126.60,
    "operatingProfitMargin" : 6.91,
    "operatingProfit" : 36.60,
    "netProfitMargin" : 1.82,
    "netProfit" : 9.64
  }, {
    "date" : "2012-12-31",
    "sales" : 543.21,
    "salesGrowthYoY" : 34.34,
    "grossProfitMargin" : 25.18,
    "grossProfit" : 136.78,
    "operatingProfitMargin" : 7.16,
    "operatingProfit" : 38.89,
    "netProfitMargin" : 2.77,
    "netProfit" : 15.05
  }, {
    "date" : "2013-03-31",
    "sales" : 597.68,
    "salesGrowthYoY" : 37.77,
    "grossProfitMargin" : 22.78,
    "grossProfit" : 136.15,
    "operatingProfitMargin" : 5.08,
    "operatingProfit" : 30.36,
    "netProfitMargin" : 1.02,
    "netProfit" : 6.10
  }, {
    "date" : "2013-06-30",
    "sales" : 604.84,
    "salesGrowthYoY" : 23.31,
    "grossProfitMargin" : 25.79,
    "grossProfit" : 155.99,
    "operatingProfitMargin" : 6.39,
    "operatingProfit" : 38.65,
    "netProfitMargin" : 2.62,
    "netProfit" : 15.85
  }, {
    "date" : "2013-09-30",
    "sales" : 611.70,
    "salesGrowthYoY" : 15.48,
    "grossProfitMargin" : 27.19,
    "grossProfit" : 166.32,
    "operatingProfitMargin" : 8.82,
    "operatingProfit" : 53.95,
    "netProfitMargin" : 5.05,
    "netProfit" : 30.89
  }, {
    "date" : "2013-12-31",
    "sales" : 633.28,
    "salesGrowthYoY" : 16.58,
    "grossProfitMargin" : 26.94,
    "grossProfit" : 170.61,
    "operatingProfitMargin" : 8.76,
    "operatingProfit" : 55.48,
    "netProfitMargin" : 4.88,
    "netProfit" : 30.90
  }, {
    "date" : "2014-03-31",
    "sales" : 643.72,
    "salesGrowthYoY" : 7.70,
    "grossProfitMargin" : 23.00,
    "grossProfit" : 148.06,
    "operatingProfitMargin" : 4.61,
    "operatingProfit" : 29.68,
    "netProfitMargin" : 0.62,
    "netProfit" : 3.99
  }, {
    "date" : "2014-06-30",
    "sales" : 703.25,
    "salesGrowthYoY" : 16.27,
    "grossProfitMargin" : 24.45,
    "grossProfit" : 171.94,
    "operatingProfitMargin" : 5.24,
    "operatingProfit" : 36.85,
    "netProfitMargin" : 1.04,
    "netProfit" : 7.31
  }, {
    "date" : "2014-09-30",
    "sales" : 745.19,
    "salesGrowthYoY" : 21.82,
    "grossProfitMargin" : 25.01,
    "grossProfit" : 186.37,
    "operatingProfitMargin" : 6.85,
    "operatingProfit" : 51.05,
    "netProfitMargin" : 1.38,
    "netProfit" : 10.28
  }, {
    "date" : "2014-12-31",
    "sales" : 713.23,
    "salesGrowthYoY" : 12.62,
    "grossProfitMargin" : 26.61,
    "grossProfit" : 189.79,
    "operatingProfitMargin" : 7.60,
    "operatingProfit" : 54.21,
    "netProfitMargin" : 1.81,
    "netProfit" : 12.91
  }, {
    "date" : "2015-03-31",
    "sales" : 771.41,
    "salesGrowthYoY" : 19.84,
    "grossProfitMargin" : 26.03,
    "grossProfit" : 200.80,
    "operatingProfitMargin" : 7.29,
    "operatingProfit" : 56.24,
    "netProfitMargin" : 1.12,
    "netProfit" : 8.64
  }, {
    "date" : "2015-06-30",
    "sales" : 867.11,
    "salesGrowthYoY" : 23.30,
    "grossProfitMargin" : 28.79,
    "grossProfit" : 249.64,
    "operatingProfitMargin" : 9.10,
    "operatingProfit" : 78.91,
    "netProfitMargin" : 3.31,
    "netProfit" : 28.70
  }, {
    "date" : "2015-09-30",
    "sales" : 852.96,
    "salesGrowthYoY" : 14.46,
    "grossProfitMargin" : 28.55,
    "grossProfit" : 243.52,
    "operatingProfitMargin" : 9.80,
    "operatingProfit" : 83.59,
    "netProfitMargin" : 3.64,
    "netProfit" : 31.05
  }, {
    "date" : "2015-12-31",
    "sales" : 830.98,
    "salesGrowthYoY" : 16.51,
    "grossProfitMargin" : 26.80,
    "grossProfit" : 222.70,
    "operatingProfitMargin" : 8.50,
    "operatingProfit" : 70.63,
    "netProfitMargin" : 2.11,
    "netProfit" : 17.53
  }, {
    "date" : "2016-03-31",
    "sales" : 893.54,
    "salesGrowthYoY" : 15.83,
    "grossProfitMargin" : 26.84,
    "grossProfit" : 239.83,
    "operatingProfitMargin" : 7.99,
    "operatingProfit" : 71.39,
    "netProfitMargin" : -1.88,
    "netProfit" : -16.80
  }, {
    "date" : "2016-06-30",
    "sales" : 1034.28,
    "salesGrowthYoY" : 19.28,
    "grossProfitMargin" : 26.82,
    "grossProfit" : 277.39,
    "operatingProfitMargin" : 8.09,
    "operatingProfit" : 83.67,
    "netProfitMargin" : 2.81,
    "netProfit" : 29.06
  }, {
    "date" : "2016-09-30",
    "sales" : 1000.32,
    "salesGrowthYoY" : 17.28,
    "grossProfitMargin" : 28.53,
    "grossProfit" : 285.39,
    "operatingProfitMargin" : 9.04,
    "operatingProfit" : 90.43,
    "netProfitMargin" : 3.25,
    "netProfit" : 32.51
  }, {
    "date" : "2016-12-31",
    "sales" : 946.37,
    "salesGrowthYoY" : 13.89,
    "grossProfitMargin" : 30.52,
    "grossProfit" : 288.83,
    "operatingProfitMargin" : 9.89,
    "operatingProfit" : 93.60,
    "netProfitMargin" : 3.34,
    "netProfit" : 31.61
  }, {
    "date" : "2017-03-31",
    "sales" : 1216.97,
    "salesGrowthYoY" : 36.20,
    "grossProfitMargin" : 23.36,
    "grossProfit" : 284.28,
    "operatingProfitMargin" : 8.02,
    "operatingProfit" : 97.60,
    "netProfitMargin" : 3.27,
    "netProfit" : 39.79
  }, {
    "date" : "2017-06-30",
    "sales" : 1168.74,
    "salesGrowthYoY" : 13.00,
    "grossProfitMargin" : 27.93,
    "grossProfit" : 326.43,
    "operatingProfitMargin" : 8.84,
    "operatingProfit" : 103.32,
    "netProfitMargin" : 3.01,
    "netProfit" : 35.18
  }, {
    "date" : "2017-09-30",
    "sales" : 1066.84,
    "salesGrowthYoY" : 6.65,
    "grossProfitMargin" : 28.48,
    "grossProfit" : 303.84,
    "operatingProfitMargin" : 9.86,
    "operatingProfit" : 105.19,
    "netProfitMargin" : 3.58,
    "netProfit" : 38.19
  }, {
    "date" : "2017-12-31",
    "sales" : 1012.94,
    "salesGrowthYoY" : 7.03,
    "grossProfitMargin" : 28.81,
    "grossProfit" : 291.83,
    "operatingProfitMargin" : 8.58,
    "operatingProfit" : 86.91,
    "netProfitMargin" : 1.48,
    "netProfit" : 14.99
  }, {
    "date" : "2018-03-31",
    "sales" : 1051.58,
    "salesGrowthYoY" : -13.59,
    "grossProfitMargin" : 27.99,
    "grossProfit" : 294.34,
    "operatingProfitMargin" : 7.19,
    "operatingProfit" : 75.61,
    "netProfitMargin" : 0.24,
    "netProfit" : 2.52
  }, {
    "date" : "2018-06-30",
    "sales" : 1235.68,
    "salesGrowthYoY" : 5.73,
    "grossProfitMargin" : 29.90,
    "grossProfit" : 369.47,
    "operatingProfitMargin" : 9.94,
    "operatingProfit" : 122.83,
    "netProfitMargin" : 3.06,
    "netProfit" : 37.81
  }, {
    "date" : "2018-09-30",
    "sales" : 1187.10,
    "salesGrowthYoY" : 11.27,
    "grossProfitMargin" : 29.39,
    "grossProfit" : 348.89,
    "operatingProfitMargin" : 10.40,
    "operatingProfit" : 123.46,
    "netProfitMargin" : 3.22,
    "netProfit" : 38.22
  }, {
    "date" : "2018-12-31",
    "sales" : 1154.48,
    "salesGrowthYoY" : 13.97,
    "grossProfitMargin" : 29.52,
    "grossProfit" : 340.80,
    "operatingProfitMargin" : 8.19,
    "operatingProfit" : 94.55,
    "netProfitMargin" : 1.60,
    "netProfit" : 18.47
  }, {
    "date" : "2019-03-31",
    "sales" : 1183.04,
    "salesGrowthYoY" : 12.50,
    "grossProfitMargin" : 30.31,
    "grossProfit" : 358.58,
    "operatingProfitMargin" : 8.50,
    "operatingProfit" : 100.56,
    "netProfitMargin" : 1.71,
    "netProfit" : 20.23
  }, {
    "date" : "2019-06-30",
    "sales" : 1423.22,
    "salesGrowthYoY" : 15.18,
    "grossProfitMargin" : 29.95,
    "grossProfit" : 426.25,
    "operatingProfitMargin" : 11.43,
    "operatingProfit" : 162.67,
    "netProfitMargin" : 3.60,
    "netProfit" : 51.24
  }, {
    "date" : "2019-09-30",
    "sales" : 1278.55,
    "salesGrowthYoY" : 7.70,
    "grossProfitMargin" : 29.79,
    "grossProfit" : 380.88,
    "operatingProfitMargin" : 10.62,
    "operatingProfit" : 135.78,
    "netProfitMargin" : 1.97,
    "netProfit" : 25.19
  }, {
    "date" : "2019-12-31",
    "sales" : 1340.18,
    "salesGrowthYoY" : 16.09,
    "grossProfitMargin" : 28.54,
    "grossProfit" : 382.49,
    "operatingProfitMargin" : 9.94,
    "operatingProfit" : 133.21,
    "netProfitMargin" : 2.08,
    "netProfit" : 27.88
  }, {
    "date" : "2020-03-31",
    "sales" : 1266.38,
    "salesGrowthYoY" : 7.04,
    "grossProfitMargin" : 28.24,
    "grossProfit" : 357.63,
    "operatingProfitMargin" : 9.34,
    "operatingProfit" : 118.28,
    "netProfitMargin" : 0.63,
    "netProfit" : 7.98
  }, {
    "date" : "2020-06-30",
    "sales" : 1279.28,
    "salesGrowthYoY" : -10.11,
    "grossProfitMargin" : 30.52,
    "grossProfit" : 390.44,
    "operatingProfitMargin" : 14.77,
    "operatingProfit" : 188.95,
    "netProfitMargin" : 4.39,
    "netProfit" : 56.16
  }, {
    "date" : "2020-09-30",
    "sales" : 1327.00,
    "salesGrowthYoY" : 3.79,
    "grossProfitMargin" : 33.32,
    "grossProfit" : 442.16,
    "operatingProfitMargin" : 14.59,
    "operatingProfit" : 193.61,
    "netProfitMargin" : 4.96,
    "netProfit" : 65.82
  }, {
    "date" : "2020-12-31",
    "sales" : 1394.59,
    "salesGrowthYoY" : 4.06,
    "grossProfitMargin" : 33.01,
    "grossProfit" : 460.35,
    "operatingProfitMargin" : 14.84,
    "operatingProfit" : 206.96,
    "netProfitMargin" : 4.83,
    "netProfit" : 67.36
  }, {
    "date" : "2021-03-31",
    "sales" : 1563.04,
    "salesGrowthYoY" : 23.43,
    "grossProfitMargin" : 30.03,
    "grossProfit" : 469.38,
    "operatingProfitMargin" : 12.08,
    "operatingProfit" : 188.82,
    "netProfitMargin" : 3.66,
    "netProfit" : 57.21
  }, {
    "date" : "2021-06-30",
    "sales" : 1538.78,
    "salesGrowthYoY" : 20.28,
    "grossProfitMargin" : 30.40,
    "grossProfit" : 467.79,
    "operatingProfitMargin" : 11.45,
    "operatingProfit" : 176.19,
    "netProfitMargin" : 3.79,
    "netProfit" : 58.32
  }, {
    "date" : "2021-09-30",
    "sales" : 1627.99,
    "salesGrowthYoY" : 22.68,
    "grossProfitMargin" : 32.29,
    "grossProfit" : 525.68,
    "operatingProfitMargin" : 13.22,
    "operatingProfit" : 215.22,
    "netProfitMargin" : 5.41,
    "netProfit" : 88.07
  }, {
    "date" : "2021-12-31",
    "sales" : 1577.33,
    "salesGrowthYoY" : 13.10,
    "grossProfitMargin" : 30.62,
    "grossProfit" : 482.98,
    "operatingProfitMargin" : 10.58,
    "operatingProfit" : 166.88,
    "netProfitMargin" : 3.43,
    "netProfit" : 54.10
  }, {
    "date" : "2022-03-31",
    "sales" : 1626.26,
    "salesGrowthYoY" : 4.04,
    "grossProfitMargin" : 29.86,
    "grossProfit" : 485.60,
    "operatingProfitMargin" : 9.79,
    "operatingProfit" : 159.21,
    "netProfitMargin" : 2.52,
    "netProfit" : 40.98
  }, {
    "date" : "2022-06-30",
    "sales" : 2014.61,
    "salesGrowthYoY" : 30.92,
    "grossProfitMargin" : 27.64,
    "grossProfit" : 556.84,
    "operatingProfitMargin" : 8.84,
    "operatingProfit" : 178.09,
    "netProfitMargin" : 2.58,
    "netProfit" : 51.98
  }, {
    "date" : "2022-09-30",
    "sales" : 1747.73,
    "salesGrowthYoY" : 7.36,
    "grossProfitMargin" : 29.68,
    "grossProfit" : 518.73,
    "operatingProfitMargin" : 10.11,
    "operatingProfit" : 176.70,
    "netProfitMargin" : 2.43,
    "netProfit" : 42.47
  }, {
    "date" : "2022-12-31",
    "sales" : 1695.17,
    "salesGrowthYoY" : 7.47,
    "grossProfitMargin" : 30.01,
    "grossProfit" : 508.72,
    "operatingProfitMargin" : 11.22,
    "operatingProfit" : 190.20,
    "netProfitMargin" : 2.74,
    "netProfit" : 46.45
  }, {
    "date" : "2023-03-31",
    "sales" : 1789.46,
    "salesGrowthYoY" : 10.04,
    "grossProfitMargin" : 26.79,
    "grossProfit" : 479.40,
    "operatingProfitMargin" : 8.74,
    "operatingProfit" : 156.40,
    "netProfitMargin" : 1.40,
    "netProfit" : 25.05
  }, {
    "date" : "2023-06-30",
    "sales" : 2150.64,
    "salesGrowthYoY" : 6.75,
    "grossProfitMargin" : 27.86,
    "grossProfit" : 599.17,
    "operatingProfitMargin" : 11.06,
    "operatingProfit" : 237.86,
    "netProfitMargin" : 3.73,
    "netProfit" : 80.22
  }, {
    "date" : "2023-09-30",
    "sales" : 1905.40,
    "salesGrowthYoY" : 9.02,
    "grossProfitMargin" : 30.01,
    "grossProfit" : 571.81,
    "operatingProfitMargin" : 11.48,
    "operatingProfit" : 218.74,
    "netProfitMargin" : 4.07,
    "netProfit" : 77.55
  }, {
    "date" : "2023-12-31",
    "sales" : 1887.49,
    "salesGrowthYoY" : 11.35,
    "grossProfitMargin" : 30.36,
    "grossProfit" : 573.04,
    "operatingProfitMargin" : 11.27,
    "operatingProfit" : 212.72,
    "netProfitMargin" : 3.04,
    "netProfit" : 57.38
  }, {
    "date" : "2024-03-31",
    "sales" : 2046.87,
    "salesGrowthYoY" : 14.38,
    "grossProfitMargin" : 30.66,
    "grossProfit" : 627.57,
    "operatingProfitMargin" : 11.22,
    "operatingProfit" : 229.66,
    "netProfitMargin" : 2.55,
    "netProfit" : 52.20
  }, {
    "date" : "2024-06-30",
    "sales" : 2375.06,
    "salesGrowthYoY" : 10.44,
    "grossProfitMargin" : 31.62,
    "grossProfit" : 750.99,
    "operatingProfitMargin" : 13.91,
    "operatingProfit" : 330.37,
    "netProfitMargin" : 5.50,
    "netProfit" : 130.63
  }, {
    "date" : "2024-09-30",
    "sales" : 2072.10,
    "salesGrowthYoY" : 8.75,
    "grossProfitMargin" : 30.49,
    "grossProfit" : 631.78,
    "operatingProfitMargin" : 11.64,
    "operatingProfit" : 241.19,
    "netProfitMargin" : 3.10,
    "netProfit" : 64.24
  }, {
    "date" : "2024-12-31",
    "sales" : 2009.75,
    "salesGrowthYoY" : 6.48,
    "grossProfitMargin" : 30.14,
    "grossProfit" : 605.74,
    "operatingProfitMargin" : 10.66,
    "operatingProfit" : 214.24,
    "netProfitMargin" : 2.04,
    "netProfit" : 41.00
  }, {
    "date" : "2025-03-31",
    "sales" : 2210.33,
    "salesGrowthYoY" : 7.99,
    "grossProfitMargin" : 30.33,
    "grossProfit" : 670.39,
    "operatingProfitMargin" : 10.32,
    "operatingProfit" : 228.11,
    "netProfitMargin" : 2.25,
    "netProfit" : 49.73
  }, {
    "date" : "2025-06-30",
    "sales" : 2534.91,
    "salesGrowthYoY" : 6.73,
    "grossProfitMargin" : 32.59,
    "grossProfit" : 826.13,
    "operatingProfitMargin" : 14.61,
    "operatingProfit" : 370.35,
    "netProfitMargin" : 5.84,
    "netProfit" : 148.04
  }, {
    "date" : "2025-09-30",
    "sales" : 2381.32,
    "salesGrowthYoY" : 14.92,
    "grossProfitMargin" : 31.48,
    "grossProfit" : 749.64,
    "operatingProfitMargin" : 13.89,
    "operatingProfit" : 330.77,
    "netProfitMargin" : 5.05,
    "netProfit" : 120.26
  } ],
  "latestQuarterlyResult" : {
    "date" : "2025-09-30",
    "sales" : 2381.32,
    "salesGrowthYoY" : 14.92,
    "grossProfitMargin" : 31.48,
    "grossProfit" : 749.64,
    "operatingProfitMargin" : 13.89,
    "operatingProfit" : 330.77,
    "netProfitMargin" : 5.05,
    "netProfit" : 120.26
  },
  "companyScore" : {
    "priceHigherThanDma50" : 0.00,
    "priceHigherThanDma100" : 5.00,
    "priceHigherThanDma200" : 0.00,
    "dma50HigherThanDma100" : 5.00,
    "dma50HigherThanDma200" : 5.00,
    "dma100HigherThanDma200" : 0.00,
    "pricePercentageAboveDma50" : 5.11,
    "pricePercentageAboveDma100" : 4.95,
    "pricePercentageAboveDma200" : 5.01,
    "weeklyVolumeHigherThanYearlyVolume" : 0.00,
    "salesGrowthPercentile" : 11.14,
    "operatingProfitMarginPercentile" : 18.80,
    "netProfitMarginPercentile" : 9.64,
    "totalTechnicalScore" : 30.07,
    "totalFundamentalScore" : 39.57,
    "totalScore" : 69.64
  }
}