{
  "metadata" : {
    "screenerCompanyId" : "1274197",
    "companyCode" : "HDFCLIFE",
    "companyName" : "HDFC Life Insur.",
    "screenerCompanyLink" : "https://www.screener.in/company/HDFCLIFE/consolidated/",
    "screenerTechnicalHistoryLink" : "https://www.screener.in/api/company/1274197/chart/?q=Price-DMA50-DMA200-Volume&days=365",
    "screenerQuarterlyResultsLink" : "https://www.screener.in/api/company/1274197/chart/?q=GPM-OPM-NPM-Quarter+Sales&days=10000",
    "attributes" : {
      "companyCode" : "HDFCLIFE",
      "companyName" : "HDFC Life Insur.",
      "marketCap" : 155358.00,
      "peRatio" : 82.20,
      "description" : "HDFC Life Insurance Company is engaged in carrying on the business of life insurance. The Company offers a range of individual and group insurance solutions. The portfolio comprises of various insurance and investment products such as Protection, Pension, Savings,(Source : 202003 Annual Report Page No: 175)"
    },
    "companyScore" : {
      "priceHigherThanDma50" : 0.00,
      "priceHigherThanDma100" : 0.00,
      "priceHigherThanDma200" : 0.00,
      "dma50HigherThanDma100" : 0.00,
      "dma50HigherThanDma200" : 5.00,
      "dma100HigherThanDma200" : 5.00,
      "pricePercentageAboveDma50" : 5.17,
      "pricePercentageAboveDma100" : 5.23,
      "pricePercentageAboveDma200" : 5.15,
      "weeklyVolumeHigherThanYearlyVolume" : 0.00,
      "salesGrowthPercentile" : 15.09,
      "operatingProfitMarginPercentile" : 3.86,
      "netProfitMarginPercentile" : 1.23,
      "totalTechnicalScore" : 25.54,
      "totalFundamentalScore" : 20.18,
      "totalScore" : 45.73
    }
  },
  "attributes" : {
    "companyCode" : "HDFCLIFE",
    "companyName" : "HDFC Life Insur.",
    "marketCap" : 155358.00,
    "peRatio" : 82.20,
    "description" : "HDFC Life Insurance Company is engaged in carrying on the business of life insurance. The Company offers a range of individual and group insurance solutions. The portfolio comprises of various insurance and investment products such as Protection, Pension, Savings,(Source : 202003 Annual Report Page No: 175)"
  },
  "technicalHistory" : [ {
    "date" : "2025-02-04",
    "price" : 625.90,
    "dma50" : 634.75,
    "dma100" : null,
    "dma200" : 650.37,
    "volume" : 3310737.00
  }, {
    "date" : "2025-02-05",
    "price" : 627.85,
    "dma50" : 634.48,
    "dma100" : null,
    "dma200" : 650.14,
    "volume" : 4487759.00
  }, {
    "date" : "2025-02-06",
    "price" : 631.95,
    "dma50" : 634.38,
    "dma100" : null,
    "dma200" : 649.96,
    "volume" : 4865418.00
  }, {
    "date" : "2025-02-07",
    "price" : 635.70,
    "dma50" : 634.44,
    "dma100" : null,
    "dma200" : 649.82,
    "volume" : 2581467.00
  }, {
    "date" : "2025-02-10",
    "price" : 635.70,
    "dma50" : 634.48,
    "dma100" : null,
    "dma200" : 649.68,
    "volume" : 3438788.00
  }, {
    "date" : "2025-02-11",
    "price" : 618.60,
    "dma50" : 633.86,
    "dma100" : null,
    "dma200" : 649.37,
    "volume" : 2357085.00
  }, {
    "date" : "2025-02-12",
    "price" : 629.15,
    "dma50" : 633.68,
    "dma100" : null,
    "dma200" : 649.17,
    "volume" : 3447437.00
  }, {
    "date" : "2025-02-13",
    "price" : 629.60,
    "dma50" : 633.52,
    "dma100" : null,
    "dma200" : 648.98,
    "volume" : 2843503.00
  }, {
    "date" : "2025-02-14",
    "price" : 626.20,
    "dma50" : 633.23,
    "dma100" : null,
    "dma200" : 648.75,
    "volume" : 1735680.00
  }, {
    "date" : "2025-02-17",
    "price" : 623.25,
    "dma50" : 632.84,
    "dma100" : null,
    "dma200" : 648.50,
    "volume" : 1901023.00
  }, {
    "date" : "2025-02-18",
    "price" : 618.95,
    "dma50" : 632.29,
    "dma100" : null,
    "dma200" : 648.20,
    "volume" : 1953746.00
  }, {
    "date" : "2025-02-19",
    "price" : 622.85,
    "dma50" : 631.92,
    "dma100" : null,
    "dma200" : 647.95,
    "volume" : 2026148.00
  }, {
    "date" : "2025-02-20",
    "price" : 620.00,
    "dma50" : 631.46,
    "dma100" : null,
    "dma200" : 647.67,
    "volume" : 2910182.00
  }, {
    "date" : "2025-02-21",
    "price" : 622.85,
    "dma50" : 631.12,
    "dma100" : null,
    "dma200" : 647.42,
    "volume" : 1638075.00
  }, {
    "date" : "2025-02-24",
    "price" : 617.00,
    "dma50" : 630.57,
    "dma100" : null,
    "dma200" : 647.12,
    "volume" : 1014677.00
  }, {
    "date" : "2025-02-25",
    "price" : 622.15,
    "dma50" : 630.24,
    "dma100" : null,
    "dma200" : 646.87,
    "volume" : 1630488.00
  }, {
    "date" : "2025-02-27",
    "price" : 618.40,
    "dma50" : 629.77,
    "dma100" : null,
    "dma200" : 646.59,
    "volume" : 1852498.00
  }, {
    "date" : "2025-02-28",
    "price" : 608.50,
    "dma50" : 628.94,
    "dma100" : null,
    "dma200" : 646.21,
    "volume" : 5055556.00
  }, {
    "date" : "2025-03-03",
    "price" : 618.00,
    "dma50" : 628.51,
    "dma100" : null,
    "dma200" : 645.93,
    "volume" : 3693542.00
  }, {
    "date" : "2025-03-04",
    "price" : 616.50,
    "dma50" : 628.04,
    "dma100" : null,
    "dma200" : 645.64,
    "volume" : 3313511.00
  }, {
    "date" : "2025-03-05",
    "price" : 621.20,
    "dma50" : 627.77,
    "dma100" : null,
    "dma200" : 645.39,
    "volume" : 2676607.00
  }, {
    "date" : "2025-03-06",
    "price" : 618.25,
    "dma50" : 627.40,
    "dma100" : null,
    "dma200" : 645.12,
    "volume" : 2514572.00
  }, {
    "date" : "2025-03-07",
    "price" : 625.20,
    "dma50" : 627.31,
    "dma100" : null,
    "dma200" : 644.93,
    "volume" : 3200993.00
  }, {
    "date" : "2025-03-10",
    "price" : 625.90,
    "dma50" : 627.25,
    "dma100" : null,
    "dma200" : 644.74,
    "volume" : 2336190.00
  }, {
    "date" : "2025-03-11",
    "price" : 636.95,
    "dma50" : 627.63,
    "dma100" : null,
    "dma200" : 644.66,
    "volume" : 2710636.00
  }, {
    "date" : "2025-03-12",
    "price" : 632.00,
    "dma50" : 627.81,
    "dma100" : null,
    "dma200" : 644.53,
    "volume" : 2730131.00
  }, {
    "date" : "2025-03-13",
    "price" : 622.40,
    "dma50" : 627.59,
    "dma100" : null,
    "dma200" : 644.31,
    "volume" : 2229911.00
  }, {
    "date" : "2025-03-17",
    "price" : 629.80,
    "dma50" : 627.68,
    "dma100" : null,
    "dma200" : 644.17,
    "volume" : 1089496.00
  }, {
    "date" : "2025-03-18",
    "price" : 640.55,
    "dma50" : 628.18,
    "dma100" : null,
    "dma200" : 644.13,
    "volume" : 2141310.00
  }, {
    "date" : "2025-03-19",
    "price" : 664.55,
    "dma50" : 629.61,
    "dma100" : null,
    "dma200" : 644.34,
    "volume" : 2580030.00
  }, {
    "date" : "2025-03-20",
    "price" : 674.35,
    "dma50" : 631.37,
    "dma100" : null,
    "dma200" : 644.63,
    "volume" : 4493263.00
  }, {
    "date" : "2025-03-21",
    "price" : 679.60,
    "dma50" : 633.26,
    "dma100" : null,
    "dma200" : 644.98,
    "volume" : 3757404.00
  }, {
    "date" : "2025-03-24",
    "price" : 679.90,
    "dma50" : 635.09,
    "dma100" : null,
    "dma200" : 645.33,
    "volume" : 1418603.00
  }, {
    "date" : "2025-03-25",
    "price" : 673.10,
    "dma50" : 636.58,
    "dma100" : null,
    "dma200" : 645.61,
    "volume" : 2046849.00
  }, {
    "date" : "2025-03-26",
    "price" : 668.40,
    "dma50" : 637.82,
    "dma100" : null,
    "dma200" : 645.83,
    "volume" : 2275026.00
  }, {
    "date" : "2025-03-27",
    "price" : 681.90,
    "dma50" : 639.55,
    "dma100" : null,
    "dma200" : 646.19,
    "volume" : 6017945.00
  }, {
    "date" : "2025-03-28",
    "price" : 685.70,
    "dma50" : 641.36,
    "dma100" : null,
    "dma200" : 646.58,
    "volume" : 3181695.00
  }, {
    "date" : "2025-04-01",
    "price" : 692.90,
    "dma50" : 643.38,
    "dma100" : null,
    "dma200" : 647.05,
    "volume" : 4660077.00
  }, {
    "date" : "2025-04-02",
    "price" : 696.15,
    "dma50" : 645.45,
    "dma100" : null,
    "dma200" : 647.53,
    "volume" : 3095973.00
  }, {
    "date" : "2025-04-03",
    "price" : 692.90,
    "dma50" : 647.31,
    "dma100" : null,
    "dma200" : 647.99,
    "volume" : 1367280.00
  }, {
    "date" : "2025-04-04",
    "price" : 689.05,
    "dma50" : 648.95,
    "dma100" : null,
    "dma200" : 648.39,
    "volume" : 3910658.00
  }, {
    "date" : "2025-04-07",
    "price" : 665.95,
    "dma50" : 649.62,
    "dma100" : null,
    "dma200" : 648.57,
    "volume" : 4000699.00
  }, {
    "date" : "2025-04-08",
    "price" : 685.75,
    "dma50" : 651.03,
    "dma100" : null,
    "dma200" : 648.94,
    "volume" : 3351378.00
  }, {
    "date" : "2025-04-09",
    "price" : 684.80,
    "dma50" : 652.36,
    "dma100" : null,
    "dma200" : 649.30,
    "volume" : 3090688.00
  }, {
    "date" : "2025-04-11",
    "price" : 685.55,
    "dma50" : 653.66,
    "dma100" : null,
    "dma200" : 649.66,
    "volume" : 3312773.00
  }, {
    "date" : "2025-04-15",
    "price" : 704.70,
    "dma50" : 655.66,
    "dma100" : null,
    "dma200" : 650.20,
    "volume" : 2328399.00
  }, {
    "date" : "2025-04-16",
    "price" : 716.05,
    "dma50" : 658.03,
    "dma100" : null,
    "dma200" : 650.86,
    "volume" : 3503682.00
  }, {
    "date" : "2025-04-17",
    "price" : 720.05,
    "dma50" : 660.46,
    "dma100" : null,
    "dma200" : 651.55,
    "volume" : 3135488.00
  }, {
    "date" : "2025-04-21",
    "price" : 712.20,
    "dma50" : 662.49,
    "dma100" : null,
    "dma200" : 652.15,
    "volume" : 6357193.00
  }, {
    "date" : "2025-04-22",
    "price" : 712.55,
    "dma50" : 664.45,
    "dma100" : null,
    "dma200" : 652.75,
    "volume" : 2708329.00
  }, {
    "date" : "2025-04-23",
    "price" : 709.10,
    "dma50" : 666.20,
    "dma100" : null,
    "dma200" : 653.31,
    "volume" : 2156295.00
  }, {
    "date" : "2025-04-24",
    "price" : 708.40,
    "dma50" : 667.86,
    "dma100" : null,
    "dma200" : 653.86,
    "volume" : 3873866.00
  }, {
    "date" : "2025-04-25",
    "price" : 704.55,
    "dma50" : 669.30,
    "dma100" : null,
    "dma200" : 654.36,
    "volume" : 3814995.00
  }, {
    "date" : "2025-04-28",
    "price" : 710.85,
    "dma50" : 670.93,
    "dma100" : null,
    "dma200" : 654.93,
    "volume" : 1997309.00
  }, {
    "date" : "2025-04-29",
    "price" : 715.05,
    "dma50" : 672.66,
    "dma100" : null,
    "dma200" : 655.53,
    "volume" : 2584254.00
  }, {
    "date" : "2025-04-30",
    "price" : 743.70,
    "dma50" : 675.44,
    "dma100" : null,
    "dma200" : 656.40,
    "volume" : 8924856.00
  }, {
    "date" : "2025-05-02",
    "price" : 727.75,
    "dma50" : 677.50,
    "dma100" : null,
    "dma200" : 657.11,
    "volume" : 3420399.00
  }, {
    "date" : "2025-05-05",
    "price" : 738.90,
    "dma50" : 679.90,
    "dma100" : null,
    "dma200" : 657.93,
    "volume" : 2812955.00
  }, {
    "date" : "2025-05-06",
    "price" : 722.60,
    "dma50" : 681.58,
    "dma100" : null,
    "dma200" : 658.57,
    "volume" : 1599579.00
  }, {
    "date" : "2025-05-07",
    "price" : 723.90,
    "dma50" : 683.24,
    "dma100" : null,
    "dma200" : 659.22,
    "volume" : 1684878.00
  }, {
    "date" : "2025-05-08",
    "price" : 722.95,
    "dma50" : 684.79,
    "dma100" : null,
    "dma200" : 659.85,
    "volume" : 3090893.00
  }, {
    "date" : "2025-05-09",
    "price" : 713.60,
    "dma50" : 685.92,
    "dma100" : null,
    "dma200" : 660.39,
    "volume" : 3243123.00
  }, {
    "date" : "2025-05-12",
    "price" : 734.60,
    "dma50" : 687.83,
    "dma100" : null,
    "dma200" : 661.13,
    "volume" : 1553722.00
  }, {
    "date" : "2025-05-13",
    "price" : 735.05,
    "dma50" : 689.68,
    "dma100" : null,
    "dma200" : 661.86,
    "volume" : 1862855.00
  }, {
    "date" : "2025-05-14",
    "price" : 741.70,
    "dma50" : 691.72,
    "dma100" : null,
    "dma200" : 662.66,
    "volume" : 2136057.00
  }, {
    "date" : "2025-05-15",
    "price" : 751.20,
    "dma50" : 694.06,
    "dma100" : null,
    "dma200" : 663.54,
    "volume" : 3376950.00
  }, {
    "date" : "2025-05-16",
    "price" : 750.55,
    "dma50" : 696.27,
    "dma100" : null,
    "dma200" : 664.40,
    "volume" : 1447832.00
  }, {
    "date" : "2025-05-19",
    "price" : 750.95,
    "dma50" : 698.42,
    "dma100" : null,
    "dma200" : 665.27,
    "volume" : 1246632.00
  }, {
    "date" : "2025-05-20",
    "price" : 747.05,
    "dma50" : 700.32,
    "dma100" : null,
    "dma200" : 666.08,
    "volume" : 2212693.00
  }, {
    "date" : "2025-05-21",
    "price" : 759.70,
    "dma50" : 702.65,
    "dma100" : null,
    "dma200" : 667.01,
    "volume" : 1994891.00
  }, {
    "date" : "2025-05-22",
    "price" : 755.85,
    "dma50" : 704.74,
    "dma100" : null,
    "dma200" : 667.89,
    "volume" : 2410856.00
  }, {
    "date" : "2025-05-23",
    "price" : 780.40,
    "dma50" : 707.71,
    "dma100" : null,
    "dma200" : 669.01,
    "volume" : 4712447.00
  }, {
    "date" : "2025-05-26",
    "price" : 780.00,
    "dma50" : 710.54,
    "dma100" : null,
    "dma200" : 670.12,
    "volume" : 2386100.00
  }, {
    "date" : "2025-05-27",
    "price" : 775.80,
    "dma50" : 713.10,
    "dma100" : null,
    "dma200" : 671.17,
    "volume" : 4513192.00
  }, {
    "date" : "2025-05-28",
    "price" : 789.45,
    "dma50" : 716.09,
    "dma100" : null,
    "dma200" : 672.35,
    "volume" : 4210962.00
  }, {
    "date" : "2025-05-29",
    "price" : 780.90,
    "dma50" : 718.64,
    "dma100" : null,
    "dma200" : 673.43,
    "volume" : 2943771.00
  }, {
    "date" : "2025-05-30",
    "price" : 776.85,
    "dma50" : 720.92,
    "dma100" : null,
    "dma200" : 674.46,
    "volume" : 3236125.00
  }, {
    "date" : "2025-06-02",
    "price" : 766.70,
    "dma50" : 722.71,
    "dma100" : null,
    "dma200" : 675.37,
    "volume" : 3529079.00
  }, {
    "date" : "2025-06-03",
    "price" : 757.90,
    "dma50" : 724.09,
    "dma100" : null,
    "dma200" : 676.19,
    "volume" : 3413318.00
  }, {
    "date" : "2025-06-04",
    "price" : 758.80,
    "dma50" : 725.45,
    "dma100" : null,
    "dma200" : 677.02,
    "volume" : 2370406.00
  }, {
    "date" : "2025-06-05",
    "price" : 761.60,
    "dma50" : 726.87,
    "dma100" : null,
    "dma200" : 677.86,
    "volume" : 1653590.00
  }, {
    "date" : "2025-06-06",
    "price" : 755.10,
    "dma50" : 727.98,
    "dma100" : null,
    "dma200" : 678.63,
    "volume" : 1238186.00
  }, {
    "date" : "2025-06-09",
    "price" : 760.40,
    "dma50" : 729.25,
    "dma100" : null,
    "dma200" : 679.44,
    "volume" : 3229262.00
  }, {
    "date" : "2025-06-10",
    "price" : 762.45,
    "dma50" : 730.55,
    "dma100" : null,
    "dma200" : 680.27,
    "volume" : 2325100.00
  }, {
    "date" : "2025-06-11",
    "price" : 764.20,
    "dma50" : 731.87,
    "dma100" : null,
    "dma200" : 681.10,
    "volume" : 1618712.00
  }, {
    "date" : "2025-06-12",
    "price" : 754.50,
    "dma50" : 732.76,
    "dma100" : null,
    "dma200" : 681.83,
    "volume" : 1635072.00
  }, {
    "date" : "2025-06-13",
    "price" : 752.85,
    "dma50" : 733.55,
    "dma100" : null,
    "dma200" : 682.54,
    "volume" : 1547253.00
  }, {
    "date" : "2025-06-16",
    "price" : 770.55,
    "dma50" : 735.00,
    "dma100" : null,
    "dma200" : 683.41,
    "volume" : 2376001.00
  }, {
    "date" : "2025-06-17",
    "price" : 773.95,
    "dma50" : 736.53,
    "dma100" : null,
    "dma200" : 684.32,
    "volume" : 1925610.00
  }, {
    "date" : "2025-06-18",
    "price" : 766.20,
    "dma50" : 737.69,
    "dma100" : null,
    "dma200" : 685.13,
    "volume" : 1077370.00
  }, {
    "date" : "2025-06-19",
    "price" : 761.85,
    "dma50" : 738.64,
    "dma100" : null,
    "dma200" : 685.89,
    "volume" : 3072105.00
  }, {
    "date" : "2025-06-20",
    "price" : 778.95,
    "dma50" : 740.22,
    "dma100" : null,
    "dma200" : 686.82,
    "volume" : 5343976.00
  }, {
    "date" : "2025-06-23",
    "price" : 774.15,
    "dma50" : 741.55,
    "dma100" : null,
    "dma200" : 687.69,
    "volume" : 1907650.00
  }, {
    "date" : "2025-06-24",
    "price" : 779.70,
    "dma50" : 743.04,
    "dma100" : null,
    "dma200" : 688.60,
    "volume" : 2025469.00
  }, {
    "date" : "2025-06-25",
    "price" : 785.10,
    "dma50" : 744.69,
    "dma100" : null,
    "dma200" : 689.56,
    "volume" : 2748252.00
  }, {
    "date" : "2025-06-26",
    "price" : 799.45,
    "dma50" : 746.84,
    "dma100" : null,
    "dma200" : 690.66,
    "volume" : 4445511.00
  }, {
    "date" : "2025-06-27",
    "price" : 806.95,
    "dma50" : 749.20,
    "dma100" : null,
    "dma200" : 691.81,
    "volume" : 17382281.00
  }, {
    "date" : "2025-06-30",
    "price" : 814.30,
    "dma50" : 751.75,
    "dma100" : null,
    "dma200" : 693.03,
    "volume" : 3035783.00
  }, {
    "date" : "2025-07-01",
    "price" : 809.90,
    "dma50" : 754.03,
    "dma100" : null,
    "dma200" : 694.20,
    "volume" : 2628400.00
  }, {
    "date" : "2025-07-02",
    "price" : 789.70,
    "dma50" : 755.43,
    "dma100" : null,
    "dma200" : 695.15,
    "volume" : 3289703.00
  }, {
    "date" : "2025-07-03",
    "price" : 785.85,
    "dma50" : 756.62,
    "dma100" : 706.04,
    "dma200" : 696.05,
    "volume" : 3489807.00
  }, {
    "date" : "2025-07-04",
    "price" : 785.10,
    "dma50" : 757.74,
    "dma100" : 707.61,
    "dma200" : 696.94,
    "volume" : 1555475.00
  }, {
    "date" : "2025-07-07",
    "price" : 789.45,
    "dma50" : 758.98,
    "dma100" : 709.19,
    "dma200" : 697.86,
    "volume" : 2197283.00
  }, {
    "date" : "2025-07-08",
    "price" : 794.15,
    "dma50" : 760.36,
    "dma100" : 710.77,
    "dma200" : 698.81,
    "volume" : 5069566.00
  }, {
    "date" : "2025-07-09",
    "price" : 786.30,
    "dma50" : 761.38,
    "dma100" : 712.28,
    "dma200" : 699.68,
    "volume" : 2191368.00
  }, {
    "date" : "2025-07-10",
    "price" : 771.25,
    "dma50" : 761.77,
    "dma100" : 713.80,
    "dma200" : 700.40,
    "volume" : 2632094.00
  }, {
    "date" : "2025-07-11",
    "price" : 759.00,
    "dma50" : 761.66,
    "dma100" : 715.10,
    "dma200" : 700.98,
    "volume" : 3557249.00
  }, {
    "date" : "2025-07-14",
    "price" : 764.75,
    "dma50" : 761.78,
    "dma100" : 716.45,
    "dma200" : 701.61,
    "volume" : 1816714.00
  }, {
    "date" : "2025-07-15",
    "price" : 756.85,
    "dma50" : 761.59,
    "dma100" : 717.76,
    "dma200" : 702.16,
    "volume" : 2926394.00
  }, {
    "date" : "2025-07-16",
    "price" : 755.95,
    "dma50" : 761.37,
    "dma100" : 719.09,
    "dma200" : 702.70,
    "volume" : 6490153.00
  }, {
    "date" : "2025-07-17",
    "price" : 751.80,
    "dma50" : 760.99,
    "dma100" : 720.42,
    "dma200" : 703.19,
    "volume" : 4507656.00
  }, {
    "date" : "2025-07-18",
    "price" : 739.50,
    "dma50" : 760.15,
    "dma100" : 721.58,
    "dma200" : 703.55,
    "volume" : 3487890.00
  }, {
    "date" : "2025-07-21",
    "price" : 752.30,
    "dma50" : 759.84,
    "dma100" : 722.91,
    "dma200" : 704.03,
    "volume" : 2093401.00
  }, {
    "date" : "2025-07-22",
    "price" : 763.30,
    "dma50" : 759.98,
    "dma100" : 724.31,
    "dma200" : 704.62,
    "volume" : 4450466.00
  }, {
    "date" : "2025-07-23",
    "price" : 762.50,
    "dma50" : 760.07,
    "dma100" : 725.77,
    "dma200" : 705.20,
    "volume" : 1333446.00
  }, {
    "date" : "2025-07-24",
    "price" : 757.30,
    "dma50" : 759.97,
    "dma100" : 727.12,
    "dma200" : 705.72,
    "volume" : 1294582.00
  }, {
    "date" : "2025-07-25",
    "price" : 762.35,
    "dma50" : 760.06,
    "dma100" : 728.56,
    "dma200" : 706.28,
    "volume" : 1743438.00
  }, {
    "date" : "2025-07-28",
    "price" : 761.20,
    "dma50" : 760.10,
    "dma100" : 730.08,
    "dma200" : 706.83,
    "volume" : 1544055.00
  }, {
    "date" : "2025-07-29",
    "price" : 756.35,
    "dma50" : 759.96,
    "dma100" : 731.47,
    "dma200" : 707.32,
    "volume" : 1160860.00
  }, {
    "date" : "2025-07-30",
    "price" : 757.45,
    "dma50" : 759.86,
    "dma100" : 732.88,
    "dma200" : 707.82,
    "volume" : 2070046.00
  }, {
    "date" : "2025-07-31",
    "price" : 755.50,
    "dma50" : 759.69,
    "dma100" : 734.22,
    "dma200" : 708.29,
    "volume" : 1839036.00
  }, {
    "date" : "2025-08-01",
    "price" : 741.70,
    "dma50" : 758.98,
    "dma100" : 735.45,
    "dma200" : 708.63,
    "volume" : 1765361.00
  }, {
    "date" : "2025-08-04",
    "price" : 739.80,
    "dma50" : 758.23,
    "dma100" : 736.60,
    "dma200" : 708.94,
    "volume" : 2590821.00
  }, {
    "date" : "2025-08-05",
    "price" : 738.50,
    "dma50" : 757.46,
    "dma100" : 737.73,
    "dma200" : 709.23,
    "volume" : 2016334.00
  }, {
    "date" : "2025-08-06",
    "price" : 752.55,
    "dma50" : 757.26,
    "dma100" : 738.88,
    "dma200" : 709.66,
    "volume" : 1875073.00
  }, {
    "date" : "2025-08-07",
    "price" : 755.70,
    "dma50" : 757.20,
    "dma100" : 740.12,
    "dma200" : 710.12,
    "volume" : 1445068.00
  }, {
    "date" : "2025-08-08",
    "price" : 761.55,
    "dma50" : 757.37,
    "dma100" : 741.51,
    "dma200" : 710.63,
    "volume" : 2261119.00
  }, {
    "date" : "2025-08-11",
    "price" : 764.75,
    "dma50" : 757.66,
    "dma100" : 742.86,
    "dma200" : 711.17,
    "volume" : 1739176.00
  }, {
    "date" : "2025-08-12",
    "price" : 766.20,
    "dma50" : 758.00,
    "dma100" : 744.12,
    "dma200" : 711.72,
    "volume" : 2035748.00
  }, {
    "date" : "2025-08-13",
    "price" : 776.60,
    "dma50" : 758.73,
    "dma100" : 745.24,
    "dma200" : 712.36,
    "volume" : 1758890.00
  }, {
    "date" : "2025-08-14",
    "price" : 788.75,
    "dma50" : 759.90,
    "dma100" : 746.38,
    "dma200" : 713.12,
    "volume" : 3072226.00
  }, {
    "date" : "2025-08-18",
    "price" : 791.00,
    "dma50" : 761.12,
    "dma100" : 747.50,
    "dma200" : 713.90,
    "volume" : 4033179.00
  }, {
    "date" : "2025-08-19",
    "price" : 793.75,
    "dma50" : 762.40,
    "dma100" : 748.63,
    "dma200" : 714.69,
    "volume" : 1543789.00
  }, {
    "date" : "2025-08-20",
    "price" : 796.55,
    "dma50" : 763.74,
    "dma100" : 749.87,
    "dma200" : 715.51,
    "volume" : 1125339.00
  }, {
    "date" : "2025-08-21",
    "price" : 795.45,
    "dma50" : 764.99,
    "dma100" : 751.14,
    "dma200" : 716.30,
    "volume" : 2177341.00
  }, {
    "date" : "2025-08-22",
    "price" : 788.75,
    "dma50" : 765.92,
    "dma100" : 752.21,
    "dma200" : 717.02,
    "volume" : 1343515.00
  }, {
    "date" : "2025-08-25",
    "price" : 787.00,
    "dma50" : 766.74,
    "dma100" : 753.22,
    "dma200" : 717.72,
    "volume" : 2336601.00
  }, {
    "date" : "2025-08-26",
    "price" : 776.60,
    "dma50" : 767.13,
    "dma100" : 754.06,
    "dma200" : 718.31,
    "volume" : 5093269.00
  }, {
    "date" : "2025-08-28",
    "price" : 775.35,
    "dma50" : 767.45,
    "dma100" : 754.85,
    "dma200" : 718.87,
    "volume" : 2931583.00
  }, {
    "date" : "2025-08-29",
    "price" : 772.05,
    "dma50" : 767.63,
    "dma100" : 755.64,
    "dma200" : 719.40,
    "volume" : 1880735.00
  }, {
    "date" : "2025-09-01",
    "price" : 781.80,
    "dma50" : 768.19,
    "dma100" : 756.57,
    "dma200" : 720.02,
    "volume" : 2235922.00
  }, {
    "date" : "2025-09-02",
    "price" : 782.75,
    "dma50" : 768.76,
    "dma100" : 757.74,
    "dma200" : 720.65,
    "volume" : 2993890.00
  }, {
    "date" : "2025-09-03",
    "price" : 776.45,
    "dma50" : 769.06,
    "dma100" : 758.64,
    "dma200" : 721.20,
    "volume" : 1904491.00
  }, {
    "date" : "2025-09-04",
    "price" : 754.25,
    "dma50" : 768.48,
    "dma100" : 759.34,
    "dma200" : 721.53,
    "volume" : 10315301.00
  }, {
    "date" : "2025-09-05",
    "price" : 759.55,
    "dma50" : 768.13,
    "dma100" : 760.08,
    "dma200" : 721.91,
    "volume" : 3293794.00
  }, {
    "date" : "2025-09-08",
    "price" : 753.75,
    "dma50" : 767.57,
    "dma100" : 760.57,
    "dma200" : 722.23,
    "volume" : 3574359.00
  }, {
    "date" : "2025-09-09",
    "price" : 761.10,
    "dma50" : 767.31,
    "dma100" : 761.02,
    "dma200" : 722.61,
    "volume" : 2445776.00
  }, {
    "date" : "2025-09-10",
    "price" : 777.60,
    "dma50" : 767.72,
    "dma100" : 761.59,
    "dma200" : 723.16,
    "volume" : 2342278.00
  }, {
    "date" : "2025-09-11",
    "price" : 774.25,
    "dma50" : 767.97,
    "dma100" : 762.22,
    "dma200" : 723.67,
    "volume" : 1271932.00
  }, {
    "date" : "2025-09-12",
    "price" : 779.65,
    "dma50" : 768.43,
    "dma100" : 762.89,
    "dma200" : 724.23,
    "volume" : 2297281.00
  }, {
    "date" : "2025-09-15",
    "price" : 777.20,
    "dma50" : 768.77,
    "dma100" : 763.57,
    "dma200" : 724.75,
    "volume" : 1606331.00
  }, {
    "date" : "2025-09-16",
    "price" : 774.35,
    "dma50" : 768.99,
    "dma100" : 764.23,
    "dma200" : 725.25,
    "volume" : 1781027.00
  }, {
    "date" : "2025-09-17",
    "price" : 768.05,
    "dma50" : 768.96,
    "dma100" : 764.86,
    "dma200" : 725.67,
    "volume" : 2600029.00
  }, {
    "date" : "2025-09-18",
    "price" : 784.60,
    "dma50" : 769.57,
    "dma100" : 765.60,
    "dma200" : 726.26,
    "volume" : 4980189.00
  }, {
    "date" : "2025-09-19",
    "price" : 782.20,
    "dma50" : 770.06,
    "dma100" : 766.27,
    "dma200" : 726.82,
    "volume" : 3691979.00
  }, {
    "date" : "2025-09-22",
    "price" : 787.80,
    "dma50" : 770.76,
    "dma100" : 766.71,
    "dma200" : 727.42,
    "volume" : 2027762.00
  }, {
    "date" : "2025-09-23",
    "price" : 775.05,
    "dma50" : 770.93,
    "dma100" : 767.18,
    "dma200" : 727.90,
    "volume" : 2236686.00
  }, {
    "date" : "2025-09-24",
    "price" : 770.25,
    "dma50" : 770.90,
    "dma100" : 767.50,
    "dma200" : 728.32,
    "volume" : 1109758.00
  }, {
    "date" : "2025-09-25",
    "price" : 765.05,
    "dma50" : 770.67,
    "dma100" : 767.92,
    "dma200" : 728.68,
    "volume" : 2101770.00
  }, {
    "date" : "2025-09-26",
    "price" : 764.40,
    "dma50" : 770.43,
    "dma100" : 768.33,
    "dma200" : 729.04,
    "volume" : 2979133.00
  }, {
    "date" : "2025-09-29",
    "price" : 756.60,
    "dma50" : 769.88,
    "dma100" : 768.66,
    "dma200" : 729.31,
    "volume" : 3483259.00
  }, {
    "date" : "2025-09-30",
    "price" : 756.45,
    "dma50" : 769.36,
    "dma100" : 769.09,
    "dma200" : 729.58,
    "volume" : 3456453.00
  }, {
    "date" : "2025-10-01",
    "price" : 764.00,
    "dma50" : 769.15,
    "dma100" : 769.39,
    "dma200" : 729.93,
    "volume" : 1748047.00
  }, {
    "date" : "2025-10-03",
    "price" : 759.20,
    "dma50" : 768.76,
    "dma100" : 769.63,
    "dma200" : 730.22,
    "volume" : 5462798.00
  }, {
    "date" : "2025-10-06",
    "price" : 763.05,
    "dma50" : 768.53,
    "dma100" : 769.84,
    "dma200" : 730.54,
    "volume" : 1367326.00
  }, {
    "date" : "2025-10-07",
    "price" : 755.60,
    "dma50" : 768.03,
    "dma100" : 769.89,
    "dma200" : 730.79,
    "volume" : 3352684.00
  }, {
    "date" : "2025-10-08",
    "price" : 747.30,
    "dma50" : 767.21,
    "dma100" : 769.85,
    "dma200" : 730.96,
    "volume" : 2296600.00
  }, {
    "date" : "2025-10-09",
    "price" : 754.35,
    "dma50" : 766.71,
    "dma100" : 769.89,
    "dma200" : 731.19,
    "volume" : 4561204.00
  }, {
    "date" : "2025-10-10",
    "price" : 747.30,
    "dma50" : 765.95,
    "dma100" : 769.89,
    "dma200" : 731.35,
    "volume" : 2809876.00
  }, {
    "date" : "2025-10-13",
    "price" : 746.55,
    "dma50" : 765.19,
    "dma100" : 769.76,
    "dma200" : 731.50,
    "volume" : 1714909.00
  }, {
    "date" : "2025-10-14",
    "price" : 743.55,
    "dma50" : 764.34,
    "dma100" : 769.64,
    "dma200" : 731.62,
    "volume" : 3433352.00
  }, {
    "date" : "2025-10-15",
    "price" : 761.15,
    "dma50" : 764.21,
    "dma100" : 769.44,
    "dma200" : 731.91,
    "volume" : 2854660.00
  }, {
    "date" : "2025-10-16",
    "price" : 742.85,
    "dma50" : 763.38,
    "dma100" : 769.07,
    "dma200" : 732.02,
    "volume" : 10378800.00
  }, {
    "date" : "2025-10-17",
    "price" : 745.95,
    "dma50" : 762.69,
    "dma100" : 768.77,
    "dma200" : 732.16,
    "volume" : 4537394.00
  }, {
    "date" : "2025-10-20",
    "price" : 742.25,
    "dma50" : 761.89,
    "dma100" : 768.30,
    "dma200" : 732.26,
    "volume" : 2388875.00
  }, {
    "date" : "2025-10-21",
    "price" : 743.70,
    "dma50" : 761.18,
    "dma100" : 767.93,
    "dma200" : 732.38,
    "volume" : 133563.00
  }, {
    "date" : "2025-10-23",
    "price" : 743.65,
    "dma50" : 760.49,
    "dma100" : 767.60,
    "dma200" : 732.49,
    "volume" : 3362197.00
  }, {
    "date" : "2025-10-24",
    "price" : 734.95,
    "dma50" : 759.49,
    "dma100" : 767.28,
    "dma200" : 732.51,
    "volume" : 2769438.00
  }, {
    "date" : "2025-10-27",
    "price" : 737.25,
    "dma50" : 758.62,
    "dma100" : 767.07,
    "dma200" : 732.56,
    "volume" : 3804039.00
  }, {
    "date" : "2025-10-28",
    "price" : 747.00,
    "dma50" : 758.16,
    "dma100" : 766.95,
    "dma200" : 732.70,
    "volume" : 3907798.00
  }, {
    "date" : "2025-10-29",
    "price" : 761.30,
    "dma50" : 758.28,
    "dma100" : 766.95,
    "dma200" : 732.99,
    "volume" : 2303329.00
  }, {
    "date" : "2025-10-30",
    "price" : 746.60,
    "dma50" : 757.83,
    "dma100" : 766.87,
    "dma200" : 733.12,
    "volume" : 1839412.00
  }, {
    "date" : "2025-10-31",
    "price" : 731.85,
    "dma50" : 756.81,
    "dma100" : 766.58,
    "dma200" : 733.11,
    "volume" : 2694622.00
  }, {
    "date" : "2025-11-03",
    "price" : 736.00,
    "dma50" : 755.99,
    "dma100" : 766.32,
    "dma200" : 733.14,
    "volume" : 2833366.00
  }, {
    "date" : "2025-11-04",
    "price" : 742.45,
    "dma50" : 755.46,
    "dma100" : 766.10,
    "dma200" : 733.23,
    "volume" : 2336470.00
  }, {
    "date" : "2025-11-06",
    "price" : 736.05,
    "dma50" : 754.70,
    "dma100" : 765.91,
    "dma200" : 733.26,
    "volume" : 1678841.00
  }, {
    "date" : "2025-11-07",
    "price" : 749.25,
    "dma50" : 754.49,
    "dma100" : 765.88,
    "dma200" : 733.42,
    "volume" : 1753574.00
  }, {
    "date" : "2025-11-10",
    "price" : 750.70,
    "dma50" : 754.34,
    "dma100" : 765.68,
    "dma200" : 733.59,
    "volume" : 2079097.00
  }, {
    "date" : "2025-11-11",
    "price" : 763.90,
    "dma50" : 754.71,
    "dma100" : 765.58,
    "dma200" : 733.89,
    "volume" : 2328837.00
  }, {
    "date" : "2025-11-12",
    "price" : 783.10,
    "dma50" : 755.83,
    "dma100" : 765.75,
    "dma200" : 734.38,
    "volume" : 4056901.00
  }, {
    "date" : "2025-11-13",
    "price" : 782.20,
    "dma50" : 756.86,
    "dma100" : 765.95,
    "dma200" : 734.86,
    "volume" : 2117604.00
  }, {
    "date" : "2025-11-14",
    "price" : 773.70,
    "dma50" : 757.52,
    "dma100" : 765.90,
    "dma200" : 735.25,
    "volume" : 1392386.00
  }, {
    "date" : "2025-11-17",
    "price" : 770.25,
    "dma50" : 758.02,
    "dma100" : 765.86,
    "dma200" : 735.59,
    "volume" : 2656327.00
  }, {
    "date" : "2025-11-18",
    "price" : 761.80,
    "dma50" : 758.17,
    "dma100" : 765.68,
    "dma200" : 735.85,
    "volume" : 1387184.00
  }, {
    "date" : "2025-11-19",
    "price" : 761.10,
    "dma50" : 758.28,
    "dma100" : 765.44,
    "dma200" : 736.11,
    "volume" : 962410.00
  }, {
    "date" : "2025-11-20",
    "price" : 762.20,
    "dma50" : 758.44,
    "dma100" : 765.07,
    "dma200" : 736.36,
    "volume" : 2651014.00
  }, {
    "date" : "2025-11-21",
    "price" : 764.00,
    "dma50" : 758.65,
    "dma100" : 764.64,
    "dma200" : 736.64,
    "volume" : 2739240.00
  }, {
    "date" : "2025-11-24",
    "price" : 761.65,
    "dma50" : 758.77,
    "dma100" : 764.11,
    "dma200" : 736.89,
    "volume" : 5857954.00
  }, {
    "date" : "2025-11-25",
    "price" : 766.55,
    "dma50" : 759.08,
    "dma100" : 763.68,
    "dma200" : 737.18,
    "volume" : 1873668.00
  }, {
    "date" : "2025-11-26",
    "price" : 787.55,
    "dma50" : 760.19,
    "dma100" : 763.66,
    "dma200" : 737.69,
    "volume" : 3370075.00
  }, {
    "date" : "2025-11-27",
    "price" : 777.80,
    "dma50" : 760.88,
    "dma100" : 763.58,
    "dma200" : 738.08,
    "volume" : 1415003.00
  }, {
    "date" : "2025-11-28",
    "price" : 764.30,
    "dma50" : 761.02,
    "dma100" : 763.37,
    "dma200" : 738.35,
    "volume" : 2594879.00
  }, {
    "date" : "2025-12-01",
    "price" : 766.75,
    "dma50" : 761.24,
    "dma100" : 763.14,
    "dma200" : 738.63,
    "volume" : 937661.00
  }, {
    "date" : "2025-12-02",
    "price" : 759.00,
    "dma50" : 761.15,
    "dma100" : 762.79,
    "dma200" : 738.83,
    "volume" : 2076462.00
  }, {
    "date" : "2025-12-03",
    "price" : 751.95,
    "dma50" : 760.79,
    "dma100" : 762.45,
    "dma200" : 738.96,
    "volume" : 2956985.00
  }, {
    "date" : "2025-12-04",
    "price" : 760.80,
    "dma50" : 760.79,
    "dma100" : 762.34,
    "dma200" : 739.18,
    "volume" : 2684074.00
  }, {
    "date" : "2025-12-05",
    "price" : 768.30,
    "dma50" : 761.09,
    "dma100" : 762.44,
    "dma200" : 739.47,
    "volume" : 1741301.00
  }, {
    "date" : "2025-12-08",
    "price" : 764.05,
    "dma50" : 761.20,
    "dma100" : 762.43,
    "dma200" : 739.71,
    "volume" : 3938854.00
  }, {
    "date" : "2025-12-09",
    "price" : 762.90,
    "dma50" : 761.27,
    "dma100" : 762.49,
    "dma200" : 739.94,
    "volume" : 1985743.00
  }, {
    "date" : "2025-12-10",
    "price" : 771.05,
    "dma50" : 761.65,
    "dma100" : 762.64,
    "dma200" : 740.25,
    "volume" : 1737936.00
  }, {
    "date" : "2025-12-11",
    "price" : 775.20,
    "dma50" : 762.19,
    "dma100" : 762.87,
    "dma200" : 740.60,
    "volume" : 2184784.00
  }, {
    "date" : "2025-12-12",
    "price" : 777.50,
    "dma50" : 762.79,
    "dma100" : 763.25,
    "dma200" : 740.97,
    "volume" : 9568693.00
  }, {
    "date" : "2025-12-15",
    "price" : 772.70,
    "dma50" : 763.17,
    "dma100" : 763.46,
    "dma200" : 741.28,
    "volume" : 1536812.00
  }, {
    "date" : "2025-12-16",
    "price" : 764.35,
    "dma50" : 763.22,
    "dma100" : 763.47,
    "dma200" : 741.51,
    "volume" : 2170322.00
  }, {
    "date" : "2025-12-17",
    "price" : 753.50,
    "dma50" : 762.84,
    "dma100" : 763.38,
    "dma200" : 741.63,
    "volume" : 1863967.00
  }, {
    "date" : "2025-12-18",
    "price" : 757.00,
    "dma50" : 762.61,
    "dma100" : 763.38,
    "dma200" : 741.79,
    "volume" : 767503.00
  }, {
    "date" : "2025-12-19",
    "price" : 766.45,
    "dma50" : 762.76,
    "dma100" : 763.42,
    "dma200" : 742.03,
    "volume" : 3129995.00
  }, {
    "date" : "2025-12-22",
    "price" : 761.80,
    "dma50" : 762.72,
    "dma100" : 763.42,
    "dma200" : 742.23,
    "volume" : 791359.00
  }, {
    "date" : "2025-12-23",
    "price" : 763.95,
    "dma50" : 762.77,
    "dma100" : 763.50,
    "dma200" : 742.44,
    "volume" : 1270562.00
  }, {
    "date" : "2025-12-24",
    "price" : 755.35,
    "dma50" : 762.48,
    "dma100" : 763.48,
    "dma200" : 742.57,
    "volume" : 1143191.00
  }, {
    "date" : "2025-12-26",
    "price" : 748.45,
    "dma50" : 761.93,
    "dma100" : 763.41,
    "dma200" : 742.63,
    "volume" : 1696466.00
  }, {
    "date" : "2025-12-29",
    "price" : 746.45,
    "dma50" : 761.32,
    "dma100" : 763.46,
    "dma200" : 742.67,
    "volume" : 3006870.00
  }, {
    "date" : "2025-12-30",
    "price" : 743.00,
    "dma50" : 760.60,
    "dma100" : 763.49,
    "dma200" : 742.67,
    "volume" : 13943642.00
  }, {
    "date" : "2025-12-31",
    "price" : 749.85,
    "dma50" : 760.18,
    "dma100" : 763.60,
    "dma200" : 742.74,
    "volume" : 2560194.00
  }, {
    "date" : "2026-01-01",
    "price" : 750.10,
    "dma50" : 759.79,
    "dma100" : 763.58,
    "dma200" : 742.82,
    "volume" : 901342.00
  }, {
    "date" : "2026-01-02",
    "price" : 754.85,
    "dma50" : 759.59,
    "dma100" : 763.57,
    "dma200" : 742.94,
    "volume" : 1507063.00
  }, {
    "date" : "2026-01-05",
    "price" : 759.30,
    "dma50" : 759.58,
    "dma100" : 763.55,
    "dma200" : 743.10,
    "volume" : 1372418.00
  }, {
    "date" : "2026-01-06",
    "price" : 777.85,
    "dma50" : 760.30,
    "dma100" : 763.68,
    "dma200" : 743.44,
    "volume" : 2960377.00
  }, {
    "date" : "2026-01-07",
    "price" : 772.35,
    "dma50" : 760.77,
    "dma100" : 763.74,
    "dma200" : 743.73,
    "volume" : 2584435.00
  }, {
    "date" : "2026-01-08",
    "price" : 758.15,
    "dma50" : 760.67,
    "dma100" : 763.55,
    "dma200" : 743.88,
    "volume" : 2573298.00
  }, {
    "date" : "2026-01-09",
    "price" : 749.90,
    "dma50" : 760.25,
    "dma100" : 763.16,
    "dma200" : 743.94,
    "volume" : 3337922.00
  }, {
    "date" : "2026-01-12",
    "price" : 754.65,
    "dma50" : 760.03,
    "dma100" : 762.80,
    "dma200" : 744.04,
    "volume" : 1838539.00
  }, {
    "date" : "2026-01-13",
    "price" : 748.50,
    "dma50" : 759.57,
    "dma100" : 762.35,
    "dma200" : 744.09,
    "volume" : 1842189.00
  }, {
    "date" : "2026-01-14",
    "price" : 743.20,
    "dma50" : 758.93,
    "dma100" : 761.82,
    "dma200" : 744.08,
    "volume" : 2946448.00
  }, {
    "date" : "2026-01-16",
    "price" : 732.55,
    "dma50" : 757.90,
    "dma100" : 761.19,
    "dma200" : 743.96,
    "volume" : 10068782.00
  }, {
    "date" : "2026-01-19",
    "price" : 736.80,
    "dma50" : 757.07,
    "dma100" : 760.67,
    "dma200" : 743.89,
    "volume" : 2587196.00
  }, {
    "date" : "2026-01-20",
    "price" : 732.10,
    "dma50" : 756.09,
    "dma100" : 760.12,
    "dma200" : 743.77,
    "volume" : 2447077.00
  }, {
    "date" : "2026-01-21",
    "price" : 724.35,
    "dma50" : 754.85,
    "dma100" : 759.60,
    "dma200" : 743.58,
    "volume" : 3523061.00
  }, {
    "date" : "2026-01-22",
    "price" : 725.10,
    "dma50" : 753.68,
    "dma100" : 759.09,
    "dma200" : 743.40,
    "volume" : 4392615.00
  }, {
    "date" : "2026-01-23",
    "price" : 712.10,
    "dma50" : 752.05,
    "dma100" : 758.49,
    "dma200" : 743.09,
    "volume" : 3279331.00
  }, {
    "date" : "2026-01-27",
    "price" : 720.05,
    "dma50" : 750.79,
    "dma100" : 757.88,
    "dma200" : 742.86,
    "volume" : 3378298.00
  }, {
    "date" : "2026-01-28",
    "price" : 728.60,
    "dma50" : 749.92,
    "dma100" : 757.33,
    "dma200" : 742.71,
    "volume" : 1828349.00
  }, {
    "date" : "2026-01-29",
    "price" : 727.10,
    "dma50" : 749.03,
    "dma100" : 756.84,
    "dma200" : 742.56,
    "volume" : 2575235.00
  }, {
    "date" : "2026-01-30",
    "price" : 731.00,
    "dma50" : 748.32,
    "dma100" : 756.61,
    "dma200" : 742.44,
    "volume" : 3731346.00
  }, {
    "date" : "2026-02-01",
    "price" : 715.30,
    "dma50" : 747.03,
    "dma100" : 756.17,
    "dma200" : 742.17,
    "volume" : 1018784.00
  }, {
    "date" : "2026-02-02",
    "price" : 717.50,
    "dma50" : 745.87,
    "dma100" : 755.80,
    "dma200" : 741.93,
    "volume" : 1846937.00
  }, {
    "date" : "2026-02-03",
    "price" : 720.15,
    "dma50" : 744.86,
    "dma100" : 755.39,
    "dma200" : 741.71,
    "volume" : 3963960.00
  } ],
  "latestTechnicalAttributes" : {
    "date" : "2026-02-03",
    "price" : 720.15,
    "dma50" : 744.86,
    "dma100" : 755.39,
    "dma200" : 741.71,
    "volume" : 3963960.00
  },
  "quarterlyResults" : [ {
    "date" : "2011-12-31",
    "sales" : 1383.61,
    "salesGrowthYoY" : null,
    "grossProfitMargin" : 100.00,
    "grossProfit" : 1383.61,
    "operatingProfitMargin" : 0.28,
    "operatingProfit" : 3.87,
    "netProfitMargin" : 0.74,
    "netProfit" : 10.24
  }, {
    "date" : "2012-03-31",
    "sales" : 6316.55,
    "salesGrowthYoY" : null,
    "grossProfitMargin" : 100.00,
    "grossProfit" : 6316.55,
    "operatingProfitMargin" : 3.45,
    "operatingProfit" : 217.92,
    "netProfitMargin" : 3.79,
    "netProfit" : 239.40
  }, {
    "date" : "2012-06-30",
    "sales" : 1843.81,
    "salesGrowthYoY" : null,
    "grossProfitMargin" : 100.00,
    "grossProfit" : 1843.81,
    "operatingProfitMargin" : -0.02,
    "operatingProfit" : -0.37,
    "netProfitMargin" : 0.46,
    "netProfit" : 8.48
  }, {
    "date" : "2012-09-30",
    "sales" : 4593.55,
    "salesGrowthYoY" : null,
    "grossProfitMargin" : 100.00,
    "grossProfit" : 4593.55,
    "operatingProfitMargin" : 4.61,
    "operatingProfit" : 211.76,
    "netProfitMargin" : 4.52,
    "netProfit" : 207.63
  }, {
    "date" : "2012-12-31",
    "sales" : 4131.18,
    "salesGrowthYoY" : 198.58,
    "grossProfitMargin" : 100.00,
    "grossProfit" : 4131.18,
    "operatingProfitMargin" : 2.99,
    "operatingProfit" : 123.52,
    "netProfitMargin" : 2.92,
    "netProfit" : 120.63
  }, {
    "date" : "2013-03-31",
    "sales" : 3304.11,
    "salesGrowthYoY" : -47.69,
    "grossProfitMargin" : 100.00,
    "grossProfit" : 3304.11,
    "operatingProfitMargin" : 4.38,
    "operatingProfit" : 144.72,
    "netProfitMargin" : 3.47,
    "netProfit" : 114.65
  }, {
    "date" : "2013-06-30",
    "sales" : 2648.35,
    "salesGrowthYoY" : 43.63,
    "grossProfitMargin" : 100.00,
    "grossProfit" : 2648.35,
    "operatingProfitMargin" : 10.22,
    "operatingProfit" : 270.66,
    "netProfitMargin" : 10.30,
    "netProfit" : 272.78
  }, {
    "date" : "2013-09-30",
    "sales" : 2123.42,
    "salesGrowthYoY" : -53.77,
    "grossProfitMargin" : 100.00,
    "grossProfit" : 2123.42,
    "operatingProfitMargin" : 5.76,
    "operatingProfit" : 122.31,
    "netProfitMargin" : 7.10,
    "netProfit" : 150.76
  }, {
    "date" : "2013-12-31",
    "sales" : 5773.16,
    "salesGrowthYoY" : 39.75,
    "grossProfitMargin" : 100.00,
    "grossProfit" : 5773.16,
    "operatingProfitMargin" : 1.16,
    "operatingProfit" : 66.97,
    "netProfitMargin" : 1.88,
    "netProfit" : 108.54
  }, {
    "date" : "2014-03-31",
    "sales" : 6618.93,
    "salesGrowthYoY" : 100.32,
    "grossProfitMargin" : 100.00,
    "grossProfit" : 6618.93,
    "operatingProfitMargin" : 1.41,
    "operatingProfit" : 93.33,
    "netProfitMargin" : 2.92,
    "netProfit" : 193.27
  }, {
    "date" : "2014-06-30",
    "sales" : 7968.68,
    "salesGrowthYoY" : 200.89,
    "grossProfitMargin" : 100.00,
    "grossProfit" : 7968.68,
    "operatingProfitMargin" : 3.28,
    "operatingProfit" : 261.37,
    "netProfitMargin" : 3.52,
    "netProfit" : 280.50
  }, {
    "date" : "2014-09-30",
    "sales" : 5364.45,
    "salesGrowthYoY" : 152.63,
    "grossProfitMargin" : 100.00,
    "grossProfit" : 5364.45,
    "operatingProfitMargin" : 3.11,
    "operatingProfit" : 166.83,
    "netProfitMargin" : 3.23,
    "netProfit" : 173.27
  }, {
    "date" : "2014-12-31",
    "sales" : 6601.05,
    "salesGrowthYoY" : 14.34,
    "grossProfitMargin" : 100.00,
    "grossProfit" : 6601.05,
    "operatingProfitMargin" : 1.90,
    "operatingProfit" : 125.42,
    "netProfitMargin" : 1.82,
    "netProfit" : 120.14
  }, {
    "date" : "2015-03-31",
    "sales" : 7278.57,
    "salesGrowthYoY" : 9.97,
    "grossProfitMargin" : 100.00,
    "grossProfit" : 7278.57,
    "operatingProfitMargin" : 4.00,
    "operatingProfit" : 291.14,
    "netProfitMargin" : 2.90,
    "netProfit" : 211.08
  }, {
    "date" : "2015-06-30",
    "sales" : 3377.34,
    "salesGrowthYoY" : -57.62,
    "grossProfitMargin" : 100.00,
    "grossProfit" : 3377.34,
    "operatingProfitMargin" : 6.81,
    "operatingProfit" : 230.00,
    "netProfitMargin" : 6.76,
    "netProfit" : 228.31
  }, {
    "date" : "2015-09-30",
    "sales" : 4321.29,
    "salesGrowthYoY" : -19.45,
    "grossProfitMargin" : 100.00,
    "grossProfit" : 4321.29,
    "operatingProfitMargin" : 4.32,
    "operatingProfit" : 186.68,
    "netProfitMargin" : 4.32,
    "netProfit" : 186.68
  }, {
    "date" : "2015-12-31",
    "sales" : 3979.41,
    "salesGrowthYoY" : -39.72,
    "grossProfitMargin" : 100.00,
    "grossProfit" : 3979.41,
    "operatingProfitMargin" : 4.32,
    "operatingProfit" : 171.91,
    "netProfitMargin" : 4.38,
    "netProfit" : 174.30
  }, {
    "date" : "2016-03-31",
    "sales" : 6460.05,
    "salesGrowthYoY" : -11.25,
    "grossProfitMargin" : 100.00,
    "grossProfit" : 6460.05,
    "operatingProfitMargin" : 4.85,
    "operatingProfit" : 313.31,
    "netProfitMargin" : 3.55,
    "netProfit" : 229.33
  }, {
    "date" : "2016-06-30",
    "sales" : 6396.62,
    "salesGrowthYoY" : 89.40,
    "grossProfitMargin" : 100.00,
    "grossProfit" : 6396.62,
    "operatingProfitMargin" : 3.24,
    "operatingProfit" : 207.25,
    "netProfitMargin" : 3.85,
    "netProfit" : 246.27
  }, {
    "date" : "2016-09-30",
    "sales" : 8050.10,
    "salesGrowthYoY" : 86.29,
    "grossProfitMargin" : 100.00,
    "grossProfit" : 8050.10,
    "operatingProfitMargin" : 2.75,
    "operatingProfit" : 221.38,
    "netProfitMargin" : 2.71,
    "netProfit" : 218.16
  }, {
    "date" : "2016-12-31",
    "sales" : 4068.08,
    "salesGrowthYoY" : 2.23,
    "grossProfitMargin" : 100.00,
    "grossProfit" : 4068.08,
    "operatingProfitMargin" : 4.33,
    "operatingProfit" : 176.15,
    "netProfitMargin" : 4.44,
    "netProfit" : 180.62
  }, {
    "date" : "2017-03-31",
    "sales" : 12127.57,
    "salesGrowthYoY" : 87.73,
    "grossProfitMargin" : 100.00,
    "grossProfit" : 12127.57,
    "operatingProfitMargin" : 2.66,
    "operatingProfit" : 322.59,
    "netProfitMargin" : 2.04,
    "netProfit" : 247.40
  }, {
    "date" : "2017-06-30",
    "sales" : 6501.19,
    "salesGrowthYoY" : 1.63,
    "grossProfitMargin" : 100.00,
    "grossProfit" : 6501.19,
    "operatingProfitMargin" : 4.29,
    "operatingProfit" : 278.90,
    "netProfitMargin" : 4.87,
    "netProfit" : 316.61
  }, {
    "date" : "2017-09-30",
    "sales" : 7949.20,
    "salesGrowthYoY" : -1.25,
    "grossProfitMargin" : 100.00,
    "grossProfit" : 7949.20,
    "operatingProfitMargin" : 2.72,
    "operatingProfit" : 216.22,
    "netProfitMargin" : 3.00,
    "netProfit" : 238.48
  }, {
    "date" : "2017-12-31",
    "sales" : 9734.90,
    "salesGrowthYoY" : 139.30,
    "grossProfitMargin" : 100.00,
    "grossProfit" : 9734.90,
    "operatingProfitMargin" : 2.25,
    "operatingProfit" : 219.04,
    "netProfitMargin" : 2.13,
    "netProfit" : 207.35
  }, {
    "date" : "2018-03-31",
    "sales" : 8060.58,
    "salesGrowthYoY" : -33.54,
    "grossProfitMargin" : 100.00,
    "grossProfit" : 8060.58,
    "operatingProfitMargin" : 3.80,
    "operatingProfit" : 306.30,
    "netProfitMargin" : 4.30,
    "netProfit" : 346.60
  }, {
    "date" : "2018-06-30",
    "sales" : 6876.83,
    "salesGrowthYoY" : 5.78,
    "grossProfitMargin" : 100.00,
    "grossProfit" : 6876.83,
    "operatingProfitMargin" : 5.04,
    "operatingProfit" : 346.59,
    "netProfitMargin" : 5.53,
    "netProfit" : 380.29
  }, {
    "date" : "2018-09-30",
    "sales" : 7941.10,
    "salesGrowthYoY" : -0.10,
    "grossProfitMargin" : 100.00,
    "grossProfit" : 7941.10,
    "operatingProfitMargin" : 3.28,
    "operatingProfit" : 260.47,
    "netProfitMargin" : 3.61,
    "netProfit" : 286.67
  }, {
    "date" : "2018-12-31",
    "sales" : 9366.01,
    "salesGrowthYoY" : -3.79,
    "grossProfitMargin" : 100.00,
    "grossProfit" : 9366.01,
    "operatingProfitMargin" : 2.70,
    "operatingProfit" : 252.88,
    "netProfitMargin" : 2.62,
    "netProfit" : 245.39
  }, {
    "date" : "2019-03-31",
    "sales" : 14175.95,
    "salesGrowthYoY" : 75.87,
    "grossProfitMargin" : 100.00,
    "grossProfit" : 14175.95,
    "operatingProfitMargin" : 1.07,
    "operatingProfit" : 151.68,
    "netProfitMargin" : 2.57,
    "netProfit" : 364.32
  }, {
    "date" : "2019-06-30",
    "sales" : 8601.30,
    "salesGrowthYoY" : 25.08,
    "grossProfitMargin" : 100.00,
    "grossProfit" : 8601.30,
    "operatingProfitMargin" : 4.76,
    "operatingProfit" : 409.42,
    "netProfitMargin" : 4.94,
    "netProfit" : 424.90
  }, {
    "date" : "2019-09-30",
    "sales" : 8728.81,
    "salesGrowthYoY" : 9.92,
    "grossProfitMargin" : 100.00,
    "grossProfit" : 8728.81,
    "operatingProfitMargin" : 2.67,
    "operatingProfit" : 233.06,
    "netProfitMargin" : 3.54,
    "netProfit" : 309.00
  }, {
    "date" : "2019-12-31",
    "sales" : 11699.87,
    "salesGrowthYoY" : 24.92,
    "grossProfitMargin" : 100.00,
    "grossProfit" : 11699.87,
    "operatingProfitMargin" : 2.12,
    "operatingProfit" : 248.04,
    "netProfitMargin" : 2.14,
    "netProfit" : 250.38
  }, {
    "date" : "2020-03-31",
    "sales" : 320.55,
    "salesGrowthYoY" : -97.74,
    "grossProfitMargin" : 100.00,
    "grossProfit" : 320.55,
    "operatingProfitMargin" : 63.64,
    "operatingProfit" : 204.00,
    "netProfitMargin" : 97.24,
    "netProfit" : 311.70
  }, {
    "date" : "2020-06-30",
    "sales" : 14567.39,
    "salesGrowthYoY" : 69.36,
    "grossProfitMargin" : 100.00,
    "grossProfit" : 14567.39,
    "operatingProfitMargin" : 3.05,
    "operatingProfit" : 444.31,
    "netProfitMargin" : 3.10,
    "netProfit" : 451.59
  }, {
    "date" : "2020-09-30",
    "sales" : 16501.34,
    "salesGrowthYoY" : 89.04,
    "grossProfitMargin" : 100.00,
    "grossProfit" : 16501.34,
    "operatingProfitMargin" : 1.78,
    "operatingProfit" : 293.72,
    "netProfitMargin" : 1.98,
    "netProfit" : 326.73
  }, {
    "date" : "2020-12-31",
    "sales" : 21223.98,
    "salesGrowthYoY" : 81.40,
    "grossProfitMargin" : 100.00,
    "grossProfit" : 21223.98,
    "operatingProfitMargin" : 1.24,
    "operatingProfit" : 263.18,
    "netProfitMargin" : 1.25,
    "netProfit" : 265.30
  }, {
    "date" : "2021-03-31",
    "sales" : 19154.73,
    "salesGrowthYoY" : 5875.58,
    "grossProfitMargin" : 100.00,
    "grossProfit" : 19154.73,
    "operatingProfitMargin" : 0.97,
    "operatingProfit" : 185.80,
    "netProfitMargin" : 1.66,
    "netProfit" : 317.97
  }, {
    "date" : "2021-06-30",
    "sales" : 14761.37,
    "salesGrowthYoY" : 1.33,
    "grossProfitMargin" : 100.00,
    "grossProfit" : 14761.37,
    "operatingProfitMargin" : 1.37,
    "operatingProfit" : 202.23,
    "netProfitMargin" : 2.05,
    "netProfit" : 302.61
  }, {
    "date" : "2021-09-30",
    "sales" : 20520.76,
    "salesGrowthYoY" : 24.36,
    "grossProfitMargin" : 100.00,
    "grossProfit" : 20520.76,
    "operatingProfitMargin" : 0.64,
    "operatingProfit" : 131.33,
    "netProfitMargin" : 1.34,
    "netProfit" : 274.98
  }, {
    "date" : "2021-12-31",
    "sales" : 14285.25,
    "salesGrowthYoY" : -32.69,
    "grossProfitMargin" : 100.00,
    "grossProfit" : 14285.25,
    "operatingProfitMargin" : 1.24,
    "operatingProfit" : 177.14,
    "netProfitMargin" : 1.92,
    "netProfit" : 274.28
  }, {
    "date" : "2022-03-31",
    "sales" : 15834.39,
    "salesGrowthYoY" : -17.33,
    "grossProfitMargin" : 100.00,
    "grossProfit" : 15834.39,
    "operatingProfitMargin" : 0.68,
    "operatingProfit" : 107.67,
    "netProfitMargin" : 2.26,
    "netProfit" : 357.86
  }, {
    "date" : "2022-06-30",
    "sales" : 6664.75,
    "salesGrowthYoY" : -54.85,
    "grossProfitMargin" : 100.00,
    "grossProfit" : 6664.75,
    "operatingProfitMargin" : 4.62,
    "operatingProfit" : 307.91,
    "netProfitMargin" : 5.40,
    "netProfit" : 359.90
  }, {
    "date" : "2022-09-30",
    "sales" : 23053.40,
    "salesGrowthYoY" : 12.34,
    "grossProfitMargin" : 100.00,
    "grossProfit" : 23053.40,
    "operatingProfitMargin" : 1.18,
    "operatingProfit" : 272.03,
    "netProfitMargin" : 1.42,
    "netProfit" : 327.36
  }, {
    "date" : "2022-12-31",
    "sales" : 19551.01,
    "salesGrowthYoY" : 36.86,
    "grossProfitMargin" : 100.00,
    "grossProfit" : 19551.01,
    "operatingProfitMargin" : -1.04,
    "operatingProfit" : -203.33,
    "netProfitMargin" : 1.61,
    "netProfit" : 314.77
  }, {
    "date" : "2023-03-31",
    "sales" : 20812.13,
    "salesGrowthYoY" : 31.44,
    "grossProfitMargin" : 100.00,
    "grossProfit" : 20812.13,
    "operatingProfitMargin" : -1.69,
    "operatingProfit" : -351.72,
    "netProfitMargin" : 1.72,
    "netProfit" : 357.97
  }, {
    "date" : "2023-06-30",
    "sales" : 23340.22,
    "salesGrowthYoY" : 250.20,
    "grossProfitMargin" : 100.00,
    "grossProfit" : 23340.22,
    "operatingProfitMargin" : 1.43,
    "operatingProfit" : 333.77,
    "netProfitMargin" : 1.78,
    "netProfit" : 415.46
  }, {
    "date" : "2023-09-30",
    "sales" : 23097.18,
    "salesGrowthYoY" : 0.19,
    "grossProfitMargin" : 100.00,
    "grossProfit" : 23097.18,
    "operatingProfitMargin" : -1.76,
    "operatingProfit" : -406.51,
    "netProfitMargin" : 1.63,
    "netProfit" : 376.48
  }, {
    "date" : "2023-12-31",
    "sales" : 26886.19,
    "salesGrowthYoY" : 37.52,
    "grossProfitMargin" : 100.00,
    "grossProfit" : 26886.19,
    "operatingProfitMargin" : 1.02,
    "operatingProfit" : 274.24,
    "netProfitMargin" : 1.36,
    "netProfit" : 365.65
  }, {
    "date" : "2024-03-31",
    "sales" : 27992.10,
    "salesGrowthYoY" : 34.50,
    "grossProfitMargin" : 100.00,
    "grossProfit" : 27992.10,
    "operatingProfitMargin" : 1.05,
    "operatingProfit" : 293.92,
    "netProfitMargin" : 1.47,
    "netProfit" : 411.48
  }, {
    "date" : "2024-06-30",
    "sales" : 26891.19,
    "salesGrowthYoY" : 15.21,
    "grossProfitMargin" : 100.00,
    "grossProfit" : 26891.19,
    "operatingProfitMargin" : 1.21,
    "operatingProfit" : 325.38,
    "netProfitMargin" : 1.78,
    "netProfit" : 478.66
  }, {
    "date" : "2024-09-30",
    "sales" : 28449.24,
    "salesGrowthYoY" : 23.17,
    "grossProfitMargin" : 100.00,
    "grossProfit" : 28449.24,
    "operatingProfitMargin" : -1.03,
    "operatingProfit" : -293.03,
    "netProfitMargin" : 1.52,
    "netProfit" : 432.43
  }, {
    "date" : "2024-12-31",
    "sales" : 17235.16,
    "salesGrowthYoY" : -35.90,
    "grossProfitMargin" : 100.00,
    "grossProfit" : 17235.16,
    "operatingProfitMargin" : 2.67,
    "operatingProfit" : 460.18,
    "netProfitMargin" : 2.41,
    "netProfit" : 415.37
  }, {
    "date" : "2025-03-31",
    "sales" : 24110.93,
    "salesGrowthYoY" : -13.87,
    "grossProfitMargin" : 100.00,
    "grossProfit" : 24110.93,
    "operatingProfitMargin" : 1.66,
    "operatingProfit" : 400.24,
    "netProfitMargin" : 1.98,
    "netProfit" : 477.40
  }, {
    "date" : "2025-06-30",
    "sales" : 29381.30,
    "salesGrowthYoY" : 9.26,
    "grossProfitMargin" : 100.00,
    "grossProfit" : 29381.30,
    "operatingProfitMargin" : 1.57,
    "operatingProfit" : 461.29,
    "netProfitMargin" : 1.86,
    "netProfit" : 546.49
  }, {
    "date" : "2025-09-30",
    "sales" : 20548.23,
    "salesGrowthYoY" : -27.77,
    "grossProfitMargin" : 100.00,
    "grossProfit" : 20548.23,
    "operatingProfitMargin" : 1.66,
    "operatingProfit" : 341.10,
    "netProfitMargin" : 2.18,
    "netProfit" : 447.95
  }, {
    "date" : "2025-12-31",
    "sales" : 29311.81,
    "salesGrowthYoY" : 70.07,
    "grossProfitMargin" : 100.00,
    "grossProfit" : 29311.81,
    "operatingProfitMargin" : 1.03,
    "operatingProfit" : 301.91,
    "netProfitMargin" : 1.44,
    "netProfit" : 422.09
  } ],
  "latestQuarterlyResult" : {
    "date" : "2025-12-31",
    "sales" : 29311.81,
    "salesGrowthYoY" : 70.07,
    "grossProfitMargin" : 100.00,
    "grossProfit" : 29311.81,
    "operatingProfitMargin" : 1.03,
    "operatingProfit" : 301.91,
    "netProfitMargin" : 1.44,
    "netProfit" : 422.09
  },
  "companyScore" : {
    "priceHigherThanDma50" : 0.00,
    "priceHigherThanDma100" : 0.00,
    "priceHigherThanDma200" : 0.00,
    "dma50HigherThanDma100" : 0.00,
    "dma50HigherThanDma200" : 5.00,
    "dma100HigherThanDma200" : 5.00,
    "pricePercentageAboveDma50" : 5.17,
    "pricePercentageAboveDma100" : 5.23,
    "pricePercentageAboveDma200" : 5.15,
    "weeklyVolumeHigherThanYearlyVolume" : 0.00,
    "salesGrowthPercentile" : 15.09,
    "operatingProfitMarginPercentile" : 3.86,
    "netProfitMarginPercentile" : 1.23,
    "totalTechnicalScore" : 25.54,
    "totalFundamentalScore" : 20.18,
    "totalScore" : 45.73
  }
}