{
  "metadata" : {
    "screenerCompanyId" : "1319",
    "companyCode" : "HFCL",
    "companyName" : "HFCL",
    "screenerCompanyLink" : "https://www.screener.in/company/HFCL/consolidated/",
    "screenerTechnicalHistoryLink" : "https://www.screener.in/api/company/1319/chart/?q=Price-DMA50-DMA200-Volume&days=365",
    "screenerQuarterlyResultsLink" : "https://www.screener.in/api/company/1319/chart/?q=GPM-OPM-NPM-Quarter+Sales&days=10000",
    "attributes" : {
      "companyCode" : "HFCL",
      "companyName" : "HFCL",
      "marketCap" : 10577.00,
      "peRatio" : 204.00,
      "description" : "HFCL Ltd (Himachal Futuristic Communications Limited) is a diverse telecom infrastructure enabler with active interest spanning telecom infrastructure development, system integration, and manufacture and supply of high end telecom equipment, Optical Fiber and Optic Fiber Cable (OFC).[1]"
    },
    "companyScore" : {
      "priceHigherThanDma50" : 5.00,
      "priceHigherThanDma100" : 0.00,
      "priceHigherThanDma200" : 0.00,
      "dma50HigherThanDma100" : 0.00,
      "dma50HigherThanDma200" : 0.00,
      "dma100HigherThanDma200" : 0.00,
      "pricePercentageAboveDma50" : 4.87,
      "pricePercentageAboveDma100" : 5.14,
      "pricePercentageAboveDma200" : 5.50,
      "weeklyVolumeHigherThanYearlyVolume" : 5.00,
      "salesGrowthPercentile" : 13.00,
      "operatingProfitMarginPercentile" : 19.63,
      "netProfitMarginPercentile" : 9.70,
      "totalTechnicalScore" : 25.51,
      "totalFundamentalScore" : 42.33,
      "totalScore" : 67.84
    }
  },
  "attributes" : {
    "companyCode" : "HFCL",
    "companyName" : "HFCL",
    "marketCap" : 10577.00,
    "peRatio" : 204.00,
    "description" : "HFCL Ltd (Himachal Futuristic Communications Limited) is a diverse telecom infrastructure enabler with active interest spanning telecom infrastructure development, system integration, and manufacture and supply of high end telecom equipment, Optical Fiber and Optic Fiber Cable (OFC).[1]"
  },
  "technicalHistory" : [ {
    "date" : "2025-02-05",
    "price" : 101.84,
    "dma50" : 109.21,
    "dma100" : null,
    "dma200" : 115.55,
    "volume" : 14932190.00
  }, {
    "date" : "2025-02-06",
    "price" : 99.98,
    "dma50" : 108.85,
    "dma100" : null,
    "dma200" : 115.40,
    "volume" : 9142684.00
  }, {
    "date" : "2025-02-07",
    "price" : 100.54,
    "dma50" : 108.52,
    "dma100" : null,
    "dma200" : 115.25,
    "volume" : 10848525.00
  }, {
    "date" : "2025-02-10",
    "price" : 97.98,
    "dma50" : 108.11,
    "dma100" : null,
    "dma200" : 115.08,
    "volume" : 6513801.00
  }, {
    "date" : "2025-02-11",
    "price" : 92.50,
    "dma50" : 107.50,
    "dma100" : null,
    "dma200" : 114.86,
    "volume" : 10228799.00
  }, {
    "date" : "2025-02-12",
    "price" : 92.04,
    "dma50" : 106.89,
    "dma100" : null,
    "dma200" : 114.63,
    "volume" : 13192336.00
  }, {
    "date" : "2025-02-13",
    "price" : 91.24,
    "dma50" : 106.28,
    "dma100" : null,
    "dma200" : 114.40,
    "volume" : 10187628.00
  }, {
    "date" : "2025-02-14",
    "price" : 85.70,
    "dma50" : 105.47,
    "dma100" : null,
    "dma200" : 114.11,
    "volume" : 18641053.00
  }, {
    "date" : "2025-02-17",
    "price" : 87.03,
    "dma50" : 104.75,
    "dma100" : null,
    "dma200" : 113.84,
    "volume" : 14390877.00
  }, {
    "date" : "2025-02-18",
    "price" : 83.58,
    "dma50" : 103.92,
    "dma100" : null,
    "dma200" : 113.54,
    "volume" : 13593349.00
  }, {
    "date" : "2025-02-19",
    "price" : 88.80,
    "dma50" : 103.33,
    "dma100" : null,
    "dma200" : 113.29,
    "volume" : 18472271.00
  }, {
    "date" : "2025-02-20",
    "price" : 91.15,
    "dma50" : 102.85,
    "dma100" : null,
    "dma200" : 113.07,
    "volume" : 20128390.00
  }, {
    "date" : "2025-02-21",
    "price" : 89.41,
    "dma50" : 102.32,
    "dma100" : null,
    "dma200" : 112.84,
    "volume" : 12984644.00
  }, {
    "date" : "2025-02-24",
    "price" : 87.36,
    "dma50" : 101.73,
    "dma100" : null,
    "dma200" : 112.58,
    "volume" : 8641814.00
  }, {
    "date" : "2025-02-25",
    "price" : 86.23,
    "dma50" : 101.13,
    "dma100" : null,
    "dma200" : 112.32,
    "volume" : 8689253.00
  }, {
    "date" : "2025-02-27",
    "price" : 83.15,
    "dma50" : 100.42,
    "dma100" : null,
    "dma200" : 112.03,
    "volume" : 9990356.00
  }, {
    "date" : "2025-02-28",
    "price" : 79.19,
    "dma50" : 99.59,
    "dma100" : null,
    "dma200" : 111.70,
    "volume" : 19261983.00
  }, {
    "date" : "2025-03-03",
    "price" : 79.60,
    "dma50" : 98.80,
    "dma100" : null,
    "dma200" : 111.39,
    "volume" : 34312710.00
  }, {
    "date" : "2025-03-04",
    "price" : 79.95,
    "dma50" : 98.07,
    "dma100" : null,
    "dma200" : 111.07,
    "volume" : 13955059.00
  }, {
    "date" : "2025-03-05",
    "price" : 83.44,
    "dma50" : 97.49,
    "dma100" : null,
    "dma200" : 110.80,
    "volume" : 12665568.00
  }, {
    "date" : "2025-03-06",
    "price" : 82.99,
    "dma50" : 96.92,
    "dma100" : null,
    "dma200" : 110.52,
    "volume" : 12883012.00
  }, {
    "date" : "2025-03-07",
    "price" : 83.87,
    "dma50" : 96.41,
    "dma100" : null,
    "dma200" : 110.26,
    "volume" : 12702081.00
  }, {
    "date" : "2025-03-10",
    "price" : 80.25,
    "dma50" : 95.78,
    "dma100" : null,
    "dma200" : 109.96,
    "volume" : 14427932.00
  }, {
    "date" : "2025-03-11",
    "price" : 80.26,
    "dma50" : 95.17,
    "dma100" : null,
    "dma200" : 109.66,
    "volume" : 12840025.00
  }, {
    "date" : "2025-03-12",
    "price" : 79.12,
    "dma50" : 94.54,
    "dma100" : null,
    "dma200" : 109.36,
    "volume" : 10623438.00
  }, {
    "date" : "2025-03-13",
    "price" : 77.55,
    "dma50" : 93.87,
    "dma100" : null,
    "dma200" : 109.04,
    "volume" : 18713351.00
  }, {
    "date" : "2025-03-17",
    "price" : 77.64,
    "dma50" : 93.24,
    "dma100" : null,
    "dma200" : 108.73,
    "volume" : 12540480.00
  }, {
    "date" : "2025-03-18",
    "price" : 80.44,
    "dma50" : 92.73,
    "dma100" : null,
    "dma200" : 108.45,
    "volume" : 12053880.00
  }, {
    "date" : "2025-03-19",
    "price" : 82.01,
    "dma50" : 92.31,
    "dma100" : null,
    "dma200" : 108.18,
    "volume" : 14728005.00
  }, {
    "date" : "2025-03-20",
    "price" : 81.44,
    "dma50" : 91.89,
    "dma100" : null,
    "dma200" : 107.92,
    "volume" : 14343354.00
  }, {
    "date" : "2025-03-21",
    "price" : 82.81,
    "dma50" : 91.53,
    "dma100" : null,
    "dma200" : 107.67,
    "volume" : 31310208.00
  }, {
    "date" : "2025-03-24",
    "price" : 84.94,
    "dma50" : 91.27,
    "dma100" : null,
    "dma200" : 107.44,
    "volume" : 24916262.00
  }, {
    "date" : "2025-03-25",
    "price" : 81.25,
    "dma50" : 90.88,
    "dma100" : null,
    "dma200" : 107.18,
    "volume" : 18936709.00
  }, {
    "date" : "2025-03-26",
    "price" : 79.77,
    "dma50" : 90.44,
    "dma100" : null,
    "dma200" : 106.91,
    "volume" : 14731158.00
  }, {
    "date" : "2025-03-27",
    "price" : 81.25,
    "dma50" : 90.08,
    "dma100" : null,
    "dma200" : 106.65,
    "volume" : 16998569.00
  }, {
    "date" : "2025-03-28",
    "price" : 79.10,
    "dma50" : 89.65,
    "dma100" : null,
    "dma200" : 106.38,
    "volume" : 15671299.00
  }, {
    "date" : "2025-04-01",
    "price" : 80.77,
    "dma50" : 89.30,
    "dma100" : null,
    "dma200" : 106.12,
    "volume" : 11848755.00
  }, {
    "date" : "2025-04-02",
    "price" : 81.75,
    "dma50" : 89.01,
    "dma100" : null,
    "dma200" : 105.88,
    "volume" : 12928485.00
  }, {
    "date" : "2025-04-03",
    "price" : 83.22,
    "dma50" : 88.78,
    "dma100" : null,
    "dma200" : 105.66,
    "volume" : 11906632.00
  }, {
    "date" : "2025-04-04",
    "price" : 79.16,
    "dma50" : 88.40,
    "dma100" : null,
    "dma200" : 105.39,
    "volume" : 16623535.00
  }, {
    "date" : "2025-04-07",
    "price" : 74.34,
    "dma50" : 87.85,
    "dma100" : null,
    "dma200" : 105.08,
    "volume" : 16358331.00
  }, {
    "date" : "2025-04-08",
    "price" : 75.96,
    "dma50" : 87.39,
    "dma100" : null,
    "dma200" : 104.79,
    "volume" : 9286240.00
  }, {
    "date" : "2025-04-09",
    "price" : 75.06,
    "dma50" : 86.90,
    "dma100" : null,
    "dma200" : 104.50,
    "volume" : 6903054.00
  }, {
    "date" : "2025-04-11",
    "price" : 76.01,
    "dma50" : 86.48,
    "dma100" : null,
    "dma200" : 104.21,
    "volume" : 6530157.00
  }, {
    "date" : "2025-04-15",
    "price" : 82.52,
    "dma50" : 86.32,
    "dma100" : null,
    "dma200" : 104.00,
    "volume" : 22872319.00
  }, {
    "date" : "2025-04-16",
    "price" : 82.39,
    "dma50" : 86.17,
    "dma100" : null,
    "dma200" : 103.78,
    "volume" : 11168346.00
  }, {
    "date" : "2025-04-17",
    "price" : 83.30,
    "dma50" : 86.05,
    "dma100" : null,
    "dma200" : 103.58,
    "volume" : 12979751.00
  }, {
    "date" : "2025-04-21",
    "price" : 85.89,
    "dma50" : 86.05,
    "dma100" : null,
    "dma200" : 103.40,
    "volume" : 14553047.00
  }, {
    "date" : "2025-04-22",
    "price" : 85.64,
    "dma50" : 86.03,
    "dma100" : null,
    "dma200" : 103.23,
    "volume" : 11419826.00
  }, {
    "date" : "2025-04-23",
    "price" : 85.73,
    "dma50" : 86.02,
    "dma100" : null,
    "dma200" : 103.05,
    "volume" : 10620479.00
  }, {
    "date" : "2025-04-24",
    "price" : 85.40,
    "dma50" : 86.00,
    "dma100" : null,
    "dma200" : 102.88,
    "volume" : 7729119.00
  }, {
    "date" : "2025-04-25",
    "price" : 81.15,
    "dma50" : 85.81,
    "dma100" : null,
    "dma200" : 102.66,
    "volume" : 12999964.00
  }, {
    "date" : "2025-04-28",
    "price" : 81.85,
    "dma50" : 85.65,
    "dma100" : null,
    "dma200" : 102.45,
    "volume" : 8320968.00
  }, {
    "date" : "2025-04-29",
    "price" : 81.20,
    "dma50" : 85.48,
    "dma100" : null,
    "dma200" : 102.24,
    "volume" : 6713072.00
  }, {
    "date" : "2025-04-30",
    "price" : 79.39,
    "dma50" : 85.24,
    "dma100" : null,
    "dma200" : 102.02,
    "volume" : 7278482.00
  }, {
    "date" : "2025-05-02",
    "price" : 78.15,
    "dma50" : 84.96,
    "dma100" : null,
    "dma200" : 101.78,
    "volume" : 7653674.00
  }, {
    "date" : "2025-05-05",
    "price" : 80.59,
    "dma50" : 84.79,
    "dma100" : null,
    "dma200" : 101.57,
    "volume" : 7617527.00
  }, {
    "date" : "2025-05-06",
    "price" : 76.35,
    "dma50" : 84.46,
    "dma100" : null,
    "dma200" : 101.32,
    "volume" : 10312328.00
  }, {
    "date" : "2025-05-07",
    "price" : 77.71,
    "dma50" : 84.19,
    "dma100" : null,
    "dma200" : 101.08,
    "volume" : 11020613.00
  }, {
    "date" : "2025-05-08",
    "price" : 75.41,
    "dma50" : 83.85,
    "dma100" : null,
    "dma200" : 100.83,
    "volume" : 13281125.00
  }, {
    "date" : "2025-05-09",
    "price" : 74.14,
    "dma50" : 83.47,
    "dma100" : null,
    "dma200" : 100.56,
    "volume" : 16420308.00
  }, {
    "date" : "2025-05-12",
    "price" : 81.90,
    "dma50" : 83.41,
    "dma100" : null,
    "dma200" : 100.37,
    "volume" : 44964937.00
  }, {
    "date" : "2025-05-13",
    "price" : 82.73,
    "dma50" : 83.38,
    "dma100" : null,
    "dma200" : 100.20,
    "volume" : 24088937.00
  }, {
    "date" : "2025-05-14",
    "price" : 85.65,
    "dma50" : 83.47,
    "dma100" : null,
    "dma200" : 100.05,
    "volume" : 23558231.00
  }, {
    "date" : "2025-05-15",
    "price" : 90.08,
    "dma50" : 83.73,
    "dma100" : null,
    "dma200" : 99.96,
    "volume" : 32370777.00
  }, {
    "date" : "2025-05-16",
    "price" : 88.43,
    "dma50" : 83.91,
    "dma100" : null,
    "dma200" : 99.84,
    "volume" : 34596053.00
  }, {
    "date" : "2025-05-19",
    "price" : 89.80,
    "dma50" : 84.14,
    "dma100" : null,
    "dma200" : 99.74,
    "volume" : 32784793.00
  }, {
    "date" : "2025-05-20",
    "price" : 86.04,
    "dma50" : 84.22,
    "dma100" : null,
    "dma200" : 99.60,
    "volume" : 29602928.00
  }, {
    "date" : "2025-05-21",
    "price" : 85.13,
    "dma50" : 84.25,
    "dma100" : null,
    "dma200" : 99.46,
    "volume" : 31932848.00
  }, {
    "date" : "2025-05-22",
    "price" : 84.50,
    "dma50" : 84.26,
    "dma100" : null,
    "dma200" : 99.31,
    "volume" : 20845756.00
  }, {
    "date" : "2025-05-23",
    "price" : 87.10,
    "dma50" : 84.37,
    "dma100" : null,
    "dma200" : 99.19,
    "volume" : 72716129.00
  }, {
    "date" : "2025-05-26",
    "price" : 85.97,
    "dma50" : 84.44,
    "dma100" : null,
    "dma200" : 99.06,
    "volume" : 12571529.00
  }, {
    "date" : "2025-05-27",
    "price" : 87.32,
    "dma50" : 84.55,
    "dma100" : null,
    "dma200" : 98.94,
    "volume" : 12041912.00
  }, {
    "date" : "2025-05-28",
    "price" : 87.61,
    "dma50" : 84.67,
    "dma100" : null,
    "dma200" : 98.83,
    "volume" : 15545309.00
  }, {
    "date" : "2025-05-29",
    "price" : 88.43,
    "dma50" : 84.82,
    "dma100" : null,
    "dma200" : 98.73,
    "volume" : 8973284.00
  }, {
    "date" : "2025-05-30",
    "price" : 87.59,
    "dma50" : 84.93,
    "dma100" : null,
    "dma200" : 98.61,
    "volume" : 9650882.00
  }, {
    "date" : "2025-06-02",
    "price" : 89.06,
    "dma50" : 85.09,
    "dma100" : null,
    "dma200" : 98.52,
    "volume" : 14736637.00
  }, {
    "date" : "2025-06-03",
    "price" : 87.53,
    "dma50" : 85.18,
    "dma100" : null,
    "dma200" : 98.41,
    "volume" : 7986101.00
  }, {
    "date" : "2025-06-04",
    "price" : 89.87,
    "dma50" : 85.37,
    "dma100" : null,
    "dma200" : 98.33,
    "volume" : 21257835.00
  }, {
    "date" : "2025-06-05",
    "price" : 88.89,
    "dma50" : 85.51,
    "dma100" : null,
    "dma200" : 98.23,
    "volume" : 18414826.00
  }, {
    "date" : "2025-06-06",
    "price" : 91.42,
    "dma50" : 85.74,
    "dma100" : null,
    "dma200" : 98.16,
    "volume" : 67592720.00
  }, {
    "date" : "2025-06-09",
    "price" : 91.99,
    "dma50" : 85.98,
    "dma100" : null,
    "dma200" : 98.10,
    "volume" : 14101189.00
  }, {
    "date" : "2025-06-10",
    "price" : 91.74,
    "dma50" : 86.21,
    "dma100" : null,
    "dma200" : 98.04,
    "volume" : 14671318.00
  }, {
    "date" : "2025-06-11",
    "price" : 91.57,
    "dma50" : 86.42,
    "dma100" : null,
    "dma200" : 97.97,
    "volume" : 12439534.00
  }, {
    "date" : "2025-06-12",
    "price" : 88.03,
    "dma50" : 86.48,
    "dma100" : null,
    "dma200" : 97.88,
    "volume" : 16624122.00
  }, {
    "date" : "2025-06-13",
    "price" : 86.80,
    "dma50" : 86.49,
    "dma100" : null,
    "dma200" : 97.77,
    "volume" : 58399149.00
  }, {
    "date" : "2025-06-16",
    "price" : 84.72,
    "dma50" : 86.42,
    "dma100" : null,
    "dma200" : 97.64,
    "volume" : 30829331.00
  }, {
    "date" : "2025-06-17",
    "price" : 81.91,
    "dma50" : 86.25,
    "dma100" : null,
    "dma200" : 97.48,
    "volume" : 16358212.00
  }, {
    "date" : "2025-06-18",
    "price" : 82.37,
    "dma50" : 86.10,
    "dma100" : null,
    "dma200" : 97.33,
    "volume" : 11230031.00
  }, {
    "date" : "2025-06-19",
    "price" : 79.37,
    "dma50" : 85.83,
    "dma100" : null,
    "dma200" : 97.15,
    "volume" : 13174254.00
  }, {
    "date" : "2025-06-20",
    "price" : 81.72,
    "dma50" : 85.67,
    "dma100" : null,
    "dma200" : 97.00,
    "volume" : 11513026.00
  }, {
    "date" : "2025-06-23",
    "price" : 81.74,
    "dma50" : 85.52,
    "dma100" : null,
    "dma200" : 96.84,
    "volume" : 10070469.00
  }, {
    "date" : "2025-06-24",
    "price" : 83.65,
    "dma50" : 85.44,
    "dma100" : null,
    "dma200" : 96.71,
    "volume" : 13576068.00
  }, {
    "date" : "2025-06-25",
    "price" : 87.15,
    "dma50" : 85.51,
    "dma100" : null,
    "dma200" : 96.62,
    "volume" : 20440286.00
  }, {
    "date" : "2025-06-26",
    "price" : 87.52,
    "dma50" : 85.59,
    "dma100" : null,
    "dma200" : 96.53,
    "volume" : 12029319.00
  }, {
    "date" : "2025-06-27",
    "price" : 86.96,
    "dma50" : 85.64,
    "dma100" : null,
    "dma200" : 96.43,
    "volume" : 7707592.00
  }, {
    "date" : "2025-06-30",
    "price" : 86.54,
    "dma50" : 85.68,
    "dma100" : null,
    "dma200" : 96.33,
    "volume" : 5905859.00
  }, {
    "date" : "2025-07-01",
    "price" : 86.01,
    "dma50" : 85.69,
    "dma100" : null,
    "dma200" : 96.23,
    "volume" : 6248301.00
  }, {
    "date" : "2025-07-02",
    "price" : 85.68,
    "dma50" : 85.69,
    "dma100" : null,
    "dma200" : 96.13,
    "volume" : 5781471.00
  }, {
    "date" : "2025-07-03",
    "price" : 84.52,
    "dma50" : 85.64,
    "dma100" : null,
    "dma200" : 96.01,
    "volume" : 7248992.00
  }, {
    "date" : "2025-07-04",
    "price" : 84.60,
    "dma50" : 85.60,
    "dma100" : 84.36,
    "dma200" : 95.90,
    "volume" : 6502236.00
  }, {
    "date" : "2025-07-07",
    "price" : 83.35,
    "dma50" : 85.52,
    "dma100" : 84.20,
    "dma200" : 95.77,
    "volume" : 5626233.00
  }, {
    "date" : "2025-07-08",
    "price" : 83.09,
    "dma50" : 85.42,
    "dma100" : 84.02,
    "dma200" : 95.65,
    "volume" : 6256508.00
  }, {
    "date" : "2025-07-09",
    "price" : 82.50,
    "dma50" : 85.31,
    "dma100" : 83.87,
    "dma200" : 95.52,
    "volume" : 8968548.00
  }, {
    "date" : "2025-07-10",
    "price" : 82.15,
    "dma50" : 85.18,
    "dma100" : 83.76,
    "dma200" : 95.38,
    "volume" : 6251625.00
  }, {
    "date" : "2025-07-11",
    "price" : 81.21,
    "dma50" : 85.03,
    "dma100" : 83.66,
    "dma200" : 95.24,
    "volume" : 7165195.00
  }, {
    "date" : "2025-07-14",
    "price" : 82.23,
    "dma50" : 84.92,
    "dma100" : 83.57,
    "dma200" : 95.11,
    "volume" : 9664317.00
  }, {
    "date" : "2025-07-15",
    "price" : 82.72,
    "dma50" : 84.83,
    "dma100" : 83.54,
    "dma200" : 94.99,
    "volume" : 6308513.00
  }, {
    "date" : "2025-07-16",
    "price" : 83.37,
    "dma50" : 84.77,
    "dma100" : 83.50,
    "dma200" : 94.87,
    "volume" : 6339920.00
  }, {
    "date" : "2025-07-17",
    "price" : 82.61,
    "dma50" : 84.69,
    "dma100" : 83.49,
    "dma200" : 94.75,
    "volume" : 4500644.00
  }, {
    "date" : "2025-07-18",
    "price" : 81.56,
    "dma50" : 84.57,
    "dma100" : 83.42,
    "dma200" : 94.62,
    "volume" : 5714990.00
  }, {
    "date" : "2025-07-21",
    "price" : 81.73,
    "dma50" : 84.45,
    "dma100" : 83.32,
    "dma200" : 94.49,
    "volume" : 4768390.00
  }, {
    "date" : "2025-07-22",
    "price" : 80.32,
    "dma50" : 84.29,
    "dma100" : 83.23,
    "dma200" : 94.35,
    "volume" : 7842353.00
  }, {
    "date" : "2025-07-23",
    "price" : 80.71,
    "dma50" : 84.15,
    "dma100" : 83.17,
    "dma200" : 94.21,
    "volume" : 6413407.00
  }, {
    "date" : "2025-07-24",
    "price" : 79.25,
    "dma50" : 83.96,
    "dma100" : 83.10,
    "dma200" : 94.07,
    "volume" : 7915131.00
  }, {
    "date" : "2025-07-25",
    "price" : 75.94,
    "dma50" : 83.65,
    "dma100" : 83.02,
    "dma200" : 93.89,
    "volume" : 20924725.00
  }, {
    "date" : "2025-07-28",
    "price" : 76.38,
    "dma50" : 83.36,
    "dma100" : 83.00,
    "dma200" : 93.71,
    "volume" : 13701828.00
  }, {
    "date" : "2025-07-29",
    "price" : 78.67,
    "dma50" : 83.18,
    "dma100" : 82.99,
    "dma200" : 93.56,
    "volume" : 11134898.00
  }, {
    "date" : "2025-07-30",
    "price" : 77.00,
    "dma50" : 82.93,
    "dma100" : 82.96,
    "dma200" : 93.40,
    "volume" : 6303265.00
  }, {
    "date" : "2025-07-31",
    "price" : 75.57,
    "dma50" : 82.65,
    "dma100" : 82.88,
    "dma200" : 93.22,
    "volume" : 12752093.00
  }, {
    "date" : "2025-08-01",
    "price" : 73.26,
    "dma50" : 82.28,
    "dma100" : 82.78,
    "dma200" : 93.02,
    "volume" : 8184638.00
  }, {
    "date" : "2025-08-04",
    "price" : 75.01,
    "dma50" : 81.99,
    "dma100" : 82.69,
    "dma200" : 92.84,
    "volume" : 12366363.00
  }, {
    "date" : "2025-08-05",
    "price" : 74.02,
    "dma50" : 81.68,
    "dma100" : 82.63,
    "dma200" : 92.65,
    "volume" : 5057348.00
  }, {
    "date" : "2025-08-06",
    "price" : 72.86,
    "dma50" : 81.33,
    "dma100" : 82.56,
    "dma200" : 92.46,
    "volume" : 10804391.00
  }, {
    "date" : "2025-08-07",
    "price" : 73.96,
    "dma50" : 81.04,
    "dma100" : 82.50,
    "dma200" : 92.27,
    "volume" : 6981993.00
  }, {
    "date" : "2025-08-08",
    "price" : 72.95,
    "dma50" : 80.73,
    "dma100" : 82.46,
    "dma200" : 92.08,
    "volume" : 4040108.00
  }, {
    "date" : "2025-08-11",
    "price" : 73.19,
    "dma50" : 80.43,
    "dma100" : 82.41,
    "dma200" : 91.89,
    "volume" : 4760890.00
  }, {
    "date" : "2025-08-12",
    "price" : 71.99,
    "dma50" : 80.10,
    "dma100" : 82.33,
    "dma200" : 91.70,
    "volume" : 4724898.00
  }, {
    "date" : "2025-08-13",
    "price" : 71.60,
    "dma50" : 79.77,
    "dma100" : 82.22,
    "dma200" : 91.50,
    "volume" : 5674417.00
  }, {
    "date" : "2025-08-14",
    "price" : 71.09,
    "dma50" : 79.43,
    "dma100" : 82.12,
    "dma200" : 91.29,
    "volume" : 7848692.00
  }, {
    "date" : "2025-08-18",
    "price" : 72.93,
    "dma50" : 79.17,
    "dma100" : 82.02,
    "dma200" : 91.11,
    "volume" : 6078521.00
  }, {
    "date" : "2025-08-19",
    "price" : 74.38,
    "dma50" : 78.98,
    "dma100" : 81.92,
    "dma200" : 90.94,
    "volume" : 8251347.00
  }, {
    "date" : "2025-08-20",
    "price" : 75.27,
    "dma50" : 78.84,
    "dma100" : 81.86,
    "dma200" : 90.79,
    "volume" : 5089173.00
  }, {
    "date" : "2025-08-21",
    "price" : 72.80,
    "dma50" : 78.60,
    "dma100" : 81.79,
    "dma200" : 90.61,
    "volume" : 17105017.00
  }, {
    "date" : "2025-08-22",
    "price" : 73.62,
    "dma50" : 78.41,
    "dma100" : 81.71,
    "dma200" : 90.44,
    "volume" : 6888341.00
  }, {
    "date" : "2025-08-25",
    "price" : 74.24,
    "dma50" : 78.24,
    "dma100" : 81.66,
    "dma200" : 90.28,
    "volume" : 7284005.00
  }, {
    "date" : "2025-08-26",
    "price" : 71.82,
    "dma50" : 77.99,
    "dma100" : 81.57,
    "dma200" : 90.09,
    "volume" : 6687113.00
  }, {
    "date" : "2025-08-28",
    "price" : 69.71,
    "dma50" : 77.67,
    "dma100" : 81.45,
    "dma200" : 89.89,
    "volume" : 11867217.00
  }, {
    "date" : "2025-08-29",
    "price" : 70.23,
    "dma50" : 77.37,
    "dma100" : 81.32,
    "dma200" : 89.70,
    "volume" : 28186307.00
  }, {
    "date" : "2025-09-01",
    "price" : 71.33,
    "dma50" : 77.14,
    "dma100" : 81.24,
    "dma200" : 89.51,
    "volume" : 7646060.00
  }, {
    "date" : "2025-09-02",
    "price" : 70.28,
    "dma50" : 76.87,
    "dma100" : 81.20,
    "dma200" : 89.32,
    "volume" : 11721415.00
  }, {
    "date" : "2025-09-03",
    "price" : 71.68,
    "dma50" : 76.67,
    "dma100" : 81.16,
    "dma200" : 89.15,
    "volume" : 6463192.00
  }, {
    "date" : "2025-09-04",
    "price" : 69.99,
    "dma50" : 76.40,
    "dma100" : 81.11,
    "dma200" : 88.96,
    "volume" : 7390631.00
  }, {
    "date" : "2025-09-05",
    "price" : 69.84,
    "dma50" : 76.15,
    "dma100" : 81.05,
    "dma200" : 88.77,
    "volume" : 9791309.00
  }, {
    "date" : "2025-09-08",
    "price" : 70.97,
    "dma50" : 75.94,
    "dma100" : 80.93,
    "dma200" : 88.59,
    "volume" : 21083309.00
  }, {
    "date" : "2025-09-09",
    "price" : 70.06,
    "dma50" : 75.71,
    "dma100" : 80.81,
    "dma200" : 88.40,
    "volume" : 11979711.00
  }, {
    "date" : "2025-09-10",
    "price" : 70.68,
    "dma50" : 75.52,
    "dma100" : 80.68,
    "dma200" : 88.23,
    "volume" : 15822082.00
  }, {
    "date" : "2025-09-11",
    "price" : 70.28,
    "dma50" : 75.31,
    "dma100" : 80.53,
    "dma200" : 88.05,
    "volume" : 10161690.00
  }, {
    "date" : "2025-09-12",
    "price" : 73.02,
    "dma50" : 75.22,
    "dma100" : 80.40,
    "dma200" : 87.90,
    "volume" : 46740045.00
  }, {
    "date" : "2025-09-15",
    "price" : 73.87,
    "dma50" : 75.17,
    "dma100" : 80.28,
    "dma200" : 87.76,
    "volume" : 19525604.00
  }, {
    "date" : "2025-09-16",
    "price" : 76.46,
    "dma50" : 75.22,
    "dma100" : 80.19,
    "dma200" : 87.65,
    "volume" : 32578150.00
  }, {
    "date" : "2025-09-17",
    "price" : 75.12,
    "dma50" : 75.21,
    "dma100" : 80.13,
    "dma200" : 87.52,
    "volume" : 23174174.00
  }, {
    "date" : "2025-09-18",
    "price" : 77.64,
    "dma50" : 75.31,
    "dma100" : 80.09,
    "dma200" : 87.42,
    "volume" : 96242685.00
  }, {
    "date" : "2025-09-19",
    "price" : 76.42,
    "dma50" : 75.35,
    "dma100" : 80.04,
    "dma200" : 87.31,
    "volume" : 13709333.00
  }, {
    "date" : "2025-09-22",
    "price" : 74.85,
    "dma50" : 75.33,
    "dma100" : 80.00,
    "dma200" : 87.19,
    "volume" : 11125793.00
  }, {
    "date" : "2025-09-23",
    "price" : 75.34,
    "dma50" : 75.33,
    "dma100" : 79.97,
    "dma200" : 87.07,
    "volume" : 10162960.00
  }, {
    "date" : "2025-09-24",
    "price" : 75.67,
    "dma50" : 75.35,
    "dma100" : 79.92,
    "dma200" : 86.96,
    "volume" : 14436519.00
  }, {
    "date" : "2025-09-25",
    "price" : 76.40,
    "dma50" : 75.39,
    "dma100" : 79.92,
    "dma200" : 86.85,
    "volume" : 20340948.00
  }, {
    "date" : "2025-09-26",
    "price" : 72.10,
    "dma50" : 75.26,
    "dma100" : 79.86,
    "dma200" : 86.71,
    "volume" : 22171241.00
  }, {
    "date" : "2025-09-29",
    "price" : 74.07,
    "dma50" : 75.21,
    "dma100" : 79.85,
    "dma200" : 86.58,
    "volume" : 33818056.00
  }, {
    "date" : "2025-09-30",
    "price" : 72.88,
    "dma50" : 75.12,
    "dma100" : 79.84,
    "dma200" : 86.45,
    "volume" : 9824592.00
  }, {
    "date" : "2025-10-01",
    "price" : 73.42,
    "dma50" : 75.05,
    "dma100" : 79.75,
    "dma200" : 86.32,
    "volume" : 7062115.00
  }, {
    "date" : "2025-10-03",
    "price" : 75.87,
    "dma50" : 75.09,
    "dma100" : 79.69,
    "dma200" : 86.21,
    "volume" : 19181520.00
  }, {
    "date" : "2025-10-06",
    "price" : 74.44,
    "dma50" : 75.06,
    "dma100" : 79.57,
    "dma200" : 86.09,
    "volume" : 9999468.00
  }, {
    "date" : "2025-10-07",
    "price" : 74.46,
    "dma50" : 75.04,
    "dma100" : 79.42,
    "dma200" : 85.98,
    "volume" : 9159908.00
  }, {
    "date" : "2025-10-08",
    "price" : 73.22,
    "dma50" : 74.97,
    "dma100" : 79.26,
    "dma200" : 85.85,
    "volume" : 8243102.00
  }, {
    "date" : "2025-10-09",
    "price" : 73.98,
    "dma50" : 74.93,
    "dma100" : 79.11,
    "dma200" : 85.73,
    "volume" : 16567349.00
  }, {
    "date" : "2025-10-10",
    "price" : 76.04,
    "dma50" : 74.97,
    "dma100" : 79.01,
    "dma200" : 85.64,
    "volume" : 24118898.00
  }, {
    "date" : "2025-10-13",
    "price" : 76.41,
    "dma50" : 75.03,
    "dma100" : 78.92,
    "dma200" : 85.55,
    "volume" : 29715893.00
  }, {
    "date" : "2025-10-14",
    "price" : 74.94,
    "dma50" : 75.02,
    "dma100" : 78.82,
    "dma200" : 85.44,
    "volume" : 17638724.00
  }, {
    "date" : "2025-10-15",
    "price" : 77.23,
    "dma50" : 75.11,
    "dma100" : 78.73,
    "dma200" : 85.36,
    "volume" : 15246156.00
  }, {
    "date" : "2025-10-16",
    "price" : 77.32,
    "dma50" : 75.20,
    "dma100" : 78.64,
    "dma200" : 85.28,
    "volume" : 9941393.00
  }, {
    "date" : "2025-10-17",
    "price" : 75.46,
    "dma50" : 75.21,
    "dma100" : 78.52,
    "dma200" : 85.18,
    "volume" : 25459003.00
  }, {
    "date" : "2025-10-20",
    "price" : 76.41,
    "dma50" : 75.25,
    "dma100" : 78.41,
    "dma200" : 85.09,
    "volume" : 11232754.00
  }, {
    "date" : "2025-10-21",
    "price" : 77.21,
    "dma50" : 75.33,
    "dma100" : 78.30,
    "dma200" : 85.01,
    "volume" : 14644022.00
  }, {
    "date" : "2025-10-23",
    "price" : 76.70,
    "dma50" : 75.38,
    "dma100" : 78.19,
    "dma200" : 84.93,
    "volume" : 10524889.00
  }, {
    "date" : "2025-10-24",
    "price" : 77.74,
    "dma50" : 75.48,
    "dma100" : 78.07,
    "dma200" : 84.86,
    "volume" : 14163914.00
  }, {
    "date" : "2025-10-27",
    "price" : 76.85,
    "dma50" : 75.53,
    "dma100" : 77.97,
    "dma200" : 84.78,
    "volume" : 11424292.00
  }, {
    "date" : "2025-10-28",
    "price" : 75.66,
    "dma50" : 75.54,
    "dma100" : 77.82,
    "dma200" : 84.69,
    "volume" : 7805091.00
  }, {
    "date" : "2025-10-29",
    "price" : 77.15,
    "dma50" : 75.60,
    "dma100" : 77.71,
    "dma200" : 84.62,
    "volume" : 10778361.00
  }, {
    "date" : "2025-10-30",
    "price" : 74.67,
    "dma50" : 75.56,
    "dma100" : 77.54,
    "dma200" : 84.52,
    "volume" : 14321114.00
  }, {
    "date" : "2025-10-31",
    "price" : 73.51,
    "dma50" : 75.48,
    "dma100" : 77.36,
    "dma200" : 84.41,
    "volume" : 8952150.00
  }, {
    "date" : "2025-11-03",
    "price" : 77.51,
    "dma50" : 75.56,
    "dma100" : 77.21,
    "dma200" : 84.34,
    "volume" : 32918418.00
  }, {
    "date" : "2025-11-04",
    "price" : 76.97,
    "dma50" : 75.62,
    "dma100" : 77.07,
    "dma200" : 84.26,
    "volume" : 15673556.00
  }, {
    "date" : "2025-11-06",
    "price" : 74.69,
    "dma50" : 75.58,
    "dma100" : 76.93,
    "dma200" : 84.17,
    "volume" : 9271333.00
  }, {
    "date" : "2025-11-07",
    "price" : 74.87,
    "dma50" : 75.55,
    "dma100" : 76.81,
    "dma200" : 84.08,
    "volume" : 7889408.00
  }, {
    "date" : "2025-11-10",
    "price" : 74.22,
    "dma50" : 75.50,
    "dma100" : 76.71,
    "dma200" : 83.98,
    "volume" : 4754141.00
  }, {
    "date" : "2025-11-11",
    "price" : 78.30,
    "dma50" : 75.61,
    "dma100" : 76.67,
    "dma200" : 83.92,
    "volume" : 39761527.00
  }, {
    "date" : "2025-11-12",
    "price" : 76.86,
    "dma50" : 75.66,
    "dma100" : 76.62,
    "dma200" : 83.85,
    "volume" : 24141733.00
  }, {
    "date" : "2025-11-13",
    "price" : 75.69,
    "dma50" : 75.66,
    "dma100" : 76.58,
    "dma200" : 83.77,
    "volume" : 9317564.00
  }, {
    "date" : "2025-11-14",
    "price" : 75.86,
    "dma50" : 75.67,
    "dma100" : 76.52,
    "dma200" : 83.69,
    "volume" : 7144519.00
  }, {
    "date" : "2025-11-17",
    "price" : 76.22,
    "dma50" : 75.69,
    "dma100" : 76.47,
    "dma200" : 83.62,
    "volume" : 5678034.00
  }, {
    "date" : "2025-11-18",
    "price" : 74.32,
    "dma50" : 75.64,
    "dma100" : 76.37,
    "dma200" : 83.53,
    "volume" : 9230553.00
  }, {
    "date" : "2025-11-19",
    "price" : 73.79,
    "dma50" : 75.56,
    "dma100" : 76.24,
    "dma200" : 83.43,
    "volume" : 8364075.00
  }, {
    "date" : "2025-11-20",
    "price" : 73.40,
    "dma50" : 75.48,
    "dma100" : 76.10,
    "dma200" : 83.33,
    "volume" : 6792339.00
  }, {
    "date" : "2025-11-21",
    "price" : 71.65,
    "dma50" : 75.33,
    "dma100" : 75.95,
    "dma200" : 83.21,
    "volume" : 9917967.00
  }, {
    "date" : "2025-11-24",
    "price" : 71.16,
    "dma50" : 75.17,
    "dma100" : 75.79,
    "dma200" : 83.09,
    "volume" : 8509281.00
  }, {
    "date" : "2025-11-25",
    "price" : 70.71,
    "dma50" : 74.99,
    "dma100" : 75.64,
    "dma200" : 82.97,
    "volume" : 6854035.00
  }, {
    "date" : "2025-11-26",
    "price" : 71.72,
    "dma50" : 74.86,
    "dma100" : 75.50,
    "dma200" : 82.86,
    "volume" : 5542740.00
  }, {
    "date" : "2025-11-27",
    "price" : 71.44,
    "dma50" : 74.73,
    "dma100" : 75.37,
    "dma200" : 82.74,
    "volume" : 8672930.00
  }, {
    "date" : "2025-11-28",
    "price" : 70.17,
    "dma50" : 74.55,
    "dma100" : 75.22,
    "dma200" : 82.62,
    "volume" : 11083261.00
  }, {
    "date" : "2025-12-01",
    "price" : 71.17,
    "dma50" : 74.42,
    "dma100" : 75.10,
    "dma200" : 82.50,
    "volume" : 10696420.00
  }, {
    "date" : "2025-12-02",
    "price" : 70.72,
    "dma50" : 74.27,
    "dma100" : 74.98,
    "dma200" : 82.39,
    "volume" : 6060398.00
  }, {
    "date" : "2025-12-03",
    "price" : 68.80,
    "dma50" : 74.06,
    "dma100" : 74.84,
    "dma200" : 82.25,
    "volume" : 9496702.00
  }, {
    "date" : "2025-12-04",
    "price" : 70.47,
    "dma50" : 73.92,
    "dma100" : 74.73,
    "dma200" : 82.14,
    "volume" : 22240367.00
  }, {
    "date" : "2025-12-05",
    "price" : 69.03,
    "dma50" : 73.73,
    "dma100" : 74.60,
    "dma200" : 82.00,
    "volume" : 30758797.00
  }, {
    "date" : "2025-12-08",
    "price" : 66.49,
    "dma50" : 73.44,
    "dma100" : 74.45,
    "dma200" : 81.85,
    "volume" : 35907697.00
  }, {
    "date" : "2025-12-09",
    "price" : 67.21,
    "dma50" : 73.20,
    "dma100" : 74.29,
    "dma200" : 81.70,
    "volume" : 16464276.00
  }, {
    "date" : "2025-12-10",
    "price" : 66.04,
    "dma50" : 72.92,
    "dma100" : 74.12,
    "dma200" : 81.55,
    "volume" : 16912207.00
  }, {
    "date" : "2025-12-11",
    "price" : 66.84,
    "dma50" : 72.68,
    "dma100" : 73.96,
    "dma200" : 81.40,
    "volume" : 19318894.00
  }, {
    "date" : "2025-12-12",
    "price" : 66.56,
    "dma50" : 72.44,
    "dma100" : 73.81,
    "dma200" : 81.25,
    "volume" : 13007352.00
  }, {
    "date" : "2025-12-15",
    "price" : 66.00,
    "dma50" : 72.19,
    "dma100" : 73.65,
    "dma200" : 81.10,
    "volume" : 9710123.00
  }, {
    "date" : "2025-12-16",
    "price" : 65.43,
    "dma50" : 71.92,
    "dma100" : 73.50,
    "dma200" : 80.95,
    "volume" : 10611239.00
  }, {
    "date" : "2025-12-17",
    "price" : 64.53,
    "dma50" : 71.63,
    "dma100" : 73.34,
    "dma200" : 80.78,
    "volume" : 9463945.00
  }, {
    "date" : "2025-12-18",
    "price" : 64.62,
    "dma50" : 71.36,
    "dma100" : 73.20,
    "dma200" : 80.62,
    "volume" : 10907238.00
  }, {
    "date" : "2025-12-19",
    "price" : 64.12,
    "dma50" : 71.07,
    "dma100" : 73.08,
    "dma200" : 80.46,
    "volume" : 10122817.00
  }, {
    "date" : "2025-12-22",
    "price" : 63.95,
    "dma50" : 70.79,
    "dma100" : 72.95,
    "dma200" : 80.29,
    "volume" : 13916126.00
  }, {
    "date" : "2025-12-23",
    "price" : 66.26,
    "dma50" : 70.62,
    "dma100" : 72.83,
    "dma200" : 80.15,
    "volume" : 21725186.00
  }, {
    "date" : "2025-12-24",
    "price" : 64.24,
    "dma50" : 70.37,
    "dma100" : 72.70,
    "dma200" : 80.00,
    "volume" : 14409739.00
  }, {
    "date" : "2025-12-26",
    "price" : 61.47,
    "dma50" : 70.02,
    "dma100" : 72.56,
    "dma200" : 79.81,
    "volume" : 68995512.00
  }, {
    "date" : "2025-12-29",
    "price" : 64.85,
    "dma50" : 69.81,
    "dma100" : 72.48,
    "dma200" : 79.66,
    "volume" : 189704697.00
  }, {
    "date" : "2025-12-30",
    "price" : 63.50,
    "dma50" : 69.57,
    "dma100" : 72.36,
    "dma200" : 79.50,
    "volume" : 99675673.00
  }, {
    "date" : "2025-12-31",
    "price" : 67.79,
    "dma50" : 69.50,
    "dma100" : 72.30,
    "dma200" : 79.39,
    "volume" : 181919383.00
  }, {
    "date" : "2026-01-01",
    "price" : 68.92,
    "dma50" : 69.47,
    "dma100" : 72.26,
    "dma200" : 79.28,
    "volume" : 53096022.00
  }, {
    "date" : "2026-01-02",
    "price" : 67.73,
    "dma50" : 69.41,
    "dma100" : 72.20,
    "dma200" : 79.17,
    "volume" : 19156824.00
  }, {
    "date" : "2026-01-05",
    "price" : 67.20,
    "dma50" : 69.32,
    "dma100" : 72.14,
    "dma200" : 79.05,
    "volume" : 20202331.00
  }, {
    "date" : "2026-01-06",
    "price" : 69.47,
    "dma50" : 69.32,
    "dma100" : 72.10,
    "dma200" : 78.95,
    "volume" : 29671072.00
  }, {
    "date" : "2026-01-07",
    "price" : 69.62,
    "dma50" : 69.34,
    "dma100" : 72.08,
    "dma200" : 78.86,
    "volume" : 25777118.00
  }, {
    "date" : "2026-01-08",
    "price" : 66.94,
    "dma50" : 69.24,
    "dma100" : 72.03,
    "dma200" : 78.74,
    "volume" : 15395708.00
  }, {
    "date" : "2026-01-09",
    "price" : 64.89,
    "dma50" : 69.07,
    "dma100" : 71.97,
    "dma200" : 78.60,
    "volume" : 17696188.00
  }, {
    "date" : "2026-01-12",
    "price" : 63.19,
    "dma50" : 68.84,
    "dma100" : 71.87,
    "dma200" : 78.45,
    "volume" : 27002067.00
  }, {
    "date" : "2026-01-13",
    "price" : 62.68,
    "dma50" : 68.60,
    "dma100" : 71.76,
    "dma200" : 78.29,
    "volume" : 24876447.00
  }, {
    "date" : "2026-01-14",
    "price" : 64.41,
    "dma50" : 68.44,
    "dma100" : 71.65,
    "dma200" : 78.15,
    "volume" : 30602072.00
  }, {
    "date" : "2026-01-16",
    "price" : 68.02,
    "dma50" : 68.42,
    "dma100" : 71.60,
    "dma200" : 78.05,
    "volume" : 42606173.00
  }, {
    "date" : "2026-01-19",
    "price" : 66.06,
    "dma50" : 68.33,
    "dma100" : 71.52,
    "dma200" : 77.93,
    "volume" : 13930372.00
  }, {
    "date" : "2026-01-20",
    "price" : 63.32,
    "dma50" : 68.13,
    "dma100" : 71.41,
    "dma200" : 77.79,
    "volume" : 15324162.00
  }, {
    "date" : "2026-01-21",
    "price" : 62.02,
    "dma50" : 67.89,
    "dma100" : 71.32,
    "dma200" : 77.63,
    "volume" : 14830613.00
  }, {
    "date" : "2026-01-22",
    "price" : 62.37,
    "dma50" : 67.67,
    "dma100" : 71.24,
    "dma200" : 77.48,
    "volume" : 11434274.00
  }, {
    "date" : "2026-01-23",
    "price" : 61.10,
    "dma50" : 67.42,
    "dma100" : 71.15,
    "dma200" : 77.32,
    "volume" : 14898433.00
  }, {
    "date" : "2026-01-27",
    "price" : 60.95,
    "dma50" : 67.16,
    "dma100" : 71.05,
    "dma200" : 77.15,
    "volume" : 12809063.00
  }, {
    "date" : "2026-01-28",
    "price" : 64.51,
    "dma50" : 67.06,
    "dma100" : 70.99,
    "dma200" : 77.03,
    "volume" : 33738277.00
  }, {
    "date" : "2026-01-29",
    "price" : 65.82,
    "dma50" : 67.01,
    "dma100" : 70.93,
    "dma200" : 76.92,
    "volume" : 23602854.00
  }, {
    "date" : "2026-01-30",
    "price" : 68.61,
    "dma50" : 67.07,
    "dma100" : 70.92,
    "dma200" : 76.83,
    "volume" : 33512367.00
  }, {
    "date" : "2026-02-01",
    "price" : 65.84,
    "dma50" : 67.02,
    "dma100" : 70.88,
    "dma200" : 76.72,
    "volume" : 13313154.00
  }, {
    "date" : "2026-02-02",
    "price" : 66.47,
    "dma50" : 67.00,
    "dma100" : 70.83,
    "dma200" : 76.62,
    "volume" : 13491646.00
  }, {
    "date" : "2026-02-03",
    "price" : 68.52,
    "dma50" : 67.06,
    "dma100" : 70.82,
    "dma200" : 76.54,
    "volume" : 35022106.00
  }, {
    "date" : "2026-02-04",
    "price" : 68.85,
    "dma50" : 67.13,
    "dma100" : 70.80,
    "dma200" : 76.47,
    "volume" : 25988180.00
  } ],
  "latestTechnicalAttributes" : {
    "date" : "2026-02-04",
    "price" : 68.85,
    "dma50" : 67.13,
    "dma100" : 70.80,
    "dma200" : 76.47,
    "volume" : 25988180.00
  },
  "quarterlyResults" : [ {
    "date" : "2005-03-31",
    "sales" : 64.86,
    "salesGrowthYoY" : null,
    "grossProfitMargin" : -4.84,
    "grossProfit" : -3.14,
    "operatingProfitMargin" : -38.19,
    "operatingProfit" : -24.77,
    "netProfitMargin" : -69.04,
    "netProfit" : -44.78
  }, {
    "date" : "2005-06-30",
    "sales" : 123.28,
    "salesGrowthYoY" : null,
    "grossProfitMargin" : 18.98,
    "grossProfit" : 23.40,
    "operatingProfitMargin" : 3.90,
    "operatingProfit" : 4.81,
    "netProfitMargin" : -15.45,
    "netProfit" : -19.05
  }, {
    "date" : "2005-09-30",
    "sales" : 205.78,
    "salesGrowthYoY" : null,
    "grossProfitMargin" : 26.62,
    "grossProfit" : 54.78,
    "operatingProfitMargin" : 19.75,
    "operatingProfit" : 40.64,
    "netProfitMargin" : 8.42,
    "netProfit" : 17.33
  }, {
    "date" : "2005-12-31",
    "sales" : 170.35,
    "salesGrowthYoY" : null,
    "grossProfitMargin" : 22.99,
    "grossProfit" : 39.16,
    "operatingProfitMargin" : 13.83,
    "operatingProfit" : 23.56,
    "netProfitMargin" : 17.42,
    "netProfit" : 29.67
  }, {
    "date" : "2006-03-31",
    "sales" : 256.51,
    "salesGrowthYoY" : 295.48,
    "grossProfitMargin" : 19.21,
    "grossProfit" : 49.28,
    "operatingProfitMargin" : 9.91,
    "operatingProfit" : 25.42,
    "netProfitMargin" : 5.36,
    "netProfit" : 13.75
  }, {
    "date" : "2006-06-30",
    "sales" : 223.68,
    "salesGrowthYoY" : 81.44,
    "grossProfitMargin" : 22.35,
    "grossProfit" : 49.99,
    "operatingProfitMargin" : 15.58,
    "operatingProfit" : 34.85,
    "netProfitMargin" : 8.16,
    "netProfit" : 18.25
  }, {
    "date" : "2006-09-30",
    "sales" : 250.30,
    "salesGrowthYoY" : 21.63,
    "grossProfitMargin" : 25.26,
    "grossProfit" : 63.23,
    "operatingProfitMargin" : 18.31,
    "operatingProfit" : 45.83,
    "netProfitMargin" : 12.08,
    "netProfit" : 30.24
  }, {
    "date" : "2006-12-31",
    "sales" : 318.29,
    "salesGrowthYoY" : 86.84,
    "grossProfitMargin" : 24.56,
    "grossProfit" : 78.17,
    "operatingProfitMargin" : 18.97,
    "operatingProfit" : 60.38,
    "netProfitMargin" : 14.08,
    "netProfit" : 44.82
  }, {
    "date" : "2007-03-31",
    "sales" : 350.70,
    "salesGrowthYoY" : 36.72,
    "grossProfitMargin" : 24.82,
    "grossProfit" : 87.04,
    "operatingProfitMargin" : 18.84,
    "operatingProfit" : 66.07,
    "netProfitMargin" : 12.22,
    "netProfit" : 42.86
  }, {
    "date" : "2007-06-30",
    "sales" : 110.77,
    "salesGrowthYoY" : -50.48,
    "grossProfitMargin" : 18.47,
    "grossProfit" : 20.46,
    "operatingProfitMargin" : 5.51,
    "operatingProfit" : 6.10,
    "netProfitMargin" : -14.27,
    "netProfit" : -15.81
  }, {
    "date" : "2007-09-30",
    "sales" : 90.89,
    "salesGrowthYoY" : -63.69,
    "grossProfitMargin" : 21.94,
    "grossProfit" : 19.94,
    "operatingProfitMargin" : 7.36,
    "operatingProfit" : 6.69,
    "netProfitMargin" : -18.10,
    "netProfit" : -16.45
  }, {
    "date" : "2007-12-31",
    "sales" : 89.51,
    "salesGrowthYoY" : -71.88,
    "grossProfitMargin" : 29.78,
    "grossProfit" : 26.66,
    "operatingProfitMargin" : 10.45,
    "operatingProfit" : 9.35,
    "netProfitMargin" : -16.79,
    "netProfit" : -15.03
  }, {
    "date" : "2008-03-31",
    "sales" : 58.42,
    "salesGrowthYoY" : -83.34,
    "grossProfitMargin" : -22.46,
    "grossProfit" : -13.12,
    "operatingProfitMargin" : -130.11,
    "operatingProfit" : -76.01,
    "netProfitMargin" : -174.46,
    "netProfit" : -101.92
  }, {
    "date" : "2008-06-30",
    "sales" : 32.73,
    "salesGrowthYoY" : -70.45,
    "grossProfitMargin" : 22.95,
    "grossProfit" : 7.51,
    "operatingProfitMargin" : -13.75,
    "operatingProfit" : -4.50,
    "netProfitMargin" : -103.76,
    "netProfit" : -33.96
  }, {
    "date" : "2008-09-30",
    "sales" : 34.04,
    "salesGrowthYoY" : -62.55,
    "grossProfitMargin" : 17.07,
    "grossProfit" : 5.81,
    "operatingProfitMargin" : -15.31,
    "operatingProfit" : -5.21,
    "netProfitMargin" : -90.36,
    "netProfit" : -30.76
  }, {
    "date" : "2008-12-31",
    "sales" : 36.53,
    "salesGrowthYoY" : -59.19,
    "grossProfitMargin" : 39.06,
    "grossProfit" : 14.27,
    "operatingProfitMargin" : 13.77,
    "operatingProfit" : 5.03,
    "netProfitMargin" : -72.54,
    "netProfit" : -26.50
  }, {
    "date" : "2009-03-31",
    "sales" : 35.79,
    "salesGrowthYoY" : -38.74,
    "grossProfitMargin" : 7.77,
    "grossProfit" : 2.78,
    "operatingProfitMargin" : -460.69,
    "operatingProfit" : -164.88,
    "netProfitMargin" : -532.16,
    "netProfit" : -190.46
  }, {
    "date" : "2009-06-30",
    "sales" : 47.42,
    "salesGrowthYoY" : 44.88,
    "grossProfitMargin" : 28.45,
    "grossProfit" : 13.49,
    "operatingProfitMargin" : 6.01,
    "operatingProfit" : 2.85,
    "netProfitMargin" : -52.83,
    "netProfit" : -25.05
  }, {
    "date" : "2009-09-30",
    "sales" : 43.22,
    "salesGrowthYoY" : 26.97,
    "grossProfitMargin" : 32.86,
    "grossProfit" : 14.20,
    "operatingProfitMargin" : 13.70,
    "operatingProfit" : 5.92,
    "netProfitMargin" : -44.05,
    "netProfit" : -19.04
  }, {
    "date" : "2009-12-31",
    "sales" : 57.46,
    "salesGrowthYoY" : 57.30,
    "grossProfitMargin" : 22.82,
    "grossProfit" : 13.11,
    "operatingProfitMargin" : 6.00,
    "operatingProfit" : 3.45,
    "netProfitMargin" : -42.22,
    "netProfit" : -24.26
  }, {
    "date" : "2010-03-31",
    "sales" : 56.82,
    "salesGrowthYoY" : 58.76,
    "grossProfitMargin" : 18.27,
    "grossProfit" : 10.38,
    "operatingProfitMargin" : -121.88,
    "operatingProfit" : -69.25,
    "netProfitMargin" : -158.20,
    "netProfit" : -89.89
  }, {
    "date" : "2010-06-30",
    "sales" : 55.98,
    "salesGrowthYoY" : 18.05,
    "grossProfitMargin" : 26.05,
    "grossProfit" : 14.58,
    "operatingProfitMargin" : 9.70,
    "operatingProfit" : 5.43,
    "netProfitMargin" : 0.45,
    "netProfit" : 0.25
  }, {
    "date" : "2010-09-30",
    "sales" : 50.53,
    "salesGrowthYoY" : 16.91,
    "grossProfitMargin" : 17.38,
    "grossProfit" : 8.78,
    "operatingProfitMargin" : -22.40,
    "operatingProfit" : -11.32,
    "netProfitMargin" : -27.05,
    "netProfit" : -13.67
  }, {
    "date" : "2010-12-31",
    "sales" : 43.92,
    "salesGrowthYoY" : -23.56,
    "grossProfitMargin" : 21.08,
    "grossProfit" : 9.26,
    "operatingProfitMargin" : -10.34,
    "operatingProfit" : -4.54,
    "netProfitMargin" : -47.91,
    "netProfit" : -21.04
  }, {
    "date" : "2011-03-31",
    "sales" : 42.49,
    "salesGrowthYoY" : -25.22,
    "grossProfitMargin" : 27.56,
    "grossProfit" : 11.71,
    "operatingProfitMargin" : -267.17,
    "operatingProfit" : -113.52,
    "netProfitMargin" : -470.53,
    "netProfit" : -199.93
  }, {
    "date" : "2011-06-30",
    "sales" : 48.47,
    "salesGrowthYoY" : -13.42,
    "grossProfitMargin" : 30.08,
    "grossProfit" : 14.58,
    "operatingProfitMargin" : 11.24,
    "operatingProfit" : 5.45,
    "netProfitMargin" : -9.82,
    "netProfit" : -4.76
  }, {
    "date" : "2011-09-30",
    "sales" : 49.78,
    "salesGrowthYoY" : -1.48,
    "grossProfitMargin" : 45.78,
    "grossProfit" : 22.79,
    "operatingProfitMargin" : 21.57,
    "operatingProfit" : 10.74,
    "netProfitMargin" : 0.68,
    "netProfit" : 0.34
  }, {
    "date" : "2011-12-31",
    "sales" : 70.20,
    "salesGrowthYoY" : 59.84,
    "grossProfitMargin" : 47.96,
    "grossProfit" : 33.67,
    "operatingProfitMargin" : 16.57,
    "operatingProfit" : 11.63,
    "netProfitMargin" : 3.09,
    "netProfit" : 2.17
  }, {
    "date" : "2012-03-31",
    "sales" : 92.26,
    "salesGrowthYoY" : 117.13,
    "grossProfitMargin" : 58.27,
    "grossProfit" : 53.76,
    "operatingProfitMargin" : 14.05,
    "operatingProfit" : 12.96,
    "netProfitMargin" : 21.26,
    "netProfit" : 19.61
  }, {
    "date" : "2012-06-30",
    "sales" : 127.45,
    "salesGrowthYoY" : 162.95,
    "grossProfitMargin" : 39.88,
    "grossProfit" : 50.83,
    "operatingProfitMargin" : 14.60,
    "operatingProfit" : 18.61,
    "netProfitMargin" : 17.14,
    "netProfit" : 21.84
  }, {
    "date" : "2012-09-30",
    "sales" : 113.22,
    "salesGrowthYoY" : 127.44,
    "grossProfitMargin" : 51.19,
    "grossProfit" : 57.96,
    "operatingProfitMargin" : 15.28,
    "operatingProfit" : 17.30,
    "netProfitMargin" : 9.25,
    "netProfit" : 10.47
  }, {
    "date" : "2012-12-31",
    "sales" : 139.45,
    "salesGrowthYoY" : 98.65,
    "grossProfitMargin" : 51.70,
    "grossProfit" : 72.10,
    "operatingProfitMargin" : 14.31,
    "operatingProfit" : 19.96,
    "netProfitMargin" : 11.00,
    "netProfit" : 15.34
  }, {
    "date" : "2013-03-31",
    "sales" : 225.23,
    "salesGrowthYoY" : 144.13,
    "grossProfitMargin" : 47.61,
    "grossProfit" : 107.23,
    "operatingProfitMargin" : 9.89,
    "operatingProfit" : 22.28,
    "netProfitMargin" : 7.19,
    "netProfit" : 16.19
  }, {
    "date" : "2013-06-30",
    "sales" : 258.33,
    "salesGrowthYoY" : 102.69,
    "grossProfitMargin" : 33.44,
    "grossProfit" : 86.39,
    "operatingProfitMargin" : 9.47,
    "operatingProfit" : 24.46,
    "netProfitMargin" : 5.92,
    "netProfit" : 15.29
  }, {
    "date" : "2013-09-30",
    "sales" : 504.03,
    "salesGrowthYoY" : 345.18,
    "grossProfitMargin" : 27.99,
    "grossProfit" : 141.08,
    "operatingProfitMargin" : 12.18,
    "operatingProfit" : 61.39,
    "netProfitMargin" : 9.95,
    "netProfit" : 50.15
  }, {
    "date" : "2013-12-31",
    "sales" : 581.32,
    "salesGrowthYoY" : 316.87,
    "grossProfitMargin" : 28.62,
    "grossProfit" : 166.37,
    "operatingProfitMargin" : 11.54,
    "operatingProfit" : 67.08,
    "netProfitMargin" : 9.54,
    "netProfit" : 55.46
  }, {
    "date" : "2014-03-31",
    "sales" : 675.10,
    "salesGrowthYoY" : 199.74,
    "grossProfitMargin" : 34.08,
    "grossProfit" : 230.07,
    "operatingProfitMargin" : 4.99,
    "operatingProfit" : 33.69,
    "netProfitMargin" : 3.93,
    "netProfit" : 26.53
  }, {
    "date" : "2014-06-30",
    "sales" : 618.82,
    "salesGrowthYoY" : 139.55,
    "grossProfitMargin" : 29.02,
    "grossProfit" : 179.58,
    "operatingProfitMargin" : 13.55,
    "operatingProfit" : 83.85,
    "netProfitMargin" : 11.23,
    "netProfit" : 69.49
  }, {
    "date" : "2014-09-30",
    "sales" : 650.58,
    "salesGrowthYoY" : 29.08,
    "grossProfitMargin" : 31.49,
    "grossProfit" : 204.87,
    "operatingProfitMargin" : 12.74,
    "operatingProfit" : 82.88,
    "netProfitMargin" : 10.60,
    "netProfit" : 68.96
  }, {
    "date" : "2014-12-31",
    "sales" : 600.50,
    "salesGrowthYoY" : 3.30,
    "grossProfitMargin" : 33.80,
    "grossProfit" : 202.97,
    "operatingProfitMargin" : 9.89,
    "operatingProfit" : 59.39,
    "netProfitMargin" : 7.01,
    "netProfit" : 42.10
  }, {
    "date" : "2015-03-31",
    "sales" : 681.18,
    "salesGrowthYoY" : 0.90,
    "grossProfitMargin" : 30.92,
    "grossProfit" : 210.62,
    "operatingProfitMargin" : 2.99,
    "operatingProfit" : 20.37,
    "netProfitMargin" : 1.38,
    "netProfit" : 9.40
  }, {
    "date" : "2015-06-30",
    "sales" : 625.37,
    "salesGrowthYoY" : 1.06,
    "grossProfitMargin" : 34.05,
    "grossProfit" : 212.94,
    "operatingProfitMargin" : 14.36,
    "operatingProfit" : 89.80,
    "netProfitMargin" : 11.38,
    "netProfit" : 71.17
  }, {
    "date" : "2015-09-30",
    "sales" : 587.52,
    "salesGrowthYoY" : -9.69,
    "grossProfitMargin" : 37.04,
    "grossProfit" : 217.62,
    "operatingProfitMargin" : 12.68,
    "operatingProfit" : 74.50,
    "netProfitMargin" : 10.68,
    "netProfit" : 62.75
  }, {
    "date" : "2015-12-31",
    "sales" : 592.74,
    "salesGrowthYoY" : -1.29,
    "grossProfitMargin" : 34.94,
    "grossProfit" : 207.10,
    "operatingProfitMargin" : 14.99,
    "operatingProfit" : 88.85,
    "netProfitMargin" : 11.88,
    "netProfit" : 70.42
  }, {
    "date" : "2016-03-31",
    "sales" : 763.90,
    "salesGrowthYoY" : 12.14,
    "grossProfitMargin" : 21.17,
    "grossProfit" : 161.72,
    "operatingProfitMargin" : 8.74,
    "operatingProfit" : 66.76,
    "netProfitMargin" : 7.14,
    "netProfit" : 54.54
  }, {
    "date" : "2016-06-30",
    "sales" : 503.99,
    "salesGrowthYoY" : -19.41,
    "grossProfitMargin" : 34.24,
    "grossProfit" : 172.57,
    "operatingProfitMargin" : 12.34,
    "operatingProfit" : 62.19,
    "netProfitMargin" : 9.16,
    "netProfit" : 46.17
  }, {
    "date" : "2016-09-30",
    "sales" : 413.47,
    "salesGrowthYoY" : -29.62,
    "grossProfitMargin" : 36.12,
    "grossProfit" : 149.35,
    "operatingProfitMargin" : 9.79,
    "operatingProfit" : 40.48,
    "netProfitMargin" : 6.02,
    "netProfit" : 24.89
  }, {
    "date" : "2016-12-31",
    "sales" : 398.69,
    "salesGrowthYoY" : -32.74,
    "grossProfitMargin" : 29.09,
    "grossProfit" : 115.98,
    "operatingProfitMargin" : 10.00,
    "operatingProfit" : 39.87,
    "netProfitMargin" : 5.27,
    "netProfit" : 21.01
  }, {
    "date" : "2017-03-31",
    "sales" : 699.32,
    "salesGrowthYoY" : -8.45,
    "grossProfitMargin" : 17.94,
    "grossProfit" : 125.46,
    "operatingProfitMargin" : 5.25,
    "operatingProfit" : 36.71,
    "netProfitMargin" : 4.52,
    "netProfit" : 31.61
  }, {
    "date" : "2017-06-30",
    "sales" : 836.01,
    "salesGrowthYoY" : 65.88,
    "grossProfitMargin" : 15.81,
    "grossProfit" : 132.17,
    "operatingProfitMargin" : 6.74,
    "operatingProfit" : 56.35,
    "netProfitMargin" : 3.07,
    "netProfit" : 25.67
  }, {
    "date" : "2017-09-30",
    "sales" : 575.50,
    "salesGrowthYoY" : 39.19,
    "grossProfitMargin" : 21.02,
    "grossProfit" : 120.97,
    "operatingProfitMargin" : 9.86,
    "operatingProfit" : 56.74,
    "netProfitMargin" : 4.37,
    "netProfit" : 25.15
  }, {
    "date" : "2017-12-31",
    "sales" : 714.56,
    "salesGrowthYoY" : 79.23,
    "grossProfitMargin" : 19.64,
    "grossProfit" : 140.34,
    "operatingProfitMargin" : 10.22,
    "operatingProfit" : 73.03,
    "netProfitMargin" : 6.36,
    "netProfit" : 45.45
  }, {
    "date" : "2018-03-31",
    "sales" : 942.80,
    "salesGrowthYoY" : 34.82,
    "grossProfitMargin" : 15.56,
    "grossProfit" : 146.70,
    "operatingProfitMargin" : 8.00,
    "operatingProfit" : 75.42,
    "netProfitMargin" : 6.39,
    "netProfit" : 60.24
  }, {
    "date" : "2018-06-30",
    "sales" : 1031.53,
    "salesGrowthYoY" : 23.39,
    "grossProfitMargin" : 14.91,
    "grossProfit" : 153.80,
    "operatingProfitMargin" : 8.16,
    "operatingProfit" : 84.17,
    "netProfitMargin" : 4.30,
    "netProfit" : 44.36
  }, {
    "date" : "2018-09-30",
    "sales" : 1136.31,
    "salesGrowthYoY" : 97.45,
    "grossProfitMargin" : 14.79,
    "grossProfit" : 168.06,
    "operatingProfitMargin" : 7.13,
    "operatingProfit" : 81.02,
    "netProfitMargin" : 3.50,
    "netProfit" : 39.77
  }, {
    "date" : "2018-12-31",
    "sales" : 1103.68,
    "salesGrowthYoY" : 54.46,
    "grossProfitMargin" : 15.16,
    "grossProfit" : 167.32,
    "operatingProfitMargin" : 9.51,
    "operatingProfit" : 104.96,
    "netProfitMargin" : 4.39,
    "netProfit" : 48.45
  }, {
    "date" : "2019-03-31",
    "sales" : 1094.68,
    "salesGrowthYoY" : 16.11,
    "grossProfitMargin" : 17.75,
    "grossProfit" : 194.31,
    "operatingProfitMargin" : 5.95,
    "operatingProfit" : 65.13,
    "netProfitMargin" : 4.70,
    "netProfit" : 51.45
  }, {
    "date" : "2019-06-30",
    "sales" : 1200.61,
    "salesGrowthYoY" : 16.39,
    "grossProfitMargin" : 20.84,
    "grossProfit" : 250.21,
    "operatingProfitMargin" : 13.42,
    "operatingProfit" : 161.12,
    "netProfitMargin" : 7.44,
    "netProfit" : 89.33
  }, {
    "date" : "2019-09-30",
    "sales" : 923.05,
    "salesGrowthYoY" : -18.77,
    "grossProfitMargin" : 23.20,
    "grossProfit" : 214.15,
    "operatingProfitMargin" : 13.74,
    "operatingProfit" : 126.83,
    "netProfitMargin" : 6.81,
    "netProfit" : 62.86
  }, {
    "date" : "2019-12-31",
    "sales" : 812.87,
    "salesGrowthYoY" : -26.35,
    "grossProfitMargin" : 21.31,
    "grossProfit" : 173.22,
    "operatingProfitMargin" : 11.15,
    "operatingProfit" : 90.64,
    "netProfitMargin" : 6.11,
    "netProfit" : 49.67
  }, {
    "date" : "2020-03-31",
    "sales" : 610.77,
    "salesGrowthYoY" : -44.21,
    "grossProfitMargin" : 23.20,
    "grossProfit" : 141.70,
    "operatingProfitMargin" : 7.98,
    "operatingProfit" : 48.74,
    "netProfitMargin" : 0.33,
    "netProfit" : 2.02
  }, {
    "date" : "2020-06-30",
    "sales" : 656.24,
    "salesGrowthYoY" : -45.34,
    "grossProfitMargin" : 24.32,
    "grossProfit" : 159.60,
    "operatingProfitMargin" : 10.58,
    "operatingProfit" : 69.43,
    "netProfitMargin" : 3.20,
    "netProfit" : 21.00
  }, {
    "date" : "2020-09-30",
    "sales" : 983.80,
    "salesGrowthYoY" : 6.58,
    "grossProfitMargin" : 21.14,
    "grossProfit" : 207.98,
    "operatingProfitMargin" : 10.53,
    "operatingProfit" : 103.59,
    "netProfitMargin" : 4.76,
    "netProfit" : 46.83
  }, {
    "date" : "2020-12-31",
    "sales" : 1188.89,
    "salesGrowthYoY" : 46.26,
    "grossProfitMargin" : 20.60,
    "grossProfit" : 244.91,
    "operatingProfitMargin" : 11.55,
    "operatingProfit" : 137.32,
    "netProfitMargin" : 6.36,
    "netProfit" : 75.61
  }, {
    "date" : "2021-03-31",
    "sales" : 1276.94,
    "salesGrowthYoY" : 109.07,
    "grossProfitMargin" : 20.24,
    "grossProfit" : 258.45,
    "operatingProfitMargin" : 12.47,
    "operatingProfit" : 159.23,
    "netProfitMargin" : 6.46,
    "netProfit" : 82.49
  }, {
    "date" : "2021-06-30",
    "sales" : 1108.20,
    "salesGrowthYoY" : 68.87,
    "grossProfitMargin" : 25.16,
    "grossProfit" : 278.82,
    "operatingProfitMargin" : 14.47,
    "operatingProfit" : 160.36,
    "netProfitMargin" : 7.27,
    "netProfit" : 80.57
  }, {
    "date" : "2021-09-30",
    "sales" : 1004.92,
    "salesGrowthYoY" : 2.15,
    "grossProfitMargin" : 24.88,
    "grossProfit" : 250.02,
    "operatingProfitMargin" : 13.50,
    "operatingProfit" : 135.66,
    "netProfitMargin" : 6.98,
    "netProfit" : 70.14
  }, {
    "date" : "2021-12-31",
    "sales" : 1107.36,
    "salesGrowthYoY" : -6.86,
    "grossProfitMargin" : 23.49,
    "grossProfit" : 260.12,
    "operatingProfitMargin" : 12.29,
    "operatingProfit" : 136.09,
    "netProfitMargin" : 6.33,
    "netProfit" : 70.10
  }, {
    "date" : "2022-03-31",
    "sales" : 1065.96,
    "salesGrowthYoY" : -16.52,
    "grossProfitMargin" : 21.79,
    "grossProfit" : 232.27,
    "operatingProfitMargin" : 8.98,
    "operatingProfit" : 95.72,
    "netProfitMargin" : 5.81,
    "netProfit" : 61.93
  }, {
    "date" : "2022-06-30",
    "sales" : 951.21,
    "salesGrowthYoY" : -14.17,
    "grossProfitMargin" : 22.79,
    "grossProfit" : 216.78,
    "operatingProfitMargin" : 9.70,
    "operatingProfit" : 92.27,
    "netProfitMargin" : 5.05,
    "netProfit" : 48.04
  }, {
    "date" : "2022-09-30",
    "sales" : 1119.35,
    "salesGrowthYoY" : 11.39,
    "grossProfitMargin" : 24.80,
    "grossProfit" : 277.60,
    "operatingProfitMargin" : 13.56,
    "operatingProfit" : 151.78,
    "netProfitMargin" : 6.78,
    "netProfit" : 75.89
  }, {
    "date" : "2022-12-31",
    "sales" : 1002.01,
    "salesGrowthYoY" : -9.51,
    "grossProfitMargin" : 25.26,
    "grossProfit" : 253.11,
    "operatingProfitMargin" : 12.25,
    "operatingProfit" : 122.75,
    "netProfitMargin" : 7.97,
    "netProfit" : 79.86
  }, {
    "date" : "2023-03-31",
    "sales" : 1323.11,
    "salesGrowthYoY" : 24.12,
    "grossProfitMargin" : 19.17,
    "grossProfit" : 253.64,
    "operatingProfitMargin" : 7.54,
    "operatingProfit" : 99.76,
    "netProfitMargin" : 3.84,
    "netProfit" : 50.81
  }, {
    "date" : "2023-06-30",
    "sales" : 880.32,
    "salesGrowthYoY" : -7.45,
    "grossProfitMargin" : 25.50,
    "grossProfit" : 224.48,
    "operatingProfitMargin" : 10.84,
    "operatingProfit" : 95.43,
    "netProfitMargin" : 5.54,
    "netProfit" : 48.77
  }, {
    "date" : "2023-09-30",
    "sales" : 1001.76,
    "salesGrowthYoY" : -10.51,
    "grossProfitMargin" : 22.99,
    "grossProfit" : 230.30,
    "operatingProfitMargin" : 11.40,
    "operatingProfit" : 114.20,
    "netProfitMargin" : 6.74,
    "netProfit" : 67.52
  }, {
    "date" : "2023-12-31",
    "sales" : 954.47,
    "salesGrowthYoY" : -4.74,
    "grossProfitMargin" : 24.97,
    "grossProfit" : 238.33,
    "operatingProfitMargin" : 10.47,
    "operatingProfit" : 99.93,
    "netProfitMargin" : 8.16,
    "netProfit" : 77.88
  }, {
    "date" : "2024-03-31",
    "sales" : 1238.04,
    "salesGrowthYoY" : -6.43,
    "grossProfitMargin" : 27.20,
    "grossProfit" : 336.75,
    "operatingProfitMargin" : 15.04,
    "operatingProfit" : 186.20,
    "netProfitMargin" : 9.32,
    "netProfit" : 115.39
  }, {
    "date" : "2024-06-30",
    "sales" : 1065.52,
    "salesGrowthYoY" : 21.04,
    "grossProfitMargin" : 28.19,
    "grossProfit" : 300.37,
    "operatingProfitMargin" : 15.53,
    "operatingProfit" : 165.48,
    "netProfitMargin" : 10.70,
    "netProfit" : 114.01
  }, {
    "date" : "2024-09-30",
    "sales" : 1011.57,
    "salesGrowthYoY" : 0.98,
    "grossProfitMargin" : 27.23,
    "grossProfit" : 275.45,
    "operatingProfitMargin" : 14.60,
    "operatingProfit" : 147.69,
    "netProfitMargin" : 7.40,
    "netProfit" : 74.86
  }, {
    "date" : "2024-12-31",
    "sales" : 960.94,
    "salesGrowthYoY" : 0.68,
    "grossProfitMargin" : 28.36,
    "grossProfit" : 272.52,
    "operatingProfitMargin" : 15.06,
    "operatingProfit" : 144.72,
    "netProfitMargin" : 8.17,
    "netProfit" : 78.51
  }, {
    "date" : "2025-03-31",
    "sales" : 757.19,
    "salesGrowthYoY" : -38.84,
    "grossProfitMargin" : 15.58,
    "grossProfit" : 117.97,
    "operatingProfitMargin" : -5.67,
    "operatingProfit" : -42.93,
    "netProfitMargin" : -9.59,
    "netProfit" : -72.61
  }, {
    "date" : "2025-06-30",
    "sales" : 789.28,
    "salesGrowthYoY" : -25.93,
    "grossProfitMargin" : 21.85,
    "grossProfit" : 172.46,
    "operatingProfitMargin" : -0.14,
    "operatingProfit" : -1.10,
    "netProfitMargin" : -5.36,
    "netProfit" : -42.31
  }, {
    "date" : "2025-09-30",
    "sales" : 1003.13,
    "salesGrowthYoY" : -0.83,
    "grossProfitMargin" : 31.92,
    "grossProfit" : 320.20,
    "operatingProfitMargin" : 15.85,
    "operatingProfit" : 159.00,
    "netProfitMargin" : 6.12,
    "netProfit" : 61.39
  }, {
    "date" : "2025-12-31",
    "sales" : 1223.89,
    "salesGrowthYoY" : 27.36,
    "grossProfitMargin" : 26.93,
    "grossProfit" : 329.59,
    "operatingProfitMargin" : 12.70,
    "operatingProfit" : 155.43,
    "netProfitMargin" : 4.59,
    "netProfit" : 56.18
  } ],
  "latestQuarterlyResult" : {
    "date" : "2025-12-31",
    "sales" : 1223.89,
    "salesGrowthYoY" : 27.36,
    "grossProfitMargin" : 26.93,
    "grossProfit" : 329.59,
    "operatingProfitMargin" : 12.70,
    "operatingProfit" : 155.43,
    "netProfitMargin" : 4.59,
    "netProfit" : 56.18
  },
  "companyScore" : {
    "priceHigherThanDma50" : 5.00,
    "priceHigherThanDma100" : 0.00,
    "priceHigherThanDma200" : 0.00,
    "dma50HigherThanDma100" : 0.00,
    "dma50HigherThanDma200" : 0.00,
    "dma100HigherThanDma200" : 0.00,
    "pricePercentageAboveDma50" : 4.87,
    "pricePercentageAboveDma100" : 5.14,
    "pricePercentageAboveDma200" : 5.50,
    "weeklyVolumeHigherThanYearlyVolume" : 5.00,
    "salesGrowthPercentile" : 13.00,
    "operatingProfitMarginPercentile" : 19.63,
    "netProfitMarginPercentile" : 9.70,
    "totalTechnicalScore" : 25.51,
    "totalFundamentalScore" : 42.33,
    "totalScore" : 67.84
  }
}