{
  "metadata" : {
    "screenerCompanyId" : "1351",
    "companyCode" : "HINDZINC",
    "companyName" : "Hindustan Zinc",
    "screenerCompanyLink" : "https://www.screener.in/company/HINDZINC/",
    "screenerTechnicalHistoryLink" : "https://www.screener.in/api/company/1351/chart/?q=Price-DMA50-DMA200-Volume&days=365",
    "screenerQuarterlyResultsLink" : "https://www.screener.in/api/company/1351/chart/?q=GPM-OPM-NPM-Quarter+Sales&days=10000",
    "attributes" : {
      "companyCode" : "HINDZINC",
      "companyName" : "Hindustan Zinc",
      "marketCap" : 282559.00,
      "peRatio" : 24.20,
      "description" : "Incorporated in 1966, Hindustan Zinc in Zinc-Lead and Silver business is world’s 2nd largest integrated Zinc producer and Hindustan Zinc is the 3rd largest silver producer globally with an annual capacity of 800MT . The company has a market share of ~75% of the growing Zinc market in India with its headquarters at Zinc City, Udaipur along with Zinc-Lead mines and smelting complexes spread across the state of Rajasthan.[1]"
    },
    "companyScore" : {
      "priceHigherThanDma50" : 5.00,
      "priceHigherThanDma100" : 5.00,
      "priceHigherThanDma200" : 5.00,
      "dma50HigherThanDma100" : 5.00,
      "dma50HigherThanDma200" : 5.00,
      "dma100HigherThanDma200" : 5.00,
      "pricePercentageAboveDma50" : 4.26,
      "pricePercentageAboveDma100" : 3.53,
      "pricePercentageAboveDma200" : 3.37,
      "weeklyVolumeHigherThanYearlyVolume" : 5.00,
      "salesGrowthPercentile" : 15.50,
      "operatingProfitMarginPercentile" : 14.29,
      "netProfitMarginPercentile" : 3.21,
      "totalTechnicalScore" : 46.15,
      "totalFundamentalScore" : 33.00,
      "totalScore" : 79.15
    }
  },
  "attributes" : {
    "companyCode" : "HINDZINC",
    "companyName" : "Hindustan Zinc",
    "marketCap" : 282559.00,
    "peRatio" : 24.20,
    "description" : "Incorporated in 1966, Hindustan Zinc in Zinc-Lead and Silver business is world’s 2nd largest integrated Zinc producer and Hindustan Zinc is the 3rd largest silver producer globally with an annual capacity of 800MT . The company has a market share of ~75% of the growing Zinc market in India with its headquarters at Zinc City, Udaipur along with Zinc-Lead mines and smelting complexes spread across the state of Rajasthan.[1]"
  },
  "technicalHistory" : [ {
    "date" : "2025-01-23",
    "price" : 474.10,
    "dma50" : 473.41,
    "dma100" : null,
    "dma200" : 488.40,
    "volume" : 1067002.00
  }, {
    "date" : "2025-01-24",
    "price" : 466.55,
    "dma50" : 473.14,
    "dma100" : null,
    "dma200" : 488.18,
    "volume" : 840884.00
  }, {
    "date" : "2025-01-27",
    "price" : 450.85,
    "dma50" : 472.27,
    "dma100" : null,
    "dma200" : 487.81,
    "volume" : 728920.00
  }, {
    "date" : "2025-01-28",
    "price" : 433.20,
    "dma50" : 470.74,
    "dma100" : null,
    "dma200" : 487.27,
    "volume" : 2505364.00
  }, {
    "date" : "2025-01-29",
    "price" : 438.30,
    "dma50" : 469.46,
    "dma100" : null,
    "dma200" : 486.78,
    "volume" : 1825791.00
  }, {
    "date" : "2025-01-30",
    "price" : 441.35,
    "dma50" : 468.36,
    "dma100" : null,
    "dma200" : 486.33,
    "volume" : 750094.00
  }, {
    "date" : "2025-01-31",
    "price" : 450.15,
    "dma50" : 467.65,
    "dma100" : null,
    "dma200" : 485.97,
    "volume" : 1082044.00
  }, {
    "date" : "2025-02-01",
    "price" : 446.00,
    "dma50" : 466.80,
    "dma100" : null,
    "dma200" : 485.57,
    "volume" : 874259.00
  }, {
    "date" : "2025-02-03",
    "price" : 432.55,
    "dma50" : 465.46,
    "dma100" : null,
    "dma200" : 485.04,
    "volume" : 1193806.00
  }, {
    "date" : "2025-02-04",
    "price" : 436.90,
    "dma50" : 464.34,
    "dma100" : null,
    "dma200" : 484.56,
    "volume" : 1117543.00
  }, {
    "date" : "2025-02-05",
    "price" : 467.45,
    "dma50" : 464.46,
    "dma100" : null,
    "dma200" : 484.39,
    "volume" : 4050174.00
  }, {
    "date" : "2025-02-06",
    "price" : 442.90,
    "dma50" : 463.61,
    "dma100" : null,
    "dma200" : 483.98,
    "volume" : 2785174.00
  }, {
    "date" : "2025-02-07",
    "price" : 440.35,
    "dma50" : 462.70,
    "dma100" : null,
    "dma200" : 483.54,
    "volume" : 1443051.00
  }, {
    "date" : "2025-02-10",
    "price" : 435.65,
    "dma50" : 461.64,
    "dma100" : null,
    "dma200" : 483.07,
    "volume" : 1105734.00
  }, {
    "date" : "2025-02-11",
    "price" : 416.85,
    "dma50" : 459.88,
    "dma100" : null,
    "dma200" : 482.41,
    "volume" : 1758944.00
  }, {
    "date" : "2025-02-12",
    "price" : 420.35,
    "dma50" : 458.33,
    "dma100" : null,
    "dma200" : 481.79,
    "volume" : 1512281.00
  }, {
    "date" : "2025-02-13",
    "price" : 411.80,
    "dma50" : 456.51,
    "dma100" : null,
    "dma200" : 481.10,
    "volume" : 1309057.00
  }, {
    "date" : "2025-02-14",
    "price" : 416.55,
    "dma50" : 454.94,
    "dma100" : null,
    "dma200" : 480.45,
    "volume" : 2887375.00
  }, {
    "date" : "2025-02-17",
    "price" : 415.55,
    "dma50" : 453.40,
    "dma100" : null,
    "dma200" : 479.81,
    "volume" : 1749407.00
  }, {
    "date" : "2025-02-18",
    "price" : 409.05,
    "dma50" : 451.66,
    "dma100" : null,
    "dma200" : 479.10,
    "volume" : 864231.00
  }, {
    "date" : "2025-02-19",
    "price" : 413.45,
    "dma50" : 450.16,
    "dma100" : null,
    "dma200" : 478.45,
    "volume" : 1090068.00
  }, {
    "date" : "2025-02-20",
    "price" : 422.85,
    "dma50" : 449.09,
    "dma100" : null,
    "dma200" : 477.90,
    "volume" : 1054187.00
  }, {
    "date" : "2025-02-21",
    "price" : 426.65,
    "dma50" : 448.21,
    "dma100" : null,
    "dma200" : 477.39,
    "volume" : 1116938.00
  }, {
    "date" : "2025-02-24",
    "price" : 415.65,
    "dma50" : 446.93,
    "dma100" : null,
    "dma200" : 476.77,
    "volume" : 1062682.00
  }, {
    "date" : "2025-02-25",
    "price" : 407.25,
    "dma50" : 445.37,
    "dma100" : null,
    "dma200" : 476.08,
    "volume" : 813624.00
  }, {
    "date" : "2025-02-27",
    "price" : 411.75,
    "dma50" : 444.06,
    "dma100" : null,
    "dma200" : 475.44,
    "volume" : 1110533.00
  }, {
    "date" : "2025-02-28",
    "price" : 390.80,
    "dma50" : 441.97,
    "dma100" : null,
    "dma200" : 474.60,
    "volume" : 1686780.00
  }, {
    "date" : "2025-03-03",
    "price" : 387.45,
    "dma50" : 439.83,
    "dma100" : null,
    "dma200" : 473.73,
    "volume" : 2161158.00
  }, {
    "date" : "2025-03-04",
    "price" : 395.45,
    "dma50" : 438.09,
    "dma100" : null,
    "dma200" : 472.95,
    "volume" : 1733803.00
  }, {
    "date" : "2025-03-05",
    "price" : 411.25,
    "dma50" : 437.04,
    "dma100" : null,
    "dma200" : 472.34,
    "volume" : 2047364.00
  }, {
    "date" : "2025-03-06",
    "price" : 426.10,
    "dma50" : 436.61,
    "dma100" : null,
    "dma200" : 471.88,
    "volume" : 2842094.00
  }, {
    "date" : "2025-03-07",
    "price" : 429.35,
    "dma50" : 436.32,
    "dma100" : null,
    "dma200" : 471.45,
    "volume" : 2306339.00
  }, {
    "date" : "2025-03-10",
    "price" : 426.45,
    "dma50" : 435.94,
    "dma100" : null,
    "dma200" : 471.01,
    "volume" : 1510468.00
  }, {
    "date" : "2025-03-11",
    "price" : 427.40,
    "dma50" : 435.60,
    "dma100" : null,
    "dma200" : 470.57,
    "volume" : 2314030.00
  }, {
    "date" : "2025-03-12",
    "price" : 427.65,
    "dma50" : 435.29,
    "dma100" : null,
    "dma200" : 470.15,
    "volume" : 1277937.00
  }, {
    "date" : "2025-03-13",
    "price" : 430.00,
    "dma50" : 435.08,
    "dma100" : null,
    "dma200" : 469.75,
    "volume" : 1498340.00
  }, {
    "date" : "2025-03-17",
    "price" : 435.35,
    "dma50" : 435.09,
    "dma100" : null,
    "dma200" : 469.40,
    "volume" : 1658298.00
  }, {
    "date" : "2025-03-18",
    "price" : 436.40,
    "dma50" : 435.14,
    "dma100" : null,
    "dma200" : 469.08,
    "volume" : 1382604.00
  }, {
    "date" : "2025-03-19",
    "price" : 454.25,
    "dma50" : 435.89,
    "dma100" : null,
    "dma200" : 468.93,
    "volume" : 7860562.00
  }, {
    "date" : "2025-03-20",
    "price" : 456.35,
    "dma50" : 436.70,
    "dma100" : null,
    "dma200" : 468.80,
    "volume" : 2927218.00
  }, {
    "date" : "2025-03-21",
    "price" : 446.40,
    "dma50" : 437.08,
    "dma100" : null,
    "dma200" : 468.58,
    "volume" : 3985215.00
  }, {
    "date" : "2025-03-24",
    "price" : 453.30,
    "dma50" : 437.71,
    "dma100" : null,
    "dma200" : 468.43,
    "volume" : 1669312.00
  }, {
    "date" : "2025-03-25",
    "price" : 444.45,
    "dma50" : 437.98,
    "dma100" : null,
    "dma200" : 468.19,
    "volume" : 1347005.00
  }, {
    "date" : "2025-03-26",
    "price" : 442.20,
    "dma50" : 438.14,
    "dma100" : null,
    "dma200" : 467.93,
    "volume" : 1544222.00
  }, {
    "date" : "2025-03-27",
    "price" : 447.90,
    "dma50" : 438.52,
    "dma100" : null,
    "dma200" : 467.73,
    "volume" : 2087844.00
  }, {
    "date" : "2025-03-28",
    "price" : 461.90,
    "dma50" : 439.44,
    "dma100" : null,
    "dma200" : 467.67,
    "volume" : 5928044.00
  }, {
    "date" : "2025-04-01",
    "price" : 453.75,
    "dma50" : 440.00,
    "dma100" : null,
    "dma200" : 467.54,
    "volume" : 1594382.00
  }, {
    "date" : "2025-04-02",
    "price" : 460.80,
    "dma50" : 440.82,
    "dma100" : null,
    "dma200" : 467.47,
    "volume" : 1368001.00
  }, {
    "date" : "2025-04-03",
    "price" : 459.15,
    "dma50" : 441.54,
    "dma100" : null,
    "dma200" : 467.39,
    "volume" : 1967137.00
  }, {
    "date" : "2025-04-04",
    "price" : 426.95,
    "dma50" : 440.96,
    "dma100" : null,
    "dma200" : 466.98,
    "volume" : 3345261.00
  }, {
    "date" : "2025-04-07",
    "price" : 406.75,
    "dma50" : 439.62,
    "dma100" : null,
    "dma200" : 466.38,
    "volume" : 2825023.00
  }, {
    "date" : "2025-04-08",
    "price" : 412.05,
    "dma50" : 438.54,
    "dma100" : null,
    "dma200" : 465.84,
    "volume" : 1644725.00
  }, {
    "date" : "2025-04-09",
    "price" : 400.60,
    "dma50" : 437.05,
    "dma100" : null,
    "dma200" : 465.19,
    "volume" : 1528883.00
  }, {
    "date" : "2025-04-11",
    "price" : 411.05,
    "dma50" : 436.03,
    "dma100" : null,
    "dma200" : 464.66,
    "volume" : 1706676.00
  }, {
    "date" : "2025-04-15",
    "price" : 433.90,
    "dma50" : 435.95,
    "dma100" : null,
    "dma200" : 464.35,
    "volume" : 2065584.00
  }, {
    "date" : "2025-04-16",
    "price" : 438.00,
    "dma50" : 436.03,
    "dma100" : null,
    "dma200" : 464.09,
    "volume" : 1862764.00
  }, {
    "date" : "2025-04-17",
    "price" : 439.70,
    "dma50" : 436.17,
    "dma100" : null,
    "dma200" : 463.84,
    "volume" : 2121662.00
  }, {
    "date" : "2025-04-21",
    "price" : 452.45,
    "dma50" : 436.81,
    "dma100" : null,
    "dma200" : 463.73,
    "volume" : 2079759.00
  }, {
    "date" : "2025-04-22",
    "price" : 445.75,
    "dma50" : 437.16,
    "dma100" : null,
    "dma200" : 463.55,
    "volume" : 2125996.00
  }, {
    "date" : "2025-04-23",
    "price" : 449.05,
    "dma50" : 437.63,
    "dma100" : null,
    "dma200" : 463.41,
    "volume" : 1680596.00
  }, {
    "date" : "2025-04-24",
    "price" : 459.35,
    "dma50" : 438.48,
    "dma100" : null,
    "dma200" : 463.37,
    "volume" : 2746543.00
  }, {
    "date" : "2025-04-25",
    "price" : 445.00,
    "dma50" : 438.74,
    "dma100" : null,
    "dma200" : 463.18,
    "volume" : 4492142.00
  }, {
    "date" : "2025-04-28",
    "price" : 452.50,
    "dma50" : 439.28,
    "dma100" : null,
    "dma200" : 463.08,
    "volume" : 3914195.00
  }, {
    "date" : "2025-04-29",
    "price" : 445.45,
    "dma50" : 439.52,
    "dma100" : null,
    "dma200" : 462.90,
    "volume" : 1740033.00
  }, {
    "date" : "2025-04-30",
    "price" : 439.20,
    "dma50" : 439.51,
    "dma100" : null,
    "dma200" : 462.67,
    "volume" : 1338890.00
  }, {
    "date" : "2025-05-02",
    "price" : 428.70,
    "dma50" : 439.08,
    "dma100" : null,
    "dma200" : 462.33,
    "volume" : 2005218.00
  }, {
    "date" : "2025-05-05",
    "price" : 428.25,
    "dma50" : 438.66,
    "dma100" : null,
    "dma200" : 461.99,
    "volume" : 891113.00
  }, {
    "date" : "2025-05-06",
    "price" : 413.45,
    "dma50" : 437.67,
    "dma100" : null,
    "dma200" : 461.51,
    "volume" : 2167873.00
  }, {
    "date" : "2025-05-07",
    "price" : 422.70,
    "dma50" : 437.08,
    "dma100" : null,
    "dma200" : 461.12,
    "volume" : 1641693.00
  }, {
    "date" : "2025-05-08",
    "price" : 409.35,
    "dma50" : 435.99,
    "dma100" : null,
    "dma200" : 460.61,
    "volume" : 1417351.00
  }, {
    "date" : "2025-05-09",
    "price" : 408.35,
    "dma50" : 434.91,
    "dma100" : null,
    "dma200" : 460.09,
    "volume" : 1579340.00
  }, {
    "date" : "2025-05-12",
    "price" : 434.95,
    "dma50" : 434.91,
    "dma100" : null,
    "dma200" : 459.84,
    "volume" : 2857445.00
  }, {
    "date" : "2025-05-13",
    "price" : 428.90,
    "dma50" : 434.68,
    "dma100" : null,
    "dma200" : 459.53,
    "volume" : 1638000.00
  }, {
    "date" : "2025-05-14",
    "price" : 438.95,
    "dma50" : 434.84,
    "dma100" : null,
    "dma200" : 459.32,
    "volume" : 2544660.00
  }, {
    "date" : "2025-05-15",
    "price" : 440.75,
    "dma50" : 435.08,
    "dma100" : null,
    "dma200" : 459.14,
    "volume" : 2285413.00
  }, {
    "date" : "2025-05-16",
    "price" : 442.30,
    "dma50" : 435.36,
    "dma100" : null,
    "dma200" : 458.97,
    "volume" : 1497916.00
  }, {
    "date" : "2025-05-19",
    "price" : 448.20,
    "dma50" : 435.86,
    "dma100" : null,
    "dma200" : 458.86,
    "volume" : 3093637.00
  }, {
    "date" : "2025-05-20",
    "price" : 435.30,
    "dma50" : 435.84,
    "dma100" : null,
    "dma200" : 458.63,
    "volume" : 2958824.00
  }, {
    "date" : "2025-05-21",
    "price" : 442.05,
    "dma50" : 436.08,
    "dma100" : null,
    "dma200" : 458.46,
    "volume" : 1917081.00
  }, {
    "date" : "2025-05-22",
    "price" : 442.40,
    "dma50" : 436.33,
    "dma100" : null,
    "dma200" : 458.30,
    "volume" : 2833270.00
  }, {
    "date" : "2025-05-23",
    "price" : 447.05,
    "dma50" : 436.75,
    "dma100" : null,
    "dma200" : 458.19,
    "volume" : 2267140.00
  }, {
    "date" : "2025-05-26",
    "price" : 450.95,
    "dma50" : 437.31,
    "dma100" : null,
    "dma200" : 458.12,
    "volume" : 1436417.00
  }, {
    "date" : "2025-05-27",
    "price" : 451.50,
    "dma50" : 437.87,
    "dma100" : null,
    "dma200" : 458.05,
    "volume" : 1457641.00
  }, {
    "date" : "2025-05-28",
    "price" : 452.60,
    "dma50" : 438.44,
    "dma100" : null,
    "dma200" : 458.00,
    "volume" : 1886567.00
  }, {
    "date" : "2025-05-29",
    "price" : 464.75,
    "dma50" : 439.47,
    "dma100" : null,
    "dma200" : 458.07,
    "volume" : 4217826.00
  }, {
    "date" : "2025-05-30",
    "price" : 458.20,
    "dma50" : 440.21,
    "dma100" : null,
    "dma200" : 458.07,
    "volume" : 3197053.00
  }, {
    "date" : "2025-06-02",
    "price" : 453.15,
    "dma50" : 440.72,
    "dma100" : null,
    "dma200" : 458.02,
    "volume" : 2359839.00
  }, {
    "date" : "2025-06-03",
    "price" : 468.75,
    "dma50" : 441.82,
    "dma100" : null,
    "dma200" : 458.13,
    "volume" : 8562858.00
  }, {
    "date" : "2025-06-04",
    "price" : 468.00,
    "dma50" : 442.84,
    "dma100" : null,
    "dma200" : 458.22,
    "volume" : 4697892.00
  }, {
    "date" : "2025-06-05",
    "price" : 491.60,
    "dma50" : 444.75,
    "dma100" : null,
    "dma200" : 458.56,
    "volume" : 8166783.00
  }, {
    "date" : "2025-06-06",
    "price" : 502.25,
    "dma50" : 447.01,
    "dma100" : null,
    "dma200" : 458.99,
    "volume" : 16837386.00
  }, {
    "date" : "2025-06-09",
    "price" : 525.00,
    "dma50" : 450.07,
    "dma100" : null,
    "dma200" : 459.65,
    "volume" : 13392505.00
  }, {
    "date" : "2025-06-10",
    "price" : 534.05,
    "dma50" : 453.36,
    "dma100" : null,
    "dma200" : 460.39,
    "volume" : 12114069.00
  }, {
    "date" : "2025-06-11",
    "price" : 520.55,
    "dma50" : 456.00,
    "dma100" : null,
    "dma200" : 460.99,
    "volume" : 9248411.00
  }, {
    "date" : "2025-06-12",
    "price" : 517.25,
    "dma50" : 458.40,
    "dma100" : null,
    "dma200" : 461.55,
    "volume" : 6108152.00
  }, {
    "date" : "2025-06-13",
    "price" : 514.25,
    "dma50" : 460.59,
    "dma100" : null,
    "dma200" : 462.07,
    "volume" : 5376734.00
  }, {
    "date" : "2025-06-16",
    "price" : 512.95,
    "dma50" : 462.64,
    "dma100" : null,
    "dma200" : 462.58,
    "volume" : 4374022.00
  }, {
    "date" : "2025-06-17",
    "price" : 486.35,
    "dma50" : 463.57,
    "dma100" : null,
    "dma200" : 462.81,
    "volume" : 10357824.00
  }, {
    "date" : "2025-06-18",
    "price" : 452.80,
    "dma50" : 463.15,
    "dma100" : null,
    "dma200" : 462.71,
    "volume" : 151817339.00
  }, {
    "date" : "2025-06-19",
    "price" : 437.45,
    "dma50" : 462.14,
    "dma100" : null,
    "dma200" : 462.46,
    "volume" : 17240407.00
  }, {
    "date" : "2025-06-20",
    "price" : 438.60,
    "dma50" : 461.22,
    "dma100" : 442.44,
    "dma200" : 462.23,
    "volume" : 10181215.00
  }, {
    "date" : "2025-06-23",
    "price" : 440.55,
    "dma50" : 460.41,
    "dma100" : 442.18,
    "dma200" : 462.01,
    "volume" : 8278870.00
  }, {
    "date" : "2025-06-24",
    "price" : 442.90,
    "dma50" : 459.72,
    "dma100" : 442.11,
    "dma200" : 461.82,
    "volume" : 5704761.00
  }, {
    "date" : "2025-06-25",
    "price" : 442.10,
    "dma50" : 459.03,
    "dma100" : 442.19,
    "dma200" : 461.62,
    "volume" : 3602270.00
  }, {
    "date" : "2025-06-26",
    "price" : 448.90,
    "dma50" : 458.63,
    "dma100" : 442.30,
    "dma200" : 461.50,
    "volume" : 7193123.00
  }, {
    "date" : "2025-06-27",
    "price" : 451.15,
    "dma50" : 458.34,
    "dma100" : 442.40,
    "dma200" : 461.39,
    "volume" : 7703685.00
  }, {
    "date" : "2025-06-30",
    "price" : 450.85,
    "dma50" : 458.05,
    "dma100" : 442.41,
    "dma200" : 461.29,
    "volume" : 3831823.00
  }, {
    "date" : "2025-07-01",
    "price" : 450.35,
    "dma50" : 457.74,
    "dma100" : 442.45,
    "dma200" : 461.18,
    "volume" : 4110182.00
  }, {
    "date" : "2025-07-02",
    "price" : 447.20,
    "dma50" : 457.33,
    "dma100" : 442.60,
    "dma200" : 461.04,
    "volume" : 3230956.00
  }, {
    "date" : "2025-07-03",
    "price" : 445.55,
    "dma50" : 456.87,
    "dma100" : 442.68,
    "dma200" : 460.89,
    "volume" : 2149779.00
  }, {
    "date" : "2025-07-04",
    "price" : 445.10,
    "dma50" : 456.41,
    "dma100" : 442.46,
    "dma200" : 460.73,
    "volume" : 1863508.00
  }, {
    "date" : "2025-07-07",
    "price" : 437.50,
    "dma50" : 455.67,
    "dma100" : 442.40,
    "dma200" : 460.50,
    "volume" : 2781973.00
  }, {
    "date" : "2025-07-08",
    "price" : 436.20,
    "dma50" : 454.90,
    "dma100" : 442.36,
    "dma200" : 460.26,
    "volume" : 1634008.00
  }, {
    "date" : "2025-07-09",
    "price" : 425.00,
    "dma50" : 453.73,
    "dma100" : 442.26,
    "dma200" : 459.91,
    "volume" : 7838793.00
  }, {
    "date" : "2025-07-10",
    "price" : 422.80,
    "dma50" : 452.52,
    "dma100" : 442.32,
    "dma200" : 459.54,
    "volume" : 2674174.00
  }, {
    "date" : "2025-07-11",
    "price" : 424.90,
    "dma50" : 451.43,
    "dma100" : 442.36,
    "dma200" : 459.19,
    "volume" : 3430272.00
  }, {
    "date" : "2025-07-14",
    "price" : 436.35,
    "dma50" : 450.84,
    "dma100" : 442.61,
    "dma200" : 458.97,
    "volume" : 4035146.00
  }, {
    "date" : "2025-07-15",
    "price" : 437.45,
    "dma50" : 450.32,
    "dma100" : 442.82,
    "dma200" : 458.75,
    "volume" : 2585826.00
  }, {
    "date" : "2025-07-16",
    "price" : 435.20,
    "dma50" : 449.72,
    "dma100" : 443.01,
    "dma200" : 458.52,
    "volume" : 2015849.00
  }, {
    "date" : "2025-07-17",
    "price" : 437.10,
    "dma50" : 449.23,
    "dma100" : 443.29,
    "dma200" : 458.30,
    "volume" : 2057867.00
  }, {
    "date" : "2025-07-18",
    "price" : 435.50,
    "dma50" : 448.69,
    "dma100" : 443.51,
    "dma200" : 458.08,
    "volume" : 4819003.00
  }, {
    "date" : "2025-07-21",
    "price" : 444.65,
    "dma50" : 448.53,
    "dma100" : 443.73,
    "dma200" : 457.94,
    "volume" : 4214869.00
  }, {
    "date" : "2025-07-22",
    "price" : 443.20,
    "dma50" : 448.32,
    "dma100" : 443.90,
    "dma200" : 457.80,
    "volume" : 2071239.00
  }, {
    "date" : "2025-07-23",
    "price" : 446.85,
    "dma50" : 448.27,
    "dma100" : 444.21,
    "dma200" : 457.69,
    "volume" : 2004078.00
  }, {
    "date" : "2025-07-24",
    "price" : 446.10,
    "dma50" : 448.18,
    "dma100" : 444.60,
    "dma200" : 457.57,
    "volume" : 1791964.00
  }, {
    "date" : "2025-07-25",
    "price" : 439.20,
    "dma50" : 447.83,
    "dma100" : 444.87,
    "dma200" : 457.39,
    "volume" : 1947298.00
  }, {
    "date" : "2025-07-28",
    "price" : 432.05,
    "dma50" : 447.21,
    "dma100" : 445.28,
    "dma200" : 457.14,
    "volume" : 2016873.00
  }, {
    "date" : "2025-07-29",
    "price" : 437.40,
    "dma50" : 446.82,
    "dma100" : 445.78,
    "dma200" : 456.94,
    "volume" : 1356593.00
  }, {
    "date" : "2025-07-30",
    "price" : 432.45,
    "dma50" : 446.26,
    "dma100" : 446.15,
    "dma200" : 456.70,
    "volume" : 1420578.00
  }, {
    "date" : "2025-07-31",
    "price" : 424.05,
    "dma50" : 445.39,
    "dma100" : 446.28,
    "dma200" : 456.37,
    "volume" : 2364016.00
  }, {
    "date" : "2025-08-01",
    "price" : 415.40,
    "dma50" : 444.21,
    "dma100" : 446.17,
    "dma200" : 455.96,
    "volume" : 2565394.00
  }, {
    "date" : "2025-08-04",
    "price" : 421.60,
    "dma50" : 443.33,
    "dma100" : 446.10,
    "dma200" : 455.62,
    "volume" : 1251188.00
  }, {
    "date" : "2025-08-05",
    "price" : 421.20,
    "dma50" : 442.46,
    "dma100" : 446.04,
    "dma200" : 455.28,
    "volume" : 1041291.00
  }, {
    "date" : "2025-08-06",
    "price" : 419.95,
    "dma50" : 441.58,
    "dma100" : 445.97,
    "dma200" : 454.93,
    "volume" : 1479045.00
  }, {
    "date" : "2025-08-07",
    "price" : 424.65,
    "dma50" : 440.91,
    "dma100" : 445.94,
    "dma200" : 454.63,
    "volume" : 1677267.00
  }, {
    "date" : "2025-08-08",
    "price" : 420.70,
    "dma50" : 440.12,
    "dma100" : 445.85,
    "dma200" : 454.29,
    "volume" : 1259017.00
  }, {
    "date" : "2025-08-11",
    "price" : 417.40,
    "dma50" : 439.23,
    "dma100" : 445.67,
    "dma200" : 453.92,
    "volume" : 1913130.00
  }, {
    "date" : "2025-08-12",
    "price" : 423.45,
    "dma50" : 438.61,
    "dma100" : 445.54,
    "dma200" : 453.62,
    "volume" : 1631911.00
  }, {
    "date" : "2025-08-13",
    "price" : 430.20,
    "dma50" : 438.28,
    "dma100" : 445.30,
    "dma200" : 453.39,
    "volume" : 2214447.00
  }, {
    "date" : "2025-08-14",
    "price" : 426.65,
    "dma50" : 437.82,
    "dma100" : 445.00,
    "dma200" : 453.12,
    "volume" : 1643781.00
  }, {
    "date" : "2025-08-18",
    "price" : 427.10,
    "dma50" : 437.40,
    "dma100" : 444.81,
    "dma200" : 452.86,
    "volume" : 1573649.00
  }, {
    "date" : "2025-08-19",
    "price" : 428.65,
    "dma50" : 437.06,
    "dma100" : 444.56,
    "dma200" : 452.62,
    "volume" : 3328596.00
  }, {
    "date" : "2025-08-20",
    "price" : 430.00,
    "dma50" : 436.78,
    "dma100" : 444.42,
    "dma200" : 452.40,
    "volume" : 2084273.00
  }, {
    "date" : "2025-08-21",
    "price" : 430.85,
    "dma50" : 436.55,
    "dma100" : 444.30,
    "dma200" : 452.18,
    "volume" : 1218618.00
  }, {
    "date" : "2025-08-22",
    "price" : 424.90,
    "dma50" : 436.09,
    "dma100" : 444.07,
    "dma200" : 451.91,
    "volume" : 872070.00
  }, {
    "date" : "2025-08-25",
    "price" : 434.70,
    "dma50" : 436.04,
    "dma100" : 443.80,
    "dma200" : 451.74,
    "volume" : 3079742.00
  }, {
    "date" : "2025-08-26",
    "price" : 430.15,
    "dma50" : 435.81,
    "dma100" : 443.56,
    "dma200" : 451.52,
    "volume" : 1299715.00
  }, {
    "date" : "2025-08-28",
    "price" : 421.70,
    "dma50" : 435.26,
    "dma100" : 443.17,
    "dma200" : 451.23,
    "volume" : 1199762.00
  }, {
    "date" : "2025-08-29",
    "price" : 419.25,
    "dma50" : 434.63,
    "dma100" : 442.77,
    "dma200" : 450.91,
    "volume" : 1397335.00
  }, {
    "date" : "2025-09-01",
    "price" : 435.90,
    "dma50" : 434.68,
    "dma100" : 442.86,
    "dma200" : 450.76,
    "volume" : 7884294.00
  }, {
    "date" : "2025-09-02",
    "price" : 440.90,
    "dma50" : 434.92,
    "dma100" : 443.21,
    "dma200" : 450.66,
    "volume" : 2913758.00
  }, {
    "date" : "2025-09-03",
    "price" : 444.60,
    "dma50" : 435.30,
    "dma100" : 443.53,
    "dma200" : 450.60,
    "volume" : 4876490.00
  }, {
    "date" : "2025-09-04",
    "price" : 437.55,
    "dma50" : 435.39,
    "dma100" : 443.90,
    "dma200" : 450.47,
    "volume" : 2413016.00
  }, {
    "date" : "2025-09-05",
    "price" : 440.10,
    "dma50" : 435.57,
    "dma100" : 444.19,
    "dma200" : 450.37,
    "volume" : 2226160.00
  }, {
    "date" : "2025-09-08",
    "price" : 435.60,
    "dma50" : 435.58,
    "dma100" : 444.21,
    "dma200" : 450.22,
    "volume" : 1876077.00
  }, {
    "date" : "2025-09-09",
    "price" : 433.45,
    "dma50" : 435.49,
    "dma100" : 444.16,
    "dma200" : 450.05,
    "volume" : 2510590.00
  }, {
    "date" : "2025-09-10",
    "price" : 432.85,
    "dma50" : 435.39,
    "dma100" : 444.09,
    "dma200" : 449.88,
    "volume" : 2234587.00
  }, {
    "date" : "2025-09-11",
    "price" : 446.25,
    "dma50" : 435.81,
    "dma100" : 444.03,
    "dma200" : 449.85,
    "volume" : 5418272.00
  }, {
    "date" : "2025-09-12",
    "price" : 462.95,
    "dma50" : 436.88,
    "dma100" : 444.20,
    "dma200" : 449.98,
    "volume" : 12344808.00
  }, {
    "date" : "2025-09-15",
    "price" : 460.15,
    "dma50" : 437.79,
    "dma100" : 444.32,
    "dma200" : 450.08,
    "volume" : 6523534.00
  }, {
    "date" : "2025-09-16",
    "price" : 462.25,
    "dma50" : 438.75,
    "dma100" : 444.34,
    "dma200" : 450.20,
    "volume" : 3539071.00
  }, {
    "date" : "2025-09-17",
    "price" : 459.45,
    "dma50" : 439.56,
    "dma100" : 444.49,
    "dma200" : 450.29,
    "volume" : 3912318.00
  }, {
    "date" : "2025-09-18",
    "price" : 454.85,
    "dma50" : 440.16,
    "dma100" : 444.51,
    "dma200" : 450.34,
    "volume" : 2331897.00
  }, {
    "date" : "2025-09-19",
    "price" : 453.05,
    "dma50" : 440.67,
    "dma100" : 444.59,
    "dma200" : 450.36,
    "volume" : 2404263.00
  }, {
    "date" : "2025-09-22",
    "price" : 459.25,
    "dma50" : 441.40,
    "dma100" : 444.79,
    "dma200" : 450.45,
    "volume" : 5880197.00
  }, {
    "date" : "2025-09-23",
    "price" : 461.50,
    "dma50" : 442.18,
    "dma100" : 445.12,
    "dma200" : 450.56,
    "volume" : 4213656.00
  }, {
    "date" : "2025-09-24",
    "price" : 452.90,
    "dma50" : 442.60,
    "dma100" : 445.36,
    "dma200" : 450.59,
    "volume" : 2869740.00
  }, {
    "date" : "2025-09-25",
    "price" : 466.75,
    "dma50" : 443.55,
    "dma100" : 445.90,
    "dma200" : 450.75,
    "volume" : 7719715.00
  }, {
    "date" : "2025-09-26",
    "price" : 449.10,
    "dma50" : 443.77,
    "dma100" : 446.16,
    "dma200" : 450.73,
    "volume" : 6773889.00
  }, {
    "date" : "2025-09-29",
    "price" : 466.15,
    "dma50" : 444.65,
    "dma100" : 446.73,
    "dma200" : 450.88,
    "volume" : 15204870.00
  }, {
    "date" : "2025-09-30",
    "price" : 482.45,
    "dma50" : 446.13,
    "dma100" : 447.47,
    "dma200" : 451.20,
    "volume" : 16195939.00
  }, {
    "date" : "2025-10-01",
    "price" : 481.35,
    "dma50" : 447.51,
    "dma100" : 447.93,
    "dma200" : 451.50,
    "volume" : 8037802.00
  }, {
    "date" : "2025-10-03",
    "price" : 491.50,
    "dma50" : 449.24,
    "dma100" : 448.56,
    "dma200" : 451.90,
    "volume" : 9446781.00
  }, {
    "date" : "2025-10-06",
    "price" : 491.50,
    "dma50" : 450.89,
    "dma100" : 449.08,
    "dma200" : 452.29,
    "volume" : 4594148.00
  }, {
    "date" : "2025-10-07",
    "price" : 489.90,
    "dma50" : 452.42,
    "dma100" : 449.58,
    "dma200" : 452.66,
    "volume" : 3885501.00
  }, {
    "date" : "2025-10-08",
    "price" : 490.50,
    "dma50" : 453.92,
    "dma100" : 450.06,
    "dma200" : 453.04,
    "volume" : 4298027.00
  }, {
    "date" : "2025-10-09",
    "price" : 512.25,
    "dma50" : 456.20,
    "dma100" : 450.70,
    "dma200" : 453.63,
    "volume" : 17216228.00
  }, {
    "date" : "2025-10-10",
    "price" : 498.30,
    "dma50" : 457.85,
    "dma100" : 451.33,
    "dma200" : 454.07,
    "volume" : 12677243.00
  }, {
    "date" : "2025-10-13",
    "price" : 505.55,
    "dma50" : 459.72,
    "dma100" : 451.96,
    "dma200" : 454.59,
    "volume" : 8769764.00
  }, {
    "date" : "2025-10-14",
    "price" : 505.65,
    "dma50" : 461.53,
    "dma100" : 452.60,
    "dma200" : 455.09,
    "volume" : 16178008.00
  }, {
    "date" : "2025-10-15",
    "price" : 513.20,
    "dma50" : 463.55,
    "dma100" : 453.26,
    "dma200" : 455.67,
    "volume" : 7115130.00
  }, {
    "date" : "2025-10-16",
    "price" : 506.70,
    "dma50" : 465.24,
    "dma100" : 453.82,
    "dma200" : 456.18,
    "volume" : 3442559.00
  }, {
    "date" : "2025-10-17",
    "price" : 500.25,
    "dma50" : 466.62,
    "dma100" : 454.30,
    "dma200" : 456.62,
    "volume" : 8497304.00
  }, {
    "date" : "2025-10-20",
    "price" : 486.40,
    "dma50" : 467.39,
    "dma100" : 454.64,
    "dma200" : 456.92,
    "volume" : 7681497.00
  }, {
    "date" : "2025-10-21",
    "price" : 483.85,
    "dma50" : 468.04,
    "dma100" : 454.83,
    "dma200" : 457.18,
    "volume" : 2134056.00
  }, {
    "date" : "2025-10-23",
    "price" : 482.15,
    "dma50" : 468.59,
    "dma100" : 455.07,
    "dma200" : 457.43,
    "volume" : 8345398.00
  }, {
    "date" : "2025-10-24",
    "price" : 486.70,
    "dma50" : 469.30,
    "dma100" : 455.41,
    "dma200" : 457.72,
    "volume" : 7448411.00
  }, {
    "date" : "2025-10-27",
    "price" : 482.30,
    "dma50" : 469.81,
    "dma100" : 455.54,
    "dma200" : 457.97,
    "volume" : 3882230.00
  }, {
    "date" : "2025-10-28",
    "price" : 471.20,
    "dma50" : 469.87,
    "dma100" : 455.57,
    "dma200" : 458.10,
    "volume" : 6057343.00
  }, {
    "date" : "2025-10-29",
    "price" : 483.60,
    "dma50" : 470.40,
    "dma100" : 455.49,
    "dma200" : 458.35,
    "volume" : 5160376.00
  }, {
    "date" : "2025-10-30",
    "price" : 477.60,
    "dma50" : 470.69,
    "dma100" : 455.25,
    "dma200" : 458.54,
    "volume" : 3139608.00
  }, {
    "date" : "2025-10-31",
    "price" : 476.50,
    "dma50" : 470.91,
    "dma100" : 454.76,
    "dma200" : 458.72,
    "volume" : 1982589.00
  }, {
    "date" : "2025-11-03",
    "price" : 480.65,
    "dma50" : 471.30,
    "dma100" : 454.23,
    "dma200" : 458.94,
    "volume" : 2064291.00
  }, {
    "date" : "2025-11-04",
    "price" : 473.35,
    "dma50" : 471.38,
    "dma100" : 453.76,
    "dma200" : 459.08,
    "volume" : 2307450.00
  }, {
    "date" : "2025-11-06",
    "price" : 467.20,
    "dma50" : 471.21,
    "dma100" : 453.26,
    "dma200" : 459.17,
    "volume" : 1942029.00
  }, {
    "date" : "2025-11-07",
    "price" : 474.50,
    "dma50" : 471.34,
    "dma100" : 452.86,
    "dma200" : 459.32,
    "volume" : 3207770.00
  }, {
    "date" : "2025-11-10",
    "price" : 484.60,
    "dma50" : 471.86,
    "dma100" : 452.58,
    "dma200" : 459.57,
    "volume" : 4384568.00
  }, {
    "date" : "2025-11-11",
    "price" : 487.50,
    "dma50" : 472.48,
    "dma100" : 452.59,
    "dma200" : 459.85,
    "volume" : 3594021.00
  }, {
    "date" : "2025-11-12",
    "price" : 481.90,
    "dma50" : 472.84,
    "dma100" : 452.88,
    "dma200" : 460.07,
    "volume" : 2062535.00
  }, {
    "date" : "2025-11-13",
    "price" : 495.20,
    "dma50" : 473.72,
    "dma100" : 453.46,
    "dma200" : 460.42,
    "volume" : 13665888.00
  }, {
    "date" : "2025-11-14",
    "price" : 487.05,
    "dma50" : 474.24,
    "dma100" : 453.94,
    "dma200" : 460.68,
    "volume" : 3260597.00
  }, {
    "date" : "2025-11-17",
    "price" : 483.90,
    "dma50" : 474.62,
    "dma100" : 454.37,
    "dma200" : 460.91,
    "volume" : 2289446.00
  }, {
    "date" : "2025-11-18",
    "price" : 475.95,
    "dma50" : 474.67,
    "dma100" : 454.70,
    "dma200" : 461.06,
    "volume" : 6350553.00
  }, {
    "date" : "2025-11-19",
    "price" : 476.55,
    "dma50" : 474.75,
    "dma100" : 455.05,
    "dma200" : 461.22,
    "volume" : 2826645.00
  }, {
    "date" : "2025-11-20",
    "price" : 472.15,
    "dma50" : 474.65,
    "dma100" : 455.28,
    "dma200" : 461.32,
    "volume" : 1500459.00
  }, {
    "date" : "2025-11-21",
    "price" : 458.30,
    "dma50" : 474.01,
    "dma100" : 455.35,
    "dma200" : 461.29,
    "volume" : 2614464.00
  }, {
    "date" : "2025-11-24",
    "price" : 454.00,
    "dma50" : 473.22,
    "dma100" : 455.38,
    "dma200" : 461.22,
    "volume" : 1784657.00
  }, {
    "date" : "2025-11-25",
    "price" : 462.60,
    "dma50" : 472.80,
    "dma100" : 455.51,
    "dma200" : 461.24,
    "volume" : 2288168.00
  }, {
    "date" : "2025-11-26",
    "price" : 470.25,
    "dma50" : 472.70,
    "dma100" : 455.74,
    "dma200" : 461.33,
    "volume" : 2319033.00
  }, {
    "date" : "2025-11-27",
    "price" : 474.55,
    "dma50" : 472.78,
    "dma100" : 456.03,
    "dma200" : 461.46,
    "volume" : 2904594.00
  }, {
    "date" : "2025-11-28",
    "price" : 485.20,
    "dma50" : 473.26,
    "dma100" : 456.43,
    "dma200" : 461.69,
    "volume" : 6159037.00
  }, {
    "date" : "2025-12-01",
    "price" : 499.85,
    "dma50" : 474.31,
    "dma100" : 457.05,
    "dma200" : 462.07,
    "volume" : 13731944.00
  }, {
    "date" : "2025-12-02",
    "price" : 495.65,
    "dma50" : 475.14,
    "dma100" : 457.65,
    "dma200" : 462.41,
    "volume" : 4351707.00
  }, {
    "date" : "2025-12-03",
    "price" : 504.40,
    "dma50" : 476.29,
    "dma100" : 458.44,
    "dma200" : 462.82,
    "volume" : 11687850.00
  }, {
    "date" : "2025-12-04",
    "price" : 496.75,
    "dma50" : 477.09,
    "dma100" : 459.18,
    "dma200" : 463.16,
    "volume" : 5673660.00
  }, {
    "date" : "2025-12-05",
    "price" : 498.10,
    "dma50" : 477.92,
    "dma100" : 459.91,
    "dma200" : 463.51,
    "volume" : 3158219.00
  }, {
    "date" : "2025-12-08",
    "price" : 490.45,
    "dma50" : 478.41,
    "dma100" : 460.45,
    "dma200" : 463.78,
    "volume" : 3073110.00
  }, {
    "date" : "2025-12-09",
    "price" : 491.45,
    "dma50" : 478.92,
    "dma100" : 460.99,
    "dma200" : 464.05,
    "volume" : 2954028.00
  }, {
    "date" : "2025-12-10",
    "price" : 512.65,
    "dma50" : 480.24,
    "dma100" : 461.77,
    "dma200" : 464.54,
    "volume" : 21898766.00
  }, {
    "date" : "2025-12-11",
    "price" : 522.65,
    "dma50" : 481.91,
    "dma100" : 462.62,
    "dma200" : 465.12,
    "volume" : 21935476.00
  }, {
    "date" : "2025-12-12",
    "price" : 561.65,
    "dma50" : 485.03,
    "dma100" : 463.88,
    "dma200" : 466.08,
    "volume" : 41627918.00
  }, {
    "date" : "2025-12-15",
    "price" : 568.05,
    "dma50" : 488.29,
    "dma100" : 465.12,
    "dma200" : 467.09,
    "volume" : 24503996.00
  }, {
    "date" : "2025-12-16",
    "price" : 567.70,
    "dma50" : 491.40,
    "dma100" : 466.36,
    "dma200" : 468.09,
    "volume" : 9987657.00
  }, {
    "date" : "2025-12-17",
    "price" : 578.30,
    "dma50" : 494.81,
    "dma100" : 467.68,
    "dma200" : 469.19,
    "volume" : 19863787.00
  }, {
    "date" : "2025-12-18",
    "price" : 592.15,
    "dma50" : 498.63,
    "dma100" : 469.14,
    "dma200" : 470.41,
    "volume" : 16198057.00
  }, {
    "date" : "2025-12-19",
    "price" : 588.75,
    "dma50" : 502.16,
    "dma100" : 470.63,
    "dma200" : 471.59,
    "volume" : 10160243.00
  }, {
    "date" : "2025-12-22",
    "price" : 606.50,
    "dma50" : 506.25,
    "dma100" : 472.38,
    "dma200" : 472.93,
    "volume" : 13158891.00
  }, {
    "date" : "2025-12-23",
    "price" : 609.80,
    "dma50" : 510.31,
    "dma100" : 474.10,
    "dma200" : 474.29,
    "volume" : 9717936.00
  }, {
    "date" : "2025-12-24",
    "price" : 624.85,
    "dma50" : 514.81,
    "dma100" : 476.03,
    "dma200" : 475.79,
    "volume" : 15004825.00
  }, {
    "date" : "2025-12-26",
    "price" : 636.85,
    "dma50" : 519.59,
    "dma100" : 478.15,
    "dma200" : 477.39,
    "volume" : 14475861.00
  }, {
    "date" : "2025-12-29",
    "price" : 618.55,
    "dma50" : 523.47,
    "dma100" : 480.19,
    "dma200" : 478.80,
    "volume" : 29231556.00
  }, {
    "date" : "2025-12-30",
    "price" : 625.30,
    "dma50" : 527.47,
    "dma100" : 482.22,
    "dma200" : 480.26,
    "volume" : 12276681.00
  }, {
    "date" : "2025-12-31",
    "price" : 612.45,
    "dma50" : 530.80,
    "dma100" : 484.14,
    "dma200" : 481.57,
    "volume" : 10030523.00
  }, {
    "date" : "2026-01-01",
    "price" : 611.95,
    "dma50" : 533.98,
    "dma100" : 486.06,
    "dma200" : 482.87,
    "volume" : 4937720.00
  }, {
    "date" : "2026-01-02",
    "price" : 628.80,
    "dma50" : 537.70,
    "dma100" : 488.10,
    "dma200" : 484.32,
    "volume" : 6624287.00
  }, {
    "date" : "2026-01-05",
    "price" : 628.60,
    "dma50" : 541.26,
    "dma100" : 490.18,
    "dma200" : 485.76,
    "volume" : 6767946.00
  }, {
    "date" : "2026-01-06",
    "price" : 643.10,
    "dma50" : 545.26,
    "dma100" : 492.43,
    "dma200" : 487.32,
    "volume" : 10862755.00
  }, {
    "date" : "2026-01-07",
    "price" : 630.00,
    "dma50" : 548.58,
    "dma100" : 494.50,
    "dma200" : 488.74,
    "volume" : 8643277.00
  }, {
    "date" : "2026-01-08",
    "price" : 590.75,
    "dma50" : 550.23,
    "dma100" : 496.10,
    "dma200" : 489.76,
    "volume" : 21874123.00
  }, {
    "date" : "2026-01-09",
    "price" : 606.45,
    "dma50" : 552.44,
    "dma100" : 497.90,
    "dma200" : 490.92,
    "volume" : 11427876.00
  }, {
    "date" : "2026-01-12",
    "price" : 628.25,
    "dma50" : 555.41,
    "dma100" : 499.91,
    "dma200" : 492.28,
    "volume" : 14746234.00
  }, {
    "date" : "2026-01-13",
    "price" : 629.85,
    "dma50" : 558.33,
    "dma100" : 501.93,
    "dma200" : 493.65,
    "volume" : 8249430.00
  }, {
    "date" : "2026-01-14",
    "price" : 654.20,
    "dma50" : 562.09,
    "dma100" : 504.17,
    "dma200" : 495.25,
    "volume" : 29466013.00
  }, {
    "date" : "2026-01-16",
    "price" : 637.75,
    "dma50" : 565.06,
    "dma100" : 506.24,
    "dma200" : 496.67,
    "volume" : 12287570.00
  }, {
    "date" : "2026-01-19",
    "price" : 660.40,
    "dma50" : 568.80,
    "dma100" : 508.59,
    "dma200" : 498.30,
    "volume" : 17470466.00
  }, {
    "date" : "2026-01-20",
    "price" : 680.75,
    "dma50" : 573.19,
    "dma100" : 511.05,
    "dma200" : 500.11,
    "volume" : 49944059.00
  }, {
    "date" : "2026-01-21",
    "price" : 697.55,
    "dma50" : 578.06,
    "dma100" : 513.73,
    "dma200" : 502.08,
    "volume" : 30962568.00
  }, {
    "date" : "2026-01-22",
    "price" : 668.25,
    "dma50" : 581.60,
    "dma100" : 516.19,
    "dma200" : 503.73,
    "volume" : 29752893.00
  } ],
  "latestTechnicalAttributes" : {
    "date" : "2026-01-22",
    "price" : 668.25,
    "dma50" : 581.60,
    "dma100" : 516.19,
    "dma200" : 503.73,
    "volume" : 29752893.00
  },
  "quarterlyResults" : [ {
    "date" : "2005-03-31",
    "sales" : 733.00,
    "salesGrowthYoY" : null,
    "grossProfitMargin" : 96.32,
    "grossProfit" : 706.03,
    "operatingProfitMargin" : 47.89,
    "operatingProfit" : 351.03,
    "netProfitMargin" : 31.24,
    "netProfit" : 228.99
  }, {
    "date" : "2005-06-30",
    "sales" : 527.00,
    "salesGrowthYoY" : null,
    "grossProfitMargin" : 115.94,
    "grossProfit" : 611.00,
    "operatingProfitMargin" : 42.88,
    "operatingProfit" : 225.98,
    "netProfitMargin" : 28.08,
    "netProfit" : 147.98
  }, {
    "date" : "2005-09-30",
    "sales" : 662.00,
    "salesGrowthYoY" : null,
    "grossProfitMargin" : 94.56,
    "grossProfit" : 625.99,
    "operatingProfitMargin" : 44.86,
    "operatingProfit" : 296.97,
    "netProfitMargin" : 29.61,
    "netProfit" : 196.02
  }, {
    "date" : "2005-12-31",
    "sales" : 914.00,
    "salesGrowthYoY" : null,
    "grossProfitMargin" : 105.25,
    "grossProfit" : 961.99,
    "operatingProfitMargin" : 57.11,
    "operatingProfit" : 521.99,
    "netProfitMargin" : 36.00,
    "netProfit" : 329.04
  }, {
    "date" : "2006-03-31",
    "sales" : 1776.00,
    "salesGrowthYoY" : 142.29,
    "grossProfitMargin" : 97.18,
    "grossProfit" : 1725.92,
    "operatingProfitMargin" : 70.89,
    "operatingProfit" : 1259.01,
    "netProfitMargin" : 45.16,
    "netProfit" : 802.04
  }, {
    "date" : "2006-06-30",
    "sales" : 1612.00,
    "salesGrowthYoY" : 205.88,
    "grossProfitMargin" : 111.48,
    "grossProfit" : 1797.06,
    "operatingProfitMargin" : 77.17,
    "operatingProfit" : 1243.98,
    "netProfitMargin" : 54.22,
    "netProfit" : 874.03
  }, {
    "date" : "2006-09-30",
    "sales" : 2446.00,
    "salesGrowthYoY" : 269.49,
    "grossProfitMargin" : 96.28,
    "grossProfit" : 2355.01,
    "operatingProfitMargin" : 75.88,
    "operatingProfit" : 1856.02,
    "netProfitMargin" : 53.07,
    "netProfit" : 1298.09
  }, {
    "date" : "2006-12-31",
    "sales" : 2482.00,
    "salesGrowthYoY" : 171.55,
    "grossProfitMargin" : 100.20,
    "grossProfit" : 2486.96,
    "operatingProfitMargin" : 76.83,
    "operatingProfit" : 1906.92,
    "netProfitMargin" : 53.79,
    "netProfit" : 1335.07
  }, {
    "date" : "2007-03-31",
    "sales" : 2021.00,
    "salesGrowthYoY" : 13.80,
    "grossProfitMargin" : 97.92,
    "grossProfit" : 1978.96,
    "operatingProfitMargin" : 69.27,
    "operatingProfit" : 1399.95,
    "netProfitMargin" : 46.26,
    "netProfit" : 934.91
  }, {
    "date" : "2007-06-30",
    "sales" : 1969.92,
    "salesGrowthYoY" : 22.20,
    "grossProfitMargin" : 102.37,
    "grossProfit" : 2016.61,
    "operatingProfitMargin" : 72.91,
    "operatingProfit" : 1436.27,
    "netProfitMargin" : 61.49,
    "netProfit" : 1211.30
  }, {
    "date" : "2007-09-30",
    "sales" : 1984.28,
    "salesGrowthYoY" : -18.88,
    "grossProfitMargin" : 99.81,
    "grossProfit" : 1980.51,
    "operatingProfitMargin" : 71.48,
    "operatingProfit" : 1418.36,
    "netProfitMargin" : 58.89,
    "netProfit" : 1168.54
  }, {
    "date" : "2007-12-31",
    "sales" : 1657.69,
    "salesGrowthYoY" : -33.21,
    "grossProfitMargin" : 99.22,
    "grossProfit" : 1644.76,
    "operatingProfitMargin" : 63.04,
    "operatingProfit" : 1045.01,
    "netProfitMargin" : 50.32,
    "netProfit" : 834.15
  }, {
    "date" : "2008-03-31",
    "sales" : 2287.02,
    "salesGrowthYoY" : 13.16,
    "grossProfitMargin" : 96.11,
    "grossProfit" : 2198.05,
    "operatingProfitMargin" : 65.65,
    "operatingProfit" : 1501.43,
    "netProfitMargin" : 51.69,
    "netProfit" : 1182.16
  }, {
    "date" : "2008-06-30",
    "sales" : 1674.79,
    "salesGrowthYoY" : -14.98,
    "grossProfitMargin" : 101.89,
    "grossProfit" : 1706.44,
    "operatingProfitMargin" : 60.24,
    "operatingProfit" : 1008.89,
    "netProfitMargin" : 50.62,
    "netProfit" : 847.78
  }, {
    "date" : "2008-09-30",
    "sales" : 1790.46,
    "salesGrowthYoY" : -9.77,
    "grossProfitMargin" : 99.41,
    "grossProfit" : 1779.90,
    "operatingProfitMargin" : 54.85,
    "operatingProfit" : 982.07,
    "netProfitMargin" : 53.59,
    "netProfit" : 959.51
  }, {
    "date" : "2008-12-31",
    "sales" : 1069.20,
    "salesGrowthYoY" : -35.50,
    "grossProfitMargin" : 102.52,
    "grossProfit" : 1096.14,
    "operatingProfitMargin" : 28.53,
    "operatingProfit" : 305.04,
    "netProfitMargin" : 34.49,
    "netProfit" : 368.77
  }, {
    "date" : "2009-03-31",
    "sales" : 1288.93,
    "salesGrowthYoY" : -43.64,
    "grossProfitMargin" : 82.49,
    "grossProfit" : 1063.24,
    "operatingProfitMargin" : 45.10,
    "operatingProfit" : 581.31,
    "netProfitMargin" : 42.79,
    "netProfit" : 551.53
  }, {
    "date" : "2009-06-30",
    "sales" : 1526.57,
    "salesGrowthYoY" : -8.85,
    "grossProfitMargin" : 96.27,
    "grossProfit" : 1469.63,
    "operatingProfitMargin" : 51.24,
    "operatingProfit" : 782.21,
    "netProfitMargin" : 47.09,
    "netProfit" : 718.86
  }, {
    "date" : "2009-09-30",
    "sales" : 1818.32,
    "salesGrowthYoY" : 1.56,
    "grossProfitMargin" : 91.14,
    "grossProfit" : 1657.22,
    "operatingProfitMargin" : 59.15,
    "operatingProfit" : 1075.54,
    "netProfitMargin" : 51.42,
    "netProfit" : 934.98
  }, {
    "date" : "2009-12-31",
    "sales" : 2247.95,
    "salesGrowthYoY" : 110.25,
    "grossProfitMargin" : 92.95,
    "grossProfit" : 2089.47,
    "operatingProfitMargin" : 61.66,
    "operatingProfit" : 1386.09,
    "netProfitMargin" : 51.10,
    "netProfit" : 1148.70
  }, {
    "date" : "2010-03-31",
    "sales" : 2545.16,
    "salesGrowthYoY" : 97.46,
    "grossProfitMargin" : 90.82,
    "grossProfit" : 2311.51,
    "operatingProfitMargin" : 60.83,
    "operatingProfit" : 1548.22,
    "netProfitMargin" : 48.68,
    "netProfit" : 1238.98
  }, {
    "date" : "2010-06-30",
    "sales" : 1970.22,
    "salesGrowthYoY" : 29.06,
    "grossProfitMargin" : 90.72,
    "grossProfit" : 1787.38,
    "operatingProfitMargin" : 51.86,
    "operatingProfit" : 1021.76,
    "netProfitMargin" : 45.22,
    "netProfit" : 890.93
  }, {
    "date" : "2010-09-30",
    "sales" : 2201.61,
    "salesGrowthYoY" : 21.08,
    "grossProfitMargin" : 87.25,
    "grossProfit" : 1920.90,
    "operatingProfitMargin" : 51.11,
    "operatingProfit" : 1125.24,
    "netProfitMargin" : 43.87,
    "netProfit" : 965.85
  }, {
    "date" : "2010-12-31",
    "sales" : 2630.16,
    "salesGrowthYoY" : 17.00,
    "grossProfitMargin" : 90.45,
    "grossProfit" : 2378.98,
    "operatingProfitMargin" : 57.31,
    "operatingProfit" : 1507.34,
    "netProfitMargin" : 49.03,
    "netProfit" : 1289.57
  }, {
    "date" : "2011-03-31",
    "sales" : 3237.33,
    "salesGrowthYoY" : 27.20,
    "grossProfitMargin" : 90.19,
    "grossProfit" : 2919.75,
    "operatingProfitMargin" : 60.64,
    "operatingProfit" : 1963.12,
    "netProfitMargin" : 54.71,
    "netProfit" : 1771.14
  }, {
    "date" : "2011-06-30",
    "sales" : 2847.05,
    "salesGrowthYoY" : 44.50,
    "grossProfitMargin" : 84.97,
    "grossProfit" : 2419.14,
    "operatingProfitMargin" : 55.78,
    "operatingProfit" : 1588.08,
    "netProfitMargin" : 52.64,
    "netProfit" : 1498.69
  }, {
    "date" : "2011-09-30",
    "sales" : 2636.84,
    "salesGrowthYoY" : 19.77,
    "grossProfitMargin" : 90.39,
    "grossProfit" : 2383.44,
    "operatingProfitMargin" : 54.64,
    "operatingProfit" : 1440.77,
    "netProfitMargin" : 51.72,
    "netProfit" : 1363.77
  }, {
    "date" : "2011-12-31",
    "sales" : 2786.42,
    "salesGrowthYoY" : 5.94,
    "grossProfitMargin" : 84.32,
    "grossProfit" : 2349.51,
    "operatingProfitMargin" : 49.58,
    "operatingProfit" : 1381.51,
    "netProfitMargin" : 45.89,
    "netProfit" : 1278.69
  }, {
    "date" : "2012-03-31",
    "sales" : 3135.00,
    "salesGrowthYoY" : -3.16,
    "grossProfitMargin" : 86.55,
    "grossProfit" : 2713.34,
    "operatingProfitMargin" : 52.92,
    "operatingProfit" : 1659.04,
    "netProfitMargin" : 45.27,
    "netProfit" : 1419.21
  }, {
    "date" : "2012-06-30",
    "sales" : 2747.71,
    "salesGrowthYoY" : -3.49,
    "grossProfitMargin" : 87.87,
    "grossProfit" : 2414.41,
    "operatingProfitMargin" : 51.65,
    "operatingProfit" : 1419.19,
    "netProfitMargin" : 57.55,
    "netProfit" : 1581.31
  }, {
    "date" : "2012-09-30",
    "sales" : 2865.46,
    "salesGrowthYoY" : 8.67,
    "grossProfitMargin" : 87.16,
    "grossProfit" : 2497.53,
    "operatingProfitMargin" : 51.28,
    "operatingProfit" : 1469.41,
    "netProfitMargin" : 53.74,
    "netProfit" : 1539.90
  }, {
    "date" : "2012-12-31",
    "sales" : 3178.02,
    "salesGrowthYoY" : 14.05,
    "grossProfitMargin" : 83.89,
    "grossProfit" : 2666.04,
    "operatingProfitMargin" : 47.15,
    "operatingProfit" : 1498.44,
    "netProfitMargin" : 50.74,
    "netProfit" : 1612.53
  }, {
    "date" : "2013-03-31",
    "sales" : 3908.65,
    "salesGrowthYoY" : 24.68,
    "grossProfitMargin" : 86.95,
    "grossProfit" : 3398.57,
    "operatingProfitMargin" : 54.30,
    "operatingProfit" : 2122.40,
    "netProfitMargin" : 55.82,
    "netProfit" : 2181.81
  }, {
    "date" : "2013-06-30",
    "sales" : 2984.16,
    "salesGrowthYoY" : 8.61,
    "grossProfitMargin" : 93.25,
    "grossProfit" : 2782.73,
    "operatingProfitMargin" : 50.22,
    "operatingProfit" : 1498.65,
    "netProfitMargin" : 55.66,
    "netProfit" : 1660.98
  }, {
    "date" : "2013-09-30",
    "sales" : 3559.13,
    "salesGrowthYoY" : 24.21,
    "grossProfitMargin" : 88.46,
    "grossProfit" : 3148.41,
    "operatingProfitMargin" : 52.92,
    "operatingProfit" : 1883.49,
    "netProfitMargin" : 47.57,
    "netProfit" : 1693.08
  }, {
    "date" : "2013-12-31",
    "sales" : 3450.07,
    "salesGrowthYoY" : 8.56,
    "grossProfitMargin" : 89.95,
    "grossProfit" : 3103.34,
    "operatingProfitMargin" : 52.86,
    "operatingProfit" : 1823.71,
    "netProfitMargin" : 49.93,
    "netProfit" : 1722.62
  }, {
    "date" : "2014-03-31",
    "sales" : 3642.68,
    "salesGrowthYoY" : -6.80,
    "grossProfitMargin" : 85.11,
    "grossProfit" : 3100.28,
    "operatingProfitMargin" : 48.18,
    "operatingProfit" : 1755.04,
    "netProfitMargin" : 51.64,
    "netProfit" : 1881.08
  }, {
    "date" : "2014-06-30",
    "sales" : 3007.19,
    "salesGrowthYoY" : 0.77,
    "grossProfitMargin" : 83.28,
    "grossProfit" : 2504.39,
    "operatingProfitMargin" : 44.97,
    "operatingProfit" : 1352.33,
    "netProfitMargin" : 53.79,
    "netProfit" : 1617.57
  }, {
    "date" : "2014-09-30",
    "sales" : 3802.38,
    "salesGrowthYoY" : 6.83,
    "grossProfitMargin" : 89.84,
    "grossProfit" : 3416.06,
    "operatingProfitMargin" : 52.59,
    "operatingProfit" : 1999.67,
    "netProfitMargin" : 57.49,
    "netProfit" : 2185.99
  }, {
    "date" : "2014-12-31",
    "sales" : 3853.14,
    "salesGrowthYoY" : 11.68,
    "grossProfitMargin" : 92.90,
    "grossProfit" : 3579.57,
    "operatingProfitMargin" : 54.22,
    "operatingProfit" : 2089.17,
    "netProfitMargin" : 61.75,
    "netProfit" : 2379.31
  }, {
    "date" : "2015-03-31",
    "sales" : 4125.68,
    "salesGrowthYoY" : 13.26,
    "grossProfitMargin" : 90.76,
    "grossProfit" : 3744.47,
    "operatingProfitMargin" : 48.61,
    "operatingProfit" : 2005.49,
    "netProfitMargin" : 48.93,
    "netProfit" : 2018.70
  }, {
    "date" : "2015-06-30",
    "sales" : 3630.17,
    "salesGrowthYoY" : 20.72,
    "grossProfitMargin" : 91.50,
    "grossProfit" : 3321.61,
    "operatingProfitMargin" : 45.93,
    "operatingProfit" : 1667.34,
    "netProfitMargin" : 53.63,
    "netProfit" : 1946.86
  }, {
    "date" : "2015-09-30",
    "sales" : 4033.30,
    "salesGrowthYoY" : 6.07,
    "grossProfitMargin" : 88.58,
    "grossProfit" : 3572.70,
    "operatingProfitMargin" : 54.39,
    "operatingProfit" : 2193.71,
    "netProfitMargin" : 56.18,
    "netProfit" : 2265.91
  }, {
    "date" : "2015-12-31",
    "sales" : 3430.58,
    "salesGrowthYoY" : -10.97,
    "grossProfitMargin" : 85.36,
    "grossProfit" : 2928.34,
    "operatingProfitMargin" : 43.09,
    "operatingProfit" : 1478.24,
    "netProfitMargin" : 53.62,
    "netProfit" : 1839.48
  }, {
    "date" : "2016-03-31",
    "sales" : 3453.59,
    "salesGrowthYoY" : -16.29,
    "grossProfitMargin" : 89.37,
    "grossProfit" : 3086.47,
    "operatingProfitMargin" : 38.04,
    "operatingProfit" : 1313.75,
    "netProfitMargin" : 62.19,
    "netProfit" : 2147.79
  }, {
    "date" : "2016-06-30",
    "sales" : 2804.00,
    "salesGrowthYoY" : -22.76,
    "grossProfitMargin" : 87.84,
    "grossProfit" : 2463.03,
    "operatingProfitMargin" : 40.34,
    "operatingProfit" : 1131.13,
    "netProfitMargin" : 36.98,
    "netProfit" : 1036.92
  }, {
    "date" : "2016-09-30",
    "sales" : 3500.00,
    "salesGrowthYoY" : -13.22,
    "grossProfitMargin" : 98.03,
    "grossProfit" : 3431.05,
    "operatingProfitMargin" : 59.34,
    "operatingProfit" : 2076.90,
    "netProfitMargin" : 54.34,
    "netProfit" : 1901.90
  }, {
    "date" : "2016-12-31",
    "sales" : 4987.00,
    "salesGrowthYoY" : 45.37,
    "grossProfitMargin" : 97.13,
    "grossProfit" : 4843.87,
    "operatingProfitMargin" : 55.91,
    "operatingProfit" : 2788.23,
    "netProfitMargin" : 46.52,
    "netProfit" : 2319.95
  }, {
    "date" : "2017-03-31",
    "sales" : 6255.00,
    "salesGrowthYoY" : 81.12,
    "grossProfitMargin" : 96.91,
    "grossProfit" : 6061.72,
    "operatingProfitMargin" : 59.84,
    "operatingProfit" : 3742.99,
    "netProfitMargin" : 48.87,
    "netProfit" : 3056.82
  }, {
    "date" : "2017-06-30",
    "sales" : 4576.00,
    "salesGrowthYoY" : 63.20,
    "grossProfitMargin" : 88.81,
    "grossProfit" : 4063.95,
    "operatingProfitMargin" : 52.10,
    "operatingProfit" : 2384.10,
    "netProfitMargin" : 41.28,
    "netProfit" : 1888.97
  }, {
    "date" : "2017-09-30",
    "sales" : 5309.00,
    "salesGrowthYoY" : 51.69,
    "grossProfitMargin" : 90.22,
    "grossProfit" : 4789.78,
    "operatingProfitMargin" : 56.96,
    "operatingProfit" : 3024.01,
    "netProfitMargin" : 44.48,
    "netProfit" : 2361.44
  }, {
    "date" : "2017-12-31",
    "sales" : 5922.00,
    "salesGrowthYoY" : 18.75,
    "grossProfitMargin" : 88.86,
    "grossProfit" : 5262.29,
    "operatingProfitMargin" : 54.78,
    "operatingProfit" : 3244.07,
    "netProfitMargin" : 38.80,
    "netProfit" : 2297.74
  }, {
    "date" : "2018-03-31",
    "sales" : 6277.00,
    "salesGrowthYoY" : 0.35,
    "grossProfitMargin" : 92.67,
    "grossProfit" : 5816.90,
    "operatingProfitMargin" : 57.67,
    "operatingProfit" : 3619.95,
    "netProfitMargin" : 40.48,
    "netProfit" : 2540.93
  }, {
    "date" : "2018-06-30",
    "sales" : 5310.00,
    "salesGrowthYoY" : 16.04,
    "grossProfitMargin" : 90.94,
    "grossProfit" : 4828.91,
    "operatingProfitMargin" : 51.09,
    "operatingProfit" : 2712.88,
    "netProfitMargin" : 36.12,
    "netProfit" : 1917.97
  }, {
    "date" : "2018-09-30",
    "sales" : 4777.00,
    "salesGrowthYoY" : -10.02,
    "grossProfitMargin" : 93.03,
    "grossProfit" : 4444.04,
    "operatingProfitMargin" : 48.78,
    "operatingProfit" : 2330.22,
    "netProfitMargin" : 37.99,
    "netProfit" : 1814.78
  }, {
    "date" : "2018-12-31",
    "sales" : 5540.00,
    "salesGrowthYoY" : -6.45,
    "grossProfitMargin" : 91.55,
    "grossProfit" : 5071.87,
    "operatingProfitMargin" : 51.23,
    "operatingProfit" : 2838.14,
    "netProfitMargin" : 39.91,
    "netProfit" : 2211.01
  }, {
    "date" : "2019-03-31",
    "sales" : 5491.00,
    "salesGrowthYoY" : -12.52,
    "grossProfitMargin" : 92.50,
    "grossProfit" : 5079.18,
    "operatingProfitMargin" : 50.79,
    "operatingProfit" : 2788.88,
    "netProfitMargin" : 36.64,
    "netProfit" : 2011.90
  }, {
    "date" : "2019-06-30",
    "sales" : 4987.00,
    "salesGrowthYoY" : -6.08,
    "grossProfitMargin" : 91.20,
    "grossProfit" : 4548.14,
    "operatingProfitMargin" : 49.67,
    "operatingProfit" : 2477.04,
    "netProfitMargin" : 35.39,
    "netProfit" : 1764.90
  }, {
    "date" : "2019-09-30",
    "sales" : 4511.00,
    "salesGrowthYoY" : -5.57,
    "grossProfitMargin" : 91.15,
    "grossProfit" : 4111.78,
    "operatingProfitMargin" : 46.93,
    "operatingProfit" : 2117.01,
    "netProfitMargin" : 46.13,
    "netProfit" : 2080.92
  }, {
    "date" : "2019-12-31",
    "sales" : 4672.00,
    "salesGrowthYoY" : -15.67,
    "grossProfitMargin" : 95.01,
    "grossProfit" : 4438.87,
    "operatingProfitMargin" : 48.99,
    "operatingProfit" : 2288.81,
    "netProfitMargin" : 34.67,
    "netProfit" : 1619.78
  }, {
    "date" : "2020-03-31",
    "sales" : 4391.00,
    "salesGrowthYoY" : -20.03,
    "grossProfitMargin" : 92.21,
    "grossProfit" : 4048.94,
    "operatingProfitMargin" : 44.73,
    "operatingProfit" : 1964.09,
    "netProfitMargin" : 30.49,
    "netProfit" : 1338.82
  }, {
    "date" : "2020-06-30",
    "sales" : 3989.00,
    "salesGrowthYoY" : -20.01,
    "grossProfitMargin" : 86.09,
    "grossProfit" : 3434.13,
    "operatingProfitMargin" : 39.51,
    "operatingProfit" : 1576.05,
    "netProfitMargin" : 34.07,
    "netProfit" : 1359.05
  }, {
    "date" : "2020-09-30",
    "sales" : 5660.00,
    "salesGrowthYoY" : 25.47,
    "grossProfitMargin" : 89.81,
    "grossProfit" : 5083.25,
    "operatingProfitMargin" : 52.16,
    "operatingProfit" : 2952.26,
    "netProfitMargin" : 34.28,
    "netProfit" : 1940.25
  }, {
    "date" : "2020-12-31",
    "sales" : 6033.00,
    "salesGrowthYoY" : 29.13,
    "grossProfitMargin" : 92.29,
    "grossProfit" : 5567.86,
    "operatingProfitMargin" : 54.19,
    "operatingProfit" : 3269.28,
    "netProfitMargin" : 36.47,
    "netProfit" : 2200.24
  }, {
    "date" : "2021-03-31",
    "sales" : 6947.00,
    "salesGrowthYoY" : 58.21,
    "grossProfitMargin" : 94.62,
    "grossProfit" : 6573.25,
    "operatingProfitMargin" : 55.78,
    "operatingProfit" : 3875.04,
    "netProfitMargin" : 35.71,
    "netProfit" : 2480.77
  }, {
    "date" : "2021-06-30",
    "sales" : 6531.00,
    "salesGrowthYoY" : 63.73,
    "grossProfitMargin" : 90.14,
    "grossProfit" : 5887.04,
    "operatingProfitMargin" : 54.48,
    "operatingProfit" : 3558.09,
    "netProfitMargin" : 31.71,
    "netProfit" : 2070.98
  }, {
    "date" : "2021-09-30",
    "sales" : 6122.00,
    "salesGrowthYoY" : 8.16,
    "grossProfitMargin" : 96.57,
    "grossProfit" : 5912.02,
    "operatingProfitMargin" : 54.48,
    "operatingProfit" : 3335.27,
    "netProfitMargin" : 32.95,
    "netProfit" : 2017.20
  }, {
    "date" : "2021-12-31",
    "sales" : 7990.00,
    "salesGrowthYoY" : 32.44,
    "grossProfitMargin" : 90.24,
    "grossProfit" : 7210.18,
    "operatingProfitMargin" : 54.69,
    "operatingProfit" : 4369.73,
    "netProfitMargin" : 33.80,
    "netProfit" : 2700.62
  }, {
    "date" : "2022-03-31",
    "sales" : 8797.00,
    "salesGrowthYoY" : 26.63,
    "grossProfitMargin" : 93.86,
    "grossProfit" : 8256.86,
    "operatingProfitMargin" : 56.42,
    "operatingProfit" : 4963.27,
    "netProfitMargin" : 33.30,
    "netProfit" : 2929.40
  }, {
    "date" : "2022-06-30",
    "sales" : 9387.00,
    "salesGrowthYoY" : 43.73,
    "grossProfitMargin" : 89.68,
    "grossProfit" : 8418.26,
    "operatingProfitMargin" : 54.74,
    "operatingProfit" : 5138.44,
    "netProfitMargin" : 32.95,
    "netProfit" : 3093.02
  }, {
    "date" : "2022-09-30",
    "sales" : 8336.00,
    "salesGrowthYoY" : 36.16,
    "grossProfitMargin" : 88.54,
    "grossProfit" : 7380.69,
    "operatingProfitMargin" : 52.88,
    "operatingProfit" : 4408.08,
    "netProfitMargin" : 32.16,
    "netProfit" : 2680.86
  }, {
    "date" : "2022-12-31",
    "sales" : 7866.00,
    "salesGrowthYoY" : -1.55,
    "grossProfitMargin" : 86.59,
    "grossProfit" : 6811.17,
    "operatingProfitMargin" : 47.13,
    "operatingProfit" : 3707.25,
    "netProfitMargin" : 27.42,
    "netProfit" : 2156.86
  }, {
    "date" : "2023-03-31",
    "sales" : 8509.00,
    "salesGrowthYoY" : -3.27,
    "grossProfitMargin" : 93.08,
    "grossProfit" : 7920.18,
    "operatingProfitMargin" : 50.05,
    "operatingProfit" : 4258.75,
    "netProfitMargin" : 30.43,
    "netProfit" : 2589.29
  }, {
    "date" : "2023-06-30",
    "sales" : 7282.00,
    "salesGrowthYoY" : -22.42,
    "grossProfitMargin" : 87.37,
    "grossProfit" : 6362.28,
    "operatingProfitMargin" : 45.98,
    "operatingProfit" : 3348.26,
    "netProfitMargin" : 27.05,
    "netProfit" : 1969.78
  }, {
    "date" : "2023-09-30",
    "sales" : 6792.00,
    "salesGrowthYoY" : -18.52,
    "grossProfitMargin" : 90.90,
    "grossProfit" : 6173.93,
    "operatingProfitMargin" : 46.22,
    "operatingProfit" : 3139.26,
    "netProfitMargin" : 25.57,
    "netProfit" : 1736.71
  }, {
    "date" : "2023-12-31",
    "sales" : 7310.00,
    "salesGrowthYoY" : -7.07,
    "grossProfitMargin" : 90.77,
    "grossProfit" : 6635.29,
    "operatingProfitMargin" : 48.15,
    "operatingProfit" : 3519.76,
    "netProfitMargin" : 27.88,
    "netProfit" : 2038.03
  }, {
    "date" : "2024-03-31",
    "sales" : 7550.00,
    "salesGrowthYoY" : -11.27,
    "grossProfitMargin" : 93.72,
    "grossProfit" : 7075.86,
    "operatingProfitMargin" : 48.40,
    "operatingProfit" : 3654.20,
    "netProfitMargin" : 27.05,
    "netProfit" : 2042.28
  }, {
    "date" : "2024-06-30",
    "sales" : 8130.00,
    "salesGrowthYoY" : 11.65,
    "grossProfitMargin" : 91.03,
    "grossProfit" : 7400.74,
    "operatingProfitMargin" : 48.60,
    "operatingProfit" : 3951.18,
    "netProfitMargin" : 29.00,
    "netProfit" : 2357.70
  }, {
    "date" : "2024-09-30",
    "sales" : 8242.00,
    "salesGrowthYoY" : 21.35,
    "grossProfitMargin" : 89.21,
    "grossProfit" : 7352.69,
    "operatingProfitMargin" : 49.79,
    "operatingProfit" : 4103.69,
    "netProfitMargin" : 28.62,
    "netProfit" : 2358.86
  }, {
    "date" : "2024-12-31",
    "sales" : 8556.00,
    "salesGrowthYoY" : 17.05,
    "grossProfitMargin" : 92.96,
    "grossProfit" : 7953.66,
    "operatingProfitMargin" : 52.10,
    "operatingProfit" : 4457.68,
    "netProfitMargin" : 30.94,
    "netProfit" : 2647.23
  }, {
    "date" : "2025-03-31",
    "sales" : 9041.00,
    "salesGrowthYoY" : 19.75,
    "grossProfitMargin" : 95.42,
    "grossProfit" : 8626.92,
    "operatingProfitMargin" : 52.90,
    "operatingProfit" : 4782.69,
    "netProfitMargin" : 32.92,
    "netProfit" : 2976.30
  }, {
    "date" : "2025-06-30",
    "sales" : 7723.00,
    "salesGrowthYoY" : -5.01,
    "grossProfitMargin" : 91.95,
    "grossProfit" : 7101.30,
    "operatingProfitMargin" : 49.41,
    "operatingProfit" : 3815.93,
    "netProfitMargin" : 28.54,
    "netProfit" : 2204.14
  }, {
    "date" : "2025-09-30",
    "sales" : 8525.00,
    "salesGrowthYoY" : 3.43,
    "grossProfitMargin" : 92.86,
    "grossProfit" : 7916.31,
    "operatingProfitMargin" : 51.92,
    "operatingProfit" : 4426.18,
    "netProfitMargin" : 30.87,
    "netProfit" : 2631.67
  }, {
    "date" : "2025-12-31",
    "sales" : 10922.00,
    "salesGrowthYoY" : 27.65,
    "grossProfitMargin" : 93.06,
    "grossProfit" : 10164.01,
    "operatingProfitMargin" : 54.98,
    "operatingProfit" : 6004.92,
    "netProfitMargin" : 35.34,
    "netProfit" : 3859.83
  } ],
  "latestQuarterlyResult" : {
    "date" : "2025-12-31",
    "sales" : 10922.00,
    "salesGrowthYoY" : 27.65,
    "grossProfitMargin" : 93.06,
    "grossProfit" : 10164.01,
    "operatingProfitMargin" : 54.98,
    "operatingProfit" : 6004.92,
    "netProfitMargin" : 35.34,
    "netProfit" : 3859.83
  },
  "companyScore" : {
    "priceHigherThanDma50" : 5.00,
    "priceHigherThanDma100" : 5.00,
    "priceHigherThanDma200" : 5.00,
    "dma50HigherThanDma100" : 5.00,
    "dma50HigherThanDma200" : 5.00,
    "dma100HigherThanDma200" : 5.00,
    "pricePercentageAboveDma50" : 4.26,
    "pricePercentageAboveDma100" : 3.53,
    "pricePercentageAboveDma200" : 3.37,
    "weeklyVolumeHigherThanYearlyVolume" : 5.00,
    "salesGrowthPercentile" : 15.50,
    "operatingProfitMarginPercentile" : 14.29,
    "netProfitMarginPercentile" : 3.21,
    "totalTechnicalScore" : 46.15,
    "totalFundamentalScore" : 33.00,
    "totalScore" : 79.15
  }
}