{
  "metadata" : {
    "screenerCompanyId" : "1365",
    "companyCode" : "HONDAPOWER",
    "companyName" : "Honda India",
    "screenerCompanyLink" : "https://www.screener.in/company/HONDAPOWER",
    "screenerTechnicalHistoryLink" : "https://www.screener.in/api/company/1365/chart/?q=Price-DMA50-DMA200-Volume&days=365",
    "screenerQuarterlyResultsLink" : "https://www.screener.in/api/company/1365/chart/?q=GPM-OPM-NPM-Quarter+Sales&days=10000",
    "attributes" : {
      "companyCode" : "HONDAPOWER",
      "companyName" : "Honda India",
      "marketCap" : 2494.00,
      "peRatio" : 32.90,
      "description" : "Honda India Power Products Ltd is engaged in manufacturing and marketing of portable gensets, water pumps, general purpose engines, lawn mowers, brush cutters and tillers.[1] In July 2020, the company changed its name from 'Honda Siel power Products Ltd' to 'Honda India Power Products Ltd'.[2]"
    },
    "companyScore" : {
      "priceHigherThanDma50" : 0.00,
      "priceHigherThanDma100" : 0.00,
      "priceHigherThanDma200" : 0.00,
      "dma50HigherThanDma100" : 0.00,
      "dma50HigherThanDma200" : 0.00,
      "dma100HigherThanDma200" : 5.00,
      "pricePercentageAboveDma50" : 5.35,
      "pricePercentageAboveDma100" : 5.61,
      "pricePercentageAboveDma200" : 5.50,
      "weeklyVolumeHigherThanYearlyVolume" : 0.00,
      "salesGrowthPercentile" : 6.58,
      "operatingProfitMarginPercentile" : 11.19,
      "netProfitMarginPercentile" : 5.54,
      "totalTechnicalScore" : 21.46,
      "totalFundamentalScore" : 23.31,
      "totalScore" : 44.77
    }
  },
  "attributes" : {
    "companyCode" : "HONDAPOWER",
    "companyName" : "Honda India",
    "marketCap" : 2494.00,
    "peRatio" : 32.90,
    "description" : "Honda India Power Products Ltd is engaged in manufacturing and marketing of portable gensets, water pumps, general purpose engines, lawn mowers, brush cutters and tillers.[1] In July 2020, the company changed its name from 'Honda Siel power Products Ltd' to 'Honda India Power Products Ltd'.[2]"
  },
  "technicalHistory" : [ {
    "date" : "2024-11-25",
    "price" : 3033.40,
    "dma50" : 3648.75,
    "dma100" : null,
    "dma200" : 3343.83,
    "volume" : 4557.00
  }, {
    "date" : "2024-11-26",
    "price" : 3050.80,
    "dma50" : 3625.30,
    "dma100" : null,
    "dma200" : 3340.91,
    "volume" : 3292.00
  }, {
    "date" : "2024-11-27",
    "price" : 3070.75,
    "dma50" : 3603.55,
    "dma100" : null,
    "dma200" : 3338.23,
    "volume" : 6470.00
  }, {
    "date" : "2024-11-28",
    "price" : 3171.85,
    "dma50" : 3586.62,
    "dma100" : null,
    "dma200" : 3336.57,
    "volume" : 16332.00
  }, {
    "date" : "2024-11-29",
    "price" : 3189.20,
    "dma50" : 3571.04,
    "dma100" : null,
    "dma200" : 3335.10,
    "volume" : 7343.00
  }, {
    "date" : "2024-12-02",
    "price" : 3231.45,
    "dma50" : 3557.72,
    "dma100" : null,
    "dma200" : 3334.07,
    "volume" : 9565.00
  }, {
    "date" : "2024-12-03",
    "price" : 3248.50,
    "dma50" : 3545.59,
    "dma100" : null,
    "dma200" : 3333.22,
    "volume" : 10594.00
  }, {
    "date" : "2024-12-04",
    "price" : 3220.55,
    "dma50" : 3532.85,
    "dma100" : null,
    "dma200" : 3332.10,
    "volume" : 6621.00
  }, {
    "date" : "2024-12-05",
    "price" : 3182.40,
    "dma50" : 3519.10,
    "dma100" : null,
    "dma200" : 3330.61,
    "volume" : 4587.00
  }, {
    "date" : "2024-12-06",
    "price" : 3157.40,
    "dma50" : 3504.92,
    "dma100" : null,
    "dma200" : 3328.89,
    "volume" : 7764.00
  }, {
    "date" : "2024-12-09",
    "price" : 3171.85,
    "dma50" : 3491.86,
    "dma100" : null,
    "dma200" : 3327.32,
    "volume" : 7984.00
  }, {
    "date" : "2024-12-10",
    "price" : 3188.25,
    "dma50" : 3479.95,
    "dma100" : null,
    "dma200" : 3325.94,
    "volume" : 3916.00
  }, {
    "date" : "2024-12-11",
    "price" : 3169.45,
    "dma50" : 3467.77,
    "dma100" : null,
    "dma200" : 3324.38,
    "volume" : 8577.00
  }, {
    "date" : "2024-12-12",
    "price" : 3148.35,
    "dma50" : 3455.25,
    "dma100" : null,
    "dma200" : 3322.63,
    "volume" : 4151.00
  }, {
    "date" : "2024-12-13",
    "price" : 3108.40,
    "dma50" : 3441.65,
    "dma100" : null,
    "dma200" : 3320.50,
    "volume" : 3840.00
  }, {
    "date" : "2024-12-16",
    "price" : 3065.75,
    "dma50" : 3426.90,
    "dma100" : null,
    "dma200" : 3317.97,
    "volume" : 4173.00
  }, {
    "date" : "2024-12-17",
    "price" : 3053.45,
    "dma50" : 3412.26,
    "dma100" : null,
    "dma200" : 3315.33,
    "volume" : 3482.00
  }, {
    "date" : "2024-12-18",
    "price" : 3032.65,
    "dma50" : 3397.37,
    "dma100" : null,
    "dma200" : 3312.52,
    "volume" : 1972.00
  }, {
    "date" : "2024-12-19",
    "price" : 3056.10,
    "dma50" : 3383.99,
    "dma100" : null,
    "dma200" : 3309.97,
    "volume" : 2838.00
  }, {
    "date" : "2024-12-20",
    "price" : 2915.75,
    "dma50" : 3365.63,
    "dma100" : null,
    "dma200" : 3306.05,
    "volume" : 4701.00
  }, {
    "date" : "2024-12-23",
    "price" : 2885.90,
    "dma50" : 3346.81,
    "dma100" : null,
    "dma200" : 3301.87,
    "volume" : 4139.00
  }, {
    "date" : "2024-12-24",
    "price" : 2907.95,
    "dma50" : 3329.60,
    "dma100" : null,
    "dma200" : 3297.95,
    "volume" : 5726.00
  }, {
    "date" : "2024-12-26",
    "price" : 2920.70,
    "dma50" : 3313.57,
    "dma100" : null,
    "dma200" : 3294.19,
    "volume" : 12151.00
  }, {
    "date" : "2024-12-27",
    "price" : 2882.15,
    "dma50" : 3296.65,
    "dma100" : null,
    "dma200" : 3290.09,
    "volume" : 4267.00
  }, {
    "date" : "2024-12-30",
    "price" : 2835.50,
    "dma50" : 3278.57,
    "dma100" : null,
    "dma200" : 3285.57,
    "volume" : 4870.00
  }, {
    "date" : "2024-12-31",
    "price" : 2850.10,
    "dma50" : 3261.76,
    "dma100" : null,
    "dma200" : 3281.24,
    "volume" : 6638.00
  }, {
    "date" : "2025-01-01",
    "price" : 2862.50,
    "dma50" : 3246.11,
    "dma100" : null,
    "dma200" : 3277.07,
    "volume" : 4396.00
  }, {
    "date" : "2025-01-02",
    "price" : 2884.75,
    "dma50" : 3231.93,
    "dma100" : null,
    "dma200" : 3273.17,
    "volume" : 5169.00
  }, {
    "date" : "2025-01-03",
    "price" : 2856.10,
    "dma50" : 3217.20,
    "dma100" : null,
    "dma200" : 3269.02,
    "volume" : 4727.00
  }, {
    "date" : "2025-01-06",
    "price" : 2707.40,
    "dma50" : 3197.20,
    "dma100" : null,
    "dma200" : 3263.43,
    "volume" : 13046.00
  }, {
    "date" : "2025-01-07",
    "price" : 2780.90,
    "dma50" : 3180.88,
    "dma100" : null,
    "dma200" : 3258.63,
    "volume" : 6727.00
  }, {
    "date" : "2025-01-08",
    "price" : 2722.20,
    "dma50" : 3162.89,
    "dma100" : null,
    "dma200" : 3253.29,
    "volume" : 2559.00
  }, {
    "date" : "2025-01-09",
    "price" : 2697.30,
    "dma50" : 3144.63,
    "dma100" : null,
    "dma200" : 3247.76,
    "volume" : 3157.00
  }, {
    "date" : "2025-01-10",
    "price" : 2623.65,
    "dma50" : 3124.20,
    "dma100" : null,
    "dma200" : 3241.55,
    "volume" : 5277.00
  }, {
    "date" : "2025-01-13",
    "price" : 2537.60,
    "dma50" : 3101.20,
    "dma100" : null,
    "dma200" : 3234.54,
    "volume" : 6398.00
  }, {
    "date" : "2025-01-14",
    "price" : 2593.50,
    "dma50" : 3081.29,
    "dma100" : null,
    "dma200" : 3228.16,
    "volume" : 3387.00
  }, {
    "date" : "2025-01-15",
    "price" : 2595.95,
    "dma50" : 3062.26,
    "dma100" : null,
    "dma200" : 3221.87,
    "volume" : 4397.00
  }, {
    "date" : "2025-01-16",
    "price" : 2679.30,
    "dma50" : 3047.24,
    "dma100" : null,
    "dma200" : 3216.48,
    "volume" : 5357.00
  }, {
    "date" : "2025-01-17",
    "price" : 2645.45,
    "dma50" : 3031.48,
    "dma100" : null,
    "dma200" : 3210.79,
    "volume" : 2238.00
  }, {
    "date" : "2025-01-20",
    "price" : 2660.40,
    "dma50" : 3016.93,
    "dma100" : null,
    "dma200" : 3205.32,
    "volume" : 1986.00
  }, {
    "date" : "2025-01-21",
    "price" : 2595.10,
    "dma50" : 3000.39,
    "dma100" : null,
    "dma200" : 3199.24,
    "volume" : 3945.00
  }, {
    "date" : "2025-01-22",
    "price" : 2544.95,
    "dma50" : 2982.53,
    "dma100" : null,
    "dma200" : 3192.73,
    "volume" : 4124.00
  }, {
    "date" : "2025-01-23",
    "price" : 2535.90,
    "dma50" : 2965.01,
    "dma100" : null,
    "dma200" : 3186.20,
    "volume" : 4932.00
  }, {
    "date" : "2025-01-24",
    "price" : 2461.55,
    "dma50" : 2945.27,
    "dma100" : null,
    "dma200" : 3178.99,
    "volume" : 4760.00
  }, {
    "date" : "2025-01-27",
    "price" : 2386.85,
    "dma50" : 2923.37,
    "dma100" : null,
    "dma200" : 3171.11,
    "volume" : 4079.00
  }, {
    "date" : "2025-01-28",
    "price" : 2388.60,
    "dma50" : 2902.40,
    "dma100" : null,
    "dma200" : 3163.32,
    "volume" : 3969.00
  }, {
    "date" : "2025-01-29",
    "price" : 2494.85,
    "dma50" : 2886.42,
    "dma100" : null,
    "dma200" : 3156.67,
    "volume" : 2868.00
  }, {
    "date" : "2025-01-30",
    "price" : 2421.95,
    "dma50" : 2868.20,
    "dma100" : null,
    "dma200" : 3149.36,
    "volume" : 4097.00
  }, {
    "date" : "2025-01-31",
    "price" : 2508.50,
    "dma50" : 2854.10,
    "dma100" : null,
    "dma200" : 3142.98,
    "volume" : 13917.00
  }, {
    "date" : "2025-02-01",
    "price" : 2472.80,
    "dma50" : 2839.14,
    "dma100" : null,
    "dma200" : 3136.31,
    "volume" : 3490.00
  }, {
    "date" : "2025-02-03",
    "price" : 2426.25,
    "dma50" : 2822.95,
    "dma100" : null,
    "dma200" : 3129.25,
    "volume" : 2130.00
  }, {
    "date" : "2025-02-04",
    "price" : 2434.25,
    "dma50" : 2807.71,
    "dma100" : null,
    "dma200" : 3122.33,
    "volume" : 4640.00
  }, {
    "date" : "2025-02-05",
    "price" : 2522.35,
    "dma50" : 2796.52,
    "dma100" : null,
    "dma200" : 3116.36,
    "volume" : 11577.00
  }, {
    "date" : "2025-02-06",
    "price" : 2524.95,
    "dma50" : 2785.87,
    "dma100" : null,
    "dma200" : 3110.48,
    "volume" : 4826.00
  }, {
    "date" : "2025-02-07",
    "price" : 2468.10,
    "dma50" : 2773.41,
    "dma100" : null,
    "dma200" : 3104.09,
    "volume" : 3592.00
  }, {
    "date" : "2025-02-10",
    "price" : 2387.70,
    "dma50" : 2758.28,
    "dma100" : null,
    "dma200" : 3096.96,
    "volume" : 5095.00
  }, {
    "date" : "2025-02-11",
    "price" : 2331.35,
    "dma50" : 2741.54,
    "dma100" : null,
    "dma200" : 3089.34,
    "volume" : 5407.00
  }, {
    "date" : "2025-02-12",
    "price" : 2273.70,
    "dma50" : 2723.19,
    "dma100" : null,
    "dma200" : 3081.22,
    "volume" : 16689.00
  }, {
    "date" : "2025-02-13",
    "price" : 2261.40,
    "dma50" : 2705.08,
    "dma100" : null,
    "dma200" : 3073.07,
    "volume" : 4096.00
  }, {
    "date" : "2025-02-14",
    "price" : 2172.95,
    "dma50" : 2684.21,
    "dma100" : null,
    "dma200" : 3064.11,
    "volume" : 7580.00
  }, {
    "date" : "2025-02-17",
    "price" : 2177.15,
    "dma50" : 2664.33,
    "dma100" : null,
    "dma200" : 3055.28,
    "volume" : 8809.00
  }, {
    "date" : "2025-02-18",
    "price" : 2090.90,
    "dma50" : 2641.84,
    "dma100" : null,
    "dma200" : 3045.69,
    "volume" : 8592.00
  }, {
    "date" : "2025-02-19",
    "price" : 2110.80,
    "dma50" : 2621.02,
    "dma100" : null,
    "dma200" : 3036.39,
    "volume" : 6206.00
  }, {
    "date" : "2025-02-20",
    "price" : 2159.95,
    "dma50" : 2602.94,
    "dma100" : null,
    "dma200" : 3027.67,
    "volume" : 6003.00
  }, {
    "date" : "2025-02-21",
    "price" : 2129.40,
    "dma50" : 2584.37,
    "dma100" : null,
    "dma200" : 3018.73,
    "volume" : 3454.00
  }, {
    "date" : "2025-02-24",
    "price" : 2117.45,
    "dma50" : 2566.06,
    "dma100" : null,
    "dma200" : 3009.76,
    "volume" : 5282.00
  }, {
    "date" : "2025-02-25",
    "price" : 2095.60,
    "dma50" : 2547.61,
    "dma100" : null,
    "dma200" : 3000.66,
    "volume" : 4312.00
  }, {
    "date" : "2025-02-27",
    "price" : 2015.45,
    "dma50" : 2526.74,
    "dma100" : null,
    "dma200" : 2990.86,
    "volume" : 5362.00
  }, {
    "date" : "2025-02-28",
    "price" : 1944.75,
    "dma50" : 2503.91,
    "dma100" : null,
    "dma200" : 2980.45,
    "volume" : 6896.00
  }, {
    "date" : "2025-03-03",
    "price" : 1898.85,
    "dma50" : 2480.19,
    "dma100" : null,
    "dma200" : 2969.69,
    "volume" : 8475.00
  }, {
    "date" : "2025-03-04",
    "price" : 1921.95,
    "dma50" : 2458.29,
    "dma100" : null,
    "dma200" : 2959.26,
    "volume" : 8009.00
  }, {
    "date" : "2025-03-05",
    "price" : 2056.45,
    "dma50" : 2442.54,
    "dma100" : null,
    "dma200" : 2950.28,
    "volume" : 12923.00
  }, {
    "date" : "2025-03-06",
    "price" : 2069.85,
    "dma50" : 2427.92,
    "dma100" : null,
    "dma200" : 2941.52,
    "volume" : 6510.00
  }, {
    "date" : "2025-03-07",
    "price" : 2081.60,
    "dma50" : 2414.34,
    "dma100" : null,
    "dma200" : 2932.96,
    "volume" : 6592.00
  }, {
    "date" : "2025-03-10",
    "price" : 1965.05,
    "dma50" : 2396.72,
    "dma100" : null,
    "dma200" : 2923.33,
    "volume" : 10079.00
  }, {
    "date" : "2025-03-11",
    "price" : 1931.80,
    "dma50" : 2378.49,
    "dma100" : null,
    "dma200" : 2913.47,
    "volume" : 3203.00
  }, {
    "date" : "2025-03-12",
    "price" : 1878.05,
    "dma50" : 2358.86,
    "dma100" : null,
    "dma200" : 2903.16,
    "volume" : 8626.00
  }, {
    "date" : "2025-03-13",
    "price" : 1923.40,
    "dma50" : 2341.79,
    "dma100" : null,
    "dma200" : 2893.42,
    "volume" : 70595.00
  }, {
    "date" : "2025-03-17",
    "price" : 1910.25,
    "dma50" : 2324.86,
    "dma100" : null,
    "dma200" : 2883.63,
    "volume" : 15986.00
  }, {
    "date" : "2025-03-18",
    "price" : 2021.55,
    "dma50" : 2312.97,
    "dma100" : null,
    "dma200" : 2875.05,
    "volume" : 25817.00
  }, {
    "date" : "2025-03-19",
    "price" : 2056.40,
    "dma50" : 2302.91,
    "dma100" : null,
    "dma200" : 2866.91,
    "volume" : 17307.00
  }, {
    "date" : "2025-03-20",
    "price" : 2081.70,
    "dma50" : 2294.23,
    "dma100" : null,
    "dma200" : 2859.10,
    "volume" : 10303.00
  }, {
    "date" : "2025-03-21",
    "price" : 2100.15,
    "dma50" : 2286.62,
    "dma100" : null,
    "dma200" : 2851.54,
    "volume" : 11488.00
  }, {
    "date" : "2025-03-24",
    "price" : 2111.35,
    "dma50" : 2279.75,
    "dma100" : null,
    "dma200" : 2844.18,
    "volume" : 15123.00
  }, {
    "date" : "2025-03-25",
    "price" : 2048.30,
    "dma50" : 2270.67,
    "dma100" : null,
    "dma200" : 2836.26,
    "volume" : 15448.00
  }, {
    "date" : "2025-03-26",
    "price" : 2017.40,
    "dma50" : 2260.74,
    "dma100" : null,
    "dma200" : 2828.11,
    "volume" : 9779.00
  }, {
    "date" : "2025-03-27",
    "price" : 2058.20,
    "dma50" : 2252.80,
    "dma100" : null,
    "dma200" : 2820.45,
    "volume" : 16229.00
  }, {
    "date" : "2025-03-28",
    "price" : 2025.20,
    "dma50" : 2243.87,
    "dma100" : null,
    "dma200" : 2812.54,
    "volume" : 9942.00
  }, {
    "date" : "2025-04-01",
    "price" : 2014.50,
    "dma50" : 2234.88,
    "dma100" : null,
    "dma200" : 2804.60,
    "volume" : 7715.00
  }, {
    "date" : "2025-04-02",
    "price" : 2026.35,
    "dma50" : 2226.70,
    "dma100" : null,
    "dma200" : 2796.85,
    "volume" : 4716.00
  }, {
    "date" : "2025-04-03",
    "price" : 2046.20,
    "dma50" : 2219.62,
    "dma100" : null,
    "dma200" : 2789.38,
    "volume" : 6826.00
  }, {
    "date" : "2025-04-04",
    "price" : 1955.05,
    "dma50" : 2209.24,
    "dma100" : null,
    "dma200" : 2781.08,
    "volume" : 9465.00
  }, {
    "date" : "2025-04-07",
    "price" : 1925.60,
    "dma50" : 2198.12,
    "dma100" : null,
    "dma200" : 2772.57,
    "volume" : 7870.00
  }, {
    "date" : "2025-04-08",
    "price" : 1921.70,
    "dma50" : 2187.28,
    "dma100" : null,
    "dma200" : 2764.10,
    "volume" : 5917.00
  }, {
    "date" : "2025-04-09",
    "price" : 1924.25,
    "dma50" : 2176.97,
    "dma100" : null,
    "dma200" : 2755.75,
    "volume" : 7943.00
  }, {
    "date" : "2025-04-11",
    "price" : 1953.70,
    "dma50" : 2168.21,
    "dma100" : null,
    "dma200" : 2747.77,
    "volume" : 4296.00
  }, {
    "date" : "2025-04-15",
    "price" : 2043.40,
    "dma50" : 2163.32,
    "dma100" : null,
    "dma200" : 2740.76,
    "volume" : 8086.00
  }, {
    "date" : "2025-04-16",
    "price" : 2071.60,
    "dma50" : 2159.72,
    "dma100" : null,
    "dma200" : 2734.10,
    "volume" : 15039.00
  }, {
    "date" : "2025-04-17",
    "price" : 2098.40,
    "dma50" : 2157.32,
    "dma100" : null,
    "dma200" : 2727.77,
    "volume" : 7032.00
  }, {
    "date" : "2025-04-21",
    "price" : 2114.20,
    "dma50" : 2155.62,
    "dma100" : null,
    "dma200" : 2721.67,
    "volume" : 10876.00
  }, {
    "date" : "2025-04-22",
    "price" : 2141.10,
    "dma50" : 2155.05,
    "dma100" : 2464.11,
    "dma200" : 2715.89,
    "volume" : 6869.00
  }, {
    "date" : "2025-04-23",
    "price" : 2149.90,
    "dma50" : 2154.85,
    "dma100" : 2455.10,
    "dma200" : 2710.26,
    "volume" : 13826.00
  }, {
    "date" : "2025-04-24",
    "price" : 2185.70,
    "dma50" : 2156.06,
    "dma100" : 2446.25,
    "dma200" : 2705.04,
    "volume" : 10472.00
  }, {
    "date" : "2025-04-25",
    "price" : 2082.00,
    "dma50" : 2153.16,
    "dma100" : 2435.35,
    "dma200" : 2698.84,
    "volume" : 16834.00
  }, {
    "date" : "2025-04-28",
    "price" : 2073.40,
    "dma50" : 2150.03,
    "dma100" : 2424.20,
    "dma200" : 2692.62,
    "volume" : 8697.00
  }, {
    "date" : "2025-04-29",
    "price" : 2053.40,
    "dma50" : 2146.24,
    "dma100" : 2412.42,
    "dma200" : 2686.26,
    "volume" : 9938.00
  }, {
    "date" : "2025-04-30",
    "price" : 2027.00,
    "dma50" : 2141.56,
    "dma100" : 2400.20,
    "dma200" : 2679.70,
    "volume" : 4072.00
  }, {
    "date" : "2025-05-02",
    "price" : 2055.00,
    "dma50" : 2138.17,
    "dma100" : 2388.55,
    "dma200" : 2673.48,
    "volume" : 14434.00
  }, {
    "date" : "2025-05-05",
    "price" : 2103.40,
    "dma50" : 2136.81,
    "dma100" : 2377.76,
    "dma200" : 2667.81,
    "volume" : 28011.00
  }, {
    "date" : "2025-05-06",
    "price" : 2020.10,
    "dma50" : 2132.23,
    "dma100" : 2366.38,
    "dma200" : 2661.36,
    "volume" : 16406.00
  }, {
    "date" : "2025-05-07",
    "price" : 2031.80,
    "dma50" : 2128.29,
    "dma100" : 2354.98,
    "dma200" : 2655.10,
    "volume" : 8593.00
  }, {
    "date" : "2025-05-08",
    "price" : 2040.60,
    "dma50" : 2124.85,
    "dma100" : 2343.51,
    "dma200" : 2648.99,
    "volume" : 12657.00
  }, {
    "date" : "2025-05-09",
    "price" : 2045.20,
    "dma50" : 2121.73,
    "dma100" : 2332.26,
    "dma200" : 2642.98,
    "volume" : 9883.00
  }, {
    "date" : "2025-05-12",
    "price" : 2155.70,
    "dma50" : 2123.06,
    "dma100" : 2322.34,
    "dma200" : 2638.13,
    "volume" : 16746.00
  }, {
    "date" : "2025-05-13",
    "price" : 2235.20,
    "dma50" : 2127.46,
    "dma100" : 2313.60,
    "dma200" : 2634.12,
    "volume" : 20375.00
  }, {
    "date" : "2025-05-14",
    "price" : 2250.90,
    "dma50" : 2132.30,
    "dma100" : 2305.46,
    "dma200" : 2630.31,
    "volume" : 17268.00
  }, {
    "date" : "2025-05-15",
    "price" : 2300.60,
    "dma50" : 2138.90,
    "dma100" : 2297.93,
    "dma200" : 2627.03,
    "volume" : 21720.00
  }, {
    "date" : "2025-05-16",
    "price" : 2379.80,
    "dma50" : 2148.35,
    "dma100" : 2291.40,
    "dma200" : 2624.57,
    "volume" : 19967.00
  }, {
    "date" : "2025-05-19",
    "price" : 2329.60,
    "dma50" : 2155.45,
    "dma100" : 2284.13,
    "dma200" : 2621.63,
    "volume" : 27946.00
  }, {
    "date" : "2025-05-20",
    "price" : 2795.50,
    "dma50" : 2180.55,
    "dma100" : 2282.93,
    "dma200" : 2623.36,
    "volume" : 29326.00
  }, {
    "date" : "2025-05-21",
    "price" : 3073.60,
    "dma50" : 2215.58,
    "dma100" : 2284.81,
    "dma200" : 2627.84,
    "volume" : 577245.00
  }, {
    "date" : "2025-05-22",
    "price" : 3028.40,
    "dma50" : 2247.45,
    "dma100" : 2286.01,
    "dma200" : 2631.83,
    "volume" : 100110.00
  }, {
    "date" : "2025-05-23",
    "price" : 2938.20,
    "dma50" : 2274.54,
    "dma100" : 2286.19,
    "dma200" : 2634.88,
    "volume" : 45701.00
  }, {
    "date" : "2025-05-26",
    "price" : 2899.40,
    "dma50" : 2299.04,
    "dma100" : 2286.36,
    "dma200" : 2637.51,
    "volume" : 19827.00
  }, {
    "date" : "2025-05-27",
    "price" : 2900.60,
    "dma50" : 2322.63,
    "dma100" : 2287.01,
    "dma200" : 2640.13,
    "volume" : 12911.00
  }, {
    "date" : "2025-05-28",
    "price" : 2875.10,
    "dma50" : 2344.30,
    "dma100" : 2287.26,
    "dma200" : 2642.46,
    "volume" : 7443.00
  }, {
    "date" : "2025-05-29",
    "price" : 2908.60,
    "dma50" : 2366.43,
    "dma100" : 2287.72,
    "dma200" : 2645.11,
    "volume" : 13826.00
  }, {
    "date" : "2025-05-30",
    "price" : 2902.50,
    "dma50" : 2387.45,
    "dma100" : 2287.90,
    "dma200" : 2647.67,
    "volume" : 7728.00
  }, {
    "date" : "2025-06-02",
    "price" : 3013.40,
    "dma50" : 2412.00,
    "dma100" : 2289.47,
    "dma200" : 2651.31,
    "volume" : 37859.00
  }, {
    "date" : "2025-06-03",
    "price" : 2963.90,
    "dma50" : 2433.64,
    "dma100" : 2292.04,
    "dma200" : 2654.42,
    "volume" : 7739.00
  }, {
    "date" : "2025-06-04",
    "price" : 2916.70,
    "dma50" : 2452.58,
    "dma100" : 2293.40,
    "dma200" : 2657.03,
    "volume" : 10717.00
  }, {
    "date" : "2025-06-05",
    "price" : 2907.00,
    "dma50" : 2470.41,
    "dma100" : 2295.24,
    "dma200" : 2659.52,
    "volume" : 8184.00
  }, {
    "date" : "2025-06-06",
    "price" : 2920.70,
    "dma50" : 2488.06,
    "dma100" : 2297.48,
    "dma200" : 2662.12,
    "volume" : 7026.00
  }, {
    "date" : "2025-06-09",
    "price" : 2928.60,
    "dma50" : 2505.34,
    "dma100" : 2300.53,
    "dma200" : 2664.77,
    "volume" : 13855.00
  }, {
    "date" : "2025-06-10",
    "price" : 2960.10,
    "dma50" : 2523.17,
    "dma100" : 2304.75,
    "dma200" : 2667.71,
    "volume" : 6157.00
  }, {
    "date" : "2025-06-11",
    "price" : 2974.60,
    "dma50" : 2540.88,
    "dma100" : 2308.56,
    "dma200" : 2670.76,
    "volume" : 14911.00
  }, {
    "date" : "2025-06-12",
    "price" : 2890.80,
    "dma50" : 2554.60,
    "dma100" : 2311.51,
    "dma200" : 2672.95,
    "volume" : 7545.00
  }, {
    "date" : "2025-06-13",
    "price" : 2878.70,
    "dma50" : 2567.31,
    "dma100" : 2313.51,
    "dma200" : 2675.00,
    "volume" : 8562.00
  }, {
    "date" : "2025-06-16",
    "price" : 2826.40,
    "dma50" : 2577.47,
    "dma100" : 2315.32,
    "dma200" : 2676.51,
    "volume" : 7904.00
  }, {
    "date" : "2025-06-17",
    "price" : 2794.90,
    "dma50" : 2586.00,
    "dma100" : 2316.66,
    "dma200" : 2677.68,
    "volume" : 4878.00
  }, {
    "date" : "2025-06-18",
    "price" : 2790.60,
    "dma50" : 2594.02,
    "dma100" : 2318.62,
    "dma200" : 2678.81,
    "volume" : 8017.00
  }, {
    "date" : "2025-06-19",
    "price" : 2746.70,
    "dma50" : 2600.01,
    "dma100" : 2320.63,
    "dma200" : 2679.48,
    "volume" : 6423.00
  }, {
    "date" : "2025-06-20",
    "price" : 2747.60,
    "dma50" : 2605.80,
    "dma100" : 2322.75,
    "dma200" : 2680.16,
    "volume" : 4400.00
  }, {
    "date" : "2025-06-23",
    "price" : 2712.60,
    "dma50" : 2609.98,
    "dma100" : 2325.26,
    "dma200" : 2680.48,
    "volume" : 5433.00
  }, {
    "date" : "2025-06-24",
    "price" : 2916.90,
    "dma50" : 2622.02,
    "dma100" : 2330.56,
    "dma200" : 2682.84,
    "volume" : 32888.00
  }, {
    "date" : "2025-06-25",
    "price" : 2942.90,
    "dma50" : 2634.60,
    "dma100" : 2336.10,
    "dma200" : 2685.42,
    "volume" : 14135.00
  }, {
    "date" : "2025-06-26",
    "price" : 2902.10,
    "dma50" : 2645.09,
    "dma100" : 2340.18,
    "dma200" : 2687.58,
    "volume" : 11423.00
  }, {
    "date" : "2025-06-27",
    "price" : 2942.40,
    "dma50" : 2656.75,
    "dma100" : 2345.38,
    "dma200" : 2690.11,
    "volume" : 11419.00
  }, {
    "date" : "2025-06-30",
    "price" : 2949.20,
    "dma50" : 2668.22,
    "dma100" : 2349.79,
    "dma200" : 2692.69,
    "volume" : 17049.00
  }, {
    "date" : "2025-07-01",
    "price" : 2948.20,
    "dma50" : 2679.20,
    "dma100" : 2354.54,
    "dma200" : 2695.23,
    "volume" : 4276.00
  }, {
    "date" : "2025-07-02",
    "price" : 2968.20,
    "dma50" : 2690.53,
    "dma100" : 2359.96,
    "dma200" : 2697.95,
    "volume" : 10297.00
  }, {
    "date" : "2025-07-03",
    "price" : 2946.40,
    "dma50" : 2700.57,
    "dma100" : 2365.08,
    "dma200" : 2700.42,
    "volume" : 4033.00
  }, {
    "date" : "2025-07-04",
    "price" : 3003.00,
    "dma50" : 2712.43,
    "dma100" : 2369.89,
    "dma200" : 2703.43,
    "volume" : 48790.00
  }, {
    "date" : "2025-07-07",
    "price" : 3044.90,
    "dma50" : 2725.47,
    "dma100" : 2375.09,
    "dma200" : 2706.83,
    "volume" : 22884.00
  }, {
    "date" : "2025-07-08",
    "price" : 3021.20,
    "dma50" : 2737.06,
    "dma100" : 2380.62,
    "dma200" : 2709.96,
    "volume" : 8033.00
  }, {
    "date" : "2025-07-09",
    "price" : 3017.20,
    "dma50" : 2748.05,
    "dma100" : 2386.92,
    "dma200" : 2713.02,
    "volume" : 8096.00
  }, {
    "date" : "2025-07-10",
    "price" : 3118.30,
    "dma50" : 2762.57,
    "dma100" : 2394.78,
    "dma200" : 2717.05,
    "volume" : 136775.00
  }, {
    "date" : "2025-07-11",
    "price" : 3111.00,
    "dma50" : 2776.23,
    "dma100" : 2403.16,
    "dma200" : 2720.97,
    "volume" : 32892.00
  }, {
    "date" : "2025-07-14",
    "price" : 2976.10,
    "dma50" : 2784.07,
    "dma100" : 2410.30,
    "dma200" : 2723.51,
    "volume" : 27764.00
  }, {
    "date" : "2025-07-15",
    "price" : 3026.80,
    "dma50" : 2793.59,
    "dma100" : 2418.84,
    "dma200" : 2726.53,
    "volume" : 12004.00
  }, {
    "date" : "2025-07-16",
    "price" : 2998.60,
    "dma50" : 2801.63,
    "dma100" : 2427.06,
    "dma200" : 2729.23,
    "volume" : 3602.00
  }, {
    "date" : "2025-07-17",
    "price" : 2985.00,
    "dma50" : 2808.82,
    "dma100" : 2436.00,
    "dma200" : 2731.78,
    "volume" : 10398.00
  }, {
    "date" : "2025-07-18",
    "price" : 2992.10,
    "dma50" : 2816.01,
    "dma100" : 2444.81,
    "dma200" : 2734.37,
    "volume" : 4775.00
  }, {
    "date" : "2025-07-21",
    "price" : 2993.00,
    "dma50" : 2822.95,
    "dma100" : 2453.14,
    "dma200" : 2736.94,
    "volume" : 8902.00
  }, {
    "date" : "2025-07-22",
    "price" : 2983.40,
    "dma50" : 2829.24,
    "dma100" : 2461.68,
    "dma200" : 2739.39,
    "volume" : 4826.00
  }, {
    "date" : "2025-07-23",
    "price" : 2927.50,
    "dma50" : 2833.09,
    "dma100" : 2469.78,
    "dma200" : 2741.27,
    "volume" : 6030.00
  }, {
    "date" : "2025-07-24",
    "price" : 2906.80,
    "dma50" : 2835.98,
    "dma100" : 2477.89,
    "dma200" : 2742.91,
    "volume" : 14598.00
  }, {
    "date" : "2025-07-25",
    "price" : 2849.60,
    "dma50" : 2836.52,
    "dma100" : 2486.24,
    "dma200" : 2743.97,
    "volume" : 7537.00
  }, {
    "date" : "2025-07-28",
    "price" : 2788.60,
    "dma50" : 2834.64,
    "dma100" : 2494.67,
    "dma200" : 2744.42,
    "volume" : 11049.00
  }, {
    "date" : "2025-07-29",
    "price" : 2867.60,
    "dma50" : 2835.93,
    "dma100" : 2504.36,
    "dma200" : 2745.64,
    "volume" : 5236.00
  }, {
    "date" : "2025-07-30",
    "price" : 2828.40,
    "dma50" : 2835.64,
    "dma100" : 2513.43,
    "dma200" : 2746.47,
    "volume" : 5892.00
  }, {
    "date" : "2025-07-31",
    "price" : 2882.70,
    "dma50" : 2837.48,
    "dma100" : 2521.69,
    "dma200" : 2747.82,
    "volume" : 9350.00
  }, {
    "date" : "2025-08-01",
    "price" : 2871.60,
    "dma50" : 2838.82,
    "dma100" : 2529.71,
    "dma200" : 2749.05,
    "volume" : 5280.00
  }, {
    "date" : "2025-08-04",
    "price" : 2905.40,
    "dma50" : 2841.43,
    "dma100" : 2537.94,
    "dma200" : 2750.61,
    "volume" : 6437.00
  }, {
    "date" : "2025-08-05",
    "price" : 2908.80,
    "dma50" : 2844.07,
    "dma100" : 2547.38,
    "dma200" : 2752.18,
    "volume" : 13849.00
  }, {
    "date" : "2025-08-06",
    "price" : 2846.70,
    "dma50" : 2844.18,
    "dma100" : 2556.53,
    "dma200" : 2753.12,
    "volume" : 4238.00
  }, {
    "date" : "2025-08-07",
    "price" : 2809.30,
    "dma50" : 2842.81,
    "dma100" : 2565.84,
    "dma200" : 2753.68,
    "volume" : 5380.00
  }, {
    "date" : "2025-08-08",
    "price" : 2804.40,
    "dma50" : 2841.30,
    "dma100" : 2574.65,
    "dma200" : 2754.19,
    "volume" : 6636.00
  }, {
    "date" : "2025-08-11",
    "price" : 2788.20,
    "dma50" : 2839.22,
    "dma100" : 2583.43,
    "dma200" : 2754.53,
    "volume" : 3586.00
  }, {
    "date" : "2025-08-12",
    "price" : 2866.60,
    "dma50" : 2840.29,
    "dma100" : 2591.88,
    "dma200" : 2755.64,
    "volume" : 14061.00
  }, {
    "date" : "2025-08-13",
    "price" : 2782.80,
    "dma50" : 2838.04,
    "dma100" : 2599.15,
    "dma200" : 2755.91,
    "volume" : 39869.00
  }, {
    "date" : "2025-08-14",
    "price" : 2863.00,
    "dma50" : 2839.02,
    "dma100" : 2606.96,
    "dma200" : 2756.98,
    "volume" : 25977.00
  }, {
    "date" : "2025-08-18",
    "price" : 2985.20,
    "dma50" : 2844.75,
    "dma100" : 2615.81,
    "dma200" : 2759.25,
    "volume" : 46507.00
  }, {
    "date" : "2025-08-19",
    "price" : 3127.80,
    "dma50" : 2855.85,
    "dma100" : 2625.98,
    "dma200" : 2762.92,
    "volume" : 73513.00
  }, {
    "date" : "2025-08-20",
    "price" : 3186.70,
    "dma50" : 2868.82,
    "dma100" : 2637.36,
    "dma200" : 2767.13,
    "volume" : 80128.00
  }, {
    "date" : "2025-08-21",
    "price" : 3015.90,
    "dma50" : 2874.59,
    "dma100" : 2647.34,
    "dma200" : 2769.61,
    "volume" : 48183.00
  }, {
    "date" : "2025-08-22",
    "price" : 2907.90,
    "dma50" : 2875.90,
    "dma100" : 2655.84,
    "dma200" : 2770.98,
    "volume" : 28215.00
  }, {
    "date" : "2025-08-25",
    "price" : 2868.50,
    "dma50" : 2875.61,
    "dma100" : 2664.27,
    "dma200" : 2771.95,
    "volume" : 12983.00
  }, {
    "date" : "2025-08-26",
    "price" : 2798.20,
    "dma50" : 2872.57,
    "dma100" : 2672.11,
    "dma200" : 2772.22,
    "volume" : 9931.00
  }, {
    "date" : "2025-08-28",
    "price" : 2853.70,
    "dma50" : 2871.83,
    "dma100" : 2680.39,
    "dma200" : 2773.03,
    "volume" : 20781.00
  }, {
    "date" : "2025-08-29",
    "price" : 2793.80,
    "dma50" : 2868.77,
    "dma100" : 2687.86,
    "dma200" : 2773.23,
    "volume" : 7323.00
  }, {
    "date" : "2025-09-01",
    "price" : 2797.40,
    "dma50" : 2865.97,
    "dma100" : 2696.28,
    "dma200" : 2773.47,
    "volume" : 7657.00
  }, {
    "date" : "2025-09-02",
    "price" : 2820.30,
    "dma50" : 2864.18,
    "dma100" : 2705.23,
    "dma200" : 2773.94,
    "volume" : 5727.00
  }, {
    "date" : "2025-09-03",
    "price" : 2872.20,
    "dma50" : 2864.50,
    "dma100" : 2714.74,
    "dma200" : 2774.92,
    "volume" : 26752.00
  }, {
    "date" : "2025-09-04",
    "price" : 2870.40,
    "dma50" : 2864.73,
    "dma100" : 2724.20,
    "dma200" : 2775.87,
    "volume" : 9959.00
  }, {
    "date" : "2025-09-05",
    "price" : 2861.30,
    "dma50" : 2864.59,
    "dma100" : 2733.27,
    "dma200" : 2776.72,
    "volume" : 4642.00
  }, {
    "date" : "2025-09-08",
    "price" : 2850.80,
    "dma50" : 2864.05,
    "dma100" : 2741.35,
    "dma200" : 2777.45,
    "volume" : 11732.00
  }, {
    "date" : "2025-09-09",
    "price" : 2873.10,
    "dma50" : 2864.41,
    "dma100" : 2749.36,
    "dma200" : 2778.41,
    "volume" : 4881.00
  }, {
    "date" : "2025-09-10",
    "price" : 2872.10,
    "dma50" : 2864.71,
    "dma100" : 2757.10,
    "dma200" : 2779.34,
    "volume" : 3756.00
  }, {
    "date" : "2025-09-11",
    "price" : 2867.10,
    "dma50" : 2864.80,
    "dma100" : 2764.63,
    "dma200" : 2780.21,
    "volume" : 7051.00
  }, {
    "date" : "2025-09-12",
    "price" : 2876.90,
    "dma50" : 2865.28,
    "dma100" : 2771.99,
    "dma200" : 2781.17,
    "volume" : 3997.00
  }, {
    "date" : "2025-09-15",
    "price" : 2899.20,
    "dma50" : 2866.61,
    "dma100" : 2779.48,
    "dma200" : 2782.35,
    "volume" : 12147.00
  }, {
    "date" : "2025-09-16",
    "price" : 2889.20,
    "dma50" : 2867.49,
    "dma100" : 2786.52,
    "dma200" : 2783.41,
    "volume" : 8212.00
  }, {
    "date" : "2025-09-17",
    "price" : 2906.10,
    "dma50" : 2869.01,
    "dma100" : 2794.76,
    "dma200" : 2784.63,
    "volume" : 6765.00
  }, {
    "date" : "2025-09-18",
    "price" : 2895.70,
    "dma50" : 2870.05,
    "dma100" : 2802.98,
    "dma200" : 2785.74,
    "volume" : 5064.00
  }, {
    "date" : "2025-09-19",
    "price" : 2894.00,
    "dma50" : 2870.99,
    "dma100" : 2811.39,
    "dma200" : 2786.81,
    "volume" : 5816.00
  }, {
    "date" : "2025-09-22",
    "price" : 2839.00,
    "dma50" : 2869.74,
    "dma100" : 2819.51,
    "dma200" : 2787.33,
    "volume" : 7655.00
  }, {
    "date" : "2025-09-23",
    "price" : 2867.20,
    "dma50" : 2869.64,
    "dma100" : 2827.63,
    "dma200" : 2788.13,
    "volume" : 7757.00
  }, {
    "date" : "2025-09-24",
    "price" : 2830.80,
    "dma50" : 2868.12,
    "dma100" : 2834.90,
    "dma200" : 2788.55,
    "volume" : 4740.00
  }, {
    "date" : "2025-09-25",
    "price" : 2831.20,
    "dma50" : 2866.67,
    "dma100" : 2843.01,
    "dma200" : 2788.98,
    "volume" : 4807.00
  }, {
    "date" : "2025-09-26",
    "price" : 2769.30,
    "dma50" : 2862.85,
    "dma100" : 2850.39,
    "dma200" : 2788.78,
    "volume" : 4281.00
  }, {
    "date" : "2025-09-29",
    "price" : 2717.60,
    "dma50" : 2857.15,
    "dma100" : 2857.16,
    "dma200" : 2788.07,
    "volume" : 6284.00
  }, {
    "date" : "2025-09-30",
    "price" : 2754.20,
    "dma50" : 2853.12,
    "dma100" : 2864.25,
    "dma200" : 2787.74,
    "volume" : 3041.00
  }, {
    "date" : "2025-10-01",
    "price" : 2739.90,
    "dma50" : 2848.68,
    "dma100" : 2870.09,
    "dma200" : 2787.26,
    "volume" : 3015.00
  }, {
    "date" : "2025-10-03",
    "price" : 2755.60,
    "dma50" : 2845.03,
    "dma100" : 2875.29,
    "dma200" : 2786.95,
    "volume" : 3294.00
  }, {
    "date" : "2025-10-06",
    "price" : 2741.90,
    "dma50" : 2840.98,
    "dma100" : 2880.20,
    "dma200" : 2786.50,
    "volume" : 4447.00
  }, {
    "date" : "2025-10-07",
    "price" : 2723.30,
    "dma50" : 2836.37,
    "dma100" : 2884.43,
    "dma200" : 2785.87,
    "volume" : 3904.00
  }, {
    "date" : "2025-10-08",
    "price" : 2704.90,
    "dma50" : 2831.21,
    "dma100" : 2887.68,
    "dma200" : 2785.06,
    "volume" : 2560.00
  }, {
    "date" : "2025-10-09",
    "price" : 2698.30,
    "dma50" : 2826.00,
    "dma100" : 2891.37,
    "dma200" : 2784.20,
    "volume" : 3005.00
  }, {
    "date" : "2025-10-10",
    "price" : 2710.00,
    "dma50" : 2821.45,
    "dma100" : 2890.51,
    "dma200" : 2783.46,
    "volume" : 2123.00
  }, {
    "date" : "2025-10-13",
    "price" : 2691.00,
    "dma50" : 2816.34,
    "dma100" : 2886.69,
    "dma200" : 2782.54,
    "volume" : 4088.00
  }, {
    "date" : "2025-10-14",
    "price" : 2669.20,
    "dma50" : 2810.57,
    "dma100" : 2883.10,
    "dma200" : 2781.41,
    "volume" : 3502.00
  }, {
    "date" : "2025-10-15",
    "price" : 2661.80,
    "dma50" : 2804.73,
    "dma100" : 2880.33,
    "dma200" : 2780.22,
    "volume" : 3846.00
  }, {
    "date" : "2025-10-16",
    "price" : 2635.60,
    "dma50" : 2798.10,
    "dma100" : 2877.69,
    "dma200" : 2778.78,
    "volume" : 9782.00
  }, {
    "date" : "2025-10-17",
    "price" : 2659.80,
    "dma50" : 2792.68,
    "dma100" : 2875.29,
    "dma200" : 2777.60,
    "volume" : 4598.00
  }, {
    "date" : "2025-10-20",
    "price" : 2664.90,
    "dma50" : 2787.66,
    "dma100" : 2873.18,
    "dma200" : 2776.48,
    "volume" : 4022.00
  }, {
    "date" : "2025-10-21",
    "price" : 2639.80,
    "dma50" : 2781.87,
    "dma100" : 2870.50,
    "dma200" : 2775.12,
    "volume" : 2594.00
  }, {
    "date" : "2025-10-23",
    "price" : 2664.20,
    "dma50" : 2777.25,
    "dma100" : 2868.11,
    "dma200" : 2774.01,
    "volume" : 3565.00
  }, {
    "date" : "2025-10-24",
    "price" : 2676.20,
    "dma50" : 2773.29,
    "dma100" : 2864.74,
    "dma200" : 2773.04,
    "volume" : 2122.00
  }, {
    "date" : "2025-10-27",
    "price" : 2679.10,
    "dma50" : 2769.59,
    "dma100" : 2861.89,
    "dma200" : 2772.11,
    "volume" : 2186.00
  }, {
    "date" : "2025-10-28",
    "price" : 2668.60,
    "dma50" : 2765.63,
    "dma100" : 2859.41,
    "dma200" : 2771.08,
    "volume" : 2772.00
  }, {
    "date" : "2025-10-29",
    "price" : 2666.00,
    "dma50" : 2761.73,
    "dma100" : 2857.00,
    "dma200" : 2770.03,
    "volume" : 2934.00
  }, {
    "date" : "2025-10-30",
    "price" : 2669.50,
    "dma50" : 2758.11,
    "dma100" : 2854.49,
    "dma200" : 2769.03,
    "volume" : 1891.00
  }, {
    "date" : "2025-10-31",
    "price" : 2612.80,
    "dma50" : 2752.41,
    "dma100" : 2851.33,
    "dma200" : 2767.48,
    "volume" : 8184.00
  }, {
    "date" : "2025-11-03",
    "price" : 2622.80,
    "dma50" : 2747.33,
    "dma100" : 2847.96,
    "dma200" : 2766.04,
    "volume" : 3591.00
  }, {
    "date" : "2025-11-04",
    "price" : 2594.20,
    "dma50" : 2741.32,
    "dma100" : 2844.15,
    "dma200" : 2764.33,
    "volume" : 3607.00
  }, {
    "date" : "2025-11-06",
    "price" : 2505.30,
    "dma50" : 2732.07,
    "dma100" : 2840.30,
    "dma200" : 2761.75,
    "volume" : 9572.00
  }, {
    "date" : "2025-11-07",
    "price" : 2515.10,
    "dma50" : 2723.56,
    "dma100" : 2836.66,
    "dma200" : 2759.30,
    "volume" : 4889.00
  }, {
    "date" : "2025-11-10",
    "price" : 2544.40,
    "dma50" : 2716.53,
    "dma100" : 2833.84,
    "dma200" : 2757.16,
    "volume" : 11283.00
  }, {
    "date" : "2025-11-11",
    "price" : 2535.30,
    "dma50" : 2709.43,
    "dma100" : 2831.25,
    "dma200" : 2754.95,
    "volume" : 3164.00
  }, {
    "date" : "2025-11-12",
    "price" : 2599.80,
    "dma50" : 2705.13,
    "dma100" : 2829.34,
    "dma200" : 2753.41,
    "volume" : 4227.00
  }, {
    "date" : "2025-11-13",
    "price" : 2578.50,
    "dma50" : 2700.16,
    "dma100" : 2827.66,
    "dma200" : 2751.67,
    "volume" : 9426.00
  }, {
    "date" : "2025-11-14",
    "price" : 2526.40,
    "dma50" : 2693.35,
    "dma100" : 2825.45,
    "dma200" : 2749.42,
    "volume" : 12030.00
  }, {
    "date" : "2025-11-17",
    "price" : 2502.80,
    "dma50" : 2685.88,
    "dma100" : 2823.35,
    "dma200" : 2746.97,
    "volume" : 6212.00
  }, {
    "date" : "2025-11-18",
    "price" : 2494.70,
    "dma50" : 2678.38,
    "dma100" : 2819.13,
    "dma200" : 2744.46,
    "volume" : 3324.00
  }, {
    "date" : "2025-11-19",
    "price" : 2476.00,
    "dma50" : 2670.44,
    "dma100" : 2814.46,
    "dma200" : 2741.79,
    "volume" : 2746.00
  }, {
    "date" : "2025-11-20",
    "price" : 2490.90,
    "dma50" : 2663.40,
    "dma100" : 2810.34,
    "dma200" : 2739.29,
    "volume" : 3284.00
  }, {
    "date" : "2025-11-21",
    "price" : 2453.70,
    "dma50" : 2655.18,
    "dma100" : 2805.46,
    "dma200" : 2736.45,
    "volume" : 3538.00
  }, {
    "date" : "2025-11-24",
    "price" : 2461.40,
    "dma50" : 2647.58,
    "dma100" : 2800.58,
    "dma200" : 2733.71,
    "volume" : 2433.00
  } ],
  "latestTechnicalAttributes" : {
    "date" : "2025-11-24",
    "price" : 2461.40,
    "dma50" : 2647.58,
    "dma100" : 2800.58,
    "dma200" : 2733.71,
    "volume" : 2433.00
  },
  "quarterlyResults" : [ {
    "date" : "2005-03-31",
    "sales" : 58.77,
    "salesGrowthYoY" : null,
    "grossProfitMargin" : 37.66,
    "grossProfit" : 22.13,
    "operatingProfitMargin" : 9.83,
    "operatingProfit" : 5.78,
    "netProfitMargin" : 5.87,
    "netProfit" : 3.45
  }, {
    "date" : "2005-06-30",
    "sales" : 43.68,
    "salesGrowthYoY" : null,
    "grossProfitMargin" : 39.77,
    "grossProfit" : 17.37,
    "operatingProfitMargin" : 6.30,
    "operatingProfit" : 2.75,
    "netProfitMargin" : 2.75,
    "netProfit" : 1.20
  }, {
    "date" : "2005-09-30",
    "sales" : 41.52,
    "salesGrowthYoY" : null,
    "grossProfitMargin" : 38.61,
    "grossProfit" : 16.03,
    "operatingProfitMargin" : 2.50,
    "operatingProfit" : 1.04,
    "netProfitMargin" : 2.05,
    "netProfit" : 0.85
  }, {
    "date" : "2005-12-31",
    "sales" : 49.85,
    "salesGrowthYoY" : null,
    "grossProfitMargin" : 39.60,
    "grossProfit" : 19.74,
    "operatingProfitMargin" : 9.07,
    "operatingProfit" : 4.52,
    "netProfitMargin" : 4.91,
    "netProfit" : 2.45
  }, {
    "date" : "2006-03-31",
    "sales" : 62.16,
    "salesGrowthYoY" : 5.77,
    "grossProfitMargin" : 40.30,
    "grossProfit" : 25.05,
    "operatingProfitMargin" : 12.08,
    "operatingProfit" : 7.51,
    "netProfitMargin" : 9.44,
    "netProfit" : 5.87
  }, {
    "date" : "2006-06-30",
    "sales" : 39.69,
    "salesGrowthYoY" : -9.13,
    "grossProfitMargin" : 42.83,
    "grossProfit" : 17.00,
    "operatingProfitMargin" : 8.54,
    "operatingProfit" : 3.39,
    "netProfitMargin" : 6.12,
    "netProfit" : 2.43
  }, {
    "date" : "2006-09-30",
    "sales" : 52.66,
    "salesGrowthYoY" : 26.83,
    "grossProfitMargin" : 39.23,
    "grossProfit" : 20.66,
    "operatingProfitMargin" : 11.56,
    "operatingProfit" : 6.09,
    "netProfitMargin" : 7.88,
    "netProfit" : 4.15
  }, {
    "date" : "2006-12-31",
    "sales" : 61.75,
    "salesGrowthYoY" : 23.87,
    "grossProfitMargin" : 38.53,
    "grossProfit" : 23.79,
    "operatingProfitMargin" : 13.52,
    "operatingProfit" : 8.35,
    "netProfitMargin" : 7.06,
    "netProfit" : 4.36
  }, {
    "date" : "2007-03-31",
    "sales" : 75.12,
    "salesGrowthYoY" : 20.85,
    "grossProfitMargin" : 39.59,
    "grossProfit" : 29.74,
    "operatingProfitMargin" : 10.17,
    "operatingProfit" : 7.64,
    "netProfitMargin" : 8.57,
    "netProfit" : 6.44
  }, {
    "date" : "2007-06-30",
    "sales" : 54.34,
    "salesGrowthYoY" : 36.91,
    "grossProfitMargin" : 42.57,
    "grossProfit" : 23.13,
    "operatingProfitMargin" : 12.97,
    "operatingProfit" : 7.05,
    "netProfitMargin" : 10.27,
    "netProfit" : 5.58
  }, {
    "date" : "2007-09-30",
    "sales" : 49.91,
    "salesGrowthYoY" : -5.22,
    "grossProfitMargin" : 42.10,
    "grossProfit" : 21.01,
    "operatingProfitMargin" : 9.16,
    "operatingProfit" : 4.57,
    "netProfitMargin" : 7.99,
    "netProfit" : 3.99
  }, {
    "date" : "2007-12-31",
    "sales" : 64.37,
    "salesGrowthYoY" : 4.24,
    "grossProfitMargin" : 45.88,
    "grossProfit" : 29.53,
    "operatingProfitMargin" : 15.32,
    "operatingProfit" : 9.86,
    "netProfitMargin" : 11.31,
    "netProfit" : 7.28
  }, {
    "date" : "2008-03-31",
    "sales" : 83.74,
    "salesGrowthYoY" : 11.47,
    "grossProfitMargin" : 87.81,
    "grossProfit" : 73.53,
    "operatingProfitMargin" : 8.80,
    "operatingProfit" : 7.37,
    "netProfitMargin" : 9.85,
    "netProfit" : 8.25
  }, {
    "date" : "2008-06-30",
    "sales" : 69.44,
    "salesGrowthYoY" : 27.79,
    "grossProfitMargin" : 39.04,
    "grossProfit" : 27.11,
    "operatingProfitMargin" : 11.13,
    "operatingProfit" : 7.73,
    "netProfitMargin" : 8.27,
    "netProfit" : 5.74
  }, {
    "date" : "2008-09-30",
    "sales" : 79.40,
    "salesGrowthYoY" : 59.09,
    "grossProfitMargin" : 37.77,
    "grossProfit" : 29.99,
    "operatingProfitMargin" : 13.30,
    "operatingProfit" : 10.56,
    "netProfitMargin" : 9.46,
    "netProfit" : 7.51
  }, {
    "date" : "2008-12-31",
    "sales" : 49.85,
    "salesGrowthYoY" : -22.56,
    "grossProfitMargin" : 34.02,
    "grossProfit" : 16.96,
    "operatingProfitMargin" : 7.52,
    "operatingProfit" : 3.75,
    "netProfitMargin" : 5.84,
    "netProfit" : 2.91
  }, {
    "date" : "2009-03-31",
    "sales" : 41.37,
    "salesGrowthYoY" : -50.60,
    "grossProfitMargin" : 39.30,
    "grossProfit" : 16.26,
    "operatingProfitMargin" : 4.83,
    "operatingProfit" : 2.00,
    "netProfitMargin" : 0.00,
    "netProfit" : 0.00
  }, {
    "date" : "2009-06-30",
    "sales" : 41.81,
    "salesGrowthYoY" : -39.79,
    "grossProfitMargin" : 30.52,
    "grossProfit" : 12.76,
    "operatingProfitMargin" : 0.79,
    "operatingProfit" : 0.33,
    "netProfitMargin" : 0.45,
    "netProfit" : 0.19
  }, {
    "date" : "2009-09-30",
    "sales" : 65.77,
    "salesGrowthYoY" : -17.17,
    "grossProfitMargin" : 33.62,
    "grossProfit" : 22.11,
    "operatingProfitMargin" : 10.61,
    "operatingProfit" : 6.98,
    "netProfitMargin" : 16.62,
    "netProfit" : 10.93
  }, {
    "date" : "2009-12-31",
    "sales" : 105.22,
    "salesGrowthYoY" : 111.07,
    "grossProfitMargin" : 37.89,
    "grossProfit" : 39.87,
    "operatingProfitMargin" : 16.76,
    "operatingProfit" : 17.63,
    "netProfitMargin" : 10.88,
    "netProfit" : 11.45
  }, {
    "date" : "2010-03-31",
    "sales" : 97.75,
    "salesGrowthYoY" : 136.28,
    "grossProfitMargin" : 41.57,
    "grossProfit" : 40.63,
    "operatingProfitMargin" : 15.91,
    "operatingProfit" : 15.55,
    "netProfitMargin" : 10.27,
    "netProfit" : 10.04
  }, {
    "date" : "2010-06-30",
    "sales" : 112.77,
    "salesGrowthYoY" : 169.72,
    "grossProfitMargin" : 38.26,
    "grossProfit" : 43.15,
    "operatingProfitMargin" : 16.71,
    "operatingProfit" : 18.84,
    "netProfitMargin" : 11.30,
    "netProfit" : 12.74
  }, {
    "date" : "2010-09-30",
    "sales" : 100.04,
    "salesGrowthYoY" : 52.11,
    "grossProfitMargin" : 36.04,
    "grossProfit" : 36.05,
    "operatingProfitMargin" : 10.34,
    "operatingProfit" : 10.34,
    "netProfitMargin" : 7.06,
    "netProfit" : 7.06
  }, {
    "date" : "2010-12-31",
    "sales" : 102.62,
    "salesGrowthYoY" : -2.47,
    "grossProfitMargin" : 37.97,
    "grossProfit" : 38.96,
    "operatingProfitMargin" : 9.79,
    "operatingProfit" : 10.05,
    "netProfitMargin" : 6.29,
    "netProfit" : 6.45
  }, {
    "date" : "2011-03-31",
    "sales" : 90.22,
    "salesGrowthYoY" : -7.70,
    "grossProfitMargin" : 38.40,
    "grossProfit" : 34.64,
    "operatingProfitMargin" : 6.33,
    "operatingProfit" : 5.71,
    "netProfitMargin" : 3.78,
    "netProfit" : 3.41
  }, {
    "date" : "2011-06-30",
    "sales" : 108.30,
    "salesGrowthYoY" : -3.96,
    "grossProfitMargin" : 35.27,
    "grossProfit" : 38.20,
    "operatingProfitMargin" : 9.93,
    "operatingProfit" : 10.75,
    "netProfitMargin" : 6.59,
    "netProfit" : 7.14
  }, {
    "date" : "2011-09-30",
    "sales" : 113.31,
    "salesGrowthYoY" : 13.26,
    "grossProfitMargin" : 35.94,
    "grossProfit" : 40.72,
    "operatingProfitMargin" : 9.53,
    "operatingProfit" : 10.80,
    "netProfitMargin" : 6.72,
    "netProfit" : 7.61
  }, {
    "date" : "2011-12-31",
    "sales" : 142.29,
    "salesGrowthYoY" : 38.66,
    "grossProfitMargin" : 36.86,
    "grossProfit" : 52.45,
    "operatingProfitMargin" : 12.66,
    "operatingProfit" : 18.01,
    "netProfitMargin" : 8.53,
    "netProfit" : 12.14
  }, {
    "date" : "2012-03-31",
    "sales" : 134.18,
    "salesGrowthYoY" : 48.73,
    "grossProfitMargin" : 34.87,
    "grossProfit" : 46.79,
    "operatingProfitMargin" : 8.88,
    "operatingProfit" : 11.92,
    "netProfitMargin" : 6.94,
    "netProfit" : 9.31
  }, {
    "date" : "2012-06-30",
    "sales" : 114.12,
    "salesGrowthYoY" : 5.37,
    "grossProfitMargin" : 37.29,
    "grossProfit" : 42.56,
    "operatingProfitMargin" : 6.30,
    "operatingProfit" : 7.19,
    "netProfitMargin" : 4.27,
    "netProfit" : 4.87
  }, {
    "date" : "2012-09-30",
    "sales" : 129.36,
    "salesGrowthYoY" : 14.16,
    "grossProfitMargin" : 34.68,
    "grossProfit" : 44.86,
    "operatingProfitMargin" : 7.75,
    "operatingProfit" : 10.03,
    "netProfitMargin" : 4.17,
    "netProfit" : 5.39
  }, {
    "date" : "2012-12-31",
    "sales" : 128.91,
    "salesGrowthYoY" : -9.40,
    "grossProfitMargin" : 36.44,
    "grossProfit" : 46.97,
    "operatingProfitMargin" : 8.63,
    "operatingProfit" : 11.12,
    "netProfitMargin" : 4.69,
    "netProfit" : 6.05
  }, {
    "date" : "2013-03-31",
    "sales" : 143.16,
    "salesGrowthYoY" : 6.69,
    "grossProfitMargin" : 34.80,
    "grossProfit" : 49.82,
    "operatingProfitMargin" : 6.78,
    "operatingProfit" : 9.71,
    "netProfitMargin" : 3.00,
    "netProfit" : 4.29
  }, {
    "date" : "2013-06-30",
    "sales" : 102.65,
    "salesGrowthYoY" : -10.05,
    "grossProfitMargin" : 38.55,
    "grossProfit" : 39.57,
    "operatingProfitMargin" : 6.10,
    "operatingProfit" : 6.26,
    "netProfitMargin" : 2.24,
    "netProfit" : 2.30
  }, {
    "date" : "2013-09-30",
    "sales" : 104.35,
    "salesGrowthYoY" : -19.33,
    "grossProfitMargin" : 44.59,
    "grossProfit" : 46.53,
    "operatingProfitMargin" : 8.90,
    "operatingProfit" : 9.29,
    "netProfitMargin" : 3.61,
    "netProfit" : 3.77
  }, {
    "date" : "2013-12-31",
    "sales" : 151.26,
    "salesGrowthYoY" : 17.34,
    "grossProfitMargin" : 38.23,
    "grossProfit" : 57.83,
    "operatingProfitMargin" : 9.58,
    "operatingProfit" : 14.49,
    "netProfitMargin" : 4.66,
    "netProfit" : 7.05
  }, {
    "date" : "2014-03-31",
    "sales" : 183.09,
    "salesGrowthYoY" : 27.89,
    "grossProfitMargin" : 37.48,
    "grossProfit" : 68.62,
    "operatingProfitMargin" : 11.51,
    "operatingProfit" : 21.07,
    "netProfitMargin" : 6.22,
    "netProfit" : 11.39
  }, {
    "date" : "2014-06-30",
    "sales" : 162.12,
    "salesGrowthYoY" : 57.93,
    "grossProfitMargin" : 36.55,
    "grossProfit" : 59.25,
    "operatingProfitMargin" : 9.30,
    "operatingProfit" : 15.08,
    "netProfitMargin" : 4.58,
    "netProfit" : 7.43
  }, {
    "date" : "2014-09-30",
    "sales" : 129.02,
    "salesGrowthYoY" : 23.64,
    "grossProfitMargin" : 41.39,
    "grossProfit" : 53.40,
    "operatingProfitMargin" : 7.73,
    "operatingProfit" : 9.97,
    "netProfitMargin" : 3.56,
    "netProfit" : 4.59
  }, {
    "date" : "2014-12-31",
    "sales" : 155.12,
    "salesGrowthYoY" : 2.55,
    "grossProfitMargin" : 42.75,
    "grossProfit" : 66.31,
    "operatingProfitMargin" : 14.95,
    "operatingProfit" : 23.19,
    "netProfitMargin" : 7.84,
    "netProfit" : 12.16
  }, {
    "date" : "2015-03-31",
    "sales" : 184.47,
    "salesGrowthYoY" : 0.75,
    "grossProfitMargin" : 38.89,
    "grossProfit" : 71.74,
    "operatingProfitMargin" : 11.63,
    "operatingProfit" : 21.45,
    "netProfitMargin" : 6.59,
    "netProfit" : 12.16
  }, {
    "date" : "2015-06-30",
    "sales" : 152.80,
    "salesGrowthYoY" : -5.75,
    "grossProfitMargin" : 41.35,
    "grossProfit" : 63.18,
    "operatingProfitMargin" : 12.52,
    "operatingProfit" : 19.13,
    "netProfitMargin" : 7.11,
    "netProfit" : 10.86
  }, {
    "date" : "2015-09-30",
    "sales" : 149.87,
    "salesGrowthYoY" : 16.16,
    "grossProfitMargin" : 39.60,
    "grossProfit" : 59.35,
    "operatingProfitMargin" : 10.60,
    "operatingProfit" : 15.89,
    "netProfitMargin" : 5.75,
    "netProfit" : 8.62
  }, {
    "date" : "2015-12-31",
    "sales" : 176.15,
    "salesGrowthYoY" : 13.56,
    "grossProfitMargin" : 40.62,
    "grossProfit" : 71.55,
    "operatingProfitMargin" : 13.49,
    "operatingProfit" : 23.76,
    "netProfitMargin" : 7.94,
    "netProfit" : 13.99
  }, {
    "date" : "2016-03-31",
    "sales" : 193.98,
    "salesGrowthYoY" : 5.16,
    "grossProfitMargin" : 41.28,
    "grossProfit" : 80.07,
    "operatingProfitMargin" : 15.08,
    "operatingProfit" : 29.25,
    "netProfitMargin" : 7.92,
    "netProfit" : 15.36
  }, {
    "date" : "2016-06-30",
    "sales" : 160.70,
    "salesGrowthYoY" : 5.17,
    "grossProfitMargin" : 42.46,
    "grossProfit" : 68.23,
    "operatingProfitMargin" : 15.45,
    "operatingProfit" : 24.83,
    "netProfitMargin" : 9.40,
    "netProfit" : 15.11
  }, {
    "date" : "2016-09-30",
    "sales" : 175.49,
    "salesGrowthYoY" : 17.09,
    "grossProfitMargin" : 41.89,
    "grossProfit" : 73.51,
    "operatingProfitMargin" : 14.91,
    "operatingProfit" : 26.17,
    "netProfitMargin" : 9.49,
    "netProfit" : 16.65
  }, {
    "date" : "2016-12-31",
    "sales" : 176.22,
    "salesGrowthYoY" : 0.04,
    "grossProfitMargin" : 40.35,
    "grossProfit" : 71.10,
    "operatingProfitMargin" : 14.07,
    "operatingProfit" : 24.79,
    "netProfitMargin" : 8.01,
    "netProfit" : 14.12
  }, {
    "date" : "2017-03-31",
    "sales" : 189.37,
    "salesGrowthYoY" : -2.38,
    "grossProfitMargin" : 38.49,
    "grossProfit" : 72.89,
    "operatingProfitMargin" : 10.56,
    "operatingProfit" : 20.00,
    "netProfitMargin" : 6.28,
    "netProfit" : 11.89
  }, {
    "date" : "2017-06-30",
    "sales" : 173.44,
    "salesGrowthYoY" : 7.93,
    "grossProfitMargin" : 40.25,
    "grossProfit" : 69.81,
    "operatingProfitMargin" : 12.56,
    "operatingProfit" : 21.78,
    "netProfitMargin" : 7.30,
    "netProfit" : 12.66
  }, {
    "date" : "2017-09-30",
    "sales" : 184.48,
    "salesGrowthYoY" : 5.12,
    "grossProfitMargin" : 41.08,
    "grossProfit" : 75.78,
    "operatingProfitMargin" : 13.78,
    "operatingProfit" : 25.42,
    "netProfitMargin" : 8.11,
    "netProfit" : 14.96
  }, {
    "date" : "2017-12-31",
    "sales" : 203.34,
    "salesGrowthYoY" : 15.39,
    "grossProfitMargin" : 42.70,
    "grossProfit" : 86.83,
    "operatingProfitMargin" : 16.08,
    "operatingProfit" : 32.70,
    "netProfitMargin" : 9.77,
    "netProfit" : 19.87
  }, {
    "date" : "2018-03-31",
    "sales" : 206.54,
    "salesGrowthYoY" : 9.07,
    "grossProfitMargin" : 38.52,
    "grossProfit" : 79.56,
    "operatingProfitMargin" : 10.51,
    "operatingProfit" : 21.71,
    "netProfitMargin" : 6.74,
    "netProfit" : 13.92
  }, {
    "date" : "2018-06-30",
    "sales" : 181.31,
    "salesGrowthYoY" : 4.54,
    "grossProfitMargin" : 41.30,
    "grossProfit" : 74.88,
    "operatingProfitMargin" : 12.76,
    "operatingProfit" : 23.14,
    "netProfitMargin" : 8.44,
    "netProfit" : 15.30
  }, {
    "date" : "2018-09-30",
    "sales" : 184.47,
    "salesGrowthYoY" : -0.01,
    "grossProfitMargin" : 41.10,
    "grossProfit" : 75.82,
    "operatingProfitMargin" : 12.14,
    "operatingProfit" : 22.39,
    "netProfitMargin" : 7.25,
    "netProfit" : 13.37
  }, {
    "date" : "2018-12-31",
    "sales" : 219.62,
    "salesGrowthYoY" : 8.01,
    "grossProfitMargin" : 38.13,
    "grossProfit" : 83.74,
    "operatingProfitMargin" : 12.25,
    "operatingProfit" : 26.90,
    "netProfitMargin" : 7.71,
    "netProfit" : 16.93
  }, {
    "date" : "2019-03-31",
    "sales" : 230.48,
    "salesGrowthYoY" : 11.59,
    "grossProfitMargin" : 34.98,
    "grossProfit" : 80.62,
    "operatingProfitMargin" : 7.79,
    "operatingProfit" : 17.95,
    "netProfitMargin" : 4.66,
    "netProfit" : 10.74
  }, {
    "date" : "2019-06-30",
    "sales" : 205.37,
    "salesGrowthYoY" : 13.27,
    "grossProfitMargin" : 42.74,
    "grossProfit" : 87.78,
    "operatingProfitMargin" : 13.92,
    "operatingProfit" : 28.59,
    "netProfitMargin" : 8.59,
    "netProfit" : 17.64
  }, {
    "date" : "2019-09-30",
    "sales" : 209.82,
    "salesGrowthYoY" : 13.74,
    "grossProfitMargin" : 44.24,
    "grossProfit" : 92.82,
    "operatingProfitMargin" : 14.58,
    "operatingProfit" : 30.59,
    "netProfitMargin" : 10.91,
    "netProfit" : 22.89
  }, {
    "date" : "2019-12-31",
    "sales" : 237.78,
    "salesGrowthYoY" : 8.27,
    "grossProfitMargin" : 39.36,
    "grossProfit" : 93.59,
    "operatingProfitMargin" : 10.88,
    "operatingProfit" : 25.87,
    "netProfitMargin" : 7.44,
    "netProfit" : 17.69
  }, {
    "date" : "2020-03-31",
    "sales" : 195.67,
    "salesGrowthYoY" : -15.10,
    "grossProfitMargin" : 36.87,
    "grossProfit" : 72.14,
    "operatingProfitMargin" : 3.90,
    "operatingProfit" : 7.63,
    "netProfitMargin" : 2.47,
    "netProfit" : 4.83
  }, {
    "date" : "2020-06-30",
    "sales" : 110.31,
    "salesGrowthYoY" : -46.29,
    "grossProfitMargin" : 34.08,
    "grossProfit" : 37.59,
    "operatingProfitMargin" : -6.65,
    "operatingProfit" : -7.34,
    "netProfitMargin" : -6.37,
    "netProfit" : -7.03
  }, {
    "date" : "2020-09-30",
    "sales" : 247.55,
    "salesGrowthYoY" : 17.98,
    "grossProfitMargin" : 38.03,
    "grossProfit" : 94.14,
    "operatingProfitMargin" : 11.63,
    "operatingProfit" : 28.79,
    "netProfitMargin" : 7.87,
    "netProfit" : 19.48
  }, {
    "date" : "2020-12-31",
    "sales" : 285.46,
    "salesGrowthYoY" : 20.05,
    "grossProfitMargin" : 36.06,
    "grossProfit" : 102.94,
    "operatingProfitMargin" : 10.51,
    "operatingProfit" : 30.00,
    "netProfitMargin" : 7.33,
    "netProfit" : 20.92
  }, {
    "date" : "2021-03-31",
    "sales" : 295.62,
    "salesGrowthYoY" : 51.08,
    "grossProfitMargin" : 32.56,
    "grossProfit" : 96.25,
    "operatingProfitMargin" : 7.00,
    "operatingProfit" : 20.69,
    "netProfitMargin" : 5.17,
    "netProfit" : 15.28
  }, {
    "date" : "2021-06-30",
    "sales" : 264.24,
    "salesGrowthYoY" : 139.54,
    "grossProfitMargin" : 34.87,
    "grossProfit" : 92.14,
    "operatingProfitMargin" : 8.48,
    "operatingProfit" : 22.41,
    "netProfitMargin" : 7.50,
    "netProfit" : 19.82
  }, {
    "date" : "2021-09-30",
    "sales" : 230.87,
    "salesGrowthYoY" : -6.74,
    "grossProfitMargin" : 38.56,
    "grossProfit" : 89.02,
    "operatingProfitMargin" : 8.68,
    "operatingProfit" : 20.04,
    "netProfitMargin" : 6.89,
    "netProfit" : 15.91
  }, {
    "date" : "2021-12-31",
    "sales" : 337.51,
    "salesGrowthYoY" : 18.23,
    "grossProfitMargin" : 38.10,
    "grossProfit" : 128.59,
    "operatingProfitMargin" : 9.86,
    "operatingProfit" : 33.28,
    "netProfitMargin" : 6.89,
    "netProfit" : 23.25
  }, {
    "date" : "2022-03-31",
    "sales" : 323.67,
    "salesGrowthYoY" : 9.49,
    "grossProfitMargin" : 35.40,
    "grossProfit" : 114.58,
    "operatingProfitMargin" : 7.12,
    "operatingProfit" : 23.05,
    "netProfitMargin" : 4.81,
    "netProfit" : 15.57
  }, {
    "date" : "2022-06-30",
    "sales" : 200.06,
    "salesGrowthYoY" : -24.29,
    "grossProfitMargin" : 41.82,
    "grossProfit" : 83.67,
    "operatingProfitMargin" : 2.85,
    "operatingProfit" : 5.70,
    "netProfitMargin" : 2.45,
    "netProfit" : 4.90
  }, {
    "date" : "2022-09-30",
    "sales" : 394.08,
    "salesGrowthYoY" : 70.69,
    "grossProfitMargin" : 41.89,
    "grossProfit" : 165.08,
    "operatingProfitMargin" : 14.30,
    "operatingProfit" : 56.35,
    "netProfitMargin" : 10.76,
    "netProfit" : 42.40
  }, {
    "date" : "2022-12-31",
    "sales" : 338.85,
    "salesGrowthYoY" : 0.40,
    "grossProfitMargin" : 40.45,
    "grossProfit" : 137.06,
    "operatingProfitMargin" : 13.28,
    "operatingProfit" : 45.00,
    "netProfitMargin" : 9.43,
    "netProfit" : 31.95
  }, {
    "date" : "2023-03-31",
    "sales" : 313.30,
    "salesGrowthYoY" : -3.20,
    "grossProfitMargin" : 35.12,
    "grossProfit" : 110.03,
    "operatingProfitMargin" : 8.95,
    "operatingProfit" : 28.04,
    "netProfitMargin" : 5.28,
    "netProfit" : 16.54
  }, {
    "date" : "2023-06-30",
    "sales" : 209.96,
    "salesGrowthYoY" : 4.95,
    "grossProfitMargin" : 41.47,
    "grossProfit" : 87.07,
    "operatingProfitMargin" : 9.67,
    "operatingProfit" : 20.30,
    "netProfitMargin" : 8.05,
    "netProfit" : 16.90
  }, {
    "date" : "2023-09-30",
    "sales" : 284.57,
    "salesGrowthYoY" : -27.79,
    "grossProfitMargin" : 38.25,
    "grossProfit" : 108.85,
    "operatingProfitMargin" : 12.38,
    "operatingProfit" : 35.23,
    "netProfitMargin" : 10.96,
    "netProfit" : 31.19
  }, {
    "date" : "2023-12-31",
    "sales" : 263.38,
    "salesGrowthYoY" : -22.27,
    "grossProfitMargin" : 39.14,
    "grossProfit" : 103.09,
    "operatingProfitMargin" : 12.53,
    "operatingProfit" : 33.00,
    "netProfitMargin" : 10.75,
    "netProfit" : 28.31
  }, {
    "date" : "2024-03-31",
    "sales" : 231.16,
    "salesGrowthYoY" : -26.22,
    "grossProfitMargin" : 38.64,
    "grossProfit" : 89.32,
    "operatingProfitMargin" : 4.52,
    "operatingProfit" : 10.45,
    "netProfitMargin" : 5.53,
    "netProfit" : 12.78
  }, {
    "date" : "2024-06-30",
    "sales" : 144.17,
    "salesGrowthYoY" : -31.33,
    "grossProfitMargin" : 48.01,
    "grossProfit" : 69.22,
    "operatingProfitMargin" : 11.43,
    "operatingProfit" : 16.48,
    "netProfitMargin" : 11.20,
    "netProfit" : 16.15
  }, {
    "date" : "2024-09-30",
    "sales" : 177.20,
    "salesGrowthYoY" : -37.73,
    "grossProfitMargin" : 41.09,
    "grossProfit" : 72.81,
    "operatingProfitMargin" : 3.95,
    "operatingProfit" : 7.00,
    "netProfitMargin" : 4.82,
    "netProfit" : 8.54
  }, {
    "date" : "2024-12-31",
    "sales" : 204.18,
    "salesGrowthYoY" : -22.48,
    "grossProfitMargin" : 42.32,
    "grossProfit" : 86.41,
    "operatingProfitMargin" : 10.19,
    "operatingProfit" : 20.81,
    "netProfitMargin" : 9.35,
    "netProfit" : 19.09
  }, {
    "date" : "2025-03-31",
    "sales" : 268.68,
    "salesGrowthYoY" : 16.23,
    "grossProfitMargin" : 45.33,
    "grossProfit" : 121.79,
    "operatingProfitMargin" : 16.15,
    "operatingProfit" : 43.39,
    "netProfitMargin" : 13.46,
    "netProfit" : 36.16
  }, {
    "date" : "2025-06-30",
    "sales" : 154.91,
    "salesGrowthYoY" : 7.45,
    "grossProfitMargin" : 44.70,
    "grossProfit" : 69.24,
    "operatingProfitMargin" : 5.45,
    "operatingProfit" : 8.44,
    "netProfitMargin" : 6.12,
    "netProfit" : 9.48
  }, {
    "date" : "2025-09-30",
    "sales" : 175.61,
    "salesGrowthYoY" : -0.90,
    "grossProfitMargin" : 42.25,
    "grossProfit" : 74.20,
    "operatingProfitMargin" : 6.45,
    "operatingProfit" : 11.33,
    "netProfitMargin" : 6.36,
    "netProfit" : 11.17
  } ],
  "latestQuarterlyResult" : {
    "date" : "2025-09-30",
    "sales" : 175.61,
    "salesGrowthYoY" : -0.90,
    "grossProfitMargin" : 42.25,
    "grossProfit" : 74.20,
    "operatingProfitMargin" : 6.45,
    "operatingProfit" : 11.33,
    "netProfitMargin" : 6.36,
    "netProfit" : 11.17
  },
  "companyScore" : {
    "priceHigherThanDma50" : 0.00,
    "priceHigherThanDma100" : 0.00,
    "priceHigherThanDma200" : 0.00,
    "dma50HigherThanDma100" : 0.00,
    "dma50HigherThanDma200" : 0.00,
    "dma100HigherThanDma200" : 5.00,
    "pricePercentageAboveDma50" : 5.35,
    "pricePercentageAboveDma100" : 5.61,
    "pricePercentageAboveDma200" : 5.50,
    "weeklyVolumeHigherThanYearlyVolume" : 0.00,
    "salesGrowthPercentile" : 6.58,
    "operatingProfitMarginPercentile" : 11.19,
    "netProfitMarginPercentile" : 5.54,
    "totalTechnicalScore" : 21.46,
    "totalFundamentalScore" : 23.31,
    "totalScore" : 44.77
  }
}