{
  "metadata" : {
    "screenerCompanyId" : "2407",
    "companyCode" : "HUHTAMAKI",
    "companyName" : "Huhtamaki India",
    "screenerCompanyLink" : "https://www.screener.in/company/HUHTAMAKI/",
    "screenerTechnicalHistoryLink" : "https://www.screener.in/api/company/2407/chart/?q=Price-DMA50-DMA200-Volume&days=365",
    "screenerQuarterlyResultsLink" : "https://www.screener.in/api/company/2407/chart/?q=GPM-OPM-NPM-Quarter+Sales&days=10000",
    "attributes" : {
      "companyCode" : "HUHTAMAKI",
      "companyName" : "Huhtamaki India",
      "marketCap" : 1378.00,
      "peRatio" : 11.70,
      "description" : "Having started its journey in 1935 , Huhtamaki is India's leading manufacturer and supplier of sustainable, flexible and innovative solutions in packaging and labelling products. It is the largest manufacturer of finished flexible packaging in terms of volume in the continent of Africa, India, Asia Pacific exluding Japan. It became member of Huhtamaki Packaging worldwide in 1999. From Paper Products Limited to Huhtamaki PPL ltd, company has demonstrated the qualities of integrity, transparency & responsibility. [1]"
    },
    "companyScore" : {
      "priceHigherThanDma50" : 0.00,
      "priceHigherThanDma100" : 0.00,
      "priceHigherThanDma200" : 0.00,
      "dma50HigherThanDma100" : 0.00,
      "dma50HigherThanDma200" : 0.00,
      "dma100HigherThanDma200" : 0.00,
      "pricePercentageAboveDma50" : 5.34,
      "pricePercentageAboveDma100" : 5.77,
      "pricePercentageAboveDma200" : 5.82,
      "weeklyVolumeHigherThanYearlyVolume" : 0.00,
      "salesGrowthPercentile" : 5.25,
      "operatingProfitMarginPercentile" : 9.43,
      "netProfitMarginPercentile" : 5.86,
      "totalTechnicalScore" : 16.93,
      "totalFundamentalScore" : 20.55,
      "totalScore" : 37.48
    }
  },
  "attributes" : {
    "companyCode" : "HUHTAMAKI",
    "companyName" : "Huhtamaki India",
    "marketCap" : 1378.00,
    "peRatio" : 11.70,
    "description" : "Having started its journey in 1935 , Huhtamaki is India's leading manufacturer and supplier of sustainable, flexible and innovative solutions in packaging and labelling products. It is the largest manufacturer of finished flexible packaging in terms of volume in the continent of Africa, India, Asia Pacific exluding Japan. It became member of Huhtamaki Packaging worldwide in 1999. From Paper Products Limited to Huhtamaki PPL ltd, company has demonstrated the qualities of integrity, transparency & responsibility. [1]"
  },
  "technicalHistory" : [ {
    "date" : "2025-02-24",
    "price" : 190.39,
    "dma50" : 238.55,
    "dma100" : null,
    "dma200" : 296.84,
    "volume" : 93120.00
  }, {
    "date" : "2025-02-25",
    "price" : 189.20,
    "dma50" : 236.61,
    "dma100" : null,
    "dma200" : 295.77,
    "volume" : 96050.00
  }, {
    "date" : "2025-02-27",
    "price" : 182.42,
    "dma50" : 234.49,
    "dma100" : null,
    "dma200" : 294.64,
    "volume" : 99631.00
  }, {
    "date" : "2025-02-28",
    "price" : 176.06,
    "dma50" : 232.20,
    "dma100" : null,
    "dma200" : 293.46,
    "volume" : 150384.00
  }, {
    "date" : "2025-03-03",
    "price" : 178.78,
    "dma50" : 230.10,
    "dma100" : null,
    "dma200" : 292.32,
    "volume" : 142719.00
  }, {
    "date" : "2025-03-04",
    "price" : 182.01,
    "dma50" : 228.22,
    "dma100" : null,
    "dma200" : 291.22,
    "volume" : 109105.00
  }, {
    "date" : "2025-03-05",
    "price" : 204.84,
    "dma50" : 227.30,
    "dma100" : null,
    "dma200" : 290.36,
    "volume" : 221428.00
  }, {
    "date" : "2025-03-06",
    "price" : 201.63,
    "dma50" : 226.29,
    "dma100" : null,
    "dma200" : 289.48,
    "volume" : 148541.00
  }, {
    "date" : "2025-03-07",
    "price" : 202.14,
    "dma50" : 225.34,
    "dma100" : null,
    "dma200" : 288.61,
    "volume" : 145557.00
  }, {
    "date" : "2025-03-10",
    "price" : 194.29,
    "dma50" : 224.13,
    "dma100" : null,
    "dma200" : 287.67,
    "volume" : 66937.00
  }, {
    "date" : "2025-03-11",
    "price" : 193.49,
    "dma50" : 222.93,
    "dma100" : null,
    "dma200" : 286.73,
    "volume" : 248100.00
  }, {
    "date" : "2025-03-12",
    "price" : 187.36,
    "dma50" : 221.53,
    "dma100" : null,
    "dma200" : 285.75,
    "volume" : 129408.00
  }, {
    "date" : "2025-03-13",
    "price" : 186.91,
    "dma50" : 220.17,
    "dma100" : null,
    "dma200" : 284.76,
    "volume" : 183328.00
  }, {
    "date" : "2025-03-17",
    "price" : 179.56,
    "dma50" : 218.58,
    "dma100" : null,
    "dma200" : 283.72,
    "volume" : 149522.00
  }, {
    "date" : "2025-03-18",
    "price" : 180.87,
    "dma50" : 217.10,
    "dma100" : null,
    "dma200" : 282.69,
    "volume" : 223550.00
  }, {
    "date" : "2025-03-19",
    "price" : 184.67,
    "dma50" : 215.83,
    "dma100" : null,
    "dma200" : 281.72,
    "volume" : 170112.00
  }, {
    "date" : "2025-03-20",
    "price" : 185.63,
    "dma50" : 214.65,
    "dma100" : null,
    "dma200" : 280.76,
    "volume" : 227595.00
  }, {
    "date" : "2025-03-21",
    "price" : 187.70,
    "dma50" : 213.59,
    "dma100" : null,
    "dma200" : 279.83,
    "volume" : 184409.00
  }, {
    "date" : "2025-03-24",
    "price" : 193.52,
    "dma50" : 212.80,
    "dma100" : null,
    "dma200" : 278.98,
    "volume" : 238797.00
  }, {
    "date" : "2025-03-25",
    "price" : 186.48,
    "dma50" : 211.77,
    "dma100" : null,
    "dma200" : 278.06,
    "volume" : 167665.00
  }, {
    "date" : "2025-03-26",
    "price" : 179.82,
    "dma50" : 210.52,
    "dma100" : null,
    "dma200" : 277.08,
    "volume" : 134395.00
  }, {
    "date" : "2025-03-27",
    "price" : 183.54,
    "dma50" : 209.46,
    "dma100" : null,
    "dma200" : 276.15,
    "volume" : 315026.00
  }, {
    "date" : "2025-03-28",
    "price" : 180.66,
    "dma50" : 208.33,
    "dma100" : null,
    "dma200" : 275.20,
    "volume" : 144678.00
  }, {
    "date" : "2025-04-01",
    "price" : 190.51,
    "dma50" : 207.63,
    "dma100" : null,
    "dma200" : 274.35,
    "volume" : 109267.00
  }, {
    "date" : "2025-04-02",
    "price" : 192.12,
    "dma50" : 207.02,
    "dma100" : null,
    "dma200" : 273.54,
    "volume" : 69655.00
  }, {
    "date" : "2025-04-03",
    "price" : 195.19,
    "dma50" : 206.56,
    "dma100" : null,
    "dma200" : 272.76,
    "volume" : 76600.00
  }, {
    "date" : "2025-04-04",
    "price" : 188.35,
    "dma50" : 205.84,
    "dma100" : null,
    "dma200" : 271.92,
    "volume" : 124805.00
  }, {
    "date" : "2025-04-07",
    "price" : 180.45,
    "dma50" : 204.85,
    "dma100" : null,
    "dma200" : 271.01,
    "volume" : 115977.00
  }, {
    "date" : "2025-04-08",
    "price" : 183.29,
    "dma50" : 204.00,
    "dma100" : null,
    "dma200" : 270.13,
    "volume" : 42791.00
  }, {
    "date" : "2025-04-09",
    "price" : 194.36,
    "dma50" : 203.62,
    "dma100" : null,
    "dma200" : 269.38,
    "volume" : 178422.00
  }, {
    "date" : "2025-04-11",
    "price" : 194.43,
    "dma50" : 203.26,
    "dma100" : null,
    "dma200" : 268.63,
    "volume" : 106661.00
  }, {
    "date" : "2025-04-15",
    "price" : 194.50,
    "dma50" : 202.92,
    "dma100" : null,
    "dma200" : 267.90,
    "volume" : 110060.00
  }, {
    "date" : "2025-04-16",
    "price" : 195.17,
    "dma50" : 202.62,
    "dma100" : null,
    "dma200" : 267.17,
    "volume" : 72477.00
  }, {
    "date" : "2025-04-17",
    "price" : 195.02,
    "dma50" : 202.32,
    "dma100" : null,
    "dma200" : 266.45,
    "volume" : 115674.00
  }, {
    "date" : "2025-04-21",
    "price" : 200.77,
    "dma50" : 202.26,
    "dma100" : null,
    "dma200" : 265.80,
    "volume" : 329707.00
  }, {
    "date" : "2025-04-22",
    "price" : 199.11,
    "dma50" : 202.13,
    "dma100" : null,
    "dma200" : 265.14,
    "volume" : 403692.00
  }, {
    "date" : "2025-04-23",
    "price" : 207.96,
    "dma50" : 202.36,
    "dma100" : null,
    "dma200" : 264.57,
    "volume" : 1911433.00
  }, {
    "date" : "2025-04-24",
    "price" : 201.97,
    "dma50" : 202.35,
    "dma100" : null,
    "dma200" : 263.95,
    "volume" : 226480.00
  }, {
    "date" : "2025-04-25",
    "price" : 195.65,
    "dma50" : 202.08,
    "dma100" : null,
    "dma200" : 263.27,
    "volume" : 224060.00
  }, {
    "date" : "2025-04-28",
    "price" : 196.49,
    "dma50" : 201.87,
    "dma100" : null,
    "dma200" : 262.60,
    "volume" : 112352.00
  }, {
    "date" : "2025-04-29",
    "price" : 193.24,
    "dma50" : 201.53,
    "dma100" : null,
    "dma200" : 261.91,
    "volume" : 61958.00
  }, {
    "date" : "2025-04-30",
    "price" : 190.56,
    "dma50" : 201.10,
    "dma100" : null,
    "dma200" : 261.20,
    "volume" : 74387.00
  }, {
    "date" : "2025-05-02",
    "price" : 190.19,
    "dma50" : 200.67,
    "dma100" : null,
    "dma200" : 260.50,
    "volume" : 64025.00
  }, {
    "date" : "2025-05-05",
    "price" : 190.52,
    "dma50" : 200.27,
    "dma100" : null,
    "dma200" : 259.80,
    "volume" : 42650.00
  }, {
    "date" : "2025-05-06",
    "price" : 186.27,
    "dma50" : 199.72,
    "dma100" : null,
    "dma200" : 259.07,
    "volume" : 65158.00
  }, {
    "date" : "2025-05-07",
    "price" : 189.07,
    "dma50" : 199.30,
    "dma100" : null,
    "dma200" : 258.37,
    "volume" : 57490.00
  }, {
    "date" : "2025-05-08",
    "price" : 192.25,
    "dma50" : 199.03,
    "dma100" : null,
    "dma200" : 257.71,
    "volume" : 67061.00
  }, {
    "date" : "2025-05-09",
    "price" : 192.10,
    "dma50" : 198.76,
    "dma100" : null,
    "dma200" : 257.06,
    "volume" : 73768.00
  }, {
    "date" : "2025-05-12",
    "price" : 196.17,
    "dma50" : 198.65,
    "dma100" : null,
    "dma200" : 256.45,
    "volume" : 98489.00
  }, {
    "date" : "2025-05-13",
    "price" : 195.90,
    "dma50" : 198.55,
    "dma100" : null,
    "dma200" : 255.85,
    "volume" : 94753.00
  }, {
    "date" : "2025-05-14",
    "price" : 197.57,
    "dma50" : 198.51,
    "dma100" : null,
    "dma200" : 255.27,
    "volume" : 226178.00
  }, {
    "date" : "2025-05-15",
    "price" : 196.20,
    "dma50" : 198.42,
    "dma100" : null,
    "dma200" : 254.68,
    "volume" : 168154.00
  }, {
    "date" : "2025-05-16",
    "price" : 199.56,
    "dma50" : 198.46,
    "dma100" : null,
    "dma200" : 254.14,
    "volume" : 166643.00
  }, {
    "date" : "2025-05-19",
    "price" : 202.88,
    "dma50" : 198.64,
    "dma100" : null,
    "dma200" : 253.63,
    "volume" : 136369.00
  }, {
    "date" : "2025-05-20",
    "price" : 199.20,
    "dma50" : 198.66,
    "dma100" : null,
    "dma200" : 253.08,
    "volume" : 100763.00
  }, {
    "date" : "2025-05-21",
    "price" : 199.58,
    "dma50" : 198.69,
    "dma100" : null,
    "dma200" : 252.55,
    "volume" : 98814.00
  }, {
    "date" : "2025-05-22",
    "price" : 201.29,
    "dma50" : 198.80,
    "dma100" : null,
    "dma200" : 252.04,
    "volume" : 146408.00
  }, {
    "date" : "2025-05-23",
    "price" : 198.85,
    "dma50" : 198.80,
    "dma100" : null,
    "dma200" : 251.51,
    "volume" : 110028.00
  }, {
    "date" : "2025-05-26",
    "price" : 208.46,
    "dma50" : 199.18,
    "dma100" : null,
    "dma200" : 251.08,
    "volume" : 361062.00
  }, {
    "date" : "2025-05-27",
    "price" : 213.37,
    "dma50" : 199.73,
    "dma100" : null,
    "dma200" : 250.71,
    "volume" : 351546.00
  }, {
    "date" : "2025-05-28",
    "price" : 208.64,
    "dma50" : 200.08,
    "dma100" : null,
    "dma200" : 250.29,
    "volume" : 231868.00
  }, {
    "date" : "2025-05-29",
    "price" : 206.86,
    "dma50" : 200.35,
    "dma100" : null,
    "dma200" : 249.86,
    "volume" : 138120.00
  }, {
    "date" : "2025-05-30",
    "price" : 205.28,
    "dma50" : 200.54,
    "dma100" : null,
    "dma200" : 249.41,
    "volume" : 89383.00
  }, {
    "date" : "2025-06-02",
    "price" : 204.28,
    "dma50" : 200.69,
    "dma100" : null,
    "dma200" : 248.97,
    "volume" : 205998.00
  }, {
    "date" : "2025-06-03",
    "price" : 204.99,
    "dma50" : 200.86,
    "dma100" : null,
    "dma200" : 248.53,
    "volume" : 234733.00
  }, {
    "date" : "2025-06-04",
    "price" : 202.22,
    "dma50" : 200.91,
    "dma100" : null,
    "dma200" : 248.07,
    "volume" : 115643.00
  }, {
    "date" : "2025-06-05",
    "price" : 203.81,
    "dma50" : 201.02,
    "dma100" : null,
    "dma200" : 247.63,
    "volume" : 105837.00
  }, {
    "date" : "2025-06-06",
    "price" : 205.26,
    "dma50" : 201.19,
    "dma100" : null,
    "dma200" : 247.20,
    "volume" : 146996.00
  }, {
    "date" : "2025-06-09",
    "price" : 206.67,
    "dma50" : 201.41,
    "dma100" : null,
    "dma200" : 246.80,
    "volume" : 95956.00
  }, {
    "date" : "2025-06-10",
    "price" : 206.69,
    "dma50" : 201.61,
    "dma100" : null,
    "dma200" : 246.40,
    "volume" : 142406.00
  }, {
    "date" : "2025-06-11",
    "price" : 206.41,
    "dma50" : 201.80,
    "dma100" : null,
    "dma200" : 246.00,
    "volume" : 243109.00
  }, {
    "date" : "2025-06-12",
    "price" : 207.90,
    "dma50" : 202.04,
    "dma100" : null,
    "dma200" : 245.63,
    "volume" : 290320.00
  }, {
    "date" : "2025-06-13",
    "price" : 207.49,
    "dma50" : 202.25,
    "dma100" : null,
    "dma200" : 245.25,
    "volume" : 115473.00
  }, {
    "date" : "2025-06-16",
    "price" : 208.48,
    "dma50" : 202.50,
    "dma100" : null,
    "dma200" : 244.88,
    "volume" : 130462.00
  }, {
    "date" : "2025-06-17",
    "price" : 209.62,
    "dma50" : 202.78,
    "dma100" : null,
    "dma200" : 244.53,
    "volume" : 222084.00
  }, {
    "date" : "2025-06-18",
    "price" : 210.56,
    "dma50" : 203.08,
    "dma100" : null,
    "dma200" : 244.19,
    "volume" : 144089.00
  }, {
    "date" : "2025-06-19",
    "price" : 211.31,
    "dma50" : 203.41,
    "dma100" : null,
    "dma200" : 243.86,
    "volume" : 527449.00
  }, {
    "date" : "2025-06-20",
    "price" : 213.19,
    "dma50" : 203.79,
    "dma100" : null,
    "dma200" : 243.56,
    "volume" : 226925.00
  }, {
    "date" : "2025-06-23",
    "price" : 211.79,
    "dma50" : 204.10,
    "dma100" : null,
    "dma200" : 243.24,
    "volume" : 273329.00
  }, {
    "date" : "2025-06-24",
    "price" : 215.97,
    "dma50" : 204.57,
    "dma100" : null,
    "dma200" : 242.97,
    "volume" : 287933.00
  }, {
    "date" : "2025-06-25",
    "price" : 218.22,
    "dma50" : 205.10,
    "dma100" : null,
    "dma200" : 242.72,
    "volume" : 190569.00
  }, {
    "date" : "2025-06-26",
    "price" : 219.04,
    "dma50" : 205.65,
    "dma100" : null,
    "dma200" : 242.49,
    "volume" : 295854.00
  }, {
    "date" : "2025-06-27",
    "price" : 215.13,
    "dma50" : 206.02,
    "dma100" : null,
    "dma200" : 242.22,
    "volume" : 113223.00
  }, {
    "date" : "2025-06-30",
    "price" : 211.16,
    "dma50" : 206.22,
    "dma100" : null,
    "dma200" : 241.91,
    "volume" : 216929.00
  }, {
    "date" : "2025-07-01",
    "price" : 212.04,
    "dma50" : 206.45,
    "dma100" : null,
    "dma200" : 241.61,
    "volume" : 113567.00
  }, {
    "date" : "2025-07-02",
    "price" : 218.91,
    "dma50" : 206.94,
    "dma100" : null,
    "dma200" : 241.38,
    "volume" : 1516408.00
  }, {
    "date" : "2025-07-03",
    "price" : 217.55,
    "dma50" : 207.36,
    "dma100" : null,
    "dma200" : 241.15,
    "volume" : 174862.00
  }, {
    "date" : "2025-07-04",
    "price" : 220.87,
    "dma50" : 207.89,
    "dma100" : null,
    "dma200" : 240.95,
    "volume" : 189932.00
  }, {
    "date" : "2025-07-07",
    "price" : 231.73,
    "dma50" : 208.82,
    "dma100" : null,
    "dma200" : 240.85,
    "volume" : 1066395.00
  }, {
    "date" : "2025-07-08",
    "price" : 228.99,
    "dma50" : 209.61,
    "dma100" : null,
    "dma200" : 240.74,
    "volume" : 324654.00
  }, {
    "date" : "2025-07-09",
    "price" : 233.05,
    "dma50" : 210.53,
    "dma100" : null,
    "dma200" : 240.66,
    "volume" : 833770.00
  }, {
    "date" : "2025-07-10",
    "price" : 236.12,
    "dma50" : 211.53,
    "dma100" : null,
    "dma200" : 240.61,
    "volume" : 432834.00
  }, {
    "date" : "2025-07-11",
    "price" : 229.82,
    "dma50" : 212.25,
    "dma100" : null,
    "dma200" : 240.51,
    "volume" : 190573.00
  }, {
    "date" : "2025-07-14",
    "price" : 228.11,
    "dma50" : 212.87,
    "dma100" : null,
    "dma200" : 240.38,
    "volume" : 117837.00
  }, {
    "date" : "2025-07-15",
    "price" : 231.56,
    "dma50" : 213.61,
    "dma100" : null,
    "dma200" : 240.30,
    "volume" : 612522.00
  }, {
    "date" : "2025-07-16",
    "price" : 229.82,
    "dma50" : 214.24,
    "dma100" : null,
    "dma200" : 240.19,
    "volume" : 188030.00
  }, {
    "date" : "2025-07-17",
    "price" : 228.98,
    "dma50" : 214.82,
    "dma100" : null,
    "dma200" : 240.08,
    "volume" : 260577.00
  }, {
    "date" : "2025-07-18",
    "price" : 227.53,
    "dma50" : 215.32,
    "dma100" : null,
    "dma200" : 239.96,
    "volume" : 115872.00
  }, {
    "date" : "2025-07-21",
    "price" : 224.77,
    "dma50" : 215.69,
    "dma100" : null,
    "dma200" : 239.80,
    "volume" : 140222.00
  }, {
    "date" : "2025-07-22",
    "price" : 230.40,
    "dma50" : 216.27,
    "dma100" : null,
    "dma200" : 239.71,
    "volume" : 176479.00
  }, {
    "date" : "2025-07-23",
    "price" : 223.03,
    "dma50" : 216.53,
    "dma100" : 202.34,
    "dma200" : 239.54,
    "volume" : 697608.00
  }, {
    "date" : "2025-07-24",
    "price" : 224.83,
    "dma50" : 216.86,
    "dma100" : 202.70,
    "dma200" : 239.40,
    "volume" : 149583.00
  }, {
    "date" : "2025-07-25",
    "price" : 218.56,
    "dma50" : 216.92,
    "dma100" : 203.06,
    "dma200" : 239.19,
    "volume" : 173118.00
  }, {
    "date" : "2025-07-28",
    "price" : 211.82,
    "dma50" : 216.72,
    "dma100" : 203.42,
    "dma200" : 238.92,
    "volume" : 225108.00
  }, {
    "date" : "2025-07-29",
    "price" : 213.54,
    "dma50" : 216.60,
    "dma100" : 203.77,
    "dma200" : 238.67,
    "volume" : 261891.00
  }, {
    "date" : "2025-07-30",
    "price" : 213.84,
    "dma50" : 216.49,
    "dma100" : 204.09,
    "dma200" : 238.42,
    "volume" : 107972.00
  }, {
    "date" : "2025-07-31",
    "price" : 220.22,
    "dma50" : 216.64,
    "dma100" : 204.24,
    "dma200" : 238.24,
    "volume" : 242762.00
  }, {
    "date" : "2025-08-01",
    "price" : 218.77,
    "dma50" : 216.72,
    "dma100" : 204.41,
    "dma200" : 238.04,
    "volume" : 131279.00
  }, {
    "date" : "2025-08-04",
    "price" : 217.35,
    "dma50" : 216.74,
    "dma100" : 204.56,
    "dma200" : 237.84,
    "volume" : 72696.00
  }, {
    "date" : "2025-08-05",
    "price" : 217.72,
    "dma50" : 216.78,
    "dma100" : 204.80,
    "dma200" : 237.64,
    "volume" : 38595.00
  }, {
    "date" : "2025-08-06",
    "price" : 214.48,
    "dma50" : 216.69,
    "dma100" : 205.01,
    "dma200" : 237.41,
    "volume" : 48716.00
  }, {
    "date" : "2025-08-07",
    "price" : 209.68,
    "dma50" : 216.42,
    "dma100" : 205.23,
    "dma200" : 237.13,
    "volume" : 102394.00
  }, {
    "date" : "2025-08-08",
    "price" : 207.48,
    "dma50" : 216.07,
    "dma100" : 205.44,
    "dma200" : 236.84,
    "volume" : 41535.00
  }, {
    "date" : "2025-08-11",
    "price" : 211.07,
    "dma50" : 215.87,
    "dma100" : 205.75,
    "dma200" : 236.58,
    "volume" : 52485.00
  }, {
    "date" : "2025-08-12",
    "price" : 213.20,
    "dma50" : 215.77,
    "dma100" : 206.07,
    "dma200" : 236.35,
    "volume" : 48600.00
  }, {
    "date" : "2025-08-13",
    "price" : 215.99,
    "dma50" : 215.78,
    "dma100" : 206.39,
    "dma200" : 236.15,
    "volume" : 77694.00
  }, {
    "date" : "2025-08-14",
    "price" : 212.58,
    "dma50" : 215.65,
    "dma100" : 206.66,
    "dma200" : 235.91,
    "volume" : 68357.00
  }, {
    "date" : "2025-08-18",
    "price" : 212.26,
    "dma50" : 215.52,
    "dma100" : 206.90,
    "dma200" : 235.68,
    "volume" : 112322.00
  }, {
    "date" : "2025-08-19",
    "price" : 216.94,
    "dma50" : 215.57,
    "dma100" : 207.14,
    "dma200" : 235.49,
    "volume" : 58568.00
  }, {
    "date" : "2025-08-20",
    "price" : 219.63,
    "dma50" : 215.73,
    "dma100" : 207.47,
    "dma200" : 235.33,
    "volume" : 60518.00
  }, {
    "date" : "2025-08-21",
    "price" : 216.93,
    "dma50" : 215.78,
    "dma100" : 207.84,
    "dma200" : 235.15,
    "volume" : 40482.00
  }, {
    "date" : "2025-08-22",
    "price" : 215.48,
    "dma50" : 215.77,
    "dma100" : 208.16,
    "dma200" : 234.95,
    "volume" : 37096.00
  }, {
    "date" : "2025-08-25",
    "price" : 217.64,
    "dma50" : 215.84,
    "dma100" : 208.53,
    "dma200" : 234.78,
    "volume" : 177216.00
  }, {
    "date" : "2025-08-26",
    "price" : 213.58,
    "dma50" : 215.75,
    "dma100" : 208.76,
    "dma200" : 234.57,
    "volume" : 75152.00
  }, {
    "date" : "2025-08-28",
    "price" : 210.93,
    "dma50" : 215.56,
    "dma100" : 208.95,
    "dma200" : 234.33,
    "volume" : 48067.00
  }, {
    "date" : "2025-08-29",
    "price" : 215.56,
    "dma50" : 215.56,
    "dma100" : 209.15,
    "dma200" : 234.15,
    "volume" : 80960.00
  }, {
    "date" : "2025-09-01",
    "price" : 230.80,
    "dma50" : 216.16,
    "dma100" : 209.58,
    "dma200" : 234.11,
    "volume" : 756561.00
  }, {
    "date" : "2025-09-02",
    "price" : 232.78,
    "dma50" : 216.81,
    "dma100" : 210.10,
    "dma200" : 234.10,
    "volume" : 380900.00
  }, {
    "date" : "2025-09-03",
    "price" : 232.09,
    "dma50" : 217.41,
    "dma100" : 210.59,
    "dma200" : 234.08,
    "volume" : 175919.00
  }, {
    "date" : "2025-09-04",
    "price" : 234.42,
    "dma50" : 218.08,
    "dma100" : 210.99,
    "dma200" : 234.08,
    "volume" : 292298.00
  }, {
    "date" : "2025-09-05",
    "price" : 238.15,
    "dma50" : 218.87,
    "dma100" : 211.42,
    "dma200" : 234.12,
    "volume" : 338307.00
  }, {
    "date" : "2025-09-08",
    "price" : 235.99,
    "dma50" : 219.54,
    "dma100" : 211.84,
    "dma200" : 234.14,
    "volume" : 343304.00
  }, {
    "date" : "2025-09-09",
    "price" : 232.72,
    "dma50" : 220.05,
    "dma100" : 212.21,
    "dma200" : 234.13,
    "volume" : 111481.00
  }, {
    "date" : "2025-09-10",
    "price" : 229.10,
    "dma50" : 220.41,
    "dma100" : 212.56,
    "dma200" : 234.08,
    "volume" : 84273.00
  }, {
    "date" : "2025-09-11",
    "price" : 230.85,
    "dma50" : 220.82,
    "dma100" : 212.86,
    "dma200" : 234.05,
    "volume" : 124911.00
  }, {
    "date" : "2025-09-12",
    "price" : 227.59,
    "dma50" : 221.08,
    "dma100" : 213.14,
    "dma200" : 233.98,
    "volume" : 78786.00
  }, {
    "date" : "2025-09-15",
    "price" : 229.02,
    "dma50" : 221.39,
    "dma100" : 213.35,
    "dma200" : 233.93,
    "volume" : 115541.00
  }, {
    "date" : "2025-09-16",
    "price" : 229.72,
    "dma50" : 221.72,
    "dma100" : 213.63,
    "dma200" : 233.89,
    "volume" : 135415.00
  }, {
    "date" : "2025-09-17",
    "price" : 233.36,
    "dma50" : 222.18,
    "dma100" : 214.01,
    "dma200" : 233.89,
    "volume" : 2404985.00
  }, {
    "date" : "2025-09-18",
    "price" : 239.87,
    "dma50" : 222.87,
    "dma100" : 214.44,
    "dma200" : 233.95,
    "volume" : 283309.00
  }, {
    "date" : "2025-09-19",
    "price" : 240.01,
    "dma50" : 223.54,
    "dma100" : 214.91,
    "dma200" : 234.01,
    "volume" : 164168.00
  }, {
    "date" : "2025-09-22",
    "price" : 240.31,
    "dma50" : 224.20,
    "dma100" : 215.41,
    "dma200" : 234.07,
    "volume" : 774152.00
  }, {
    "date" : "2025-09-23",
    "price" : 236.39,
    "dma50" : 224.68,
    "dma100" : 215.87,
    "dma200" : 234.09,
    "volume" : 140395.00
  }, {
    "date" : "2025-09-24",
    "price" : 235.86,
    "dma50" : 225.12,
    "dma100" : 216.32,
    "dma200" : 234.11,
    "volume" : 227873.00
  }, {
    "date" : "2025-09-25",
    "price" : 236.21,
    "dma50" : 225.55,
    "dma100" : 216.82,
    "dma200" : 234.13,
    "volume" : 136794.00
  }, {
    "date" : "2025-09-26",
    "price" : 229.52,
    "dma50" : 225.71,
    "dma100" : 217.22,
    "dma200" : 234.08,
    "volume" : 400944.00
  }, {
    "date" : "2025-09-29",
    "price" : 231.82,
    "dma50" : 225.95,
    "dma100" : 217.62,
    "dma200" : 234.06,
    "volume" : 107106.00
  }, {
    "date" : "2025-09-30",
    "price" : 234.17,
    "dma50" : 226.27,
    "dma100" : 218.04,
    "dma200" : 234.06,
    "volume" : 65767.00
  }, {
    "date" : "2025-10-01",
    "price" : 234.29,
    "dma50" : 226.58,
    "dma100" : 218.42,
    "dma200" : 234.06,
    "volume" : 56226.00
  }, {
    "date" : "2025-10-03",
    "price" : 238.01,
    "dma50" : 227.03,
    "dma100" : 218.84,
    "dma200" : 234.10,
    "volume" : 115001.00
  }, {
    "date" : "2025-10-06",
    "price" : 234.91,
    "dma50" : 227.34,
    "dma100" : 219.22,
    "dma200" : 234.11,
    "volume" : 113494.00
  }, {
    "date" : "2025-10-07",
    "price" : 234.70,
    "dma50" : 227.63,
    "dma100" : 219.60,
    "dma200" : 234.12,
    "volume" : 143415.00
  }, {
    "date" : "2025-10-08",
    "price" : 234.36,
    "dma50" : 227.89,
    "dma100" : 219.95,
    "dma200" : 234.12,
    "volume" : 137802.00
  }, {
    "date" : "2025-10-09",
    "price" : 233.30,
    "dma50" : 228.11,
    "dma100" : 220.25,
    "dma200" : 234.11,
    "volume" : 100548.00
  }, {
    "date" : "2025-10-10",
    "price" : 235.01,
    "dma50" : 228.38,
    "dma100" : 220.61,
    "dma200" : 234.12,
    "volume" : 118742.00
  }, {
    "date" : "2025-10-13",
    "price" : 234.48,
    "dma50" : 228.62,
    "dma100" : 220.96,
    "dma200" : 234.12,
    "volume" : 108816.00
  }, {
    "date" : "2025-10-14",
    "price" : 230.82,
    "dma50" : 228.70,
    "dma100" : 221.26,
    "dma200" : 234.09,
    "volume" : 94630.00
  }, {
    "date" : "2025-10-15",
    "price" : 227.97,
    "dma50" : 228.67,
    "dma100" : 221.55,
    "dma200" : 234.03,
    "volume" : 118357.00
  }, {
    "date" : "2025-10-16",
    "price" : 256.65,
    "dma50" : 229.77,
    "dma100" : 222.03,
    "dma200" : 234.26,
    "volume" : 20849536.00
  }, {
    "date" : "2025-10-17",
    "price" : 266.90,
    "dma50" : 231.23,
    "dma100" : 222.56,
    "dma200" : 234.58,
    "volume" : 2391784.00
  }, {
    "date" : "2025-10-20",
    "price" : 264.71,
    "dma50" : 232.54,
    "dma100" : 223.13,
    "dma200" : 234.88,
    "volume" : 667545.00
  }, {
    "date" : "2025-10-21",
    "price" : 268.22,
    "dma50" : 233.94,
    "dma100" : 223.74,
    "dma200" : 235.21,
    "volume" : 217184.00
  }, {
    "date" : "2025-10-23",
    "price" : 270.03,
    "dma50" : 235.35,
    "dma100" : 224.39,
    "dma200" : 235.56,
    "volume" : 523609.00
  }, {
    "date" : "2025-10-24",
    "price" : 265.14,
    "dma50" : 236.52,
    "dma100" : 225.00,
    "dma200" : 235.85,
    "volume" : 350936.00
  }, {
    "date" : "2025-10-27",
    "price" : 260.05,
    "dma50" : 237.45,
    "dma100" : 225.55,
    "dma200" : 236.09,
    "volume" : 419775.00
  }, {
    "date" : "2025-10-28",
    "price" : 257.07,
    "dma50" : 238.22,
    "dma100" : 226.09,
    "dma200" : 236.30,
    "volume" : 281156.00
  }, {
    "date" : "2025-10-29",
    "price" : 252.79,
    "dma50" : 238.79,
    "dma100" : 226.58,
    "dma200" : 236.47,
    "volume" : 360523.00
  }, {
    "date" : "2025-10-30",
    "price" : 249.11,
    "dma50" : 239.19,
    "dma100" : 227.02,
    "dma200" : 236.59,
    "volume" : 244171.00
  }, {
    "date" : "2025-10-31",
    "price" : 244.54,
    "dma50" : 239.40,
    "dma100" : 227.40,
    "dma200" : 236.67,
    "volume" : 135828.00
  }, {
    "date" : "2025-11-03",
    "price" : 246.58,
    "dma50" : 239.68,
    "dma100" : 227.80,
    "dma200" : 236.77,
    "volume" : 263042.00
  }, {
    "date" : "2025-11-04",
    "price" : 247.13,
    "dma50" : 239.97,
    "dma100" : 228.21,
    "dma200" : 236.87,
    "volume" : 202965.00
  }, {
    "date" : "2025-11-06",
    "price" : 238.39,
    "dma50" : 239.91,
    "dma100" : 228.51,
    "dma200" : 236.89,
    "volume" : 179396.00
  }, {
    "date" : "2025-11-07",
    "price" : 236.03,
    "dma50" : 239.76,
    "dma100" : 228.80,
    "dma200" : 236.88,
    "volume" : 176041.00
  }, {
    "date" : "2025-11-10",
    "price" : 240.94,
    "dma50" : 239.81,
    "dma100" : 229.12,
    "dma200" : 236.92,
    "volume" : 169682.00
  }, {
    "date" : "2025-11-11",
    "price" : 239.67,
    "dma50" : 239.80,
    "dma100" : 229.42,
    "dma200" : 236.95,
    "volume" : 116521.00
  }, {
    "date" : "2025-11-12",
    "price" : 240.83,
    "dma50" : 239.84,
    "dma100" : 229.73,
    "dma200" : 236.99,
    "volume" : 129381.00
  }, {
    "date" : "2025-11-13",
    "price" : 242.46,
    "dma50" : 239.94,
    "dma100" : 230.04,
    "dma200" : 237.04,
    "volume" : 163768.00
  }, {
    "date" : "2025-11-14",
    "price" : 236.65,
    "dma50" : 239.82,
    "dma100" : 230.27,
    "dma200" : 237.04,
    "volume" : 86017.00
  }, {
    "date" : "2025-11-17",
    "price" : 233.58,
    "dma50" : 239.57,
    "dma100" : 230.49,
    "dma200" : 237.00,
    "volume" : 210972.00
  }, {
    "date" : "2025-11-18",
    "price" : 229.68,
    "dma50" : 239.18,
    "dma100" : 230.63,
    "dma200" : 236.93,
    "volume" : 199294.00
  }, {
    "date" : "2025-11-19",
    "price" : 231.41,
    "dma50" : 238.88,
    "dma100" : 230.76,
    "dma200" : 236.87,
    "volume" : 243084.00
  }, {
    "date" : "2025-11-20",
    "price" : 225.89,
    "dma50" : 238.37,
    "dma100" : 230.83,
    "dma200" : 236.77,
    "volume" : 214102.00
  }, {
    "date" : "2025-11-21",
    "price" : 223.54,
    "dma50" : 237.79,
    "dma100" : 230.91,
    "dma200" : 236.63,
    "volume" : 66392.00
  }, {
    "date" : "2025-11-24",
    "price" : 218.45,
    "dma50" : 237.03,
    "dma100" : 230.98,
    "dma200" : 236.45,
    "volume" : 136916.00
  }, {
    "date" : "2025-11-25",
    "price" : 219.65,
    "dma50" : 236.35,
    "dma100" : 231.06,
    "dma200" : 236.29,
    "volume" : 111631.00
  }, {
    "date" : "2025-11-26",
    "price" : 223.06,
    "dma50" : 235.83,
    "dma100" : 231.10,
    "dma200" : 236.15,
    "volume" : 169092.00
  }, {
    "date" : "2025-11-27",
    "price" : 221.87,
    "dma50" : 235.28,
    "dma100" : 231.14,
    "dma200" : 236.01,
    "volume" : 70320.00
  }, {
    "date" : "2025-11-28",
    "price" : 219.14,
    "dma50" : 234.65,
    "dma100" : 231.13,
    "dma200" : 235.84,
    "volume" : 91833.00
  }, {
    "date" : "2025-12-01",
    "price" : 217.93,
    "dma50" : 233.99,
    "dma100" : 230.99,
    "dma200" : 235.67,
    "volume" : 136056.00
  }, {
    "date" : "2025-12-02",
    "price" : 217.30,
    "dma50" : 233.34,
    "dma100" : 230.87,
    "dma200" : 235.48,
    "volume" : 107220.00
  }, {
    "date" : "2025-12-03",
    "price" : 215.98,
    "dma50" : 232.66,
    "dma100" : 230.70,
    "dma200" : 235.29,
    "volume" : 162280.00
  }, {
    "date" : "2025-12-04",
    "price" : 213.63,
    "dma50" : 231.91,
    "dma100" : 230.48,
    "dma200" : 235.07,
    "volume" : 48980.00
  }, {
    "date" : "2025-12-05",
    "price" : 213.93,
    "dma50" : 231.20,
    "dma100" : 230.32,
    "dma200" : 234.86,
    "volume" : 115080.00
  }, {
    "date" : "2025-12-08",
    "price" : 209.02,
    "dma50" : 230.33,
    "dma100" : 230.13,
    "dma200" : 234.61,
    "volume" : 62069.00
  }, {
    "date" : "2025-12-09",
    "price" : 213.07,
    "dma50" : 229.66,
    "dma100" : 229.94,
    "dma200" : 234.39,
    "volume" : 144753.00
  }, {
    "date" : "2025-12-10",
    "price" : 211.78,
    "dma50" : 228.96,
    "dma100" : 229.76,
    "dma200" : 234.17,
    "volume" : 46830.00
  }, {
    "date" : "2025-12-11",
    "price" : 214.91,
    "dma50" : 228.41,
    "dma100" : 229.62,
    "dma200" : 233.98,
    "volume" : 189556.00
  }, {
    "date" : "2025-12-12",
    "price" : 212.69,
    "dma50" : 227.79,
    "dma100" : 229.47,
    "dma200" : 233.76,
    "volume" : 135762.00
  }, {
    "date" : "2025-12-15",
    "price" : 211.24,
    "dma50" : 227.14,
    "dma100" : 229.34,
    "dma200" : 233.54,
    "volume" : 108968.00
  }, {
    "date" : "2025-12-16",
    "price" : 210.34,
    "dma50" : 226.48,
    "dma100" : 229.14,
    "dma200" : 233.31,
    "volume" : 32704.00
  }, {
    "date" : "2025-12-17",
    "price" : 206.46,
    "dma50" : 225.70,
    "dma100" : 228.97,
    "dma200" : 233.04,
    "volume" : 58715.00
  }, {
    "date" : "2025-12-18",
    "price" : 205.51,
    "dma50" : 224.90,
    "dma100" : 228.78,
    "dma200" : 232.77,
    "volume" : 83425.00
  }, {
    "date" : "2025-12-19",
    "price" : 208.84,
    "dma50" : 224.27,
    "dma100" : 228.68,
    "dma200" : 232.53,
    "volume" : 79444.00
  }, {
    "date" : "2025-12-22",
    "price" : 211.10,
    "dma50" : 223.76,
    "dma100" : 228.67,
    "dma200" : 232.32,
    "volume" : 59680.00
  }, {
    "date" : "2025-12-23",
    "price" : 211.64,
    "dma50" : 223.28,
    "dma100" : 228.65,
    "dma200" : 232.11,
    "volume" : 60667.00
  }, {
    "date" : "2025-12-24",
    "price" : 210.64,
    "dma50" : 222.79,
    "dma100" : 228.62,
    "dma200" : 231.90,
    "volume" : 68257.00
  }, {
    "date" : "2025-12-26",
    "price" : 208.66,
    "dma50" : 222.23,
    "dma100" : 228.51,
    "dma200" : 231.67,
    "volume" : 48160.00
  }, {
    "date" : "2025-12-29",
    "price" : 206.15,
    "dma50" : 221.60,
    "dma100" : 228.38,
    "dma200" : 231.41,
    "volume" : 63660.00
  }, {
    "date" : "2025-12-30",
    "price" : 207.31,
    "dma50" : 221.04,
    "dma100" : 228.28,
    "dma200" : 231.17,
    "volume" : 38420.00
  }, {
    "date" : "2025-12-31",
    "price" : 211.70,
    "dma50" : 220.68,
    "dma100" : 228.22,
    "dma200" : 230.98,
    "volume" : 42241.00
  }, {
    "date" : "2026-01-01",
    "price" : 210.36,
    "dma50" : 220.27,
    "dma100" : 228.18,
    "dma200" : 230.77,
    "volume" : 27020.00
  }, {
    "date" : "2026-01-02",
    "price" : 212.60,
    "dma50" : 219.97,
    "dma100" : 228.21,
    "dma200" : 230.59,
    "volume" : 49492.00
  }, {
    "date" : "2026-01-05",
    "price" : 209.79,
    "dma50" : 219.57,
    "dma100" : 228.23,
    "dma200" : 230.38,
    "volume" : 33143.00
  }, {
    "date" : "2026-01-06",
    "price" : 206.51,
    "dma50" : 219.06,
    "dma100" : 228.19,
    "dma200" : 230.15,
    "volume" : 58071.00
  }, {
    "date" : "2026-01-07",
    "price" : 205.90,
    "dma50" : 218.54,
    "dma100" : 228.11,
    "dma200" : 229.91,
    "volume" : 21474.00
  }, {
    "date" : "2026-01-08",
    "price" : 201.38,
    "dma50" : 217.87,
    "dma100" : 227.97,
    "dma200" : 229.62,
    "volume" : 72809.00
  }, {
    "date" : "2026-01-09",
    "price" : 201.16,
    "dma50" : 217.21,
    "dma100" : 227.85,
    "dma200" : 229.34,
    "volume" : 53889.00
  }, {
    "date" : "2026-01-12",
    "price" : 195.09,
    "dma50" : 216.35,
    "dma100" : 227.68,
    "dma200" : 229.00,
    "volume" : 137848.00
  }, {
    "date" : "2026-01-13",
    "price" : 186.49,
    "dma50" : 215.18,
    "dma100" : 227.38,
    "dma200" : 228.58,
    "volume" : 454246.00
  }, {
    "date" : "2026-01-14",
    "price" : 190.41,
    "dma50" : 214.20,
    "dma100" : 227.08,
    "dma200" : 228.20,
    "volume" : 93157.00
  }, {
    "date" : "2026-01-16",
    "price" : 187.61,
    "dma50" : 213.16,
    "dma100" : 226.79,
    "dma200" : 227.79,
    "volume" : 120757.00
  }, {
    "date" : "2026-01-19",
    "price" : 188.62,
    "dma50" : 212.20,
    "dma100" : 226.52,
    "dma200" : 227.40,
    "volume" : 57506.00
  }, {
    "date" : "2026-01-20",
    "price" : 181.65,
    "dma50" : 211.00,
    "dma100" : 226.16,
    "dma200" : 226.95,
    "volume" : 65090.00
  }, {
    "date" : "2026-01-21",
    "price" : 185.23,
    "dma50" : 209.99,
    "dma100" : 225.88,
    "dma200" : 226.53,
    "volume" : 95667.00
  }, {
    "date" : "2026-01-22",
    "price" : 185.43,
    "dma50" : 209.03,
    "dma100" : 225.62,
    "dma200" : 226.12,
    "volume" : 526003.00
  }, {
    "date" : "2026-01-23",
    "price" : 181.07,
    "dma50" : 207.93,
    "dma100" : 225.28,
    "dma200" : 225.67,
    "volume" : 495667.00
  }, {
    "date" : "2026-01-27",
    "price" : 180.41,
    "dma50" : 206.85,
    "dma100" : 224.77,
    "dma200" : 225.22,
    "volume" : 578092.00
  }, {
    "date" : "2026-01-28",
    "price" : 189.13,
    "dma50" : 206.16,
    "dma100" : 224.34,
    "dma200" : 224.86,
    "volume" : 84186.00
  }, {
    "date" : "2026-01-29",
    "price" : 184.83,
    "dma50" : 205.32,
    "dma100" : 223.87,
    "dma200" : 224.47,
    "volume" : 51488.00
  }, {
    "date" : "2026-01-30",
    "price" : 180.19,
    "dma50" : 204.33,
    "dma100" : 223.32,
    "dma200" : 224.03,
    "volume" : 213002.00
  }, {
    "date" : "2026-02-01",
    "price" : 183.24,
    "dma50" : 203.51,
    "dma100" : 222.77,
    "dma200" : 223.62,
    "volume" : 45288.00
  }, {
    "date" : "2026-02-02",
    "price" : 181.78,
    "dma50" : 202.66,
    "dma100" : 222.23,
    "dma200" : 223.20,
    "volume" : 119378.00
  }, {
    "date" : "2026-02-03",
    "price" : 184.36,
    "dma50" : 201.94,
    "dma100" : 221.75,
    "dma200" : 222.82,
    "volume" : 326881.00
  }, {
    "date" : "2026-02-04",
    "price" : 184.63,
    "dma50" : 201.26,
    "dma100" : 221.30,
    "dma200" : 222.44,
    "volume" : 194751.00
  }, {
    "date" : "2026-02-05",
    "price" : 181.65,
    "dma50" : 200.49,
    "dma100" : 220.81,
    "dma200" : 222.03,
    "volume" : 107644.00
  }, {
    "date" : "2026-02-06",
    "price" : 184.48,
    "dma50" : 199.86,
    "dma100" : 220.38,
    "dma200" : 221.66,
    "volume" : 278245.00
  }, {
    "date" : "2026-02-09",
    "price" : 189.96,
    "dma50" : 199.47,
    "dma100" : 219.99,
    "dma200" : 221.34,
    "volume" : 321873.00
  }, {
    "date" : "2026-02-10",
    "price" : 191.43,
    "dma50" : 199.16,
    "dma100" : 219.61,
    "dma200" : 221.04,
    "volume" : 267573.00
  }, {
    "date" : "2026-02-11",
    "price" : 191.68,
    "dma50" : 198.87,
    "dma100" : 219.19,
    "dma200" : 220.75,
    "volume" : 933009.00
  }, {
    "date" : "2026-02-12",
    "price" : 193.76,
    "dma50" : 198.67,
    "dma100" : 218.73,
    "dma200" : 220.48,
    "volume" : 257042.00
  }, {
    "date" : "2026-02-13",
    "price" : 188.27,
    "dma50" : 198.26,
    "dma100" : 218.21,
    "dma200" : 220.16,
    "volume" : 186879.00
  }, {
    "date" : "2026-02-16",
    "price" : 180.55,
    "dma50" : 197.56,
    "dma100" : 217.61,
    "dma200" : 219.77,
    "volume" : 292340.00
  }, {
    "date" : "2026-02-17",
    "price" : 188.79,
    "dma50" : 197.22,
    "dma100" : 217.14,
    "dma200" : 219.46,
    "volume" : 440482.00
  }, {
    "date" : "2026-02-18",
    "price" : 188.12,
    "dma50" : 196.86,
    "dma100" : 216.66,
    "dma200" : 219.15,
    "volume" : 143487.00
  }, {
    "date" : "2026-02-19",
    "price" : 183.18,
    "dma50" : 196.33,
    "dma100" : 216.13,
    "dma200" : 218.79,
    "volume" : 77186.00
  }, {
    "date" : "2026-02-20",
    "price" : 182.45,
    "dma50" : 195.78,
    "dma100" : 215.66,
    "dma200" : 218.43,
    "volume" : 68334.00
  } ],
  "latestTechnicalAttributes" : {
    "date" : "2026-02-20",
    "price" : 182.45,
    "dma50" : 195.78,
    "dma100" : 215.66,
    "dma200" : 218.43,
    "volume" : 68334.00
  },
  "quarterlyResults" : [ {
    "date" : "2005-03-31",
    "sales" : 101.08,
    "salesGrowthYoY" : null,
    "grossProfitMargin" : 29.00,
    "grossProfit" : 29.31,
    "operatingProfitMargin" : 11.25,
    "operatingProfit" : 11.37,
    "netProfitMargin" : 4.96,
    "netProfit" : 5.01
  }, {
    "date" : "2005-06-30",
    "sales" : 112.53,
    "salesGrowthYoY" : null,
    "grossProfitMargin" : 30.24,
    "grossProfit" : 34.03,
    "operatingProfitMargin" : 12.63,
    "operatingProfit" : 14.21,
    "netProfitMargin" : 5.58,
    "netProfit" : 6.28
  }, {
    "date" : "2005-09-30",
    "sales" : 104.19,
    "salesGrowthYoY" : null,
    "grossProfitMargin" : 32.96,
    "grossProfit" : 34.34,
    "operatingProfitMargin" : 13.83,
    "operatingProfit" : 14.41,
    "netProfitMargin" : 6.82,
    "netProfit" : 7.11
  }, {
    "date" : "2005-12-31",
    "sales" : 115.07,
    "salesGrowthYoY" : null,
    "grossProfitMargin" : 32.76,
    "grossProfit" : 37.70,
    "operatingProfitMargin" : 12.81,
    "operatingProfit" : 14.74,
    "netProfitMargin" : 6.34,
    "netProfit" : 7.30
  }, {
    "date" : "2006-03-31",
    "sales" : 116.07,
    "salesGrowthYoY" : 14.83,
    "grossProfitMargin" : 31.47,
    "grossProfit" : 36.53,
    "operatingProfitMargin" : 11.58,
    "operatingProfit" : 13.44,
    "netProfitMargin" : 6.76,
    "netProfit" : 7.85
  }, {
    "date" : "2006-06-30",
    "sales" : 125.58,
    "salesGrowthYoY" : 11.60,
    "grossProfitMargin" : 31.13,
    "grossProfit" : 39.09,
    "operatingProfitMargin" : 11.55,
    "operatingProfit" : 14.50,
    "netProfitMargin" : 6.50,
    "netProfit" : 8.16
  }, {
    "date" : "2006-09-30",
    "sales" : 132.34,
    "salesGrowthYoY" : 27.02,
    "grossProfitMargin" : 30.18,
    "grossProfit" : 39.94,
    "operatingProfitMargin" : 10.95,
    "operatingProfit" : 14.49,
    "netProfitMargin" : 5.31,
    "netProfit" : 7.03
  }, {
    "date" : "2006-12-31",
    "sales" : 127.22,
    "salesGrowthYoY" : 10.56,
    "grossProfitMargin" : 28.45,
    "grossProfit" : 36.19,
    "operatingProfitMargin" : 9.90,
    "operatingProfit" : 12.59,
    "netProfitMargin" : 5.95,
    "netProfit" : 7.57
  }, {
    "date" : "2007-03-31",
    "sales" : 130.25,
    "salesGrowthYoY" : 12.22,
    "grossProfitMargin" : 29.62,
    "grossProfit" : 38.58,
    "operatingProfitMargin" : 10.67,
    "operatingProfit" : 13.90,
    "netProfitMargin" : 5.94,
    "netProfit" : 7.74
  }, {
    "date" : "2007-06-30",
    "sales" : 141.29,
    "salesGrowthYoY" : 12.51,
    "grossProfitMargin" : 28.74,
    "grossProfit" : 40.61,
    "operatingProfitMargin" : 9.38,
    "operatingProfit" : 13.25,
    "netProfitMargin" : 4.50,
    "netProfit" : 6.36
  }, {
    "date" : "2007-09-30",
    "sales" : 145.77,
    "salesGrowthYoY" : 10.15,
    "grossProfitMargin" : 28.24,
    "grossProfit" : 41.17,
    "operatingProfitMargin" : 8.68,
    "operatingProfit" : 12.65,
    "netProfitMargin" : 4.52,
    "netProfit" : 6.59
  }, {
    "date" : "2007-12-31",
    "sales" : 142.29,
    "salesGrowthYoY" : 11.85,
    "grossProfitMargin" : 31.21,
    "grossProfit" : 44.41,
    "operatingProfitMargin" : 11.23,
    "operatingProfit" : 15.98,
    "netProfitMargin" : 5.89,
    "netProfit" : 8.38
  }, {
    "date" : "2008-03-31",
    "sales" : 147.75,
    "salesGrowthYoY" : 13.44,
    "grossProfitMargin" : 31.97,
    "grossProfit" : 47.24,
    "operatingProfitMargin" : 12.36,
    "operatingProfit" : 18.26,
    "netProfitMargin" : 6.38,
    "netProfit" : 9.43
  }, {
    "date" : "2008-06-30",
    "sales" : 161.90,
    "salesGrowthYoY" : 14.59,
    "grossProfitMargin" : 32.42,
    "grossProfit" : 52.49,
    "operatingProfitMargin" : 7.89,
    "operatingProfit" : 12.77,
    "netProfitMargin" : 1.93,
    "netProfit" : 3.12
  }, {
    "date" : "2008-09-30",
    "sales" : 166.29,
    "salesGrowthYoY" : 14.08,
    "grossProfitMargin" : 29.36,
    "grossProfit" : 48.82,
    "operatingProfitMargin" : 8.09,
    "operatingProfit" : 13.45,
    "netProfitMargin" : 2.45,
    "netProfit" : 4.07
  }, {
    "date" : "2008-12-31",
    "sales" : 144.83,
    "salesGrowthYoY" : 1.79,
    "grossProfitMargin" : 31.71,
    "grossProfit" : 45.93,
    "operatingProfitMargin" : 9.23,
    "operatingProfit" : 13.37,
    "netProfitMargin" : 2.13,
    "netProfit" : 3.08
  }, {
    "date" : "2009-03-31",
    "sales" : 144.73,
    "salesGrowthYoY" : -2.04,
    "grossProfitMargin" : 37.35,
    "grossProfit" : 54.06,
    "operatingProfitMargin" : 16.57,
    "operatingProfit" : 23.98,
    "netProfitMargin" : 7.63,
    "netProfit" : 11.04
  }, {
    "date" : "2009-06-30",
    "sales" : 146.98,
    "salesGrowthYoY" : -9.22,
    "grossProfitMargin" : 33.59,
    "grossProfit" : 49.37,
    "operatingProfitMargin" : 13.04,
    "operatingProfit" : 19.17,
    "netProfitMargin" : 7.02,
    "netProfit" : 10.32
  }, {
    "date" : "2009-09-30",
    "sales" : 161.03,
    "salesGrowthYoY" : -3.16,
    "grossProfitMargin" : 33.04,
    "grossProfit" : 53.20,
    "operatingProfitMargin" : 10.72,
    "operatingProfit" : 17.26,
    "netProfitMargin" : 5.12,
    "netProfit" : 8.24
  }, {
    "date" : "2009-12-31",
    "sales" : 131.53,
    "salesGrowthYoY" : -9.18,
    "grossProfitMargin" : 34.30,
    "grossProfit" : 45.11,
    "operatingProfitMargin" : 12.45,
    "operatingProfit" : 16.38,
    "netProfitMargin" : 5.50,
    "netProfit" : 7.23
  }, {
    "date" : "2010-03-31",
    "sales" : 160.71,
    "salesGrowthYoY" : 11.04,
    "grossProfitMargin" : 32.33,
    "grossProfit" : 51.96,
    "operatingProfitMargin" : 11.69,
    "operatingProfit" : 18.79,
    "netProfitMargin" : 5.87,
    "netProfit" : 9.43
  }, {
    "date" : "2010-06-30",
    "sales" : 176.12,
    "salesGrowthYoY" : 19.83,
    "grossProfitMargin" : 30.33,
    "grossProfit" : 53.42,
    "operatingProfitMargin" : 9.27,
    "operatingProfit" : 16.33,
    "netProfitMargin" : 3.80,
    "netProfit" : 6.69
  }, {
    "date" : "2010-09-30",
    "sales" : 182.06,
    "salesGrowthYoY" : 13.06,
    "grossProfitMargin" : 28.86,
    "grossProfit" : 52.54,
    "operatingProfitMargin" : 9.13,
    "operatingProfit" : 16.62,
    "netProfitMargin" : 4.25,
    "netProfit" : 7.74
  }, {
    "date" : "2010-12-31",
    "sales" : 191.65,
    "salesGrowthYoY" : 45.71,
    "grossProfitMargin" : 29.26,
    "grossProfit" : 56.08,
    "operatingProfitMargin" : 11.94,
    "operatingProfit" : 22.88,
    "netProfitMargin" : 6.66,
    "netProfit" : 12.76
  }, {
    "date" : "2011-03-31",
    "sales" : 199.57,
    "salesGrowthYoY" : 24.18,
    "grossProfitMargin" : 28.97,
    "grossProfit" : 57.82,
    "operatingProfitMargin" : 12.06,
    "operatingProfit" : 24.07,
    "netProfitMargin" : 7.28,
    "netProfit" : 14.53
  }, {
    "date" : "2011-06-30",
    "sales" : 198.85,
    "salesGrowthYoY" : 12.91,
    "grossProfitMargin" : 32.57,
    "grossProfit" : 64.77,
    "operatingProfitMargin" : 12.96,
    "operatingProfit" : 25.77,
    "netProfitMargin" : 7.62,
    "netProfit" : 15.15
  }, {
    "date" : "2011-09-30",
    "sales" : 195.90,
    "salesGrowthYoY" : 7.60,
    "grossProfitMargin" : 30.34,
    "grossProfit" : 59.44,
    "operatingProfitMargin" : 9.35,
    "operatingProfit" : 18.32,
    "netProfitMargin" : 5.15,
    "netProfit" : 10.09
  }, {
    "date" : "2011-12-31",
    "sales" : 208.84,
    "salesGrowthYoY" : 8.97,
    "grossProfitMargin" : 29.79,
    "grossProfit" : 62.21,
    "operatingProfitMargin" : 8.89,
    "operatingProfit" : 18.57,
    "netProfitMargin" : 4.74,
    "netProfit" : 9.90
  }, {
    "date" : "2012-03-31",
    "sales" : 209.59,
    "salesGrowthYoY" : 5.02,
    "grossProfitMargin" : 30.80,
    "grossProfit" : 64.55,
    "operatingProfitMargin" : 11.45,
    "operatingProfit" : 24.00,
    "netProfitMargin" : 6.16,
    "netProfit" : 12.91
  }, {
    "date" : "2012-06-30",
    "sales" : 238.57,
    "salesGrowthYoY" : 19.97,
    "grossProfitMargin" : 30.17,
    "grossProfit" : 71.98,
    "operatingProfitMargin" : 10.14,
    "operatingProfit" : 24.19,
    "netProfitMargin" : 5.60,
    "netProfit" : 13.36
  }, {
    "date" : "2012-09-30",
    "sales" : 223.04,
    "salesGrowthYoY" : 13.85,
    "grossProfitMargin" : 28.78,
    "grossProfit" : 64.19,
    "operatingProfitMargin" : 7.94,
    "operatingProfit" : 17.71,
    "netProfitMargin" : 3.94,
    "netProfit" : 8.79
  }, {
    "date" : "2012-12-31",
    "sales" : 219.20,
    "salesGrowthYoY" : 4.96,
    "grossProfitMargin" : 31.20,
    "grossProfit" : 68.39,
    "operatingProfitMargin" : 9.95,
    "operatingProfit" : 21.81,
    "netProfitMargin" : 4.55,
    "netProfit" : 9.97
  }, {
    "date" : "2013-03-31",
    "sales" : 237.23,
    "salesGrowthYoY" : 13.19,
    "grossProfitMargin" : 30.92,
    "grossProfit" : 73.35,
    "operatingProfitMargin" : 11.50,
    "operatingProfit" : 27.28,
    "netProfitMargin" : 6.36,
    "netProfit" : 15.09
  }, {
    "date" : "2013-06-30",
    "sales" : 257.55,
    "salesGrowthYoY" : 7.96,
    "grossProfitMargin" : 30.23,
    "grossProfit" : 77.86,
    "operatingProfitMargin" : 10.68,
    "operatingProfit" : 27.51,
    "netProfitMargin" : 5.61,
    "netProfit" : 14.45
  }, {
    "date" : "2013-09-30",
    "sales" : 251.03,
    "salesGrowthYoY" : 12.55,
    "grossProfitMargin" : 29.31,
    "grossProfit" : 73.58,
    "operatingProfitMargin" : 8.65,
    "operatingProfit" : 21.71,
    "netProfitMargin" : 3.62,
    "netProfit" : 9.09
  }, {
    "date" : "2013-12-31",
    "sales" : 260.66,
    "salesGrowthYoY" : 18.91,
    "grossProfitMargin" : 27.34,
    "grossProfit" : 71.26,
    "operatingProfitMargin" : 8.64,
    "operatingProfit" : 22.52,
    "netProfitMargin" : 4.12,
    "netProfit" : 10.74
  }, {
    "date" : "2014-03-31",
    "sales" : 271.13,
    "salesGrowthYoY" : 14.29,
    "grossProfitMargin" : 28.45,
    "grossProfit" : 77.14,
    "operatingProfitMargin" : 10.21,
    "operatingProfit" : 27.68,
    "netProfitMargin" : 5.61,
    "netProfit" : 15.21
  }, {
    "date" : "2014-06-30",
    "sales" : 286.02,
    "salesGrowthYoY" : 11.05,
    "grossProfitMargin" : 27.31,
    "grossProfit" : 78.11,
    "operatingProfitMargin" : 9.42,
    "operatingProfit" : 26.94,
    "netProfitMargin" : 5.39,
    "netProfit" : 15.42
  }, {
    "date" : "2014-09-30",
    "sales" : 290.94,
    "salesGrowthYoY" : 15.90,
    "grossProfitMargin" : 26.56,
    "grossProfit" : 77.27,
    "operatingProfitMargin" : 7.77,
    "operatingProfit" : 22.61,
    "netProfitMargin" : 4.34,
    "netProfit" : 12.63
  }, {
    "date" : "2014-12-31",
    "sales" : 287.13,
    "salesGrowthYoY" : 10.15,
    "grossProfitMargin" : 27.58,
    "grossProfit" : 79.19,
    "operatingProfitMargin" : 8.56,
    "operatingProfit" : 24.58,
    "netProfitMargin" : 5.25,
    "netProfit" : 15.07
  }, {
    "date" : "2015-03-31",
    "sales" : 283.03,
    "salesGrowthYoY" : 4.39,
    "grossProfitMargin" : 31.57,
    "grossProfit" : 89.35,
    "operatingProfitMargin" : 12.84,
    "operatingProfit" : 36.34,
    "netProfitMargin" : 6.47,
    "netProfit" : 18.31
  }, {
    "date" : "2015-06-30",
    "sales" : 297.88,
    "salesGrowthYoY" : 4.15,
    "grossProfitMargin" : 29.91,
    "grossProfit" : 89.10,
    "operatingProfitMargin" : 10.71,
    "operatingProfit" : 31.90,
    "netProfitMargin" : 4.28,
    "netProfit" : 12.75
  }, {
    "date" : "2015-09-30",
    "sales" : 279.18,
    "salesGrowthYoY" : -4.04,
    "grossProfitMargin" : 28.40,
    "grossProfit" : 79.29,
    "operatingProfitMargin" : 7.73,
    "operatingProfit" : 21.58,
    "netProfitMargin" : 3.04,
    "netProfit" : 8.49
  }, {
    "date" : "2015-12-31",
    "sales" : 290.88,
    "salesGrowthYoY" : 1.31,
    "grossProfitMargin" : 32.08,
    "grossProfit" : 93.31,
    "operatingProfitMargin" : 10.48,
    "operatingProfit" : 30.48,
    "netProfitMargin" : 3.28,
    "netProfit" : 9.54
  }, {
    "date" : "2016-03-31",
    "sales" : 525.61,
    "salesGrowthYoY" : 85.71,
    "grossProfitMargin" : 35.67,
    "grossProfit" : 187.49,
    "operatingProfitMargin" : 15.05,
    "operatingProfit" : 79.10,
    "netProfitMargin" : 6.56,
    "netProfit" : 34.48
  }, {
    "date" : "2016-06-30",
    "sales" : 573.03,
    "salesGrowthYoY" : 92.37,
    "grossProfitMargin" : 31.73,
    "grossProfit" : 181.82,
    "operatingProfitMargin" : 10.31,
    "operatingProfit" : 59.08,
    "netProfitMargin" : 3.29,
    "netProfit" : 18.85
  }, {
    "date" : "2016-09-30",
    "sales" : 558.31,
    "salesGrowthYoY" : 99.98,
    "grossProfitMargin" : 31.43,
    "grossProfit" : 175.48,
    "operatingProfitMargin" : 9.95,
    "operatingProfit" : 55.55,
    "netProfitMargin" : 2.95,
    "netProfit" : 16.47
  }, {
    "date" : "2016-12-31",
    "sales" : 523.37,
    "salesGrowthYoY" : 79.93,
    "grossProfitMargin" : 32.18,
    "grossProfit" : 168.42,
    "operatingProfitMargin" : 10.26,
    "operatingProfit" : 53.70,
    "netProfitMargin" : 2.45,
    "netProfit" : 12.82
  }, {
    "date" : "2017-03-31",
    "sales" : 511.84,
    "salesGrowthYoY" : -2.62,
    "grossProfitMargin" : 32.69,
    "grossProfit" : 167.32,
    "operatingProfitMargin" : 10.35,
    "operatingProfit" : 52.98,
    "netProfitMargin" : 3.19,
    "netProfit" : 16.33
  }, {
    "date" : "2017-06-30",
    "sales" : 510.78,
    "salesGrowthYoY" : -10.86,
    "grossProfitMargin" : 32.42,
    "grossProfit" : 165.59,
    "operatingProfitMargin" : 8.10,
    "operatingProfit" : 41.37,
    "netProfitMargin" : 1.42,
    "netProfit" : 7.25
  }, {
    "date" : "2017-09-30",
    "sales" : 546.42,
    "salesGrowthYoY" : -2.13,
    "grossProfitMargin" : 33.70,
    "grossProfit" : 184.14,
    "operatingProfitMargin" : 11.67,
    "operatingProfit" : 63.77,
    "netProfitMargin" : 3.50,
    "netProfit" : 19.12
  }, {
    "date" : "2017-12-31",
    "sales" : 561.91,
    "salesGrowthYoY" : 7.36,
    "grossProfitMargin" : 33.02,
    "grossProfit" : 185.54,
    "operatingProfitMargin" : 10.74,
    "operatingProfit" : 60.35,
    "netProfitMargin" : 3.73,
    "netProfit" : 20.96
  }, {
    "date" : "2018-03-31",
    "sales" : 553.01,
    "salesGrowthYoY" : 8.04,
    "grossProfitMargin" : 32.85,
    "grossProfit" : 181.66,
    "operatingProfitMargin" : 10.07,
    "operatingProfit" : 55.69,
    "netProfitMargin" : 3.22,
    "netProfit" : 17.81
  }, {
    "date" : "2018-06-30",
    "sales" : 595.48,
    "salesGrowthYoY" : 16.58,
    "grossProfitMargin" : 31.31,
    "grossProfit" : 186.44,
    "operatingProfitMargin" : 8.69,
    "operatingProfit" : 51.75,
    "netProfitMargin" : 2.39,
    "netProfit" : 14.23
  }, {
    "date" : "2018-09-30",
    "sales" : 607.51,
    "salesGrowthYoY" : 11.18,
    "grossProfitMargin" : 31.28,
    "grossProfit" : 190.03,
    "operatingProfitMargin" : 8.34,
    "operatingProfit" : 50.67,
    "netProfitMargin" : -2.49,
    "netProfit" : -15.13
  }, {
    "date" : "2018-12-31",
    "sales" : 613.07,
    "salesGrowthYoY" : 9.10,
    "grossProfitMargin" : 33.15,
    "grossProfit" : 203.23,
    "operatingProfitMargin" : 10.73,
    "operatingProfit" : 65.78,
    "netProfitMargin" : 2.93,
    "netProfit" : 17.96
  }, {
    "date" : "2019-03-31",
    "sales" : 629.41,
    "salesGrowthYoY" : 13.82,
    "grossProfitMargin" : 34.92,
    "grossProfit" : 219.79,
    "operatingProfitMargin" : 13.86,
    "operatingProfit" : 87.24,
    "netProfitMargin" : 6.68,
    "netProfit" : 42.04
  }, {
    "date" : "2019-06-30",
    "sales" : 633.75,
    "salesGrowthYoY" : 6.43,
    "grossProfitMargin" : 34.48,
    "grossProfit" : 218.52,
    "operatingProfitMargin" : 11.20,
    "operatingProfit" : 70.98,
    "netProfitMargin" : 4.41,
    "netProfit" : 27.95
  }, {
    "date" : "2019-09-30",
    "sales" : 650.14,
    "salesGrowthYoY" : 7.02,
    "grossProfitMargin" : 33.32,
    "grossProfit" : 216.63,
    "operatingProfitMargin" : 10.18,
    "operatingProfit" : 66.18,
    "netProfitMargin" : 4.91,
    "netProfit" : 31.92
  }, {
    "date" : "2019-12-31",
    "sales" : 677.66,
    "salesGrowthYoY" : 10.54,
    "grossProfitMargin" : 31.80,
    "grossProfit" : 215.50,
    "operatingProfitMargin" : 9.74,
    "operatingProfit" : 66.00,
    "netProfitMargin" : 10.06,
    "netProfit" : 68.17
  }, {
    "date" : "2020-03-31",
    "sales" : 578.30,
    "salesGrowthYoY" : -8.12,
    "grossProfitMargin" : 35.65,
    "grossProfit" : 206.16,
    "operatingProfitMargin" : 8.64,
    "operatingProfit" : 49.97,
    "netProfitMargin" : 4.72,
    "netProfit" : 27.30
  }, {
    "date" : "2020-06-30",
    "sales" : 640.79,
    "salesGrowthYoY" : 1.11,
    "grossProfitMargin" : 34.59,
    "grossProfit" : 221.65,
    "operatingProfitMargin" : 10.53,
    "operatingProfit" : 67.48,
    "netProfitMargin" : 4.17,
    "netProfit" : 26.72
  }, {
    "date" : "2020-09-30",
    "sales" : 685.90,
    "salesGrowthYoY" : 5.50,
    "grossProfitMargin" : 34.89,
    "grossProfit" : 239.31,
    "operatingProfitMargin" : 11.29,
    "operatingProfit" : 77.44,
    "netProfitMargin" : 5.38,
    "netProfit" : 36.90
  }, {
    "date" : "2020-12-31",
    "sales" : 557.71,
    "salesGrowthYoY" : -17.70,
    "grossProfitMargin" : 32.84,
    "grossProfit" : 183.15,
    "operatingProfitMargin" : 6.36,
    "operatingProfit" : 35.47,
    "netProfitMargin" : 0.91,
    "netProfit" : 5.08
  }, {
    "date" : "2021-03-31",
    "sales" : 632.34,
    "salesGrowthYoY" : 9.34,
    "grossProfitMargin" : 32.99,
    "grossProfit" : 208.61,
    "operatingProfitMargin" : 6.69,
    "operatingProfit" : 42.30,
    "netProfitMargin" : 2.56,
    "netProfit" : 16.19
  }, {
    "date" : "2021-06-30",
    "sales" : 662.64,
    "salesGrowthYoY" : 3.41,
    "grossProfitMargin" : 27.97,
    "grossProfit" : 185.34,
    "operatingProfitMargin" : 3.43,
    "operatingProfit" : 22.73,
    "netProfitMargin" : -0.53,
    "netProfit" : -3.51
  }, {
    "date" : "2021-09-30",
    "sales" : 668.73,
    "salesGrowthYoY" : -2.50,
    "grossProfitMargin" : 27.96,
    "grossProfit" : 186.98,
    "operatingProfitMargin" : 4.62,
    "operatingProfit" : 30.90,
    "netProfitMargin" : 1.34,
    "netProfit" : 8.96
  }, {
    "date" : "2021-12-31",
    "sales" : 661.57,
    "salesGrowthYoY" : 18.62,
    "grossProfitMargin" : 26.01,
    "grossProfit" : 172.07,
    "operatingProfitMargin" : 1.64,
    "operatingProfit" : 10.85,
    "netProfitMargin" : -2.04,
    "netProfit" : -13.50
  }, {
    "date" : "2022-03-31",
    "sales" : 728.51,
    "salesGrowthYoY" : 15.21,
    "grossProfitMargin" : 28.28,
    "grossProfit" : 206.02,
    "operatingProfitMargin" : 6.96,
    "operatingProfit" : 50.70,
    "netProfitMargin" : 3.38,
    "netProfit" : 24.62
  }, {
    "date" : "2022-06-30",
    "sales" : 792.67,
    "salesGrowthYoY" : 19.62,
    "grossProfitMargin" : 26.22,
    "grossProfit" : 207.84,
    "operatingProfitMargin" : 4.35,
    "operatingProfit" : 34.48,
    "netProfitMargin" : 1.03,
    "netProfit" : 8.16
  }, {
    "date" : "2022-09-30",
    "sales" : 769.03,
    "salesGrowthYoY" : 15.00,
    "grossProfitMargin" : 25.04,
    "grossProfit" : 192.57,
    "operatingProfitMargin" : 2.98,
    "operatingProfit" : 22.92,
    "netProfitMargin" : 0.01,
    "netProfit" : 0.08
  }, {
    "date" : "2022-12-31",
    "sales" : 692.71,
    "salesGrowthYoY" : 4.71,
    "grossProfitMargin" : 27.82,
    "grossProfit" : 192.71,
    "operatingProfitMargin" : 7.06,
    "operatingProfit" : 48.91,
    "netProfitMargin" : 2.43,
    "netProfit" : 16.83
  }, {
    "date" : "2023-03-31",
    "sales" : 661.53,
    "salesGrowthYoY" : -9.19,
    "grossProfitMargin" : 30.35,
    "grossProfit" : 200.77,
    "operatingProfitMargin" : 7.75,
    "operatingProfit" : 51.27,
    "netProfitMargin" : 5.36,
    "netProfit" : 35.46
  }, {
    "date" : "2023-06-30",
    "sales" : 621.70,
    "salesGrowthYoY" : -21.57,
    "grossProfitMargin" : 31.72,
    "grossProfit" : 197.20,
    "operatingProfitMargin" : 6.43,
    "operatingProfit" : 39.98,
    "netProfitMargin" : 2.57,
    "netProfit" : 15.98
  }, {
    "date" : "2023-09-30",
    "sales" : 662.48,
    "salesGrowthYoY" : -13.86,
    "grossProfitMargin" : 31.53,
    "grossProfit" : 208.88,
    "operatingProfitMargin" : 6.91,
    "operatingProfit" : 45.78,
    "netProfitMargin" : 4.87,
    "netProfit" : 32.26
  }, {
    "date" : "2023-12-31",
    "sales" : 603.73,
    "salesGrowthYoY" : -12.85,
    "grossProfitMargin" : 34.11,
    "grossProfit" : 205.93,
    "operatingProfitMargin" : 9.56,
    "operatingProfit" : 57.72,
    "netProfitMargin" : 5.78,
    "netProfit" : 34.90
  }, {
    "date" : "2024-03-31",
    "sales" : 610.12,
    "salesGrowthYoY" : -7.77,
    "grossProfitMargin" : 33.67,
    "grossProfit" : 205.43,
    "operatingProfitMargin" : 6.73,
    "operatingProfit" : 41.06,
    "netProfitMargin" : 4.27,
    "netProfit" : 26.05
  }, {
    "date" : "2024-06-30",
    "sales" : 639.45,
    "salesGrowthYoY" : 2.86,
    "grossProfitMargin" : 30.72,
    "grossProfit" : 196.44,
    "operatingProfitMargin" : 5.00,
    "operatingProfit" : 31.97,
    "netProfitMargin" : 2.53,
    "netProfit" : 16.18
  }, {
    "date" : "2024-09-30",
    "sales" : 652.50,
    "salesGrowthYoY" : -1.51,
    "grossProfitMargin" : 30.20,
    "grossProfit" : 197.06,
    "operatingProfitMargin" : 2.77,
    "operatingProfit" : 18.07,
    "netProfitMargin" : 1.64,
    "netProfit" : 10.70
  }, {
    "date" : "2024-12-31",
    "sales" : 619.11,
    "salesGrowthYoY" : 2.55,
    "grossProfitMargin" : 29.47,
    "grossProfit" : 182.45,
    "operatingProfitMargin" : 4.24,
    "operatingProfit" : 26.25,
    "netProfitMargin" : 1.90,
    "netProfit" : 11.76
  }, {
    "date" : "2025-03-31",
    "sales" : 609.93,
    "salesGrowthYoY" : -0.03,
    "grossProfitMargin" : 33.99,
    "grossProfit" : 207.32,
    "operatingProfitMargin" : 6.35,
    "operatingProfit" : 38.73,
    "netProfitMargin" : 4.21,
    "netProfit" : 25.68
  }, {
    "date" : "2025-06-30",
    "sales" : 612.23,
    "salesGrowthYoY" : -4.26,
    "grossProfitMargin" : 34.43,
    "grossProfit" : 210.79,
    "operatingProfitMargin" : 6.96,
    "operatingProfit" : 42.61,
    "netProfitMargin" : 4.04,
    "netProfit" : 24.73
  }, {
    "date" : "2025-09-30",
    "sales" : 624.73,
    "salesGrowthYoY" : -4.26,
    "grossProfitMargin" : 33.87,
    "grossProfit" : 211.60,
    "operatingProfitMargin" : 8.88,
    "operatingProfit" : 55.48,
    "netProfitMargin" : 5.89,
    "netProfit" : 36.80
  }, {
    "date" : "2025-12-31",
    "sales" : 622.52,
    "salesGrowthYoY" : 0.55,
    "grossProfitMargin" : 33.65,
    "grossProfit" : 209.48,
    "operatingProfitMargin" : 8.68,
    "operatingProfit" : 54.03,
    "netProfitMargin" : 4.87,
    "netProfit" : 30.32
  } ],
  "latestQuarterlyResult" : {
    "date" : "2025-12-31",
    "sales" : 622.52,
    "salesGrowthYoY" : 0.55,
    "grossProfitMargin" : 33.65,
    "grossProfit" : 209.48,
    "operatingProfitMargin" : 8.68,
    "operatingProfit" : 54.03,
    "netProfitMargin" : 4.87,
    "netProfit" : 30.32
  },
  "companyScore" : {
    "priceHigherThanDma50" : 0.00,
    "priceHigherThanDma100" : 0.00,
    "priceHigherThanDma200" : 0.00,
    "dma50HigherThanDma100" : 0.00,
    "dma50HigherThanDma200" : 0.00,
    "dma100HigherThanDma200" : 0.00,
    "pricePercentageAboveDma50" : 5.34,
    "pricePercentageAboveDma100" : 5.77,
    "pricePercentageAboveDma200" : 5.82,
    "weeklyVolumeHigherThanYearlyVolume" : 0.00,
    "salesGrowthPercentile" : 5.25,
    "operatingProfitMarginPercentile" : 9.43,
    "netProfitMarginPercentile" : 5.86,
    "totalTechnicalScore" : 16.93,
    "totalFundamentalScore" : 20.55,
    "totalScore" : 37.48
  }
}