{
  "metadata" : {
    "screenerCompanyId" : "1436",
    "companyCode" : "IBULLSLTD",
    "companyName" : "Indiabulls",
    "screenerCompanyLink" : "https://www.screener.in/company/IBULLSLTD/consolidated/",
    "screenerTechnicalHistoryLink" : "https://www.screener.in/api/company/1436/chart/?q=Price-DMA50-DMA200-Volume&days=365",
    "screenerQuarterlyResultsLink" : "https://www.screener.in/api/company/1436/chart/?q=GPM-OPM-NPM-Quarter+Sales&days=10000",
    "attributes" : {
      "companyCode" : "IBULLSLTD",
      "companyName" : "Indiabulls",
      "marketCap" : 2252.00,
      "peRatio" : 78.50,
      "description" : "Incorporated in 2007, Indiabulls Ltd is in the business of Real Estate and Financial Services[1]"
    },
    "companyScore" : {
      "priceHigherThanDma50" : 0.00,
      "priceHigherThanDma100" : 0.00,
      "priceHigherThanDma200" : 0.00,
      "dma50HigherThanDma100" : 0.00,
      "dma50HigherThanDma200" : 0.00,
      "dma100HigherThanDma200" : 5.00,
      "pricePercentageAboveDma50" : 6.34,
      "pricePercentageAboveDma100" : 6.92,
      "pricePercentageAboveDma200" : 6.76,
      "weeklyVolumeHigherThanYearlyVolume" : 5.00,
      "salesGrowthPercentile" : 13.90,
      "operatingProfitMarginPercentile" : 19.05,
      "netProfitMarginPercentile" : 2.70,
      "totalTechnicalScore" : 30.02,
      "totalFundamentalScore" : 35.64,
      "totalScore" : 65.66
    }
  },
  "attributes" : {
    "companyCode" : "IBULLSLTD",
    "companyName" : "Indiabulls",
    "marketCap" : 2252.00,
    "peRatio" : 78.50,
    "description" : "Incorporated in 2007, Indiabulls Ltd is in the business of Real Estate and Financial Services[1]"
  },
  "technicalHistory" : [ {
    "date" : "2025-02-17",
    "price" : 13.76,
    "dma50" : 14.76,
    "dma100" : null,
    "dma200" : 13.16,
    "volume" : 46290.00
  }, {
    "date" : "2025-02-18",
    "price" : 13.60,
    "dma50" : 14.72,
    "dma100" : null,
    "dma200" : 13.16,
    "volume" : 91045.00
  }, {
    "date" : "2025-02-19",
    "price" : 14.27,
    "dma50" : 14.70,
    "dma100" : null,
    "dma200" : 13.17,
    "volume" : 43925.00
  }, {
    "date" : "2025-02-20",
    "price" : 14.46,
    "dma50" : 14.69,
    "dma100" : null,
    "dma200" : 13.18,
    "volume" : 90153.00
  }, {
    "date" : "2025-02-21",
    "price" : 14.71,
    "dma50" : 14.69,
    "dma100" : null,
    "dma200" : 13.20,
    "volume" : 44651.00
  }, {
    "date" : "2025-02-24",
    "price" : 14.97,
    "dma50" : 14.70,
    "dma100" : null,
    "dma200" : 13.22,
    "volume" : 54589.00
  }, {
    "date" : "2025-02-25",
    "price" : 14.80,
    "dma50" : 14.71,
    "dma100" : null,
    "dma200" : 13.23,
    "volume" : 169324.00
  }, {
    "date" : "2025-02-27",
    "price" : 14.06,
    "dma50" : 14.68,
    "dma100" : null,
    "dma200" : 13.24,
    "volume" : 32632.00
  }, {
    "date" : "2025-02-28",
    "price" : 13.35,
    "dma50" : 14.63,
    "dma100" : null,
    "dma200" : 13.24,
    "volume" : 23031.00
  }, {
    "date" : "2025-03-03",
    "price" : 12.68,
    "dma50" : 14.55,
    "dma100" : null,
    "dma200" : 13.24,
    "volume" : 38107.00
  }, {
    "date" : "2025-03-04",
    "price" : 12.30,
    "dma50" : 14.46,
    "dma100" : null,
    "dma200" : 13.23,
    "volume" : 177810.00
  }, {
    "date" : "2025-03-05",
    "price" : 12.91,
    "dma50" : 14.40,
    "dma100" : null,
    "dma200" : 13.22,
    "volume" : 23559.00
  }, {
    "date" : "2025-03-06",
    "price" : 13.16,
    "dma50" : 14.35,
    "dma100" : null,
    "dma200" : 13.22,
    "volume" : 26988.00
  }, {
    "date" : "2025-03-07",
    "price" : 13.77,
    "dma50" : 14.33,
    "dma100" : null,
    "dma200" : 13.23,
    "volume" : 130065.00
  }, {
    "date" : "2025-03-10",
    "price" : 13.12,
    "dma50" : 14.28,
    "dma100" : null,
    "dma200" : 13.23,
    "volume" : 36088.00
  }, {
    "date" : "2025-03-11",
    "price" : 13.10,
    "dma50" : 14.24,
    "dma100" : null,
    "dma200" : 13.23,
    "volume" : 84140.00
  }, {
    "date" : "2025-03-12",
    "price" : 13.75,
    "dma50" : 14.22,
    "dma100" : null,
    "dma200" : 13.23,
    "volume" : 164285.00
  }, {
    "date" : "2025-03-13",
    "price" : 14.10,
    "dma50" : 14.21,
    "dma100" : null,
    "dma200" : 13.24,
    "volume" : 596982.00
  }, {
    "date" : "2025-03-17",
    "price" : 13.77,
    "dma50" : 14.20,
    "dma100" : null,
    "dma200" : 13.24,
    "volume" : 101206.00
  }, {
    "date" : "2025-03-18",
    "price" : 13.29,
    "dma50" : 14.16,
    "dma100" : null,
    "dma200" : 13.25,
    "volume" : 910813.00
  }, {
    "date" : "2025-03-19",
    "price" : 13.95,
    "dma50" : 14.15,
    "dma100" : null,
    "dma200" : 13.25,
    "volume" : 584602.00
  }, {
    "date" : "2025-03-20",
    "price" : 14.64,
    "dma50" : 14.17,
    "dma100" : null,
    "dma200" : 13.27,
    "volume" : 193609.00
  }, {
    "date" : "2025-03-21",
    "price" : 14.89,
    "dma50" : 14.20,
    "dma100" : null,
    "dma200" : 13.28,
    "volume" : 229578.00
  }, {
    "date" : "2025-03-24",
    "price" : 14.98,
    "dma50" : 14.23,
    "dma100" : null,
    "dma200" : 13.30,
    "volume" : 145999.00
  }, {
    "date" : "2025-03-25",
    "price" : 14.23,
    "dma50" : 14.23,
    "dma100" : null,
    "dma200" : 13.31,
    "volume" : 183459.00
  }, {
    "date" : "2025-03-26",
    "price" : 14.57,
    "dma50" : 14.24,
    "dma100" : null,
    "dma200" : 13.32,
    "volume" : 432450.00
  }, {
    "date" : "2025-03-27",
    "price" : 14.14,
    "dma50" : 14.24,
    "dma100" : null,
    "dma200" : 13.33,
    "volume" : 603786.00
  }, {
    "date" : "2025-03-28",
    "price" : 14.43,
    "dma50" : 14.25,
    "dma100" : null,
    "dma200" : 13.34,
    "volume" : 698521.00
  }, {
    "date" : "2025-04-01",
    "price" : 15.14,
    "dma50" : 14.28,
    "dma100" : null,
    "dma200" : 13.36,
    "volume" : 289805.00
  }, {
    "date" : "2025-04-02",
    "price" : 15.89,
    "dma50" : 14.34,
    "dma100" : null,
    "dma200" : 13.38,
    "volume" : 347923.00
  }, {
    "date" : "2025-04-03",
    "price" : 16.68,
    "dma50" : 14.44,
    "dma100" : null,
    "dma200" : 13.42,
    "volume" : 324149.00
  }, {
    "date" : "2025-04-04",
    "price" : 17.23,
    "dma50" : 14.55,
    "dma100" : null,
    "dma200" : 13.45,
    "volume" : 388152.00
  }, {
    "date" : "2025-04-07",
    "price" : 16.36,
    "dma50" : 14.62,
    "dma100" : null,
    "dma200" : 13.48,
    "volume" : 7341.00
  }, {
    "date" : "2025-04-08",
    "price" : 15.58,
    "dma50" : 14.65,
    "dma100" : null,
    "dma200" : 13.50,
    "volume" : 57416.00
  }, {
    "date" : "2025-04-09",
    "price" : 14.80,
    "dma50" : 14.66,
    "dma100" : null,
    "dma200" : 13.52,
    "volume" : 31925.00
  }, {
    "date" : "2025-04-11",
    "price" : 14.57,
    "dma50" : 14.66,
    "dma100" : null,
    "dma200" : 13.53,
    "volume" : 5498.00
  }, {
    "date" : "2025-04-15",
    "price" : 15.29,
    "dma50" : 14.68,
    "dma100" : null,
    "dma200" : 13.54,
    "volume" : 48929.00
  }, {
    "date" : "2025-04-16",
    "price" : 15.13,
    "dma50" : 14.70,
    "dma100" : null,
    "dma200" : 13.56,
    "volume" : 9431.00
  }, {
    "date" : "2025-04-17",
    "price" : 15.41,
    "dma50" : 14.73,
    "dma100" : null,
    "dma200" : 13.58,
    "volume" : 33942.00
  }, {
    "date" : "2025-04-21",
    "price" : 15.78,
    "dma50" : 14.77,
    "dma100" : null,
    "dma200" : 13.60,
    "volume" : 61065.00
  }, {
    "date" : "2025-04-22",
    "price" : 15.51,
    "dma50" : 14.80,
    "dma100" : null,
    "dma200" : 13.62,
    "volume" : 89128.00
  }, {
    "date" : "2025-04-23",
    "price" : 14.92,
    "dma50" : 14.80,
    "dma100" : null,
    "dma200" : 13.63,
    "volume" : 37323.00
  }, {
    "date" : "2025-04-24",
    "price" : 15.30,
    "dma50" : 14.82,
    "dma100" : null,
    "dma200" : 13.65,
    "volume" : 8424.00
  }, {
    "date" : "2025-04-25",
    "price" : 14.70,
    "dma50" : 14.82,
    "dma100" : null,
    "dma200" : 13.66,
    "volume" : 18042.00
  }, {
    "date" : "2025-04-28",
    "price" : 14.22,
    "dma50" : 14.79,
    "dma100" : null,
    "dma200" : 13.67,
    "volume" : 27326.00
  }, {
    "date" : "2025-04-29",
    "price" : 13.82,
    "dma50" : 14.76,
    "dma100" : null,
    "dma200" : 13.67,
    "volume" : 17414.00
  }, {
    "date" : "2025-04-30",
    "price" : 13.89,
    "dma50" : 14.72,
    "dma100" : null,
    "dma200" : 13.67,
    "volume" : 53327.00
  }, {
    "date" : "2025-05-02",
    "price" : 13.25,
    "dma50" : 14.66,
    "dma100" : null,
    "dma200" : 13.66,
    "volume" : 150782.00
  }, {
    "date" : "2025-05-05",
    "price" : 13.01,
    "dma50" : 14.60,
    "dma100" : null,
    "dma200" : 13.66,
    "volume" : 47170.00
  }, {
    "date" : "2025-05-06",
    "price" : 12.89,
    "dma50" : 14.53,
    "dma100" : null,
    "dma200" : 13.65,
    "volume" : 14455.00
  }, {
    "date" : "2025-05-07",
    "price" : 12.78,
    "dma50" : 14.46,
    "dma100" : null,
    "dma200" : 13.64,
    "volume" : 12431.00
  }, {
    "date" : "2025-05-08",
    "price" : 12.52,
    "dma50" : 14.39,
    "dma100" : null,
    "dma200" : 13.63,
    "volume" : 34455.00
  }, {
    "date" : "2025-05-09",
    "price" : 12.30,
    "dma50" : 14.31,
    "dma100" : null,
    "dma200" : 13.62,
    "volume" : 22710.00
  }, {
    "date" : "2025-05-12",
    "price" : 12.91,
    "dma50" : 14.25,
    "dma100" : null,
    "dma200" : 13.61,
    "volume" : 63744.00
  }, {
    "date" : "2025-05-13",
    "price" : 13.55,
    "dma50" : 14.22,
    "dma100" : null,
    "dma200" : 13.61,
    "volume" : 25343.00
  }, {
    "date" : "2025-05-14",
    "price" : 14.22,
    "dma50" : 14.22,
    "dma100" : null,
    "dma200" : 13.62,
    "volume" : 109711.00
  }, {
    "date" : "2025-05-15",
    "price" : 14.75,
    "dma50" : 14.24,
    "dma100" : null,
    "dma200" : 13.63,
    "volume" : 207236.00
  }, {
    "date" : "2025-05-16",
    "price" : 14.57,
    "dma50" : 14.26,
    "dma100" : null,
    "dma200" : 13.64,
    "volume" : 252017.00
  }, {
    "date" : "2025-05-19",
    "price" : 15.29,
    "dma50" : 14.30,
    "dma100" : null,
    "dma200" : 13.65,
    "volume" : 341637.00
  }, {
    "date" : "2025-05-20",
    "price" : 14.83,
    "dma50" : 14.32,
    "dma100" : null,
    "dma200" : 13.66,
    "volume" : 220890.00
  }, {
    "date" : "2025-05-21",
    "price" : 14.77,
    "dma50" : 14.34,
    "dma100" : null,
    "dma200" : 13.68,
    "volume" : 207415.00
  }, {
    "date" : "2025-05-22",
    "price" : 15.50,
    "dma50" : 14.38,
    "dma100" : null,
    "dma200" : 13.69,
    "volume" : 250548.00
  }, {
    "date" : "2025-05-23",
    "price" : 16.25,
    "dma50" : 14.45,
    "dma100" : null,
    "dma200" : 13.72,
    "volume" : 211884.00
  }, {
    "date" : "2025-05-26",
    "price" : 16.92,
    "dma50" : 14.55,
    "dma100" : null,
    "dma200" : 13.75,
    "volume" : 488166.00
  }, {
    "date" : "2025-05-27",
    "price" : 16.19,
    "dma50" : 14.62,
    "dma100" : null,
    "dma200" : 13.78,
    "volume" : 236429.00
  }, {
    "date" : "2025-05-28",
    "price" : 16.04,
    "dma50" : 14.67,
    "dma100" : null,
    "dma200" : 13.80,
    "volume" : 210384.00
  }, {
    "date" : "2025-05-29",
    "price" : 15.65,
    "dma50" : 14.71,
    "dma100" : null,
    "dma200" : 13.82,
    "volume" : 83282.00
  }, {
    "date" : "2025-05-30",
    "price" : 16.04,
    "dma50" : 14.76,
    "dma100" : null,
    "dma200" : 13.84,
    "volume" : 120522.00
  }, {
    "date" : "2025-06-02",
    "price" : 15.96,
    "dma50" : 14.81,
    "dma100" : null,
    "dma200" : 13.86,
    "volume" : 137115.00
  }, {
    "date" : "2025-06-03",
    "price" : 16.00,
    "dma50" : 14.86,
    "dma100" : null,
    "dma200" : 13.88,
    "volume" : 228187.00
  }, {
    "date" : "2025-06-04",
    "price" : 15.91,
    "dma50" : 14.90,
    "dma100" : null,
    "dma200" : 13.90,
    "volume" : 127780.00
  }, {
    "date" : "2025-06-05",
    "price" : 16.00,
    "dma50" : 14.94,
    "dma100" : null,
    "dma200" : 13.92,
    "volume" : 33963.00
  }, {
    "date" : "2025-06-06",
    "price" : 15.73,
    "dma50" : 14.97,
    "dma100" : null,
    "dma200" : 13.94,
    "volume" : 121953.00
  }, {
    "date" : "2025-06-09",
    "price" : 15.95,
    "dma50" : 15.01,
    "dma100" : null,
    "dma200" : 13.96,
    "volume" : 86283.00
  }, {
    "date" : "2025-06-10",
    "price" : 16.00,
    "dma50" : 15.05,
    "dma100" : null,
    "dma200" : 13.98,
    "volume" : 89878.00
  }, {
    "date" : "2025-06-11",
    "price" : 16.80,
    "dma50" : 15.12,
    "dma100" : null,
    "dma200" : 14.01,
    "volume" : 201703.00
  }, {
    "date" : "2025-06-12",
    "price" : 17.64,
    "dma50" : 15.22,
    "dma100" : null,
    "dma200" : 14.04,
    "volume" : 154725.00
  }, {
    "date" : "2025-06-13",
    "price" : 18.45,
    "dma50" : 15.34,
    "dma100" : null,
    "dma200" : 14.09,
    "volume" : 763694.00
  }, {
    "date" : "2025-06-16",
    "price" : 17.61,
    "dma50" : 15.43,
    "dma100" : null,
    "dma200" : 14.12,
    "volume" : 338990.00
  }, {
    "date" : "2025-06-17",
    "price" : 17.40,
    "dma50" : 15.51,
    "dma100" : null,
    "dma200" : 14.16,
    "volume" : 96877.00
  }, {
    "date" : "2025-06-18",
    "price" : 17.87,
    "dma50" : 15.60,
    "dma100" : null,
    "dma200" : 14.19,
    "volume" : 184787.00
  }, {
    "date" : "2025-06-19",
    "price" : 17.35,
    "dma50" : 15.67,
    "dma100" : null,
    "dma200" : 14.22,
    "volume" : 155587.00
  }, {
    "date" : "2025-06-20",
    "price" : 17.55,
    "dma50" : 15.74,
    "dma100" : null,
    "dma200" : 14.26,
    "volume" : 41194.00
  }, {
    "date" : "2025-06-23",
    "price" : 17.33,
    "dma50" : 15.81,
    "dma100" : null,
    "dma200" : 14.29,
    "volume" : 77834.00
  }, {
    "date" : "2025-06-24",
    "price" : 17.51,
    "dma50" : 15.87,
    "dma100" : null,
    "dma200" : 14.32,
    "volume" : 61644.00
  }, {
    "date" : "2025-06-25",
    "price" : 17.86,
    "dma50" : 15.95,
    "dma100" : null,
    "dma200" : 14.36,
    "volume" : 146241.00
  }, {
    "date" : "2025-06-26",
    "price" : 17.71,
    "dma50" : 16.02,
    "dma100" : null,
    "dma200" : 14.39,
    "volume" : 30778.00
  }, {
    "date" : "2025-06-27",
    "price" : 17.70,
    "dma50" : 16.09,
    "dma100" : null,
    "dma200" : 14.42,
    "volume" : 110697.00
  }, {
    "date" : "2025-06-30",
    "price" : 17.25,
    "dma50" : 16.13,
    "dma100" : null,
    "dma200" : 14.45,
    "volume" : 13160.00
  }, {
    "date" : "2025-07-01",
    "price" : 17.15,
    "dma50" : 16.17,
    "dma100" : null,
    "dma200" : 14.48,
    "volume" : 47569.00
  }, {
    "date" : "2025-07-02",
    "price" : 17.01,
    "dma50" : 16.20,
    "dma100" : null,
    "dma200" : 14.50,
    "volume" : 28845.00
  }, {
    "date" : "2025-07-03",
    "price" : 17.01,
    "dma50" : 16.24,
    "dma100" : null,
    "dma200" : 14.53,
    "volume" : 16256.00
  }, {
    "date" : "2025-07-04",
    "price" : 16.86,
    "dma50" : 16.26,
    "dma100" : null,
    "dma200" : 14.55,
    "volume" : 62008.00
  }, {
    "date" : "2025-07-07",
    "price" : 16.57,
    "dma50" : 16.27,
    "dma100" : null,
    "dma200" : 14.57,
    "volume" : 37167.00
  }, {
    "date" : "2025-07-08",
    "price" : 16.40,
    "dma50" : 16.28,
    "dma100" : null,
    "dma200" : 14.59,
    "volume" : 15841.00
  }, {
    "date" : "2025-07-09",
    "price" : 16.21,
    "dma50" : 16.27,
    "dma100" : null,
    "dma200" : 14.60,
    "volume" : 22071.00
  }, {
    "date" : "2025-07-10",
    "price" : 16.25,
    "dma50" : 16.27,
    "dma100" : null,
    "dma200" : 14.62,
    "volume" : 118111.00
  }, {
    "date" : "2025-07-11",
    "price" : 15.58,
    "dma50" : 16.25,
    "dma100" : null,
    "dma200" : 14.63,
    "volume" : 43876.00
  }, {
    "date" : "2025-07-14",
    "price" : 15.41,
    "dma50" : 16.21,
    "dma100" : null,
    "dma200" : 14.64,
    "volume" : 36008.00
  }, {
    "date" : "2025-07-15",
    "price" : 15.01,
    "dma50" : 16.17,
    "dma100" : null,
    "dma200" : 14.64,
    "volume" : 25531.00
  }, {
    "date" : "2025-07-16",
    "price" : 15.76,
    "dma50" : 16.15,
    "dma100" : 15.23,
    "dma200" : 14.65,
    "volume" : 93865.00
  }, {
    "date" : "2025-07-17",
    "price" : 16.11,
    "dma50" : 16.15,
    "dma100" : 15.26,
    "dma200" : 14.67,
    "volume" : 51773.00
  }, {
    "date" : "2025-07-18",
    "price" : 15.59,
    "dma50" : 16.13,
    "dma100" : 15.27,
    "dma200" : 14.68,
    "volume" : 13379.00
  }, {
    "date" : "2025-07-21",
    "price" : 15.50,
    "dma50" : 16.10,
    "dma100" : 15.28,
    "dma200" : 14.68,
    "volume" : 29815.00
  }, {
    "date" : "2025-07-22",
    "price" : 15.40,
    "dma50" : 16.07,
    "dma100" : 15.29,
    "dma200" : 14.69,
    "volume" : 19112.00
  }, {
    "date" : "2025-07-23",
    "price" : 15.30,
    "dma50" : 16.04,
    "dma100" : 15.29,
    "dma200" : 14.70,
    "volume" : 13456.00
  }, {
    "date" : "2025-07-24",
    "price" : 14.90,
    "dma50" : 16.00,
    "dma100" : 15.29,
    "dma200" : 14.70,
    "volume" : 85116.00
  }, {
    "date" : "2025-07-25",
    "price" : 15.48,
    "dma50" : 15.98,
    "dma100" : 15.31,
    "dma200" : 14.71,
    "volume" : 10231.00
  }, {
    "date" : "2025-07-28",
    "price" : 14.78,
    "dma50" : 15.93,
    "dma100" : 15.32,
    "dma200" : 14.71,
    "volume" : 12666.00
  }, {
    "date" : "2025-07-29",
    "price" : 15.10,
    "dma50" : 15.90,
    "dma100" : 15.35,
    "dma200" : 14.71,
    "volume" : 20030.00
  }, {
    "date" : "2025-07-30",
    "price" : 15.11,
    "dma50" : 15.87,
    "dma100" : 15.37,
    "dma200" : 14.72,
    "volume" : 20407.00
  }, {
    "date" : "2025-07-31",
    "price" : 15.18,
    "dma50" : 15.84,
    "dma100" : 15.40,
    "dma200" : 14.72,
    "volume" : 6015.00
  }, {
    "date" : "2025-08-01",
    "price" : 15.06,
    "dma50" : 15.81,
    "dma100" : 15.41,
    "dma200" : 14.72,
    "volume" : 6192.00
  }, {
    "date" : "2025-08-04",
    "price" : 14.68,
    "dma50" : 15.77,
    "dma100" : 15.42,
    "dma200" : 14.72,
    "volume" : 36547.00
  }, {
    "date" : "2025-08-05",
    "price" : 15.29,
    "dma50" : 15.75,
    "dma100" : 15.45,
    "dma200" : 14.73,
    "volume" : 5941.00
  }, {
    "date" : "2025-08-06",
    "price" : 15.20,
    "dma50" : 15.73,
    "dma100" : 15.47,
    "dma200" : 14.73,
    "volume" : 40138.00
  }, {
    "date" : "2025-08-07",
    "price" : 15.96,
    "dma50" : 15.74,
    "dma100" : 15.49,
    "dma200" : 14.75,
    "volume" : 578432.00
  }, {
    "date" : "2025-08-08",
    "price" : 16.63,
    "dma50" : 15.77,
    "dma100" : 15.51,
    "dma200" : 14.77,
    "volume" : 273605.00
  }, {
    "date" : "2025-08-11",
    "price" : 16.44,
    "dma50" : 15.80,
    "dma100" : 15.54,
    "dma200" : 14.78,
    "volume" : 21475.00
  }, {
    "date" : "2025-08-12",
    "price" : 16.82,
    "dma50" : 15.84,
    "dma100" : 15.58,
    "dma200" : 14.80,
    "volume" : 190496.00
  }, {
    "date" : "2025-08-13",
    "price" : 16.53,
    "dma50" : 15.86,
    "dma100" : 15.60,
    "dma200" : 14.82,
    "volume" : 44827.00
  }, {
    "date" : "2025-08-14",
    "price" : 16.13,
    "dma50" : 15.87,
    "dma100" : 15.62,
    "dma200" : 14.83,
    "volume" : 31665.00
  }, {
    "date" : "2025-08-18",
    "price" : 16.13,
    "dma50" : 15.88,
    "dma100" : 15.63,
    "dma200" : 14.85,
    "volume" : 24401.00
  }, {
    "date" : "2025-08-19",
    "price" : 15.44,
    "dma50" : 15.87,
    "dma100" : 15.63,
    "dma200" : 14.85,
    "volume" : 9915.00
  }, {
    "date" : "2025-08-20",
    "price" : 16.00,
    "dma50" : 15.87,
    "dma100" : 15.65,
    "dma200" : 14.86,
    "volume" : 95334.00
  }, {
    "date" : "2025-08-21",
    "price" : 16.00,
    "dma50" : 15.88,
    "dma100" : 15.67,
    "dma200" : 14.87,
    "volume" : 14450.00
  }, {
    "date" : "2025-08-22",
    "price" : 16.80,
    "dma50" : 15.91,
    "dma100" : 15.69,
    "dma200" : 14.89,
    "volume" : 97869.00
  }, {
    "date" : "2025-08-25",
    "price" : 16.59,
    "dma50" : 15.94,
    "dma100" : 15.71,
    "dma200" : 14.91,
    "volume" : 61119.00
  }, {
    "date" : "2025-08-26",
    "price" : 16.05,
    "dma50" : 15.94,
    "dma100" : 15.72,
    "dma200" : 14.92,
    "volume" : 87035.00
  }, {
    "date" : "2025-08-28",
    "price" : 15.75,
    "dma50" : 15.94,
    "dma100" : 15.72,
    "dma200" : 14.93,
    "volume" : 5395.00
  }, {
    "date" : "2025-08-29",
    "price" : 16.31,
    "dma50" : 15.95,
    "dma100" : 15.72,
    "dma200" : 14.94,
    "volume" : 56267.00
  }, {
    "date" : "2025-09-01",
    "price" : 17.12,
    "dma50" : 16.00,
    "dma100" : 15.72,
    "dma200" : 14.97,
    "volume" : 122670.00
  }, {
    "date" : "2025-09-02",
    "price" : 17.97,
    "dma50" : 16.07,
    "dma100" : 15.73,
    "dma200" : 14.99,
    "volume" : 64811.00
  }, {
    "date" : "2025-09-03",
    "price" : 18.86,
    "dma50" : 16.18,
    "dma100" : 15.77,
    "dma200" : 15.03,
    "volume" : 123435.00
  }, {
    "date" : "2025-09-04",
    "price" : 19.80,
    "dma50" : 16.33,
    "dma100" : 15.82,
    "dma200" : 15.08,
    "volume" : 93752.00
  }, {
    "date" : "2025-09-08",
    "price" : 18.81,
    "dma50" : 16.42,
    "dma100" : 15.86,
    "dma200" : 15.12,
    "volume" : 265555.00
  }, {
    "date" : "2025-09-15",
    "price" : 17.86,
    "dma50" : 16.48,
    "dma100" : 15.88,
    "dma200" : 15.15,
    "volume" : 177176.00
  }, {
    "date" : "2025-09-22",
    "price" : 18.75,
    "dma50" : 16.57,
    "dma100" : 15.92,
    "dma200" : 15.18,
    "volume" : 207403.00
  }, {
    "date" : "2025-09-29",
    "price" : 17.81,
    "dma50" : 16.62,
    "dma100" : 15.94,
    "dma200" : 15.21,
    "volume" : 37427.00
  }, {
    "date" : "2025-10-06",
    "price" : 17.25,
    "dma50" : 16.64,
    "dma100" : 15.96,
    "dma200" : 15.23,
    "volume" : 78694.00
  }, {
    "date" : "2025-10-13",
    "price" : 17.24,
    "dma50" : 16.67,
    "dma100" : 15.98,
    "dma200" : 15.25,
    "volume" : 104642.00
  }, {
    "date" : "2025-10-14",
    "price" : 17.73,
    "dma50" : 16.71,
    "dma100" : 16.00,
    "dma200" : 15.27,
    "volume" : 142489.00
  }, {
    "date" : "2025-10-15",
    "price" : 18.58,
    "dma50" : 16.78,
    "dma100" : 16.04,
    "dma200" : 15.31,
    "volume" : 404980.00
  }, {
    "date" : "2025-10-16",
    "price" : 18.29,
    "dma50" : 16.84,
    "dma100" : 16.07,
    "dma200" : 15.33,
    "volume" : 110878.00
  }, {
    "date" : "2025-10-17",
    "price" : 17.82,
    "dma50" : 16.88,
    "dma100" : 16.11,
    "dma200" : 15.36,
    "volume" : 138282.00
  }, {
    "date" : "2025-10-20",
    "price" : 18.55,
    "dma50" : 16.94,
    "dma100" : 16.16,
    "dma200" : 15.39,
    "volume" : 80932.00
  }, {
    "date" : "2025-10-21",
    "price" : 18.38,
    "dma50" : 17.00,
    "dma100" : 16.20,
    "dma200" : 15.42,
    "volume" : 14546.00
  }, {
    "date" : "2025-10-23",
    "price" : 18.78,
    "dma50" : 17.07,
    "dma100" : 16.26,
    "dma200" : 15.45,
    "volume" : 161217.00
  }, {
    "date" : "2025-10-24",
    "price" : 18.79,
    "dma50" : 17.14,
    "dma100" : 16.31,
    "dma200" : 15.49,
    "volume" : 34958.00
  }, {
    "date" : "2025-10-27",
    "price" : 18.38,
    "dma50" : 17.19,
    "dma100" : 16.37,
    "dma200" : 15.52,
    "volume" : 300074.00
  }, {
    "date" : "2025-10-28",
    "price" : 19.28,
    "dma50" : 17.27,
    "dma100" : 16.43,
    "dma200" : 15.55,
    "volume" : 430129.00
  }, {
    "date" : "2025-10-29",
    "price" : 20.24,
    "dma50" : 17.38,
    "dma100" : 16.51,
    "dma200" : 15.60,
    "volume" : 227445.00
  }, {
    "date" : "2025-10-30",
    "price" : 21.23,
    "dma50" : 17.54,
    "dma100" : 16.60,
    "dma200" : 15.66,
    "volume" : 523305.00
  }, {
    "date" : "2025-11-03",
    "price" : 21.04,
    "dma50" : 17.67,
    "dma100" : 16.68,
    "dma200" : 15.71,
    "volume" : 686069.00
  }, {
    "date" : "2025-11-10",
    "price" : 21.02,
    "dma50" : 17.80,
    "dma100" : 16.76,
    "dma200" : 15.76,
    "volume" : 322722.00
  }, {
    "date" : "2025-11-17",
    "price" : 21.02,
    "dma50" : 17.93,
    "dma100" : 16.82,
    "dma200" : 15.82,
    "volume" : 259224.00
  }, {
    "date" : "2025-11-24",
    "price" : 19.96,
    "dma50" : 18.01,
    "dma100" : 16.88,
    "dma200" : 15.86,
    "volume" : 38380.00
  }, {
    "date" : "2025-12-01",
    "price" : 19.02,
    "dma50" : 18.05,
    "dma100" : 16.92,
    "dma200" : 15.89,
    "volume" : 280132.00
  }, {
    "date" : "2025-12-08",
    "price" : 18.06,
    "dma50" : 18.05,
    "dma100" : 16.95,
    "dma200" : 15.91,
    "volume" : 152521.00
  }, {
    "date" : "2025-12-09",
    "price" : 18.25,
    "dma50" : 18.06,
    "dma100" : 16.98,
    "dma200" : 15.93,
    "volume" : 838653.00
  }, {
    "date" : "2025-12-10",
    "price" : 18.29,
    "dma50" : 18.07,
    "dma100" : 17.02,
    "dma200" : 15.96,
    "volume" : 1263799.00
  }, {
    "date" : "2025-12-11",
    "price" : 18.84,
    "dma50" : 18.10,
    "dma100" : 17.05,
    "dma200" : 15.99,
    "volume" : 430358.00
  }, {
    "date" : "2025-12-12",
    "price" : 18.94,
    "dma50" : 18.13,
    "dma100" : 17.08,
    "dma200" : 16.01,
    "volume" : 337956.00
  }, {
    "date" : "2025-12-15",
    "price" : 18.50,
    "dma50" : 18.14,
    "dma100" : 17.09,
    "dma200" : 16.04,
    "volume" : 294352.00
  }, {
    "date" : "2025-12-16",
    "price" : 17.85,
    "dma50" : 18.13,
    "dma100" : 17.11,
    "dma200" : 16.06,
    "volume" : 872248.00
  }, {
    "date" : "2025-12-17",
    "price" : 17.35,
    "dma50" : 18.10,
    "dma100" : 17.12,
    "dma200" : 16.07,
    "volume" : 428881.00
  }, {
    "date" : "2025-12-18",
    "price" : 16.85,
    "dma50" : 18.05,
    "dma100" : 17.14,
    "dma200" : 16.08,
    "volume" : 358158.00
  }, {
    "date" : "2025-12-19",
    "price" : 16.97,
    "dma50" : 18.01,
    "dma100" : 17.15,
    "dma200" : 16.09,
    "volume" : 520818.00
  }, {
    "date" : "2025-12-22",
    "price" : 16.15,
    "dma50" : 17.94,
    "dma100" : 17.15,
    "dma200" : 16.09,
    "volume" : 613670.00
  }, {
    "date" : "2025-12-23",
    "price" : 15.59,
    "dma50" : 17.85,
    "dma100" : 17.14,
    "dma200" : 16.08,
    "volume" : 799584.00
  }, {
    "date" : "2025-12-24",
    "price" : 16.26,
    "dma50" : 17.78,
    "dma100" : 17.15,
    "dma200" : 16.08,
    "volume" : 714057.00
  }, {
    "date" : "2025-12-26",
    "price" : 16.88,
    "dma50" : 17.75,
    "dma100" : 17.16,
    "dma200" : 16.09,
    "volume" : 16625835.00
  }, {
    "date" : "2025-12-29",
    "price" : 17.28,
    "dma50" : 17.73,
    "dma100" : 17.17,
    "dma200" : 16.10,
    "volume" : 9680343.00
  }, {
    "date" : "2025-12-30",
    "price" : 17.62,
    "dma50" : 17.73,
    "dma100" : 17.19,
    "dma200" : 16.12,
    "volume" : 7228712.00
  }, {
    "date" : "2025-12-31",
    "price" : 17.27,
    "dma50" : 17.71,
    "dma100" : 17.20,
    "dma200" : 16.13,
    "volume" : 3516462.00
  }, {
    "date" : "2026-01-01",
    "price" : 17.09,
    "dma50" : 17.68,
    "dma100" : 17.20,
    "dma200" : 16.14,
    "volume" : 1764035.00
  }, {
    "date" : "2026-01-02",
    "price" : 16.47,
    "dma50" : 17.64,
    "dma100" : 17.19,
    "dma200" : 16.14,
    "volume" : 2492525.00
  }, {
    "date" : "2026-01-05",
    "price" : 15.65,
    "dma50" : 17.56,
    "dma100" : 17.16,
    "dma200" : 16.14,
    "volume" : 4019803.00
  }, {
    "date" : "2026-01-06",
    "price" : 14.87,
    "dma50" : 17.45,
    "dma100" : 17.14,
    "dma200" : 16.13,
    "volume" : 13189979.00
  }, {
    "date" : "2026-01-07",
    "price" : 14.13,
    "dma50" : 17.32,
    "dma100" : 17.10,
    "dma200" : 16.11,
    "volume" : 6184202.00
  }, {
    "date" : "2026-01-08",
    "price" : 13.43,
    "dma50" : 17.17,
    "dma100" : 17.06,
    "dma200" : 16.08,
    "volume" : 13121465.00
  }, {
    "date" : "2026-01-09",
    "price" : 12.76,
    "dma50" : 17.00,
    "dma100" : 17.01,
    "dma200" : 16.05,
    "volume" : 13878718.00
  }, {
    "date" : "2026-01-12",
    "price" : 12.45,
    "dma50" : 16.82,
    "dma100" : 16.96,
    "dma200" : 16.01,
    "volume" : 7409780.00
  }, {
    "date" : "2026-01-13",
    "price" : 12.08,
    "dma50" : 16.63,
    "dma100" : 16.91,
    "dma200" : 15.97,
    "volume" : 5156664.00
  }, {
    "date" : "2026-01-14",
    "price" : 12.54,
    "dma50" : 16.47,
    "dma100" : 16.86,
    "dma200" : 15.94,
    "volume" : 7091084.00
  }, {
    "date" : "2026-01-16",
    "price" : 13.01,
    "dma50" : 16.34,
    "dma100" : 16.81,
    "dma200" : 15.91,
    "volume" : 8629504.00
  }, {
    "date" : "2026-01-19",
    "price" : 13.21,
    "dma50" : 16.21,
    "dma100" : 16.77,
    "dma200" : 15.88,
    "volume" : 3722598.00
  }, {
    "date" : "2026-01-20",
    "price" : 12.55,
    "dma50" : 16.07,
    "dma100" : 16.71,
    "dma200" : 15.85,
    "volume" : 2272055.00
  }, {
    "date" : "2026-01-21",
    "price" : 12.01,
    "dma50" : 15.91,
    "dma100" : 16.66,
    "dma200" : 15.81,
    "volume" : 5819882.00
  }, {
    "date" : "2026-01-22",
    "price" : 11.54,
    "dma50" : 15.74,
    "dma100" : 16.61,
    "dma200" : 15.77,
    "volume" : 13237816.00
  }, {
    "date" : "2026-01-23",
    "price" : 11.44,
    "dma50" : 15.57,
    "dma100" : 16.55,
    "dma200" : 15.72,
    "volume" : 5440537.00
  }, {
    "date" : "2026-01-27",
    "price" : 11.14,
    "dma50" : 15.40,
    "dma100" : 16.49,
    "dma200" : 15.68,
    "volume" : 18675670.00
  }, {
    "date" : "2026-01-28",
    "price" : 11.68,
    "dma50" : 15.25,
    "dma100" : 16.44,
    "dma200" : 15.64,
    "volume" : 6077612.00
  }, {
    "date" : "2026-01-29",
    "price" : 11.20,
    "dma50" : 15.09,
    "dma100" : 16.39,
    "dma200" : 15.59,
    "volume" : 3498217.00
  }, {
    "date" : "2026-01-30",
    "price" : 10.64,
    "dma50" : 14.92,
    "dma100" : 16.33,
    "dma200" : 15.55,
    "volume" : 31316654.00
  }, {
    "date" : "2026-02-01",
    "price" : 10.84,
    "dma50" : 14.76,
    "dma100" : 16.28,
    "dma200" : 15.50,
    "volume" : 2882660.00
  }, {
    "date" : "2026-02-02",
    "price" : 10.77,
    "dma50" : 14.60,
    "dma100" : 16.22,
    "dma200" : 15.45,
    "volume" : 2456262.00
  }, {
    "date" : "2026-02-03",
    "price" : 10.74,
    "dma50" : 14.45,
    "dma100" : 16.17,
    "dma200" : 15.40,
    "volume" : 4183849.00
  }, {
    "date" : "2026-02-04",
    "price" : 11.25,
    "dma50" : 14.32,
    "dma100" : 16.13,
    "dma200" : 15.36,
    "volume" : 11726622.00
  }, {
    "date" : "2026-02-05",
    "price" : 10.57,
    "dma50" : 14.18,
    "dma100" : 16.09,
    "dma200" : 15.32,
    "volume" : 11026069.00
  }, {
    "date" : "2026-02-06",
    "price" : 10.62,
    "dma50" : 14.04,
    "dma100" : 16.03,
    "dma200" : 15.27,
    "volume" : 2995370.00
  }, {
    "date" : "2026-02-09",
    "price" : 10.85,
    "dma50" : 13.91,
    "dma100" : 15.98,
    "dma200" : 15.22,
    "volume" : 2992094.00
  }, {
    "date" : "2026-02-10",
    "price" : 10.74,
    "dma50" : 13.79,
    "dma100" : 15.93,
    "dma200" : 15.18,
    "volume" : 6005941.00
  }, {
    "date" : "2026-02-11",
    "price" : 10.38,
    "dma50" : 13.65,
    "dma100" : 15.88,
    "dma200" : 15.13,
    "volume" : 5143586.00
  }, {
    "date" : "2026-02-12",
    "price" : 9.72,
    "dma50" : 13.50,
    "dma100" : 15.83,
    "dma200" : 15.08,
    "volume" : 17245914.00
  }, {
    "date" : "2026-02-13",
    "price" : 9.92,
    "dma50" : 13.36,
    "dma100" : 15.77,
    "dma200" : 15.03,
    "volume" : 4245883.00
  }, {
    "date" : "2026-02-16",
    "price" : 9.69,
    "dma50" : 13.22,
    "dma100" : 15.72,
    "dma200" : 14.97,
    "volume" : 3043302.00
  } ],
  "latestTechnicalAttributes" : {
    "date" : "2026-02-16",
    "price" : 9.69,
    "dma50" : 13.22,
    "dma100" : 15.72,
    "dma200" : 14.97,
    "volume" : 3043302.00
  },
  "quarterlyResults" : [ {
    "date" : "2010-06-30",
    "sales" : 32.41,
    "salesGrowthYoY" : null,
    "grossProfitMargin" : 100.00,
    "grossProfit" : 32.41,
    "operatingProfitMargin" : 21.32,
    "operatingProfit" : 6.91,
    "netProfitMargin" : 13.24,
    "netProfit" : 4.29
  }, {
    "date" : "2010-09-30",
    "sales" : 10.89,
    "salesGrowthYoY" : null,
    "grossProfitMargin" : 100.00,
    "grossProfit" : 10.89,
    "operatingProfitMargin" : 5.69,
    "operatingProfit" : 0.62,
    "netProfitMargin" : 20.29,
    "netProfit" : 2.21
  }, {
    "date" : "2010-12-31",
    "sales" : 0.75,
    "salesGrowthYoY" : null,
    "grossProfitMargin" : 100.00,
    "grossProfit" : 0.75,
    "operatingProfitMargin" : -8.00,
    "operatingProfit" : -0.06,
    "netProfitMargin" : 686.67,
    "netProfit" : 5.15
  }, {
    "date" : "2011-03-31",
    "sales" : 37.21,
    "salesGrowthYoY" : null,
    "grossProfitMargin" : 100.00,
    "grossProfit" : 37.21,
    "operatingProfitMargin" : 23.22,
    "operatingProfit" : 8.64,
    "netProfitMargin" : 32.98,
    "netProfit" : 12.27
  }, {
    "date" : "2011-06-30",
    "sales" : 24.53,
    "salesGrowthYoY" : -24.31,
    "grossProfitMargin" : 44.11,
    "grossProfit" : 10.82,
    "operatingProfitMargin" : 40.44,
    "operatingProfit" : 9.92,
    "netProfitMargin" : 29.03,
    "netProfit" : 7.12
  }, {
    "date" : "2011-09-30",
    "sales" : 10.62,
    "salesGrowthYoY" : -2.48,
    "grossProfitMargin" : 31.73,
    "grossProfit" : 3.37,
    "operatingProfitMargin" : 23.54,
    "operatingProfit" : 2.50,
    "netProfitMargin" : -19.30,
    "netProfit" : -2.05
  }, {
    "date" : "2011-12-31",
    "sales" : 6.69,
    "salesGrowthYoY" : 792.00,
    "grossProfitMargin" : 31.99,
    "grossProfit" : 2.14,
    "operatingProfitMargin" : 17.79,
    "operatingProfit" : 1.19,
    "netProfitMargin" : 2.09,
    "netProfit" : 0.14
  }, {
    "date" : "2012-03-31",
    "sales" : 8.63,
    "salesGrowthYoY" : -76.81,
    "grossProfitMargin" : 7.53,
    "grossProfit" : 0.65,
    "operatingProfitMargin" : -3.71,
    "operatingProfit" : -0.32,
    "netProfitMargin" : -4.87,
    "netProfit" : -0.42
  }, {
    "date" : "2012-06-30",
    "sales" : 0.37,
    "salesGrowthYoY" : -98.49,
    "grossProfitMargin" : -1137.84,
    "grossProfit" : -4.21,
    "operatingProfitMargin" : -1332.43,
    "operatingProfit" : -4.93,
    "netProfitMargin" : -972.97,
    "netProfit" : -3.60
  }, {
    "date" : "2012-09-30",
    "sales" : 3.76,
    "salesGrowthYoY" : -64.60,
    "grossProfitMargin" : 39.89,
    "grossProfit" : 1.50,
    "operatingProfitMargin" : 11.44,
    "operatingProfit" : 0.43,
    "netProfitMargin" : 28.99,
    "netProfit" : 1.09
  }, {
    "date" : "2012-12-31",
    "sales" : 1.71,
    "salesGrowthYoY" : -74.44,
    "grossProfitMargin" : 40.94,
    "grossProfit" : 0.70,
    "operatingProfitMargin" : 0.58,
    "operatingProfit" : 0.01,
    "netProfitMargin" : -12.28,
    "netProfit" : -0.21
  }, {
    "date" : "2013-03-31",
    "sales" : 1.55,
    "salesGrowthYoY" : -82.04,
    "grossProfitMargin" : 29.68,
    "grossProfit" : 0.46,
    "operatingProfitMargin" : -21.94,
    "operatingProfit" : -0.34,
    "netProfitMargin" : -91.61,
    "netProfit" : -1.42
  }, {
    "date" : "2013-06-30",
    "sales" : 9.91,
    "salesGrowthYoY" : 2578.38,
    "grossProfitMargin" : 45.61,
    "grossProfit" : 4.52,
    "operatingProfitMargin" : 36.93,
    "operatingProfit" : 3.66,
    "netProfitMargin" : 27.04,
    "netProfit" : 2.68
  }, {
    "date" : "2013-09-30",
    "sales" : 6.62,
    "salesGrowthYoY" : 76.06,
    "grossProfitMargin" : 22.66,
    "grossProfit" : 1.50,
    "operatingProfitMargin" : 0.30,
    "operatingProfit" : 0.02,
    "netProfitMargin" : 7.55,
    "netProfit" : 0.50
  }, {
    "date" : "2013-12-31",
    "sales" : 14.38,
    "salesGrowthYoY" : 740.94,
    "grossProfitMargin" : 28.65,
    "grossProfit" : 4.12,
    "operatingProfitMargin" : 10.85,
    "operatingProfit" : 1.56,
    "netProfitMargin" : 7.72,
    "netProfit" : 1.11
  }, {
    "date" : "2014-03-31",
    "sales" : 12.29,
    "salesGrowthYoY" : 692.90,
    "grossProfitMargin" : 28.97,
    "grossProfit" : 3.56,
    "operatingProfitMargin" : 12.45,
    "operatingProfit" : 1.53,
    "netProfitMargin" : 4.07,
    "netProfit" : 0.50
  }, {
    "date" : "2014-06-30",
    "sales" : 8.83,
    "salesGrowthYoY" : -10.90,
    "grossProfitMargin" : 22.08,
    "grossProfit" : 1.95,
    "operatingProfitMargin" : 14.84,
    "operatingProfit" : 1.31,
    "netProfitMargin" : 12.57,
    "netProfit" : 1.11
  }, {
    "date" : "2014-09-30",
    "sales" : 8.38,
    "salesGrowthYoY" : 26.59,
    "grossProfitMargin" : 30.19,
    "grossProfit" : 2.53,
    "operatingProfitMargin" : 16.35,
    "operatingProfit" : 1.37,
    "netProfitMargin" : 143.79,
    "netProfit" : 12.05
  }, {
    "date" : "2014-12-31",
    "sales" : 10.57,
    "salesGrowthYoY" : -26.50,
    "grossProfitMargin" : 5.96,
    "grossProfit" : 0.63,
    "operatingProfitMargin" : -4.26,
    "operatingProfit" : -0.45,
    "netProfitMargin" : 0.19,
    "netProfit" : 0.02
  }, {
    "date" : "2015-03-31",
    "sales" : 9.43,
    "salesGrowthYoY" : -23.27,
    "grossProfitMargin" : 16.54,
    "grossProfit" : 1.56,
    "operatingProfitMargin" : -1.70,
    "operatingProfit" : -0.16,
    "netProfitMargin" : 2.12,
    "netProfit" : 0.20
  }, {
    "date" : "2015-06-30",
    "sales" : 8.42,
    "salesGrowthYoY" : -4.64,
    "grossProfitMargin" : 7.01,
    "grossProfit" : 0.59,
    "operatingProfitMargin" : 0.83,
    "operatingProfit" : 0.07,
    "netProfitMargin" : 6.18,
    "netProfit" : 0.52
  }, {
    "date" : "2015-09-30",
    "sales" : 1.65,
    "salesGrowthYoY" : -80.31,
    "grossProfitMargin" : 31.52,
    "grossProfit" : 0.52,
    "operatingProfitMargin" : -113.94,
    "operatingProfit" : -1.88,
    "netProfitMargin" : -29.09,
    "netProfit" : -0.48
  }, {
    "date" : "2015-12-31",
    "sales" : 1.94,
    "salesGrowthYoY" : -81.65,
    "grossProfitMargin" : 2.58,
    "grossProfit" : 0.05,
    "operatingProfitMargin" : -37.11,
    "operatingProfit" : -0.72,
    "netProfitMargin" : 19.59,
    "netProfit" : 0.38
  }, {
    "date" : "2016-03-31",
    "sales" : 1.36,
    "salesGrowthYoY" : -85.58,
    "grossProfitMargin" : -1.47,
    "grossProfit" : -0.02,
    "operatingProfitMargin" : -26.47,
    "operatingProfit" : -0.36,
    "netProfitMargin" : 24.26,
    "netProfit" : 0.33
  }, {
    "date" : "2016-06-30",
    "sales" : 2.62,
    "salesGrowthYoY" : -68.88,
    "grossProfitMargin" : 18.32,
    "grossProfit" : 0.48,
    "operatingProfitMargin" : 1.53,
    "operatingProfit" : 0.04,
    "netProfitMargin" : 193.89,
    "netProfit" : 5.08
  }, {
    "date" : "2016-09-30",
    "sales" : 3.06,
    "salesGrowthYoY" : 85.45,
    "grossProfitMargin" : -57.19,
    "grossProfit" : -1.75,
    "operatingProfitMargin" : 7.19,
    "operatingProfit" : 0.22,
    "netProfitMargin" : 193.14,
    "netProfit" : 5.91
  }, {
    "date" : "2016-12-31",
    "sales" : 0.16,
    "salesGrowthYoY" : -91.75,
    "grossProfitMargin" : -1206.25,
    "grossProfit" : -1.93,
    "operatingProfitMargin" : -1443.75,
    "operatingProfit" : -2.31,
    "netProfitMargin" : 1893.75,
    "netProfit" : 3.03
  }, {
    "date" : "2017-03-31",
    "sales" : 0.00,
    "salesGrowthYoY" : -100.00,
    "grossProfitMargin" : 0.00,
    "grossProfit" : 0.00,
    "operatingProfitMargin" : 0.00,
    "operatingProfit" : 0.00,
    "netProfitMargin" : 0.00,
    "netProfit" : 0.00
  }, {
    "date" : "2017-06-30",
    "sales" : 0.21,
    "salesGrowthYoY" : -91.98,
    "grossProfitMargin" : 9.52,
    "grossProfit" : 0.02,
    "operatingProfitMargin" : -85.71,
    "operatingProfit" : -0.18,
    "netProfitMargin" : 795.24,
    "netProfit" : 1.67
  }, {
    "date" : "2017-09-30",
    "sales" : 0.45,
    "salesGrowthYoY" : -85.29,
    "grossProfitMargin" : 100.00,
    "grossProfit" : 0.45,
    "operatingProfitMargin" : 11.11,
    "operatingProfit" : 0.05,
    "netProfitMargin" : -413.33,
    "netProfit" : -1.86
  }, {
    "date" : "2017-12-31",
    "sales" : 0.44,
    "salesGrowthYoY" : 175.00,
    "grossProfitMargin" : 72.73,
    "grossProfit" : 0.32,
    "operatingProfitMargin" : -181.82,
    "operatingProfit" : -0.80,
    "netProfitMargin" : 100.00,
    "netProfit" : 0.44
  }, {
    "date" : "2018-03-31",
    "sales" : 0.00,
    "salesGrowthYoY" : 0.00,
    "grossProfitMargin" : 0.00,
    "grossProfit" : 0.00,
    "operatingProfitMargin" : 0.00,
    "operatingProfit" : 0.00,
    "netProfitMargin" : 0.00,
    "netProfit" : 0.00
  }, {
    "date" : "2018-06-30",
    "sales" : 0.01,
    "salesGrowthYoY" : -95.24,
    "grossProfitMargin" : 100.00,
    "grossProfit" : 0.01,
    "operatingProfitMargin" : -14500.00,
    "operatingProfit" : -1.45,
    "netProfitMargin" : 21900.00,
    "netProfit" : 2.19
  }, {
    "date" : "2018-09-30",
    "sales" : 0.15,
    "salesGrowthYoY" : -66.67,
    "grossProfitMargin" : 100.00,
    "grossProfit" : 0.15,
    "operatingProfitMargin" : -1373.33,
    "operatingProfit" : -2.06,
    "netProfitMargin" : 7946.67,
    "netProfit" : 11.92
  }, {
    "date" : "2018-12-31",
    "sales" : 0.00,
    "salesGrowthYoY" : -100.00,
    "grossProfitMargin" : 0.00,
    "grossProfit" : 0.00,
    "operatingProfitMargin" : 0.00,
    "operatingProfit" : 0.00,
    "netProfitMargin" : 0.00,
    "netProfit" : 0.00
  }, {
    "date" : "2019-03-31",
    "sales" : -0.13,
    "salesGrowthYoY" : 100.00,
    "grossProfitMargin" : 0.00,
    "grossProfit" : -0.00,
    "operatingProfitMargin" : 0.00,
    "operatingProfit" : -0.00,
    "netProfitMargin" : 0.00,
    "netProfit" : -0.00
  }, {
    "date" : "2019-06-30",
    "sales" : 0.00,
    "salesGrowthYoY" : -100.00,
    "grossProfitMargin" : 0.00,
    "grossProfit" : 0.00,
    "operatingProfitMargin" : 0.00,
    "operatingProfit" : 0.00,
    "netProfitMargin" : 0.00,
    "netProfit" : 0.00
  }, {
    "date" : "2019-09-30",
    "sales" : 0.04,
    "salesGrowthYoY" : -73.33,
    "grossProfitMargin" : 100.00,
    "grossProfit" : 0.04,
    "operatingProfitMargin" : -4375.00,
    "operatingProfit" : -1.75,
    "netProfitMargin" : -12425.00,
    "netProfit" : -4.97
  }, {
    "date" : "2019-12-31",
    "sales" : 0.01,
    "salesGrowthYoY" : 100.00,
    "grossProfitMargin" : 100.00,
    "grossProfit" : 0.01,
    "operatingProfitMargin" : -77500.00,
    "operatingProfit" : -7.75,
    "netProfitMargin" : -139300.00,
    "netProfit" : -13.93
  }, {
    "date" : "2020-03-31",
    "sales" : 0.01,
    "salesGrowthYoY" : -107.69,
    "grossProfitMargin" : 100.00,
    "grossProfit" : 0.01,
    "operatingProfitMargin" : 29300.00,
    "operatingProfit" : 2.93,
    "netProfitMargin" : -32500.00,
    "netProfit" : -3.25
  }, {
    "date" : "2020-06-30",
    "sales" : 0.00,
    "salesGrowthYoY" : 0.00,
    "grossProfitMargin" : 0.00,
    "grossProfit" : 0.00,
    "operatingProfitMargin" : 0.00,
    "operatingProfit" : 0.00,
    "netProfitMargin" : 0.00,
    "netProfit" : 0.00
  }, {
    "date" : "2020-09-30",
    "sales" : 0.00,
    "salesGrowthYoY" : -100.00,
    "grossProfitMargin" : 0.00,
    "grossProfit" : 0.00,
    "operatingProfitMargin" : 0.00,
    "operatingProfit" : 0.00,
    "netProfitMargin" : 0.00,
    "netProfit" : 0.00
  }, {
    "date" : "2020-12-31",
    "sales" : 0.00,
    "salesGrowthYoY" : -100.00,
    "grossProfitMargin" : 0.00,
    "grossProfit" : 0.00,
    "operatingProfitMargin" : 0.00,
    "operatingProfit" : 0.00,
    "netProfitMargin" : 0.00,
    "netProfit" : 0.00
  }, {
    "date" : "2021-03-31",
    "sales" : 0.10,
    "salesGrowthYoY" : 900.00,
    "grossProfitMargin" : 100.00,
    "grossProfit" : 0.10,
    "operatingProfitMargin" : -2840.00,
    "operatingProfit" : -2.84,
    "netProfitMargin" : -29800.00,
    "netProfit" : -29.80
  }, {
    "date" : "2021-06-30",
    "sales" : 0.00,
    "salesGrowthYoY" : 0.00,
    "grossProfitMargin" : 0.00,
    "grossProfit" : 0.00,
    "operatingProfitMargin" : 0.00,
    "operatingProfit" : 0.00,
    "netProfitMargin" : 0.00,
    "netProfit" : 0.00
  }, {
    "date" : "2021-09-30",
    "sales" : 0.05,
    "salesGrowthYoY" : 100.00,
    "grossProfitMargin" : 100.00,
    "grossProfit" : 0.05,
    "operatingProfitMargin" : -21580.00,
    "operatingProfit" : -10.79,
    "netProfitMargin" : -76020.00,
    "netProfit" : -38.01
  }, {
    "date" : "2021-12-31",
    "sales" : 0.40,
    "salesGrowthYoY" : 100.00,
    "grossProfitMargin" : 100.00,
    "grossProfit" : 0.40,
    "operatingProfitMargin" : -11142.50,
    "operatingProfit" : -44.57,
    "netProfitMargin" : -17120.00,
    "netProfit" : -68.48
  }, {
    "date" : "2022-03-31",
    "sales" : 0.25,
    "salesGrowthYoY" : 150.00,
    "grossProfitMargin" : 100.00,
    "grossProfit" : 0.25,
    "operatingProfitMargin" : -11512.00,
    "operatingProfit" : -28.78,
    "netProfitMargin" : -16788.00,
    "netProfit" : -41.97
  }, {
    "date" : "2022-06-30",
    "sales" : 0.11,
    "salesGrowthYoY" : 100.00,
    "grossProfitMargin" : 100.00,
    "grossProfit" : 0.11,
    "operatingProfitMargin" : -3381.82,
    "operatingProfit" : -3.72,
    "netProfitMargin" : 376536.36,
    "netProfit" : 414.19
  }, {
    "date" : "2022-09-30",
    "sales" : 0.00,
    "salesGrowthYoY" : -100.00,
    "grossProfitMargin" : 0.00,
    "grossProfit" : 0.00,
    "operatingProfitMargin" : 0.00,
    "operatingProfit" : 0.00,
    "netProfitMargin" : 0.00,
    "netProfit" : 0.00
  }, {
    "date" : "2022-12-31",
    "sales" : 0.00,
    "salesGrowthYoY" : -100.00,
    "grossProfitMargin" : 0.00,
    "grossProfit" : 0.00,
    "operatingProfitMargin" : 0.00,
    "operatingProfit" : 0.00,
    "netProfitMargin" : 0.00,
    "netProfit" : 0.00
  }, {
    "date" : "2023-03-31",
    "sales" : 0.00,
    "salesGrowthYoY" : -100.00,
    "grossProfitMargin" : 0.00,
    "grossProfit" : 0.00,
    "operatingProfitMargin" : 0.00,
    "operatingProfit" : 0.00,
    "netProfitMargin" : 0.00,
    "netProfit" : 0.00
  }, {
    "date" : "2023-06-30",
    "sales" : 0.00,
    "salesGrowthYoY" : -100.00,
    "grossProfitMargin" : 0.00,
    "grossProfit" : 0.00,
    "operatingProfitMargin" : 0.00,
    "operatingProfit" : 0.00,
    "netProfitMargin" : 0.00,
    "netProfit" : 0.00
  }, {
    "date" : "2023-09-30",
    "sales" : 0.00,
    "salesGrowthYoY" : 0.00,
    "grossProfitMargin" : 0.00,
    "grossProfit" : 0.00,
    "operatingProfitMargin" : 0.00,
    "operatingProfit" : 0.00,
    "netProfitMargin" : 0.00,
    "netProfit" : 0.00
  }, {
    "date" : "2023-12-31",
    "sales" : 0.00,
    "salesGrowthYoY" : 0.00,
    "grossProfitMargin" : 0.00,
    "grossProfit" : 0.00,
    "operatingProfitMargin" : 0.00,
    "operatingProfit" : 0.00,
    "netProfitMargin" : 0.00,
    "netProfit" : 0.00
  }, {
    "date" : "2024-03-31",
    "sales" : 0.00,
    "salesGrowthYoY" : 0.00,
    "grossProfitMargin" : 0.00,
    "grossProfit" : 0.00,
    "operatingProfitMargin" : 0.00,
    "operatingProfit" : 0.00,
    "netProfitMargin" : 0.00,
    "netProfit" : 0.00
  }, {
    "date" : "2024-06-30",
    "sales" : 0.00,
    "salesGrowthYoY" : 0.00,
    "grossProfitMargin" : 0.00,
    "grossProfit" : 0.00,
    "operatingProfitMargin" : 0.00,
    "operatingProfit" : 0.00,
    "netProfitMargin" : 0.00,
    "netProfit" : 0.00
  }, {
    "date" : "2024-09-30",
    "sales" : 20.97,
    "salesGrowthYoY" : 100.00,
    "grossProfitMargin" : 100.00,
    "grossProfit" : 20.97,
    "operatingProfitMargin" : 20.84,
    "operatingProfit" : 4.37,
    "netProfitMargin" : -89.08,
    "netProfit" : -18.68
  }, {
    "date" : "2024-12-31",
    "sales" : 14.58,
    "salesGrowthYoY" : 100.00,
    "grossProfitMargin" : 100.00,
    "grossProfit" : 14.58,
    "operatingProfitMargin" : -90.67,
    "operatingProfit" : -13.22,
    "netProfitMargin" : -132.10,
    "netProfit" : -19.26
  }, {
    "date" : "2025-03-31",
    "sales" : 0.00,
    "salesGrowthYoY" : 0.00,
    "grossProfitMargin" : 0.00,
    "grossProfit" : 0.00,
    "operatingProfitMargin" : 0.00,
    "operatingProfit" : 0.00,
    "netProfitMargin" : 0.00,
    "netProfit" : 0.00
  }, {
    "date" : "2025-06-30",
    "sales" : 14.76,
    "salesGrowthYoY" : 100.00,
    "grossProfitMargin" : 100.00,
    "grossProfit" : 14.76,
    "operatingProfitMargin" : -8.40,
    "operatingProfit" : -1.24,
    "netProfitMargin" : -158.94,
    "netProfit" : -23.46
  }, {
    "date" : "2025-09-30",
    "sales" : 13.79,
    "salesGrowthYoY" : -34.24,
    "grossProfitMargin" : 100.00,
    "grossProfit" : 13.79,
    "operatingProfitMargin" : -308.92,
    "operatingProfit" : -42.60,
    "netProfitMargin" : -472.08,
    "netProfit" : -65.10
  }, {
    "date" : "2025-12-31",
    "sales" : 14.97,
    "salesGrowthYoY" : 2.67,
    "grossProfitMargin" : 100.00,
    "grossProfit" : 14.97,
    "operatingProfitMargin" : 27.86,
    "operatingProfit" : 4.17,
    "netProfitMargin" : -136.21,
    "netProfit" : -20.39
  } ],
  "latestQuarterlyResult" : {
    "date" : "2025-12-31",
    "sales" : 14.97,
    "salesGrowthYoY" : 2.67,
    "grossProfitMargin" : 100.00,
    "grossProfit" : 14.97,
    "operatingProfitMargin" : 27.86,
    "operatingProfit" : 4.17,
    "netProfitMargin" : -136.21,
    "netProfit" : -20.39
  },
  "companyScore" : {
    "priceHigherThanDma50" : 0.00,
    "priceHigherThanDma100" : 0.00,
    "priceHigherThanDma200" : 0.00,
    "dma50HigherThanDma100" : 0.00,
    "dma50HigherThanDma200" : 0.00,
    "dma100HigherThanDma200" : 5.00,
    "pricePercentageAboveDma50" : 6.34,
    "pricePercentageAboveDma100" : 6.92,
    "pricePercentageAboveDma200" : 6.76,
    "weeklyVolumeHigherThanYearlyVolume" : 5.00,
    "salesGrowthPercentile" : 13.90,
    "operatingProfitMarginPercentile" : 19.05,
    "netProfitMarginPercentile" : 2.70,
    "totalTechnicalScore" : 30.02,
    "totalFundamentalScore" : 35.64,
    "totalScore" : 65.66
  }
}