{
  "metadata" : {
    "screenerCompanyId" : "1387",
    "companyCode" : "IDBI",
    "companyName" : "IDBI Bank",
    "screenerCompanyLink" : "https://www.screener.in/company/IDBI",
    "screenerTechnicalHistoryLink" : "https://www.screener.in/api/company/1387/chart/?q=Price-DMA50-DMA200-Volume&days=365",
    "screenerQuarterlyResultsLink" : "https://www.screener.in/api/company/1387/chart/?q=GPM-OPM-NPM-Quarter+Sales&days=10000",
    "attributes" : {
      "companyCode" : "IDBI",
      "companyName" : "IDBI Bank",
      "marketCap" : 107933.00,
      "peRatio" : 11.20,
      "description" : "IDBI Bank is engaged in the business of Monetary intermediation of commercial banks, saving banks, postal savings bank and discount houses."
    },
    "companyScore" : {
      "priceHigherThanDma50" : 5.00,
      "priceHigherThanDma100" : 5.00,
      "priceHigherThanDma200" : 5.00,
      "dma50HigherThanDma100" : 5.00,
      "dma50HigherThanDma200" : 5.00,
      "dma100HigherThanDma200" : 5.00,
      "pricePercentageAboveDma50" : 4.85,
      "pricePercentageAboveDma100" : 4.71,
      "pricePercentageAboveDma200" : 4.51,
      "weeklyVolumeHigherThanYearlyVolume" : 0.00,
      "salesGrowthPercentile" : 5.18,
      "operatingProfitMarginPercentile" : 18.87,
      "netProfitMarginPercentile" : 10.00,
      "totalTechnicalScore" : 44.07,
      "totalFundamentalScore" : 34.04,
      "totalScore" : 78.12
    }
  },
  "attributes" : {
    "companyCode" : "IDBI",
    "companyName" : "IDBI Bank",
    "marketCap" : 107933.00,
    "peRatio" : 11.20,
    "description" : "IDBI Bank is engaged in the business of Monetary intermediation of commercial banks, saving banks, postal savings bank and discount houses."
  },
  "technicalHistory" : [ {
    "date" : "2024-12-02",
    "price" : 81.49,
    "dma50" : 83.05,
    "dma100" : null,
    "dma200" : 83.55,
    "volume" : 4428684.00
  }, {
    "date" : "2024-12-03",
    "price" : 83.11,
    "dma50" : 83.06,
    "dma100" : null,
    "dma200" : 83.54,
    "volume" : 5187251.00
  }, {
    "date" : "2024-12-04",
    "price" : 86.90,
    "dma50" : 83.21,
    "dma100" : null,
    "dma200" : 83.58,
    "volume" : 22317793.00
  }, {
    "date" : "2024-12-05",
    "price" : 85.54,
    "dma50" : 83.30,
    "dma100" : null,
    "dma200" : 83.60,
    "volume" : 9010153.00
  }, {
    "date" : "2024-12-06",
    "price" : 85.12,
    "dma50" : 83.37,
    "dma100" : null,
    "dma200" : 83.61,
    "volume" : 7800082.00
  }, {
    "date" : "2024-12-09",
    "price" : 85.07,
    "dma50" : 83.44,
    "dma100" : null,
    "dma200" : 83.63,
    "volume" : 4350026.00
  }, {
    "date" : "2024-12-10",
    "price" : 84.54,
    "dma50" : 83.48,
    "dma100" : null,
    "dma200" : 83.64,
    "volume" : 4915870.00
  }, {
    "date" : "2024-12-11",
    "price" : 84.15,
    "dma50" : 83.51,
    "dma100" : null,
    "dma200" : 83.64,
    "volume" : 3455908.00
  }, {
    "date" : "2024-12-12",
    "price" : 83.03,
    "dma50" : 83.49,
    "dma100" : null,
    "dma200" : 83.63,
    "volume" : 3727486.00
  }, {
    "date" : "2024-12-13",
    "price" : 81.44,
    "dma50" : 83.41,
    "dma100" : null,
    "dma200" : 83.61,
    "volume" : 10714392.00
  }, {
    "date" : "2024-12-16",
    "price" : 81.57,
    "dma50" : 83.33,
    "dma100" : null,
    "dma200" : 83.59,
    "volume" : 4100945.00
  }, {
    "date" : "2024-12-17",
    "price" : 79.42,
    "dma50" : 83.18,
    "dma100" : null,
    "dma200" : 83.55,
    "volume" : 5302020.00
  }, {
    "date" : "2024-12-18",
    "price" : 78.51,
    "dma50" : 83.00,
    "dma100" : null,
    "dma200" : 83.50,
    "volume" : 4593794.00
  }, {
    "date" : "2024-12-19",
    "price" : 77.86,
    "dma50" : 82.80,
    "dma100" : null,
    "dma200" : 83.44,
    "volume" : 5262073.00
  }, {
    "date" : "2024-12-20",
    "price" : 76.03,
    "dma50" : 82.53,
    "dma100" : null,
    "dma200" : 83.37,
    "volume" : 4469299.00
  }, {
    "date" : "2024-12-23",
    "price" : 76.20,
    "dma50" : 82.28,
    "dma100" : null,
    "dma200" : 83.30,
    "volume" : 4619537.00
  }, {
    "date" : "2024-12-24",
    "price" : 76.05,
    "dma50" : 82.04,
    "dma100" : null,
    "dma200" : 83.23,
    "volume" : 2959301.00
  }, {
    "date" : "2024-12-26",
    "price" : 76.67,
    "dma50" : 81.83,
    "dma100" : null,
    "dma200" : 83.16,
    "volume" : 7941264.00
  }, {
    "date" : "2024-12-27",
    "price" : 76.49,
    "dma50" : 81.62,
    "dma100" : null,
    "dma200" : 83.10,
    "volume" : 2875898.00
  }, {
    "date" : "2024-12-30",
    "price" : 75.90,
    "dma50" : 81.39,
    "dma100" : null,
    "dma200" : 83.02,
    "volume" : 3489019.00
  }, {
    "date" : "2024-12-31",
    "price" : 76.49,
    "dma50" : 81.20,
    "dma100" : null,
    "dma200" : 82.96,
    "volume" : 2802349.00
  }, {
    "date" : "2025-01-01",
    "price" : 76.82,
    "dma50" : 81.03,
    "dma100" : null,
    "dma200" : 82.90,
    "volume" : 2727385.00
  }, {
    "date" : "2025-01-02",
    "price" : 76.63,
    "dma50" : 80.86,
    "dma100" : null,
    "dma200" : 82.84,
    "volume" : 5851418.00
  }, {
    "date" : "2025-01-03",
    "price" : 77.52,
    "dma50" : 80.73,
    "dma100" : null,
    "dma200" : 82.78,
    "volume" : 5950024.00
  }, {
    "date" : "2025-01-06",
    "price" : 73.84,
    "dma50" : 80.46,
    "dma100" : null,
    "dma200" : 82.69,
    "volume" : 5787530.00
  }, {
    "date" : "2025-01-07",
    "price" : 75.73,
    "dma50" : 80.27,
    "dma100" : null,
    "dma200" : 82.62,
    "volume" : 4325369.00
  }, {
    "date" : "2025-01-08",
    "price" : 74.58,
    "dma50" : 80.05,
    "dma100" : null,
    "dma200" : 82.54,
    "volume" : 5359102.00
  }, {
    "date" : "2025-01-09",
    "price" : 73.27,
    "dma50" : 79.78,
    "dma100" : null,
    "dma200" : 82.45,
    "volume" : 2821870.00
  }, {
    "date" : "2025-01-10",
    "price" : 69.43,
    "dma50" : 79.38,
    "dma100" : null,
    "dma200" : 82.32,
    "volume" : 10676415.00
  }, {
    "date" : "2025-01-13",
    "price" : 66.24,
    "dma50" : 78.86,
    "dma100" : null,
    "dma200" : 82.16,
    "volume" : 7549426.00
  }, {
    "date" : "2025-01-14",
    "price" : 77.90,
    "dma50" : 78.82,
    "dma100" : null,
    "dma200" : 82.12,
    "volume" : 24225286.00
  }, {
    "date" : "2025-01-15",
    "price" : 73.77,
    "dma50" : 78.63,
    "dma100" : null,
    "dma200" : 82.04,
    "volume" : 21374957.00
  }, {
    "date" : "2025-01-16",
    "price" : 79.63,
    "dma50" : 78.66,
    "dma100" : null,
    "dma200" : 82.01,
    "volume" : 50670071.00
  }, {
    "date" : "2025-01-17",
    "price" : 84.01,
    "dma50" : 78.87,
    "dma100" : null,
    "dma200" : 82.03,
    "volume" : 33014011.00
  }, {
    "date" : "2025-01-20",
    "price" : 86.14,
    "dma50" : 79.16,
    "dma100" : null,
    "dma200" : 82.07,
    "volume" : 28324450.00
  }, {
    "date" : "2025-01-21",
    "price" : 82.68,
    "dma50" : 79.30,
    "dma100" : null,
    "dma200" : 82.08,
    "volume" : 14175746.00
  }, {
    "date" : "2025-01-22",
    "price" : 79.60,
    "dma50" : 79.31,
    "dma100" : null,
    "dma200" : 82.06,
    "volume" : 9753260.00
  }, {
    "date" : "2025-01-23",
    "price" : 79.95,
    "dma50" : 79.33,
    "dma100" : null,
    "dma200" : 82.03,
    "volume" : 5135633.00
  }, {
    "date" : "2025-01-24",
    "price" : 76.79,
    "dma50" : 79.23,
    "dma100" : null,
    "dma200" : 81.98,
    "volume" : 5566952.00
  }, {
    "date" : "2025-01-27",
    "price" : 80.31,
    "dma50" : 79.28,
    "dma100" : null,
    "dma200" : 81.97,
    "volume" : 17420089.00
  }, {
    "date" : "2025-01-28",
    "price" : 77.69,
    "dma50" : 79.21,
    "dma100" : null,
    "dma200" : 81.92,
    "volume" : 7731127.00
  }, {
    "date" : "2025-01-29",
    "price" : 77.80,
    "dma50" : 79.16,
    "dma100" : null,
    "dma200" : 81.88,
    "volume" : 3933181.00
  }, {
    "date" : "2025-01-30",
    "price" : 79.20,
    "dma50" : 79.16,
    "dma100" : null,
    "dma200" : 81.86,
    "volume" : 4766845.00
  }, {
    "date" : "2025-01-31",
    "price" : 81.12,
    "dma50" : 79.24,
    "dma100" : null,
    "dma200" : 81.85,
    "volume" : 5929468.00
  }, {
    "date" : "2025-02-01",
    "price" : 79.26,
    "dma50" : 79.24,
    "dma100" : null,
    "dma200" : 81.82,
    "volume" : 5741692.00
  }, {
    "date" : "2025-02-03",
    "price" : 77.97,
    "dma50" : 79.19,
    "dma100" : null,
    "dma200" : 81.78,
    "volume" : 3861060.00
  }, {
    "date" : "2025-02-04",
    "price" : 79.31,
    "dma50" : 79.19,
    "dma100" : null,
    "dma200" : 81.76,
    "volume" : 3853089.00
  }, {
    "date" : "2025-02-05",
    "price" : 81.21,
    "dma50" : 79.27,
    "dma100" : null,
    "dma200" : 81.75,
    "volume" : 7494251.00
  }, {
    "date" : "2025-02-06",
    "price" : 80.25,
    "dma50" : 79.31,
    "dma100" : null,
    "dma200" : 81.74,
    "volume" : 2941309.00
  }, {
    "date" : "2025-02-07",
    "price" : 79.54,
    "dma50" : 79.32,
    "dma100" : null,
    "dma200" : 81.72,
    "volume" : 3939765.00
  }, {
    "date" : "2025-02-10",
    "price" : 76.73,
    "dma50" : 79.22,
    "dma100" : null,
    "dma200" : 81.67,
    "volume" : 3829772.00
  }, {
    "date" : "2025-02-11",
    "price" : 73.83,
    "dma50" : 79.01,
    "dma100" : null,
    "dma200" : 81.59,
    "volume" : 5405330.00
  }, {
    "date" : "2025-02-12",
    "price" : 74.33,
    "dma50" : 78.82,
    "dma100" : null,
    "dma200" : 81.52,
    "volume" : 6273229.00
  }, {
    "date" : "2025-02-13",
    "price" : 74.22,
    "dma50" : 78.64,
    "dma100" : null,
    "dma200" : 81.44,
    "volume" : 3536334.00
  }, {
    "date" : "2025-02-14",
    "price" : 72.12,
    "dma50" : 78.39,
    "dma100" : null,
    "dma200" : 81.35,
    "volume" : 3545678.00
  }, {
    "date" : "2025-02-17",
    "price" : 72.10,
    "dma50" : 78.14,
    "dma100" : null,
    "dma200" : 81.26,
    "volume" : 5716884.00
  }, {
    "date" : "2025-02-18",
    "price" : 71.39,
    "dma50" : 77.88,
    "dma100" : null,
    "dma200" : 81.16,
    "volume" : 3794050.00
  }, {
    "date" : "2025-02-19",
    "price" : 73.16,
    "dma50" : 77.69,
    "dma100" : null,
    "dma200" : 81.08,
    "volume" : 3361047.00
  }, {
    "date" : "2025-02-20",
    "price" : 74.23,
    "dma50" : 77.56,
    "dma100" : null,
    "dma200" : 81.01,
    "volume" : 3431061.00
  }, {
    "date" : "2025-02-21",
    "price" : 73.09,
    "dma50" : 77.38,
    "dma100" : null,
    "dma200" : 80.93,
    "volume" : 5170766.00
  }, {
    "date" : "2025-02-24",
    "price" : 71.78,
    "dma50" : 77.16,
    "dma100" : null,
    "dma200" : 80.84,
    "volume" : 2612713.00
  }, {
    "date" : "2025-02-25",
    "price" : 71.90,
    "dma50" : 76.95,
    "dma100" : null,
    "dma200" : 80.75,
    "volume" : 3680574.00
  }, {
    "date" : "2025-02-27",
    "price" : 71.02,
    "dma50" : 76.72,
    "dma100" : null,
    "dma200" : 80.66,
    "volume" : 3307639.00
  }, {
    "date" : "2025-02-28",
    "price" : 69.24,
    "dma50" : 76.43,
    "dma100" : null,
    "dma200" : 80.54,
    "volume" : 4170072.00
  }, {
    "date" : "2025-03-03",
    "price" : 67.49,
    "dma50" : 76.08,
    "dma100" : null,
    "dma200" : 80.41,
    "volume" : 6056339.00
  }, {
    "date" : "2025-03-04",
    "price" : 68.00,
    "dma50" : 75.76,
    "dma100" : null,
    "dma200" : 80.29,
    "volume" : 5408820.00
  }, {
    "date" : "2025-03-05",
    "price" : 70.77,
    "dma50" : 75.57,
    "dma100" : null,
    "dma200" : 80.20,
    "volume" : 8841111.00
  }, {
    "date" : "2025-03-06",
    "price" : 72.34,
    "dma50" : 75.44,
    "dma100" : null,
    "dma200" : 80.12,
    "volume" : 5204057.00
  }, {
    "date" : "2025-03-07",
    "price" : 72.79,
    "dma50" : 75.33,
    "dma100" : null,
    "dma200" : 80.04,
    "volume" : 4074023.00
  }, {
    "date" : "2025-03-10",
    "price" : 74.18,
    "dma50" : 75.29,
    "dma100" : null,
    "dma200" : 79.99,
    "volume" : 13557092.00
  }, {
    "date" : "2025-03-11",
    "price" : 72.74,
    "dma50" : 75.19,
    "dma100" : null,
    "dma200" : 79.91,
    "volume" : 6330450.00
  }, {
    "date" : "2025-03-12",
    "price" : 72.65,
    "dma50" : 75.09,
    "dma100" : null,
    "dma200" : 79.84,
    "volume" : 3876930.00
  }, {
    "date" : "2025-03-13",
    "price" : 72.10,
    "dma50" : 74.97,
    "dma100" : null,
    "dma200" : 79.77,
    "volume" : 3677323.00
  }, {
    "date" : "2025-03-17",
    "price" : 72.28,
    "dma50" : 74.87,
    "dma100" : null,
    "dma200" : 79.69,
    "volume" : 3441375.00
  }, {
    "date" : "2025-03-18",
    "price" : 72.93,
    "dma50" : 74.79,
    "dma100" : null,
    "dma200" : 79.62,
    "volume" : 4308359.00
  }, {
    "date" : "2025-03-19",
    "price" : 74.80,
    "dma50" : 74.79,
    "dma100" : null,
    "dma200" : 79.58,
    "volume" : 7340440.00
  }, {
    "date" : "2025-03-20",
    "price" : 75.26,
    "dma50" : 74.81,
    "dma100" : null,
    "dma200" : 79.53,
    "volume" : 4767007.00
  }, {
    "date" : "2025-03-21",
    "price" : 81.37,
    "dma50" : 75.07,
    "dma100" : null,
    "dma200" : 79.55,
    "volume" : 16435010.00
  }, {
    "date" : "2025-03-24",
    "price" : 80.92,
    "dma50" : 75.30,
    "dma100" : null,
    "dma200" : 79.56,
    "volume" : 7765712.00
  }, {
    "date" : "2025-03-25",
    "price" : 78.62,
    "dma50" : 75.43,
    "dma100" : null,
    "dma200" : 79.55,
    "volume" : 5509757.00
  }, {
    "date" : "2025-03-26",
    "price" : 77.49,
    "dma50" : 75.51,
    "dma100" : null,
    "dma200" : 79.53,
    "volume" : 5371873.00
  }, {
    "date" : "2025-03-27",
    "price" : 77.10,
    "dma50" : 75.57,
    "dma100" : null,
    "dma200" : 79.51,
    "volume" : 8721639.00
  }, {
    "date" : "2025-03-28",
    "price" : 77.70,
    "dma50" : 75.65,
    "dma100" : null,
    "dma200" : 79.49,
    "volume" : 8011636.00
  }, {
    "date" : "2025-04-01",
    "price" : 77.73,
    "dma50" : 75.74,
    "dma100" : null,
    "dma200" : 79.47,
    "volume" : 4706882.00
  }, {
    "date" : "2025-04-02",
    "price" : 78.40,
    "dma50" : 75.84,
    "dma100" : null,
    "dma200" : 79.46,
    "volume" : 3885315.00
  }, {
    "date" : "2025-04-03",
    "price" : 80.59,
    "dma50" : 76.03,
    "dma100" : null,
    "dma200" : 79.48,
    "volume" : 9733554.00
  }, {
    "date" : "2025-04-04",
    "price" : 78.39,
    "dma50" : 76.12,
    "dma100" : null,
    "dma200" : 79.46,
    "volume" : 5990895.00
  }, {
    "date" : "2025-04-07",
    "price" : 73.54,
    "dma50" : 76.02,
    "dma100" : null,
    "dma200" : 79.41,
    "volume" : 8590955.00
  }, {
    "date" : "2025-04-08",
    "price" : 76.97,
    "dma50" : 76.05,
    "dma100" : null,
    "dma200" : 79.38,
    "volume" : 7560184.00
  }, {
    "date" : "2025-04-09",
    "price" : 78.79,
    "dma50" : 76.16,
    "dma100" : null,
    "dma200" : 79.38,
    "volume" : 13533725.00
  }, {
    "date" : "2025-04-11",
    "price" : 79.49,
    "dma50" : 76.29,
    "dma100" : null,
    "dma200" : 79.38,
    "volume" : 6097023.00
  }, {
    "date" : "2025-04-15",
    "price" : 80.66,
    "dma50" : 76.46,
    "dma100" : null,
    "dma200" : 79.39,
    "volume" : 5435097.00
  }, {
    "date" : "2025-04-16",
    "price" : 81.54,
    "dma50" : 76.66,
    "dma100" : null,
    "dma200" : 79.41,
    "volume" : 11314335.00
  }, {
    "date" : "2025-04-17",
    "price" : 82.10,
    "dma50" : 76.88,
    "dma100" : null,
    "dma200" : 79.44,
    "volume" : 5469745.00
  }, {
    "date" : "2025-04-21",
    "price" : 83.12,
    "dma50" : 77.12,
    "dma100" : null,
    "dma200" : 79.47,
    "volume" : 7352233.00
  }, {
    "date" : "2025-04-22",
    "price" : 85.39,
    "dma50" : 77.45,
    "dma100" : null,
    "dma200" : 79.53,
    "volume" : 15479756.00
  }, {
    "date" : "2025-04-23",
    "price" : 83.98,
    "dma50" : 77.70,
    "dma100" : null,
    "dma200" : 79.58,
    "volume" : 6772550.00
  }, {
    "date" : "2025-04-24",
    "price" : 83.70,
    "dma50" : 77.94,
    "dma100" : null,
    "dma200" : 79.62,
    "volume" : 4660619.00
  }, {
    "date" : "2025-04-25",
    "price" : 80.43,
    "dma50" : 78.03,
    "dma100" : null,
    "dma200" : 79.63,
    "volume" : 7643022.00
  }, {
    "date" : "2025-04-28",
    "price" : 82.72,
    "dma50" : 78.22,
    "dma100" : null,
    "dma200" : 79.66,
    "volume" : 15542182.00
  }, {
    "date" : "2025-04-29",
    "price" : 83.07,
    "dma50" : 78.41,
    "dma100" : 77.50,
    "dma200" : 79.69,
    "volume" : 8197109.00
  }, {
    "date" : "2025-04-30",
    "price" : 79.83,
    "dma50" : 78.46,
    "dma100" : 77.46,
    "dma200" : 79.69,
    "volume" : 7891470.00
  }, {
    "date" : "2025-05-02",
    "price" : 79.87,
    "dma50" : 78.52,
    "dma100" : 77.39,
    "dma200" : 79.69,
    "volume" : 3756876.00
  }, {
    "date" : "2025-05-05",
    "price" : 80.86,
    "dma50" : 78.61,
    "dma100" : 77.35,
    "dma200" : 79.71,
    "volume" : 5522481.00
  }, {
    "date" : "2025-05-06",
    "price" : 77.79,
    "dma50" : 78.58,
    "dma100" : 77.27,
    "dma200" : 79.69,
    "volume" : 5043899.00
  }, {
    "date" : "2025-05-07",
    "price" : 77.89,
    "dma50" : 78.55,
    "dma100" : 77.20,
    "dma200" : 79.67,
    "volume" : 4980084.00
  }, {
    "date" : "2025-05-08",
    "price" : 76.87,
    "dma50" : 78.49,
    "dma100" : 77.12,
    "dma200" : 79.64,
    "volume" : 3903635.00
  }, {
    "date" : "2025-05-09",
    "price" : 76.30,
    "dma50" : 78.40,
    "dma100" : 77.05,
    "dma200" : 79.61,
    "volume" : 4970644.00
  }, {
    "date" : "2025-05-12",
    "price" : 81.79,
    "dma50" : 78.53,
    "dma100" : 77.03,
    "dma200" : 79.63,
    "volume" : 8998067.00
  }, {
    "date" : "2025-05-13",
    "price" : 81.79,
    "dma50" : 78.66,
    "dma100" : 77.04,
    "dma200" : 79.65,
    "volume" : 5231957.00
  }, {
    "date" : "2025-05-14",
    "price" : 85.61,
    "dma50" : 78.93,
    "dma100" : 77.08,
    "dma200" : 79.71,
    "volume" : 15753438.00
  }, {
    "date" : "2025-05-15",
    "price" : 86.29,
    "dma50" : 79.22,
    "dma100" : 77.15,
    "dma200" : 79.78,
    "volume" : 9007166.00
  }, {
    "date" : "2025-05-16",
    "price" : 86.00,
    "dma50" : 79.49,
    "dma100" : 77.22,
    "dma200" : 79.84,
    "volume" : 5176332.00
  }, {
    "date" : "2025-05-19",
    "price" : 89.64,
    "dma50" : 79.89,
    "dma100" : 77.34,
    "dma200" : 79.94,
    "volume" : 25423652.00
  }, {
    "date" : "2025-05-20",
    "price" : 90.93,
    "dma50" : 80.32,
    "dma100" : 77.49,
    "dma200" : 80.04,
    "volume" : 25175433.00
  }, {
    "date" : "2025-05-21",
    "price" : 94.52,
    "dma50" : 80.88,
    "dma100" : 77.67,
    "dma200" : 80.19,
    "volume" : 29797163.00
  }, {
    "date" : "2025-05-22",
    "price" : 93.33,
    "dma50" : 81.36,
    "dma100" : 77.84,
    "dma200" : 80.32,
    "volume" : 22601418.00
  }, {
    "date" : "2025-05-23",
    "price" : 93.94,
    "dma50" : 81.86,
    "dma100" : 78.02,
    "dma200" : 80.45,
    "volume" : 14104424.00
  }, {
    "date" : "2025-05-26",
    "price" : 92.04,
    "dma50" : 82.26,
    "dma100" : 78.17,
    "dma200" : 80.57,
    "volume" : 10828033.00
  }, {
    "date" : "2025-05-27",
    "price" : 91.27,
    "dma50" : 82.61,
    "dma100" : 78.33,
    "dma200" : 80.68,
    "volume" : 6528139.00
  }, {
    "date" : "2025-05-28",
    "price" : 93.37,
    "dma50" : 83.03,
    "dma100" : 78.49,
    "dma200" : 80.80,
    "volume" : 10957259.00
  }, {
    "date" : "2025-05-29",
    "price" : 94.15,
    "dma50" : 83.47,
    "dma100" : 78.67,
    "dma200" : 80.94,
    "volume" : 18617797.00
  }, {
    "date" : "2025-05-30",
    "price" : 96.81,
    "dma50" : 83.99,
    "dma100" : 78.87,
    "dma200" : 81.09,
    "volume" : 34395248.00
  }, {
    "date" : "2025-06-02",
    "price" : 101.27,
    "dma50" : 84.67,
    "dma100" : 79.11,
    "dma200" : 81.29,
    "volume" : 36163985.00
  }, {
    "date" : "2025-06-03",
    "price" : 98.45,
    "dma50" : 85.21,
    "dma100" : 79.35,
    "dma200" : 81.47,
    "volume" : 16776544.00
  }, {
    "date" : "2025-06-04",
    "price" : 100.36,
    "dma50" : 85.80,
    "dma100" : 79.60,
    "dma200" : 81.65,
    "volume" : 16813920.00
  }, {
    "date" : "2025-06-05",
    "price" : 101.12,
    "dma50" : 86.40,
    "dma100" : 79.86,
    "dma200" : 81.85,
    "volume" : 29315359.00
  }, {
    "date" : "2025-06-06",
    "price" : 100.93,
    "dma50" : 86.97,
    "dma100" : 80.14,
    "dma200" : 82.04,
    "volume" : 15796078.00
  }, {
    "date" : "2025-06-09",
    "price" : 101.32,
    "dma50" : 87.54,
    "dma100" : 80.46,
    "dma200" : 82.23,
    "volume" : 10673818.00
  }, {
    "date" : "2025-06-10",
    "price" : 100.14,
    "dma50" : 88.03,
    "dma100" : 80.80,
    "dma200" : 82.41,
    "volume" : 7991400.00
  }, {
    "date" : "2025-06-11",
    "price" : 100.04,
    "dma50" : 88.50,
    "dma100" : 81.02,
    "dma200" : 82.58,
    "volume" : 18678394.00
  }, {
    "date" : "2025-06-12",
    "price" : 97.58,
    "dma50" : 88.86,
    "dma100" : 81.26,
    "dma200" : 82.73,
    "volume" : 11542502.00
  }, {
    "date" : "2025-06-13",
    "price" : 94.82,
    "dma50" : 89.09,
    "dma100" : 81.41,
    "dma200" : 82.85,
    "volume" : 14809606.00
  }, {
    "date" : "2025-06-16",
    "price" : 94.42,
    "dma50" : 89.30,
    "dma100" : 81.51,
    "dma200" : 82.97,
    "volume" : 9390032.00
  }, {
    "date" : "2025-06-17",
    "price" : 92.48,
    "dma50" : 89.43,
    "dma100" : 81.58,
    "dma200" : 83.06,
    "volume" : 9218618.00
  }, {
    "date" : "2025-06-18",
    "price" : 92.00,
    "dma50" : 89.53,
    "dma100" : 81.67,
    "dma200" : 83.15,
    "volume" : 6638116.00
  }, {
    "date" : "2025-06-19",
    "price" : 89.26,
    "dma50" : 89.52,
    "dma100" : 81.77,
    "dma200" : 83.21,
    "volume" : 9994774.00
  }, {
    "date" : "2025-06-20",
    "price" : 91.00,
    "dma50" : 89.57,
    "dma100" : 81.88,
    "dma200" : 83.29,
    "volume" : 6990022.00
  }, {
    "date" : "2025-06-23",
    "price" : 91.07,
    "dma50" : 89.63,
    "dma100" : 82.02,
    "dma200" : 83.37,
    "volume" : 4952412.00
  }, {
    "date" : "2025-06-24",
    "price" : 91.68,
    "dma50" : 89.71,
    "dma100" : 82.13,
    "dma200" : 83.45,
    "volume" : 9492775.00
  }, {
    "date" : "2025-06-25",
    "price" : 94.54,
    "dma50" : 89.90,
    "dma100" : 82.30,
    "dma200" : 83.56,
    "volume" : 11738976.00
  }, {
    "date" : "2025-06-26",
    "price" : 95.44,
    "dma50" : 90.12,
    "dma100" : 82.48,
    "dma200" : 83.68,
    "volume" : 9729313.00
  }, {
    "date" : "2025-06-27",
    "price" : 101.32,
    "dma50" : 90.56,
    "dma100" : 82.70,
    "dma200" : 83.85,
    "volume" : 51317609.00
  }, {
    "date" : "2025-06-30",
    "price" : 103.43,
    "dma50" : 91.06,
    "dma100" : 82.92,
    "dma200" : 84.05,
    "volume" : 48248006.00
  }, {
    "date" : "2025-07-01",
    "price" : 104.85,
    "dma50" : 91.60,
    "dma100" : 83.18,
    "dma200" : 84.25,
    "volume" : 18654531.00
  }, {
    "date" : "2025-07-02",
    "price" : 102.95,
    "dma50" : 92.05,
    "dma100" : 83.43,
    "dma200" : 84.44,
    "volume" : 12990242.00
  }, {
    "date" : "2025-07-03",
    "price" : 101.40,
    "dma50" : 92.42,
    "dma100" : 83.65,
    "dma200" : 84.61,
    "volume" : 8434365.00
  }, {
    "date" : "2025-07-04",
    "price" : 101.12,
    "dma50" : 92.76,
    "dma100" : 83.85,
    "dma200" : 84.77,
    "volume" : 6389567.00
  }, {
    "date" : "2025-07-07",
    "price" : 101.38,
    "dma50" : 93.10,
    "dma100" : 84.06,
    "dma200" : 84.94,
    "volume" : 13538034.00
  }, {
    "date" : "2025-07-08",
    "price" : 99.79,
    "dma50" : 93.36,
    "dma100" : 84.26,
    "dma200" : 85.09,
    "volume" : 9596480.00
  }, {
    "date" : "2025-07-09",
    "price" : 99.88,
    "dma50" : 93.61,
    "dma100" : 84.49,
    "dma200" : 85.23,
    "volume" : 5690327.00
  }, {
    "date" : "2025-07-10",
    "price" : 99.90,
    "dma50" : 93.86,
    "dma100" : 84.76,
    "dma200" : 85.38,
    "volume" : 10374246.00
  }, {
    "date" : "2025-07-11",
    "price" : 99.00,
    "dma50" : 94.06,
    "dma100" : 85.00,
    "dma200" : 85.52,
    "volume" : 6765343.00
  }, {
    "date" : "2025-07-14",
    "price" : 100.26,
    "dma50" : 94.30,
    "dma100" : 85.26,
    "dma200" : 85.66,
    "volume" : 7244451.00
  }, {
    "date" : "2025-07-15",
    "price" : 98.14,
    "dma50" : 94.46,
    "dma100" : 85.52,
    "dma200" : 85.79,
    "volume" : 8010287.00
  }, {
    "date" : "2025-07-16",
    "price" : 100.63,
    "dma50" : 94.70,
    "dma100" : 85.81,
    "dma200" : 85.93,
    "volume" : 13235123.00
  }, {
    "date" : "2025-07-17",
    "price" : 99.67,
    "dma50" : 94.89,
    "dma100" : 86.09,
    "dma200" : 86.07,
    "volume" : 4576527.00
  }, {
    "date" : "2025-07-18",
    "price" : 98.57,
    "dma50" : 95.04,
    "dma100" : 86.35,
    "dma200" : 86.20,
    "volume" : 4806517.00
  }, {
    "date" : "2025-07-21",
    "price" : 97.19,
    "dma50" : 95.12,
    "dma100" : 86.57,
    "dma200" : 86.30,
    "volume" : 9749298.00
  }, {
    "date" : "2025-07-22",
    "price" : 95.26,
    "dma50" : 95.13,
    "dma100" : 86.80,
    "dma200" : 86.39,
    "volume" : 6280343.00
  }, {
    "date" : "2025-07-23",
    "price" : 97.38,
    "dma50" : 95.21,
    "dma100" : 87.05,
    "dma200" : 86.50,
    "volume" : 7668138.00
  }, {
    "date" : "2025-07-24",
    "price" : 96.75,
    "dma50" : 95.27,
    "dma100" : 87.30,
    "dma200" : 86.60,
    "volume" : 5123305.00
  }, {
    "date" : "2025-07-25",
    "price" : 93.23,
    "dma50" : 95.19,
    "dma100" : 87.52,
    "dma200" : 86.67,
    "volume" : 6832773.00
  }, {
    "date" : "2025-07-28",
    "price" : 92.30,
    "dma50" : 95.08,
    "dma100" : 87.75,
    "dma200" : 86.73,
    "volume" : 5384655.00
  }, {
    "date" : "2025-07-29",
    "price" : 93.02,
    "dma50" : 95.00,
    "dma100" : 88.01,
    "dma200" : 86.79,
    "volume" : 4058821.00
  }, {
    "date" : "2025-07-30",
    "price" : 94.17,
    "dma50" : 94.97,
    "dma100" : 88.27,
    "dma200" : 86.86,
    "volume" : 5087025.00
  }, {
    "date" : "2025-07-31",
    "price" : 92.67,
    "dma50" : 94.88,
    "dma100" : 88.49,
    "dma200" : 86.92,
    "volume" : 4263407.00
  }, {
    "date" : "2025-08-01",
    "price" : 90.19,
    "dma50" : 94.69,
    "dma100" : 88.67,
    "dma200" : 86.95,
    "volume" : 4668529.00
  }, {
    "date" : "2025-08-04",
    "price" : 91.38,
    "dma50" : 94.56,
    "dma100" : 88.85,
    "dma200" : 87.00,
    "volume" : 4595843.00
  }, {
    "date" : "2025-08-05",
    "price" : 90.67,
    "dma50" : 94.41,
    "dma100" : 89.02,
    "dma200" : 87.03,
    "volume" : 3395240.00
  }, {
    "date" : "2025-08-06",
    "price" : 89.59,
    "dma50" : 94.22,
    "dma100" : 89.19,
    "dma200" : 87.06,
    "volume" : 4240450.00
  }, {
    "date" : "2025-08-07",
    "price" : 89.49,
    "dma50" : 94.04,
    "dma100" : 89.36,
    "dma200" : 87.08,
    "volume" : 6272450.00
  }, {
    "date" : "2025-08-08",
    "price" : 90.29,
    "dma50" : 93.89,
    "dma100" : 89.54,
    "dma200" : 87.12,
    "volume" : 5089512.00
  }, {
    "date" : "2025-08-11",
    "price" : 89.88,
    "dma50" : 93.73,
    "dma100" : 89.71,
    "dma200" : 87.14,
    "volume" : 3717785.00
  }, {
    "date" : "2025-08-12",
    "price" : 88.38,
    "dma50" : 93.52,
    "dma100" : 89.87,
    "dma200" : 87.16,
    "volume" : 4077305.00
  }, {
    "date" : "2025-08-13",
    "price" : 87.84,
    "dma50" : 93.30,
    "dma100" : 90.00,
    "dma200" : 87.16,
    "volume" : 5593166.00
  }, {
    "date" : "2025-08-14",
    "price" : 87.35,
    "dma50" : 93.07,
    "dma100" : 90.12,
    "dma200" : 87.16,
    "volume" : 2411816.00
  }, {
    "date" : "2025-08-18",
    "price" : 88.23,
    "dma50" : 92.88,
    "dma100" : 90.19,
    "dma200" : 87.17,
    "volume" : 2861640.00
  }, {
    "date" : "2025-08-19",
    "price" : 89.55,
    "dma50" : 92.75,
    "dma100" : 90.27,
    "dma200" : 87.20,
    "volume" : 5209852.00
  }, {
    "date" : "2025-08-20",
    "price" : 90.16,
    "dma50" : 92.64,
    "dma100" : 90.39,
    "dma200" : 87.23,
    "volume" : 3677572.00
  }, {
    "date" : "2025-08-21",
    "price" : 97.58,
    "dma50" : 92.84,
    "dma100" : 90.59,
    "dma200" : 87.33,
    "volume" : 48794715.00
  }, {
    "date" : "2025-08-22",
    "price" : 95.00,
    "dma50" : 92.92,
    "dma100" : 90.77,
    "dma200" : 87.41,
    "volume" : 17021976.00
  }, {
    "date" : "2025-08-25",
    "price" : 94.51,
    "dma50" : 92.99,
    "dma100" : 90.94,
    "dma200" : 87.48,
    "volume" : 7889479.00
  }, {
    "date" : "2025-08-26",
    "price" : 91.87,
    "dma50" : 92.94,
    "dma100" : 91.08,
    "dma200" : 87.52,
    "volume" : 4805205.00
  }, {
    "date" : "2025-08-28",
    "price" : 89.91,
    "dma50" : 92.82,
    "dma100" : 91.19,
    "dma200" : 87.55,
    "volume" : 7011241.00
  }, {
    "date" : "2025-08-29",
    "price" : 85.67,
    "dma50" : 92.54,
    "dma100" : 91.24,
    "dma200" : 87.53,
    "volume" : 22223229.00
  }, {
    "date" : "2025-09-01",
    "price" : 87.05,
    "dma50" : 92.33,
    "dma100" : 91.33,
    "dma200" : 87.52,
    "volume" : 6317297.00
  }, {
    "date" : "2025-09-02",
    "price" : 89.19,
    "dma50" : 92.20,
    "dma100" : 91.49,
    "dma200" : 87.54,
    "volume" : 10408393.00
  }, {
    "date" : "2025-09-03",
    "price" : 90.62,
    "dma50" : 92.14,
    "dma100" : 91.62,
    "dma200" : 87.57,
    "volume" : 5844508.00
  }, {
    "date" : "2025-09-04",
    "price" : 88.86,
    "dma50" : 92.01,
    "dma100" : 91.73,
    "dma200" : 87.58,
    "volume" : 5256557.00
  }, {
    "date" : "2025-09-05",
    "price" : 88.87,
    "dma50" : 91.89,
    "dma100" : 91.82,
    "dma200" : 87.59,
    "volume" : 4374272.00
  }, {
    "date" : "2025-09-08",
    "price" : 92.27,
    "dma50" : 91.90,
    "dma100" : 91.94,
    "dma200" : 87.64,
    "volume" : 20688681.00
  }, {
    "date" : "2025-09-09",
    "price" : 92.26,
    "dma50" : 91.92,
    "dma100" : 92.04,
    "dma200" : 87.69,
    "volume" : 7848968.00
  }, {
    "date" : "2025-09-10",
    "price" : 94.76,
    "dma50" : 92.03,
    "dma100" : 92.17,
    "dma200" : 87.76,
    "volume" : 18662753.00
  }, {
    "date" : "2025-09-11",
    "price" : 92.85,
    "dma50" : 92.06,
    "dma100" : 92.27,
    "dma200" : 87.81,
    "volume" : 9752249.00
  }, {
    "date" : "2025-09-12",
    "price" : 93.01,
    "dma50" : 92.10,
    "dma100" : 92.34,
    "dma200" : 87.86,
    "volume" : 5270953.00
  }, {
    "date" : "2025-09-15",
    "price" : 93.47,
    "dma50" : 92.15,
    "dma100" : 92.44,
    "dma200" : 87.92,
    "volume" : 4761524.00
  }, {
    "date" : "2025-09-16",
    "price" : 93.29,
    "dma50" : 92.20,
    "dma100" : 92.53,
    "dma200" : 87.97,
    "volume" : 4497071.00
  }, {
    "date" : "2025-09-17",
    "price" : 92.95,
    "dma50" : 92.23,
    "dma100" : 92.66,
    "dma200" : 88.02,
    "volume" : 7949608.00
  }, {
    "date" : "2025-09-18",
    "price" : 92.47,
    "dma50" : 92.24,
    "dma100" : 92.76,
    "dma200" : 88.06,
    "volume" : 6256140.00
  }, {
    "date" : "2025-09-19",
    "price" : 93.76,
    "dma50" : 92.30,
    "dma100" : 92.86,
    "dma200" : 88.12,
    "volume" : 9367671.00
  }, {
    "date" : "2025-09-22",
    "price" : 93.20,
    "dma50" : 92.33,
    "dma100" : 93.00,
    "dma200" : 88.17,
    "volume" : 7807335.00
  }, {
    "date" : "2025-09-23",
    "price" : 93.23,
    "dma50" : 92.37,
    "dma100" : 93.13,
    "dma200" : 88.22,
    "volume" : 5379783.00
  }, {
    "date" : "2025-09-24",
    "price" : 92.01,
    "dma50" : 92.35,
    "dma100" : 93.24,
    "dma200" : 88.26,
    "volume" : 5964518.00
  }, {
    "date" : "2025-09-25",
    "price" : 90.89,
    "dma50" : 92.30,
    "dma100" : 93.37,
    "dma200" : 88.28,
    "volume" : 4451525.00
  }, {
    "date" : "2025-09-26",
    "price" : 89.57,
    "dma50" : 92.19,
    "dma100" : 93.49,
    "dma200" : 88.30,
    "volume" : 4894909.00
  }, {
    "date" : "2025-09-29",
    "price" : 89.35,
    "dma50" : 92.08,
    "dma100" : 93.61,
    "dma200" : 88.31,
    "volume" : 9934976.00
  }, {
    "date" : "2025-09-30",
    "price" : 91.42,
    "dma50" : 92.05,
    "dma100" : 93.77,
    "dma200" : 88.34,
    "volume" : 7060215.00
  }, {
    "date" : "2025-10-01",
    "price" : 92.35,
    "dma50" : 92.06,
    "dma100" : 93.87,
    "dma200" : 88.38,
    "volume" : 5576069.00
  }, {
    "date" : "2025-10-03",
    "price" : 92.60,
    "dma50" : 92.08,
    "dma100" : 93.98,
    "dma200" : 88.42,
    "volume" : 5021245.00
  }, {
    "date" : "2025-10-06",
    "price" : 92.86,
    "dma50" : 92.11,
    "dma100" : 94.05,
    "dma200" : 88.46,
    "volume" : 3878534.00
  }, {
    "date" : "2025-10-07",
    "price" : 92.29,
    "dma50" : 92.12,
    "dma100" : 94.11,
    "dma200" : 88.50,
    "volume" : 3604802.00
  }, {
    "date" : "2025-10-08",
    "price" : 91.25,
    "dma50" : 92.09,
    "dma100" : 94.16,
    "dma200" : 88.53,
    "volume" : 4343115.00
  }, {
    "date" : "2025-10-09",
    "price" : 91.40,
    "dma50" : 92.06,
    "dma100" : 94.18,
    "dma200" : 88.56,
    "volume" : 3365205.00
  }, {
    "date" : "2025-10-10",
    "price" : 93.46,
    "dma50" : 92.12,
    "dma100" : 94.21,
    "dma200" : 88.61,
    "volume" : 8788066.00
  }, {
    "date" : "2025-10-13",
    "price" : 93.23,
    "dma50" : 92.16,
    "dma100" : 94.19,
    "dma200" : 88.65,
    "volume" : 4600071.00
  }, {
    "date" : "2025-10-14",
    "price" : 91.74,
    "dma50" : 92.14,
    "dma100" : 94.18,
    "dma200" : 88.68,
    "volume" : 6445686.00
  }, {
    "date" : "2025-10-15",
    "price" : 93.15,
    "dma50" : 92.18,
    "dma100" : 94.17,
    "dma200" : 88.73,
    "volume" : 5391843.00
  }, {
    "date" : "2025-10-16",
    "price" : 92.31,
    "dma50" : 92.19,
    "dma100" : 94.17,
    "dma200" : 88.76,
    "volume" : 5347630.00
  }, {
    "date" : "2025-10-17",
    "price" : 91.72,
    "dma50" : 92.17,
    "dma100" : 94.18,
    "dma200" : 88.79,
    "volume" : 4788112.00
  }, {
    "date" : "2025-10-20",
    "price" : 94.10,
    "dma50" : 92.24,
    "dma100" : 94.18,
    "dma200" : 88.85,
    "volume" : 24819318.00
  }, {
    "date" : "2025-10-21",
    "price" : 94.30,
    "dma50" : 92.33,
    "dma100" : 94.19,
    "dma200" : 88.90,
    "volume" : 1969851.00
  }, {
    "date" : "2025-10-23",
    "price" : 94.10,
    "dma50" : 92.39,
    "dma100" : 94.16,
    "dma200" : 88.95,
    "volume" : 22152274.00
  }, {
    "date" : "2025-10-24",
    "price" : 93.93,
    "dma50" : 92.46,
    "dma100" : 94.09,
    "dma200" : 89.00,
    "volume" : 6311192.00
  }, {
    "date" : "2025-10-27",
    "price" : 95.77,
    "dma50" : 92.59,
    "dma100" : 94.06,
    "dma200" : 89.07,
    "volume" : 10036443.00
  }, {
    "date" : "2025-10-28",
    "price" : 102.18,
    "dma50" : 92.96,
    "dma100" : 94.08,
    "dma200" : 89.20,
    "volume" : 101743024.00
  }, {
    "date" : "2025-10-29",
    "price" : 101.91,
    "dma50" : 93.31,
    "dma100" : 94.09,
    "dma200" : 89.33,
    "volume" : 17123537.00
  }, {
    "date" : "2025-10-30",
    "price" : 97.90,
    "dma50" : 93.49,
    "dma100" : 94.05,
    "dma200" : 89.41,
    "volume" : 18168730.00
  }, {
    "date" : "2025-10-31",
    "price" : 103.80,
    "dma50" : 93.90,
    "dma100" : 94.08,
    "dma200" : 89.55,
    "volume" : 90115819.00
  }, {
    "date" : "2025-11-03",
    "price" : 101.51,
    "dma50" : 94.19,
    "dma100" : 94.09,
    "dma200" : 89.67,
    "volume" : 17133787.00
  }, {
    "date" : "2025-11-04",
    "price" : 99.26,
    "dma50" : 94.39,
    "dma100" : 94.09,
    "dma200" : 89.77,
    "volume" : 13383708.00
  }, {
    "date" : "2025-11-06",
    "price" : 97.26,
    "dma50" : 94.51,
    "dma100" : 94.08,
    "dma200" : 89.84,
    "volume" : 8635310.00
  }, {
    "date" : "2025-11-07",
    "price" : 100.42,
    "dma50" : 94.74,
    "dma100" : 94.14,
    "dma200" : 89.95,
    "volume" : 16926354.00
  }, {
    "date" : "2025-11-10",
    "price" : 98.99,
    "dma50" : 94.90,
    "dma100" : 94.18,
    "dma200" : 90.04,
    "volume" : 6772183.00
  }, {
    "date" : "2025-11-11",
    "price" : 98.81,
    "dma50" : 95.06,
    "dma100" : 94.25,
    "dma200" : 90.13,
    "volume" : 5088673.00
  }, {
    "date" : "2025-11-12",
    "price" : 99.97,
    "dma50" : 95.25,
    "dma100" : 94.33,
    "dma200" : 90.22,
    "volume" : 13177401.00
  }, {
    "date" : "2025-11-13",
    "price" : 98.22,
    "dma50" : 95.37,
    "dma100" : 94.42,
    "dma200" : 90.30,
    "volume" : 15399161.00
  }, {
    "date" : "2025-11-14",
    "price" : 101.04,
    "dma50" : 95.59,
    "dma100" : 94.52,
    "dma200" : 90.41,
    "volume" : 12432969.00
  }, {
    "date" : "2025-11-17",
    "price" : 102.28,
    "dma50" : 95.85,
    "dma100" : 94.63,
    "dma200" : 90.53,
    "volume" : 23555771.00
  }, {
    "date" : "2025-11-18",
    "price" : 102.52,
    "dma50" : 96.11,
    "dma100" : 94.74,
    "dma200" : 90.65,
    "volume" : 26328463.00
  }, {
    "date" : "2025-11-19",
    "price" : 104.62,
    "dma50" : 96.45,
    "dma100" : 94.84,
    "dma200" : 90.79,
    "volume" : 18398357.00
  }, {
    "date" : "2025-11-20",
    "price" : 102.80,
    "dma50" : 96.70,
    "dma100" : 94.91,
    "dma200" : 90.91,
    "volume" : 14053202.00
  }, {
    "date" : "2025-11-21",
    "price" : 100.24,
    "dma50" : 96.83,
    "dma100" : 94.90,
    "dma200" : 91.00,
    "volume" : 15209976.00
  }, {
    "date" : "2025-11-24",
    "price" : 98.93,
    "dma50" : 96.92,
    "dma100" : 94.86,
    "dma200" : 91.08,
    "volume" : 10222877.00
  }, {
    "date" : "2025-11-25",
    "price" : 101.20,
    "dma50" : 97.09,
    "dma100" : 94.82,
    "dma200" : 91.18,
    "volume" : 11932184.00
  }, {
    "date" : "2025-11-26",
    "price" : 101.95,
    "dma50" : 97.28,
    "dma100" : 94.81,
    "dma200" : 91.29,
    "volume" : 9782881.00
  }, {
    "date" : "2025-11-27",
    "price" : 101.19,
    "dma50" : 97.43,
    "dma100" : 94.81,
    "dma200" : 91.38,
    "volume" : 7022593.00
  }, {
    "date" : "2025-11-28",
    "price" : 100.38,
    "dma50" : 97.55,
    "dma100" : 94.80,
    "dma200" : 91.47,
    "volume" : 5713471.00
  } ],
  "latestTechnicalAttributes" : {
    "date" : "2025-11-28",
    "price" : 100.38,
    "dma50" : 97.55,
    "dma100" : 94.80,
    "dma200" : 91.47,
    "volume" : 5713471.00
  },
  "quarterlyResults" : [ {
    "date" : "2005-03-31",
    "sales" : 1591.95,
    "salesGrowthYoY" : null,
    "grossProfitMargin" : 100.00,
    "grossProfit" : 1591.95,
    "operatingProfitMargin" : 73.42,
    "operatingProfit" : 1168.81,
    "netProfitMargin" : 15.40,
    "netProfit" : 245.16
  }, {
    "date" : "2005-06-30",
    "sales" : 1331.85,
    "salesGrowthYoY" : null,
    "grossProfitMargin" : 100.00,
    "grossProfit" : 1331.85,
    "operatingProfitMargin" : 81.26,
    "operatingProfit" : 1082.26,
    "netProfitMargin" : 8.15,
    "netProfit" : 108.55
  }, {
    "date" : "2005-09-30",
    "sales" : 1223.27,
    "salesGrowthYoY" : null,
    "grossProfitMargin" : 100.00,
    "grossProfit" : 1223.27,
    "operatingProfitMargin" : 85.68,
    "operatingProfit" : 1048.10,
    "netProfitMargin" : 10.78,
    "netProfit" : 131.87
  }, {
    "date" : "2005-12-31",
    "sales" : 1251.73,
    "salesGrowthYoY" : null,
    "grossProfitMargin" : 100.00,
    "grossProfit" : 1251.73,
    "operatingProfitMargin" : 85.57,
    "operatingProfit" : 1071.11,
    "netProfitMargin" : 9.53,
    "netProfit" : 119.29
  }, {
    "date" : "2006-03-31",
    "sales" : 1573.87,
    "salesGrowthYoY" : -1.14,
    "grossProfitMargin" : 100.00,
    "grossProfit" : 1573.87,
    "operatingProfitMargin" : 69.76,
    "operatingProfit" : 1097.93,
    "netProfitMargin" : 12.79,
    "netProfit" : 201.30
  }, {
    "date" : "2006-06-30",
    "sales" : 1383.73,
    "salesGrowthYoY" : 3.90,
    "grossProfitMargin" : 100.00,
    "grossProfit" : 1383.73,
    "operatingProfitMargin" : 84.17,
    "operatingProfit" : 1164.69,
    "netProfitMargin" : 10.88,
    "netProfit" : 150.55
  }, {
    "date" : "2006-09-30",
    "sales" : 1448.63,
    "salesGrowthYoY" : 18.42,
    "grossProfitMargin" : 100.00,
    "grossProfit" : 1448.63,
    "operatingProfitMargin" : 86.58,
    "operatingProfit" : 1254.22,
    "netProfitMargin" : 9.62,
    "netProfit" : 139.36
  }, {
    "date" : "2006-12-31",
    "sales" : 1697.35,
    "salesGrowthYoY" : 35.60,
    "grossProfitMargin" : 100.00,
    "grossProfit" : 1697.35,
    "operatingProfitMargin" : 85.94,
    "operatingProfit" : 1458.70,
    "netProfitMargin" : 7.47,
    "netProfit" : 126.79
  }, {
    "date" : "2007-03-31",
    "sales" : 1814.47,
    "salesGrowthYoY" : 15.29,
    "grossProfitMargin" : 100.00,
    "grossProfit" : 1814.47,
    "operatingProfitMargin" : 79.78,
    "operatingProfit" : 1447.58,
    "netProfitMargin" : 11.77,
    "netProfit" : 213.56
  }, {
    "date" : "2007-06-30",
    "sales" : 1792.79,
    "salesGrowthYoY" : 29.56,
    "grossProfitMargin" : 100.00,
    "grossProfit" : 1792.79,
    "operatingProfitMargin" : 83.74,
    "operatingProfit" : 1501.28,
    "netProfitMargin" : 8.54,
    "netProfit" : 153.10
  }, {
    "date" : "2007-09-30",
    "sales" : 1905.96,
    "salesGrowthYoY" : 31.57,
    "grossProfitMargin" : 100.00,
    "grossProfit" : 1905.96,
    "operatingProfitMargin" : 78.79,
    "operatingProfit" : 1501.71,
    "netProfitMargin" : 8.16,
    "netProfit" : 155.53
  }, {
    "date" : "2007-12-31",
    "sales" : 2084.43,
    "salesGrowthYoY" : 22.80,
    "grossProfitMargin" : 100.00,
    "grossProfit" : 2084.43,
    "operatingProfitMargin" : 81.34,
    "operatingProfit" : 1695.48,
    "netProfitMargin" : 8.44,
    "netProfit" : 175.93
  }, {
    "date" : "2008-03-31",
    "sales" : 2255.45,
    "salesGrowthYoY" : 24.30,
    "grossProfitMargin" : 100.00,
    "grossProfit" : 2255.45,
    "operatingProfitMargin" : 84.22,
    "operatingProfit" : 1899.54,
    "netProfitMargin" : 10.86,
    "netProfit" : 244.94
  }, {
    "date" : "2008-06-30",
    "sales" : 2416.24,
    "salesGrowthYoY" : 34.78,
    "grossProfitMargin" : 100.00,
    "grossProfit" : 2416.24,
    "operatingProfitMargin" : 89.70,
    "operatingProfit" : 2167.37,
    "netProfitMargin" : 6.61,
    "netProfit" : 159.71
  }, {
    "date" : "2008-09-30",
    "sales" : 2596.80,
    "salesGrowthYoY" : 36.25,
    "grossProfitMargin" : 100.00,
    "grossProfit" : 2596.80,
    "operatingProfitMargin" : 85.95,
    "operatingProfit" : 2231.95,
    "netProfitMargin" : 6.26,
    "netProfit" : 162.56
  }, {
    "date" : "2008-12-31",
    "sales" : 3233.83,
    "salesGrowthYoY" : 55.14,
    "grossProfitMargin" : 100.00,
    "grossProfit" : 3233.83,
    "operatingProfitMargin" : 83.45,
    "operatingProfit" : 2698.63,
    "netProfitMargin" : 6.88,
    "netProfit" : 222.49
  }, {
    "date" : "2009-03-31",
    "sales" : 3298.25,
    "salesGrowthYoY" : 46.23,
    "grossProfitMargin" : 100.00,
    "grossProfit" : 3298.25,
    "operatingProfitMargin" : 82.37,
    "operatingProfit" : 2716.77,
    "netProfitMargin" : 9.15,
    "netProfit" : 301.79
  }, {
    "date" : "2009-06-30",
    "sales" : 3461.37,
    "salesGrowthYoY" : 43.25,
    "grossProfitMargin" : 100.00,
    "grossProfit" : 3461.37,
    "operatingProfitMargin" : 74.69,
    "operatingProfit" : 2585.30,
    "netProfitMargin" : 4.96,
    "netProfit" : 171.68
  }, {
    "date" : "2009-09-30",
    "sales" : 3712.23,
    "salesGrowthYoY" : 42.95,
    "grossProfitMargin" : 100.00,
    "grossProfit" : 3712.23,
    "operatingProfitMargin" : 80.31,
    "operatingProfit" : 2981.29,
    "netProfitMargin" : 6.84,
    "netProfit" : 253.92
  }, {
    "date" : "2009-12-31",
    "sales" : 4006.05,
    "salesGrowthYoY" : 23.88,
    "grossProfitMargin" : 100.00,
    "grossProfit" : 4006.05,
    "operatingProfitMargin" : 81.26,
    "operatingProfit" : 3255.32,
    "netProfitMargin" : 7.17,
    "netProfit" : 287.23
  }, {
    "date" : "2010-03-31",
    "sales" : 4083.29,
    "salesGrowthYoY" : 23.80,
    "grossProfitMargin" : 100.00,
    "grossProfit" : 4083.29,
    "operatingProfitMargin" : 71.73,
    "operatingProfit" : 2928.94,
    "netProfitMargin" : 7.80,
    "netProfit" : 318.50
  }, {
    "date" : "2010-06-30",
    "sales" : 4282.15,
    "salesGrowthYoY" : 23.71,
    "grossProfitMargin" : 100.00,
    "grossProfit" : 4282.15,
    "operatingProfitMargin" : 76.93,
    "operatingProfit" : 3294.26,
    "netProfitMargin" : 5.86,
    "netProfit" : 250.93
  }, {
    "date" : "2010-09-30",
    "sales" : 4534.10,
    "salesGrowthYoY" : 22.14,
    "grossProfitMargin" : 100.00,
    "grossProfit" : 4534.10,
    "operatingProfitMargin" : 76.27,
    "operatingProfit" : 3458.16,
    "netProfitMargin" : 9.46,
    "netProfit" : 428.93
  }, {
    "date" : "2010-12-31",
    "sales" : 4701.58,
    "salesGrowthYoY" : 17.36,
    "grossProfitMargin" : 100.00,
    "grossProfit" : 4701.58,
    "operatingProfitMargin" : 75.14,
    "operatingProfit" : 3532.77,
    "netProfitMargin" : 9.66,
    "netProfit" : 454.17
  }, {
    "date" : "2011-03-31",
    "sales" : 5023.41,
    "salesGrowthYoY" : 23.02,
    "grossProfitMargin" : 100.00,
    "grossProfit" : 5023.41,
    "operatingProfitMargin" : 82.10,
    "operatingProfit" : 4124.22,
    "netProfitMargin" : 10.28,
    "netProfit" : 516.41
  }, {
    "date" : "2011-06-30",
    "sales" : 5628.93,
    "salesGrowthYoY" : 31.45,
    "grossProfitMargin" : 100.00,
    "grossProfit" : 5628.93,
    "operatingProfitMargin" : 82.62,
    "operatingProfit" : 4650.62,
    "netProfitMargin" : 5.95,
    "netProfit" : 334.92
  }, {
    "date" : "2011-09-30",
    "sales" : 5812.32,
    "salesGrowthYoY" : 28.19,
    "grossProfitMargin" : 100.00,
    "grossProfit" : 5812.32,
    "operatingProfitMargin" : 84.40,
    "operatingProfit" : 4905.60,
    "netProfitMargin" : 8.88,
    "netProfit" : 516.13
  }, {
    "date" : "2011-12-31",
    "sales" : 5849.21,
    "salesGrowthYoY" : 24.41,
    "grossProfitMargin" : 100.00,
    "grossProfit" : 5849.21,
    "operatingProfitMargin" : 81.64,
    "operatingProfit" : 4775.30,
    "netProfitMargin" : 7.01,
    "netProfit" : 410.03
  }, {
    "date" : "2012-03-31",
    "sales" : 6079.47,
    "salesGrowthYoY" : 21.02,
    "grossProfitMargin" : 100.00,
    "grossProfit" : 6079.47,
    "operatingProfitMargin" : 82.29,
    "operatingProfit" : 5002.80,
    "netProfitMargin" : 12.68,
    "netProfit" : 770.88
  }, {
    "date" : "2012-06-30",
    "sales" : 6269.81,
    "salesGrowthYoY" : 11.39,
    "grossProfitMargin" : 100.00,
    "grossProfit" : 6269.81,
    "operatingProfitMargin" : 81.36,
    "operatingProfit" : 5101.12,
    "netProfitMargin" : 6.82,
    "netProfit" : 427.60
  }, {
    "date" : "2012-09-30",
    "sales" : 6197.23,
    "salesGrowthYoY" : 6.62,
    "grossProfitMargin" : 100.00,
    "grossProfit" : 6197.23,
    "operatingProfitMargin" : 79.88,
    "operatingProfit" : 4950.35,
    "netProfitMargin" : 7.80,
    "netProfit" : 483.38
  }, {
    "date" : "2012-12-31",
    "sales" : 6200.36,
    "salesGrowthYoY" : 6.00,
    "grossProfitMargin" : 100.00,
    "grossProfit" : 6200.36,
    "operatingProfitMargin" : 72.69,
    "operatingProfit" : 4507.04,
    "netProfitMargin" : 6.72,
    "netProfit" : 416.66
  }, {
    "date" : "2013-03-31",
    "sales" : 6396.89,
    "salesGrowthYoY" : 5.22,
    "grossProfitMargin" : 100.00,
    "grossProfit" : 6396.89,
    "operatingProfitMargin" : 70.89,
    "operatingProfit" : 4534.76,
    "netProfitMargin" : 8.67,
    "netProfit" : 554.61
  }, {
    "date" : "2013-06-30",
    "sales" : 6728.39,
    "salesGrowthYoY" : 7.31,
    "grossProfitMargin" : 100.00,
    "grossProfit" : 6728.39,
    "operatingProfitMargin" : 74.66,
    "operatingProfit" : 5023.42,
    "netProfitMargin" : 4.56,
    "netProfit" : 306.81
  }, {
    "date" : "2013-09-30",
    "sales" : 6535.71,
    "salesGrowthYoY" : 5.46,
    "grossProfitMargin" : 100.00,
    "grossProfit" : 6535.71,
    "operatingProfitMargin" : 74.51,
    "operatingProfit" : 4869.76,
    "netProfitMargin" : 2.94,
    "netProfit" : 192.15
  }, {
    "date" : "2013-12-31",
    "sales" : 6617.82,
    "salesGrowthYoY" : 6.73,
    "grossProfitMargin" : 100.00,
    "grossProfit" : 6617.82,
    "operatingProfitMargin" : 72.58,
    "operatingProfit" : 4803.21,
    "netProfitMargin" : 1.57,
    "netProfit" : 103.90
  }, {
    "date" : "2014-03-31",
    "sales" : 6715.59,
    "salesGrowthYoY" : 4.98,
    "grossProfitMargin" : 100.00,
    "grossProfit" : 6715.59,
    "operatingProfitMargin" : 69.13,
    "operatingProfit" : 4642.49,
    "netProfitMargin" : 7.72,
    "netProfit" : 518.44
  }, {
    "date" : "2014-06-30",
    "sales" : 6732.98,
    "salesGrowthYoY" : 0.07,
    "grossProfitMargin" : 100.00,
    "grossProfit" : 6732.98,
    "operatingProfitMargin" : 76.26,
    "operatingProfit" : 5134.57,
    "netProfitMargin" : 1.58,
    "netProfit" : 106.38
  }, {
    "date" : "2014-09-30",
    "sales" : 6850.12,
    "salesGrowthYoY" : 4.81,
    "grossProfitMargin" : 100.00,
    "grossProfit" : 6850.12,
    "operatingProfitMargin" : 71.39,
    "operatingProfit" : 4890.30,
    "netProfitMargin" : 1.73,
    "netProfit" : 118.51
  }, {
    "date" : "2014-12-31",
    "sales" : 7158.80,
    "salesGrowthYoY" : 8.17,
    "grossProfitMargin" : 100.00,
    "grossProfit" : 7158.80,
    "operatingProfitMargin" : 71.36,
    "operatingProfit" : 5108.52,
    "netProfitMargin" : 1.44,
    "netProfit" : 103.09
  }, {
    "date" : "2015-03-31",
    "sales" : 7412.08,
    "salesGrowthYoY" : 10.37,
    "grossProfitMargin" : 100.00,
    "grossProfit" : 7412.08,
    "operatingProfitMargin" : 61.42,
    "operatingProfit" : 4552.50,
    "netProfitMargin" : 7.37,
    "netProfit" : 546.27
  }, {
    "date" : "2015-06-30",
    "sales" : 7261.28,
    "salesGrowthYoY" : 7.85,
    "grossProfitMargin" : 100.00,
    "grossProfit" : 7261.28,
    "operatingProfitMargin" : 74.15,
    "operatingProfit" : 5384.24,
    "netProfitMargin" : 1.86,
    "netProfit" : 135.06
  }, {
    "date" : "2015-09-30",
    "sales" : 7069.86,
    "salesGrowthYoY" : 3.21,
    "grossProfitMargin" : 100.00,
    "grossProfit" : 7069.86,
    "operatingProfitMargin" : 68.51,
    "operatingProfit" : 4843.56,
    "netProfitMargin" : 1.69,
    "netProfit" : 119.48
  }, {
    "date" : "2015-12-31",
    "sales" : 6783.56,
    "salesGrowthYoY" : -5.24,
    "grossProfitMargin" : 100.00,
    "grossProfit" : 6783.56,
    "operatingProfitMargin" : 30.14,
    "operatingProfit" : 2044.56,
    "netProfitMargin" : -32.19,
    "netProfit" : -2183.63
  }, {
    "date" : "2016-03-31",
    "sales" : 6928.05,
    "salesGrowthYoY" : -6.53,
    "grossProfitMargin" : 100.00,
    "grossProfit" : 6928.05,
    "operatingProfitMargin" : 18.76,
    "operatingProfit" : 1299.70,
    "netProfitMargin" : -25.05,
    "netProfit" : -1735.48
  }, {
    "date" : "2016-06-30",
    "sales" : 7303.21,
    "salesGrowthYoY" : 0.58,
    "grossProfitMargin" : 100.00,
    "grossProfit" : 7303.21,
    "operatingProfitMargin" : 50.87,
    "operatingProfit" : 3715.14,
    "netProfitMargin" : 3.30,
    "netProfit" : 241.01
  }, {
    "date" : "2016-09-30",
    "sales" : 6985.62,
    "salesGrowthYoY" : -1.19,
    "grossProfitMargin" : 100.00,
    "grossProfit" : 6985.62,
    "operatingProfitMargin" : 59.78,
    "operatingProfit" : 4176.00,
    "netProfitMargin" : 0.79,
    "netProfit" : 55.19
  }, {
    "date" : "2016-12-31",
    "sales" : 6515.93,
    "salesGrowthYoY" : -3.95,
    "grossProfitMargin" : 100.00,
    "grossProfit" : 6515.93,
    "operatingProfitMargin" : 32.09,
    "operatingProfit" : 2090.96,
    "netProfitMargin" : -34.61,
    "netProfit" : -2255.16
  }, {
    "date" : "2017-03-31",
    "sales" : 6986.60,
    "salesGrowthYoY" : 0.85,
    "grossProfitMargin" : 100.00,
    "grossProfit" : 6986.60,
    "operatingProfitMargin" : -2.62,
    "operatingProfit" : -183.05,
    "netProfitMargin" : -45.80,
    "netProfit" : -3199.86
  }, {
    "date" : "2017-06-30",
    "sales" : 6010.88,
    "salesGrowthYoY" : -17.70,
    "grossProfitMargin" : 100.00,
    "grossProfit" : 6010.88,
    "operatingProfitMargin" : 45.42,
    "operatingProfit" : 2730.14,
    "netProfitMargin" : -14.19,
    "netProfit" : -852.94
  }, {
    "date" : "2017-09-30",
    "sales" : 6004.32,
    "salesGrowthYoY" : -14.05,
    "grossProfitMargin" : 100.00,
    "grossProfit" : 6004.32,
    "operatingProfitMargin" : 26.49,
    "operatingProfit" : 1590.54,
    "netProfitMargin" : -3.29,
    "netProfit" : -197.54
  }, {
    "date" : "2017-12-31",
    "sales" : 5797.20,
    "salesGrowthYoY" : -11.03,
    "grossProfitMargin" : 100.00,
    "grossProfit" : 5797.20,
    "operatingProfitMargin" : 0.77,
    "operatingProfit" : 44.64,
    "netProfitMargin" : -26.29,
    "netProfit" : -1524.08
  }, {
    "date" : "2018-03-31",
    "sales" : 5214.14,
    "salesGrowthYoY" : -25.37,
    "grossProfitMargin" : 100.00,
    "grossProfit" : 5214.14,
    "operatingProfitMargin" : -126.29,
    "operatingProfit" : -6584.94,
    "netProfitMargin" : -108.60,
    "netProfit" : -5662.56
  }, {
    "date" : "2018-06-30",
    "sales" : 5759.55,
    "salesGrowthYoY" : -4.18,
    "grossProfitMargin" : 100.00,
    "grossProfit" : 5759.55,
    "operatingProfitMargin" : -11.75,
    "operatingProfit" : -676.75,
    "netProfitMargin" : -41.84,
    "netProfit" : -2409.80
  }, {
    "date" : "2018-09-30",
    "sales" : 5355.89,
    "salesGrowthYoY" : -10.80,
    "grossProfitMargin" : 100.00,
    "grossProfit" : 5355.89,
    "operatingProfitMargin" : -46.32,
    "operatingProfit" : -2480.85,
    "netProfitMargin" : -67.26,
    "netProfit" : -3602.37
  }, {
    "date" : "2018-12-31",
    "sales" : 5492.82,
    "salesGrowthYoY" : -5.25,
    "grossProfitMargin" : 100.00,
    "grossProfit" : 5492.82,
    "operatingProfitMargin" : -43.10,
    "operatingProfit" : -2367.41,
    "netProfitMargin" : -76.20,
    "netProfit" : -4185.53
  }, {
    "date" : "2019-03-31",
    "sales" : 5462.98,
    "salesGrowthYoY" : 4.77,
    "grossProfitMargin" : 100.00,
    "grossProfit" : 5462.98,
    "operatingProfitMargin" : -81.21,
    "operatingProfit" : -4436.49,
    "netProfitMargin" : -90.03,
    "netProfit" : -4918.32
  }, {
    "date" : "2019-06-30",
    "sales" : 5091.10,
    "salesGrowthYoY" : -11.61,
    "grossProfitMargin" : 100.00,
    "grossProfit" : 5091.10,
    "operatingProfitMargin" : -50.69,
    "operatingProfit" : -2580.68,
    "netProfitMargin" : -74.66,
    "netProfit" : -3801.02
  }, {
    "date" : "2019-09-30",
    "sales" : 5198.36,
    "salesGrowthYoY" : -2.94,
    "grossProfitMargin" : 100.00,
    "grossProfit" : 5198.36,
    "operatingProfitMargin" : -40.35,
    "operatingProfit" : -2097.54,
    "netProfitMargin" : -66.54,
    "netProfit" : -3458.99
  }, {
    "date" : "2019-12-31",
    "sales" : 4937.24,
    "salesGrowthYoY" : -10.11,
    "grossProfitMargin" : 100.00,
    "grossProfit" : 4937.24,
    "operatingProfitMargin" : 58.38,
    "operatingProfit" : 2882.36,
    "netProfitMargin" : -116.73,
    "netProfit" : -5763.24
  }, {
    "date" : "2020-03-31",
    "sales" : 5598.45,
    "salesGrowthYoY" : 2.48,
    "grossProfitMargin" : 100.00,
    "grossProfit" : 5598.45,
    "operatingProfitMargin" : 39.39,
    "operatingProfit" : 2205.23,
    "netProfitMargin" : 2.42,
    "netProfit" : 135.48
  }, {
    "date" : "2020-06-30",
    "sales" : 4896.43,
    "salesGrowthYoY" : -3.82,
    "grossProfitMargin" : 100.00,
    "grossProfit" : 4896.43,
    "operatingProfitMargin" : 52.23,
    "operatingProfit" : 2557.41,
    "netProfitMargin" : 2.95,
    "netProfit" : 144.44
  }, {
    "date" : "2020-09-30",
    "sales" : 4688.33,
    "salesGrowthYoY" : -9.81,
    "grossProfitMargin" : 100.00,
    "grossProfit" : 4688.33,
    "operatingProfitMargin" : 59.26,
    "operatingProfit" : 2778.30,
    "netProfitMargin" : 6.92,
    "netProfit" : 324.43
  }, {
    "date" : "2020-12-31",
    "sales" : 4571.85,
    "salesGrowthYoY" : -7.40,
    "grossProfitMargin" : 100.00,
    "grossProfit" : 4571.85,
    "operatingProfitMargin" : 47.36,
    "operatingProfit" : 2165.23,
    "netProfitMargin" : 8.28,
    "netProfit" : 378.55
  }, {
    "date" : "2021-03-31",
    "sales" : 5781.48,
    "salesGrowthYoY" : 3.27,
    "grossProfitMargin" : 100.00,
    "grossProfit" : 5781.48,
    "operatingProfitMargin" : 32.01,
    "operatingProfit" : 1850.65,
    "netProfitMargin" : 8.86,
    "netProfit" : 512.24
  }, {
    "date" : "2021-06-30",
    "sales" : 4916.25,
    "salesGrowthYoY" : 0.40,
    "grossProfitMargin" : 100.00,
    "grossProfit" : 4916.25,
    "operatingProfitMargin" : 34.65,
    "operatingProfit" : 1703.48,
    "netProfitMargin" : 12.27,
    "netProfit" : 603.22
  }, {
    "date" : "2021-09-30",
    "sales" : 4153.87,
    "salesGrowthYoY" : -11.40,
    "grossProfitMargin" : 100.00,
    "grossProfit" : 4153.87,
    "operatingProfitMargin" : 50.52,
    "operatingProfit" : 2098.54,
    "netProfitMargin" : 13.65,
    "netProfit" : 567.00
  }, {
    "date" : "2021-12-31",
    "sales" : 4623.92,
    "salesGrowthYoY" : 1.14,
    "grossProfitMargin" : 100.00,
    "grossProfit" : 4623.92,
    "operatingProfitMargin" : 44.74,
    "operatingProfit" : 2068.74,
    "netProfitMargin" : 12.51,
    "netProfit" : 578.45
  }, {
    "date" : "2022-03-31",
    "sales" : 4598.14,
    "salesGrowthYoY" : -20.47,
    "grossProfitMargin" : 100.00,
    "grossProfit" : 4598.14,
    "operatingProfitMargin" : 47.35,
    "operatingProfit" : 2177.22,
    "netProfitMargin" : 15.02,
    "netProfit" : 690.64
  }, {
    "date" : "2022-06-30",
    "sales" : 4633.94,
    "salesGrowthYoY" : -5.74,
    "grossProfitMargin" : 100.00,
    "grossProfit" : 4633.94,
    "operatingProfitMargin" : 45.29,
    "operatingProfit" : 2098.71,
    "netProfitMargin" : 16.32,
    "netProfit" : 756.26
  }, {
    "date" : "2022-09-30",
    "sales" : 4978.24,
    "salesGrowthYoY" : 19.85,
    "grossProfitMargin" : 100.00,
    "grossProfit" : 4978.24,
    "operatingProfitMargin" : 52.02,
    "operatingProfit" : 2589.68,
    "netProfitMargin" : 16.63,
    "netProfit" : 827.88
  }, {
    "date" : "2022-12-31",
    "sales" : 5231.44,
    "salesGrowthYoY" : 13.14,
    "grossProfitMargin" : 100.00,
    "grossProfit" : 5231.44,
    "operatingProfitMargin" : 51.92,
    "operatingProfit" : 2716.16,
    "netProfitMargin" : 17.72,
    "netProfit" : 927.01
  }, {
    "date" : "2023-03-31",
    "sales" : 5726.17,
    "salesGrowthYoY" : 24.53,
    "grossProfitMargin" : 100.00,
    "grossProfit" : 5726.17,
    "operatingProfitMargin" : 45.41,
    "operatingProfit" : 2600.25,
    "netProfitMargin" : 19.79,
    "netProfit" : 1133.21
  }, {
    "date" : "2023-06-30",
    "sales" : 6859.99,
    "salesGrowthYoY" : 48.04,
    "grossProfitMargin" : 100.00,
    "grossProfit" : 6859.99,
    "operatingProfitMargin" : 55.96,
    "operatingProfit" : 3838.85,
    "netProfitMargin" : 17.85,
    "netProfit" : 1224.51
  }, {
    "date" : "2023-09-30",
    "sales" : 6034.81,
    "salesGrowthYoY" : 21.22,
    "grossProfitMargin" : 100.00,
    "grossProfit" : 6034.81,
    "operatingProfitMargin" : 72.55,
    "operatingProfit" : 4378.25,
    "netProfitMargin" : 21.93,
    "netProfit" : 1323.43
  }, {
    "date" : "2023-12-31",
    "sales" : 6540.86,
    "salesGrowthYoY" : 25.03,
    "grossProfitMargin" : 100.00,
    "grossProfit" : 6540.86,
    "operatingProfitMargin" : 63.29,
    "operatingProfit" : 4139.71,
    "netProfitMargin" : 22.29,
    "netProfit" : 1457.96
  }, {
    "date" : "2024-03-31",
    "sales" : 6990.47,
    "salesGrowthYoY" : 22.08,
    "grossProfitMargin" : 100.00,
    "grossProfit" : 6990.47,
    "operatingProfitMargin" : 63.91,
    "operatingProfit" : 4467.61,
    "netProfitMargin" : 23.30,
    "netProfit" : 1628.78
  }, {
    "date" : "2024-06-30",
    "sales" : 6666.00,
    "salesGrowthYoY" : -2.83,
    "grossProfitMargin" : 100.00,
    "grossProfit" : 6666.00,
    "operatingProfitMargin" : 77.21,
    "operatingProfit" : 5146.82,
    "netProfitMargin" : 25.79,
    "netProfit" : 1719.16
  }, {
    "date" : "2024-09-30",
    "sales" : 7441.80,
    "salesGrowthYoY" : 23.31,
    "grossProfitMargin" : 100.00,
    "grossProfit" : 7441.80,
    "operatingProfitMargin" : 63.22,
    "operatingProfit" : 4704.71,
    "netProfitMargin" : 24.68,
    "netProfit" : 1836.64
  }, {
    "date" : "2024-12-31",
    "sales" : 7815.57,
    "salesGrowthYoY" : 19.49,
    "grossProfitMargin" : 100.00,
    "grossProfit" : 7815.57,
    "operatingProfitMargin" : 70.04,
    "operatingProfit" : 5474.03,
    "netProfitMargin" : 24.42,
    "netProfit" : 1908.56
  }, {
    "date" : "2025-03-31",
    "sales" : 6978.64,
    "salesGrowthYoY" : -0.17,
    "grossProfitMargin" : 100.00,
    "grossProfit" : 6978.64,
    "operatingProfitMargin" : 65.83,
    "operatingProfit" : 4594.04,
    "netProfitMargin" : 29.39,
    "netProfit" : 2051.02
  }, {
    "date" : "2025-06-30",
    "sales" : 7021.00,
    "salesGrowthYoY" : 5.33,
    "grossProfitMargin" : 100.00,
    "grossProfit" : 7021.00,
    "operatingProfitMargin" : 70.53,
    "operatingProfit" : 4951.91,
    "netProfitMargin" : 28.59,
    "netProfit" : 2007.30
  }, {
    "date" : "2025-09-30",
    "sales" : 7104.23,
    "salesGrowthYoY" : -4.54,
    "grossProfitMargin" : 100.00,
    "grossProfit" : 7104.23,
    "operatingProfitMargin" : 77.49,
    "operatingProfit" : 5505.07,
    "netProfitMargin" : 51.06,
    "netProfit" : 3627.42
  } ],
  "latestQuarterlyResult" : {
    "date" : "2025-09-30",
    "sales" : 7104.23,
    "salesGrowthYoY" : -4.54,
    "grossProfitMargin" : 100.00,
    "grossProfit" : 7104.23,
    "operatingProfitMargin" : 77.49,
    "operatingProfit" : 5505.07,
    "netProfitMargin" : 51.06,
    "netProfit" : 3627.42
  },
  "companyScore" : {
    "priceHigherThanDma50" : 5.00,
    "priceHigherThanDma100" : 5.00,
    "priceHigherThanDma200" : 5.00,
    "dma50HigherThanDma100" : 5.00,
    "dma50HigherThanDma200" : 5.00,
    "dma100HigherThanDma200" : 5.00,
    "pricePercentageAboveDma50" : 4.85,
    "pricePercentageAboveDma100" : 4.71,
    "pricePercentageAboveDma200" : 4.51,
    "weeklyVolumeHigherThanYearlyVolume" : 0.00,
    "salesGrowthPercentile" : 5.18,
    "operatingProfitMarginPercentile" : 18.87,
    "netProfitMarginPercentile" : 10.00,
    "totalTechnicalScore" : 44.07,
    "totalFundamentalScore" : 34.04,
    "totalScore" : 78.12
  }
}