{
  "metadata" : {
    "screenerCompanyId" : "1444",
    "companyCode" : "INDIANHUME",
    "companyName" : "Indian Hume Pipe",
    "screenerCompanyLink" : "https://www.screener.in/company/INDIANHUME",
    "screenerTechnicalHistoryLink" : "https://www.screener.in/api/company/1444/chart/?q=Price-DMA50-DMA200-Volume&days=365",
    "screenerQuarterlyResultsLink" : "https://www.screener.in/api/company/1444/chart/?q=GPM-OPM-NPM-Quarter+Sales&days=10000",
    "attributes" : {
      "companyCode" : "INDIANHUME",
      "companyName" : "Indian Hume Pipe",
      "marketCap" : 2146.00,
      "peRatio" : 20.10,
      "description" : "The Indian Hume Pipe Co. Ltd. was incorporated in 1926. The Company is in the business of manufacturing, laying and joining of pipelines. The Company has also been undertaking infrastructure development programmes by way of execution on turnkey basis the combined water supply projects. The company also manufactures and supplies Concrete Railway Sleepers to Indian Railways. [1]"
    },
    "companyScore" : {
      "priceHigherThanDma50" : 5.00,
      "priceHigherThanDma100" : 5.00,
      "priceHigherThanDma200" : 5.00,
      "dma50HigherThanDma100" : 5.00,
      "dma50HigherThanDma200" : 0.00,
      "dma100HigherThanDma200" : 0.00,
      "pricePercentageAboveDma50" : 4.68,
      "pricePercentageAboveDma100" : 4.67,
      "pricePercentageAboveDma200" : 4.72,
      "weeklyVolumeHigherThanYearlyVolume" : 0.00,
      "salesGrowthPercentile" : 8.86,
      "operatingProfitMarginPercentile" : 19.04,
      "netProfitMarginPercentile" : 9.88,
      "totalTechnicalScore" : 34.08,
      "totalFundamentalScore" : 37.78,
      "totalScore" : 71.86
    }
  },
  "attributes" : {
    "companyCode" : "INDIANHUME",
    "companyName" : "Indian Hume Pipe",
    "marketCap" : 2146.00,
    "peRatio" : 20.10,
    "description" : "The Indian Hume Pipe Co. Ltd. was incorporated in 1926. The Company is in the business of manufacturing, laying and joining of pipelines. The Company has also been undertaking infrastructure development programmes by way of execution on turnkey basis the combined water supply projects. The company also manufactures and supplies Concrete Railway Sleepers to Indian Railways. [1]"
  },
  "technicalHistory" : [ {
    "date" : "2024-12-11",
    "price" : 443.85,
    "dma50" : 442.63,
    "dma100" : null,
    "dma200" : 405.84,
    "volume" : 118828.00
  }, {
    "date" : "2024-12-12",
    "price" : 432.50,
    "dma50" : 442.23,
    "dma100" : null,
    "dma200" : 406.11,
    "volume" : 118254.00
  }, {
    "date" : "2024-12-13",
    "price" : 431.20,
    "dma50" : 441.80,
    "dma100" : null,
    "dma200" : 406.36,
    "volume" : 46928.00
  }, {
    "date" : "2024-12-16",
    "price" : 426.30,
    "dma50" : 441.19,
    "dma100" : null,
    "dma200" : 406.56,
    "volume" : 50246.00
  }, {
    "date" : "2024-12-17",
    "price" : 417.25,
    "dma50" : 440.25,
    "dma100" : null,
    "dma200" : 406.66,
    "volume" : 37774.00
  }, {
    "date" : "2024-12-18",
    "price" : 406.25,
    "dma50" : 438.92,
    "dma100" : null,
    "dma200" : 406.66,
    "volume" : 41516.00
  }, {
    "date" : "2024-12-19",
    "price" : 404.25,
    "dma50" : 437.56,
    "dma100" : null,
    "dma200" : 406.64,
    "volume" : 33331.00
  }, {
    "date" : "2024-12-20",
    "price" : 386.65,
    "dma50" : 435.56,
    "dma100" : null,
    "dma200" : 406.44,
    "volume" : 55407.00
  }, {
    "date" : "2024-12-23",
    "price" : 384.20,
    "dma50" : 433.55,
    "dma100" : null,
    "dma200" : 406.22,
    "volume" : 54594.00
  }, {
    "date" : "2024-12-24",
    "price" : 375.10,
    "dma50" : 431.26,
    "dma100" : null,
    "dma200" : 405.91,
    "volume" : 50347.00
  }, {
    "date" : "2024-12-26",
    "price" : 361.05,
    "dma50" : 428.50,
    "dma100" : null,
    "dma200" : 405.46,
    "volume" : 123382.00
  }, {
    "date" : "2024-12-27",
    "price" : 368.95,
    "dma50" : 426.17,
    "dma100" : null,
    "dma200" : 405.10,
    "volume" : 77825.00
  }, {
    "date" : "2024-12-30",
    "price" : 353.45,
    "dma50" : 423.32,
    "dma100" : null,
    "dma200" : 404.58,
    "volume" : 81307.00
  }, {
    "date" : "2024-12-31",
    "price" : 360.15,
    "dma50" : 420.84,
    "dma100" : null,
    "dma200" : 404.14,
    "volume" : 43329.00
  }, {
    "date" : "2025-01-01",
    "price" : 371.50,
    "dma50" : 418.90,
    "dma100" : null,
    "dma200" : 403.82,
    "volume" : 38482.00
  }, {
    "date" : "2025-01-02",
    "price" : 378.65,
    "dma50" : 417.33,
    "dma100" : null,
    "dma200" : 403.57,
    "volume" : 79854.00
  }, {
    "date" : "2025-01-03",
    "price" : 379.10,
    "dma50" : 415.83,
    "dma100" : null,
    "dma200" : 403.32,
    "volume" : 64472.00
  }, {
    "date" : "2025-01-06",
    "price" : 358.30,
    "dma50" : 413.57,
    "dma100" : null,
    "dma200" : 402.87,
    "volume" : 73571.00
  }, {
    "date" : "2025-01-07",
    "price" : 377.10,
    "dma50" : 412.14,
    "dma100" : null,
    "dma200" : 402.62,
    "volume" : 46844.00
  }, {
    "date" : "2025-01-08",
    "price" : 370.10,
    "dma50" : 410.49,
    "dma100" : null,
    "dma200" : 402.29,
    "volume" : 16156.00
  }, {
    "date" : "2025-01-09",
    "price" : 370.55,
    "dma50" : 408.93,
    "dma100" : null,
    "dma200" : 401.98,
    "volume" : 54321.00
  }, {
    "date" : "2025-01-10",
    "price" : 347.20,
    "dma50" : 406.51,
    "dma100" : null,
    "dma200" : 401.43,
    "volume" : 58283.00
  }, {
    "date" : "2025-01-13",
    "price" : 328.80,
    "dma50" : 403.46,
    "dma100" : null,
    "dma200" : 400.71,
    "volume" : 96117.00
  }, {
    "date" : "2025-01-14",
    "price" : 338.25,
    "dma50" : 400.90,
    "dma100" : null,
    "dma200" : 400.09,
    "volume" : 35004.00
  }, {
    "date" : "2025-01-15",
    "price" : 343.70,
    "dma50" : 398.66,
    "dma100" : null,
    "dma200" : 399.53,
    "volume" : 52179.00
  }, {
    "date" : "2025-01-16",
    "price" : 349.05,
    "dma50" : 396.71,
    "dma100" : null,
    "dma200" : 399.03,
    "volume" : 24280.00
  }, {
    "date" : "2025-01-17",
    "price" : 348.65,
    "dma50" : 394.83,
    "dma100" : null,
    "dma200" : 398.52,
    "volume" : 19311.00
  }, {
    "date" : "2025-01-20",
    "price" : 341.65,
    "dma50" : 392.74,
    "dma100" : null,
    "dma200" : 397.96,
    "volume" : 64598.00
  }, {
    "date" : "2025-01-21",
    "price" : 338.70,
    "dma50" : 390.62,
    "dma100" : null,
    "dma200" : 397.37,
    "volume" : 38772.00
  }, {
    "date" : "2025-01-22",
    "price" : 322.35,
    "dma50" : 387.95,
    "dma100" : null,
    "dma200" : 396.62,
    "volume" : 61035.00
  }, {
    "date" : "2025-01-23",
    "price" : 319.85,
    "dma50" : 385.27,
    "dma100" : null,
    "dma200" : 395.86,
    "volume" : 36920.00
  }, {
    "date" : "2025-01-24",
    "price" : 308.15,
    "dma50" : 382.25,
    "dma100" : null,
    "dma200" : 394.99,
    "volume" : 32099.00
  }, {
    "date" : "2025-01-27",
    "price" : 297.25,
    "dma50" : 378.92,
    "dma100" : null,
    "dma200" : 394.01,
    "volume" : 70948.00
  }, {
    "date" : "2025-01-28",
    "price" : 301.35,
    "dma50" : 375.88,
    "dma100" : null,
    "dma200" : 393.09,
    "volume" : 126345.00
  }, {
    "date" : "2025-01-29",
    "price" : 310.00,
    "dma50" : 373.29,
    "dma100" : null,
    "dma200" : 392.26,
    "volume" : 57831.00
  }, {
    "date" : "2025-01-30",
    "price" : 321.90,
    "dma50" : 371.28,
    "dma100" : null,
    "dma200" : 391.56,
    "volume" : 42071.00
  }, {
    "date" : "2025-01-31",
    "price" : 323.55,
    "dma50" : 369.40,
    "dma100" : null,
    "dma200" : 390.89,
    "volume" : 43415.00
  }, {
    "date" : "2025-02-01",
    "price" : 345.10,
    "dma50" : 368.45,
    "dma100" : null,
    "dma200" : 390.43,
    "volume" : 52223.00
  }, {
    "date" : "2025-02-03",
    "price" : 328.65,
    "dma50" : 366.89,
    "dma100" : null,
    "dma200" : 389.82,
    "volume" : 25067.00
  }, {
    "date" : "2025-02-04",
    "price" : 330.65,
    "dma50" : 365.47,
    "dma100" : null,
    "dma200" : 389.23,
    "volume" : 28552.00
  }, {
    "date" : "2025-02-05",
    "price" : 340.70,
    "dma50" : 364.50,
    "dma100" : null,
    "dma200" : 388.75,
    "volume" : 27252.00
  }, {
    "date" : "2025-02-06",
    "price" : 337.15,
    "dma50" : 363.43,
    "dma100" : null,
    "dma200" : 388.23,
    "volume" : 13763.00
  }, {
    "date" : "2025-02-07",
    "price" : 329.45,
    "dma50" : 362.09,
    "dma100" : null,
    "dma200" : 387.65,
    "volume" : 24975.00
  }, {
    "date" : "2025-02-10",
    "price" : 322.75,
    "dma50" : 360.55,
    "dma100" : null,
    "dma200" : 387.00,
    "volume" : 15374.00
  }, {
    "date" : "2025-02-11",
    "price" : 307.45,
    "dma50" : 358.47,
    "dma100" : null,
    "dma200" : 386.21,
    "volume" : 52307.00
  }, {
    "date" : "2025-02-12",
    "price" : 303.35,
    "dma50" : 356.31,
    "dma100" : null,
    "dma200" : 385.39,
    "volume" : 60894.00
  }, {
    "date" : "2025-02-13",
    "price" : 307.45,
    "dma50" : 354.39,
    "dma100" : null,
    "dma200" : 384.61,
    "volume" : 46805.00
  }, {
    "date" : "2025-02-14",
    "price" : 290.00,
    "dma50" : 351.87,
    "dma100" : null,
    "dma200" : 383.67,
    "volume" : 50404.00
  }, {
    "date" : "2025-02-17",
    "price" : 342.10,
    "dma50" : 351.48,
    "dma100" : null,
    "dma200" : 383.26,
    "volume" : 432869.00
  }, {
    "date" : "2025-02-18",
    "price" : 319.45,
    "dma50" : 350.23,
    "dma100" : null,
    "dma200" : 382.62,
    "volume" : 118560.00
  }, {
    "date" : "2025-02-19",
    "price" : 316.25,
    "dma50" : 348.89,
    "dma100" : null,
    "dma200" : 381.96,
    "volume" : 52952.00
  }, {
    "date" : "2025-02-20",
    "price" : 323.90,
    "dma50" : 347.91,
    "dma100" : null,
    "dma200" : 381.38,
    "volume" : 90054.00
  }, {
    "date" : "2025-02-21",
    "price" : 329.75,
    "dma50" : 347.20,
    "dma100" : null,
    "dma200" : 380.87,
    "volume" : 57155.00
  }, {
    "date" : "2025-02-24",
    "price" : 373.20,
    "dma50" : 348.22,
    "dma100" : null,
    "dma200" : 380.79,
    "volume" : 970588.00
  }, {
    "date" : "2025-02-25",
    "price" : 356.65,
    "dma50" : 348.55,
    "dma100" : null,
    "dma200" : 380.55,
    "volume" : 373893.00
  }, {
    "date" : "2025-02-27",
    "price" : 340.50,
    "dma50" : 348.24,
    "dma100" : null,
    "dma200" : 380.15,
    "volume" : 61800.00
  }, {
    "date" : "2025-02-28",
    "price" : 322.30,
    "dma50" : 347.22,
    "dma100" : null,
    "dma200" : 379.58,
    "volume" : 66725.00
  }, {
    "date" : "2025-03-03",
    "price" : 300.65,
    "dma50" : 345.39,
    "dma100" : null,
    "dma200" : 378.79,
    "volume" : 140771.00
  }, {
    "date" : "2025-03-04",
    "price" : 311.80,
    "dma50" : 344.08,
    "dma100" : null,
    "dma200" : 378.13,
    "volume" : 93743.00
  }, {
    "date" : "2025-03-05",
    "price" : 320.65,
    "dma50" : 343.16,
    "dma100" : null,
    "dma200" : 377.55,
    "volume" : 71117.00
  }, {
    "date" : "2025-03-06",
    "price" : 336.20,
    "dma50" : 342.88,
    "dma100" : null,
    "dma200" : 377.14,
    "volume" : 67264.00
  }, {
    "date" : "2025-03-07",
    "price" : 331.60,
    "dma50" : 342.44,
    "dma100" : null,
    "dma200" : 376.69,
    "volume" : 88192.00
  }, {
    "date" : "2025-03-10",
    "price" : 310.60,
    "dma50" : 341.19,
    "dma100" : null,
    "dma200" : 376.03,
    "volume" : 83159.00
  }, {
    "date" : "2025-03-11",
    "price" : 304.15,
    "dma50" : 339.74,
    "dma100" : null,
    "dma200" : 375.32,
    "volume" : 50620.00
  }, {
    "date" : "2025-03-12",
    "price" : 303.95,
    "dma50" : 338.34,
    "dma100" : null,
    "dma200" : 374.61,
    "volume" : 57267.00
  }, {
    "date" : "2025-03-13",
    "price" : 301.95,
    "dma50" : 336.91,
    "dma100" : null,
    "dma200" : 373.88,
    "volume" : 43675.00
  }, {
    "date" : "2025-03-17",
    "price" : 300.95,
    "dma50" : 335.50,
    "dma100" : null,
    "dma200" : 373.16,
    "volume" : 112530.00
  }, {
    "date" : "2025-03-18",
    "price" : 316.85,
    "dma50" : 334.77,
    "dma100" : null,
    "dma200" : 372.60,
    "volume" : 53748.00
  }, {
    "date" : "2025-03-19",
    "price" : 329.65,
    "dma50" : 334.57,
    "dma100" : null,
    "dma200" : 372.17,
    "volume" : 67832.00
  }, {
    "date" : "2025-03-20",
    "price" : 348.15,
    "dma50" : 335.10,
    "dma100" : null,
    "dma200" : 371.93,
    "volume" : 1186288.00
  }, {
    "date" : "2025-03-21",
    "price" : 374.85,
    "dma50" : 336.66,
    "dma100" : null,
    "dma200" : 371.96,
    "volume" : 495616.00
  }, {
    "date" : "2025-03-24",
    "price" : 384.15,
    "dma50" : 338.52,
    "dma100" : null,
    "dma200" : 372.08,
    "volume" : 319052.00
  }, {
    "date" : "2025-03-25",
    "price" : 370.10,
    "dma50" : 339.76,
    "dma100" : null,
    "dma200" : 372.06,
    "volume" : 153516.00
  }, {
    "date" : "2025-03-26",
    "price" : 361.55,
    "dma50" : 340.61,
    "dma100" : null,
    "dma200" : 371.96,
    "volume" : 89242.00
  }, {
    "date" : "2025-03-27",
    "price" : 360.90,
    "dma50" : 341.41,
    "dma100" : null,
    "dma200" : 371.85,
    "volume" : 195361.00
  }, {
    "date" : "2025-03-28",
    "price" : 365.30,
    "dma50" : 342.35,
    "dma100" : null,
    "dma200" : 371.78,
    "volume" : 77537.00
  }, {
    "date" : "2025-04-01",
    "price" : 367.10,
    "dma50" : 343.32,
    "dma100" : null,
    "dma200" : 371.74,
    "volume" : 55922.00
  }, {
    "date" : "2025-04-02",
    "price" : 373.50,
    "dma50" : 344.50,
    "dma100" : null,
    "dma200" : 371.75,
    "volume" : 44048.00
  }, {
    "date" : "2025-04-03",
    "price" : 399.55,
    "dma50" : 346.66,
    "dma100" : null,
    "dma200" : 372.03,
    "volume" : 244348.00
  }, {
    "date" : "2025-04-04",
    "price" : 384.25,
    "dma50" : 348.13,
    "dma100" : null,
    "dma200" : 372.15,
    "volume" : 171201.00
  }, {
    "date" : "2025-04-07",
    "price" : 362.00,
    "dma50" : 348.68,
    "dma100" : null,
    "dma200" : 372.05,
    "volume" : 129861.00
  }, {
    "date" : "2025-04-08",
    "price" : 386.05,
    "dma50" : 350.14,
    "dma100" : null,
    "dma200" : 372.19,
    "volume" : 114606.00
  }, {
    "date" : "2025-04-09",
    "price" : 386.75,
    "dma50" : 351.58,
    "dma100" : null,
    "dma200" : 372.33,
    "volume" : 107517.00
  }, {
    "date" : "2025-04-11",
    "price" : 389.00,
    "dma50" : 353.05,
    "dma100" : null,
    "dma200" : 372.50,
    "volume" : 68170.00
  }, {
    "date" : "2025-04-15",
    "price" : 397.55,
    "dma50" : 354.79,
    "dma100" : null,
    "dma200" : 372.75,
    "volume" : 71350.00
  }, {
    "date" : "2025-04-16",
    "price" : 398.65,
    "dma50" : 356.51,
    "dma100" : null,
    "dma200" : 373.01,
    "volume" : 80510.00
  }, {
    "date" : "2025-04-17",
    "price" : 401.50,
    "dma50" : 358.28,
    "dma100" : null,
    "dma200" : 373.29,
    "volume" : 64594.00
  }, {
    "date" : "2025-04-21",
    "price" : 399.65,
    "dma50" : 359.90,
    "dma100" : null,
    "dma200" : 373.55,
    "volume" : 117464.00
  }, {
    "date" : "2025-04-22",
    "price" : 406.85,
    "dma50" : 361.74,
    "dma100" : null,
    "dma200" : 373.88,
    "volume" : 222597.00
  }, {
    "date" : "2025-04-23",
    "price" : 402.35,
    "dma50" : 363.33,
    "dma100" : null,
    "dma200" : 374.17,
    "volume" : 62107.00
  }, {
    "date" : "2025-04-24",
    "price" : 409.00,
    "dma50" : 365.12,
    "dma100" : null,
    "dma200" : 374.51,
    "volume" : 40209.00
  }, {
    "date" : "2025-04-25",
    "price" : 399.25,
    "dma50" : 366.46,
    "dma100" : null,
    "dma200" : 374.76,
    "volume" : 110574.00
  }, {
    "date" : "2025-04-28",
    "price" : 392.10,
    "dma50" : 367.47,
    "dma100" : null,
    "dma200" : 374.93,
    "volume" : 34715.00
  }, {
    "date" : "2025-04-29",
    "price" : 389.15,
    "dma50" : 368.32,
    "dma100" : null,
    "dma200" : 375.07,
    "volume" : 33800.00
  }, {
    "date" : "2025-04-30",
    "price" : 381.35,
    "dma50" : 368.83,
    "dma100" : null,
    "dma200" : 375.14,
    "volume" : 45418.00
  }, {
    "date" : "2025-05-02",
    "price" : 386.40,
    "dma50" : 369.52,
    "dma100" : null,
    "dma200" : 375.25,
    "volume" : 118846.00
  }, {
    "date" : "2025-05-05",
    "price" : 389.70,
    "dma50" : 370.31,
    "dma100" : null,
    "dma200" : 375.39,
    "volume" : 54613.00
  }, {
    "date" : "2025-05-06",
    "price" : 379.25,
    "dma50" : 370.66,
    "dma100" : null,
    "dma200" : 375.43,
    "volume" : 71735.00
  }, {
    "date" : "2025-05-07",
    "price" : 388.50,
    "dma50" : 371.36,
    "dma100" : null,
    "dma200" : 375.56,
    "volume" : 52877.00
  }, {
    "date" : "2025-05-08",
    "price" : 378.80,
    "dma50" : 371.65,
    "dma100" : null,
    "dma200" : 375.59,
    "volume" : 44584.00
  }, {
    "date" : "2025-05-09",
    "price" : 378.45,
    "dma50" : 371.92,
    "dma100" : 355.81,
    "dma200" : 375.62,
    "volume" : 58914.00
  }, {
    "date" : "2025-05-12",
    "price" : 401.35,
    "dma50" : 373.07,
    "dma100" : 355.49,
    "dma200" : 375.88,
    "volume" : 168993.00
  }, {
    "date" : "2025-05-13",
    "price" : 404.05,
    "dma50" : 374.29,
    "dma100" : 355.22,
    "dma200" : 376.16,
    "volume" : 91444.00
  }, {
    "date" : "2025-05-14",
    "price" : 407.05,
    "dma50" : 375.57,
    "dma100" : 355.03,
    "dma200" : 376.47,
    "volume" : 112104.00
  }, {
    "date" : "2025-05-15",
    "price" : 410.30,
    "dma50" : 376.93,
    "dma100" : 354.96,
    "dma200" : 376.80,
    "volume" : 246525.00
  }, {
    "date" : "2025-05-16",
    "price" : 408.90,
    "dma50" : 378.19,
    "dma100" : 354.99,
    "dma200" : 377.12,
    "volume" : 128327.00
  }, {
    "date" : "2025-05-19",
    "price" : 438.00,
    "dma50" : 380.53,
    "dma100" : 355.32,
    "dma200" : 377.73,
    "volume" : 313051.00
  }, {
    "date" : "2025-05-20",
    "price" : 428.05,
    "dma50" : 382.40,
    "dma100" : 355.74,
    "dma200" : 378.23,
    "volume" : 67192.00
  }, {
    "date" : "2025-05-21",
    "price" : 433.10,
    "dma50" : 384.38,
    "dma100" : 356.23,
    "dma200" : 378.77,
    "volume" : 68646.00
  }, {
    "date" : "2025-05-22",
    "price" : 424.75,
    "dma50" : 385.97,
    "dma100" : 356.72,
    "dma200" : 379.23,
    "volume" : 29013.00
  }, {
    "date" : "2025-05-23",
    "price" : 431.05,
    "dma50" : 387.74,
    "dma100" : 357.42,
    "dma200" : 379.75,
    "volume" : 40563.00
  }, {
    "date" : "2025-05-26",
    "price" : 427.50,
    "dma50" : 389.29,
    "dma100" : 358.01,
    "dma200" : 380.22,
    "volume" : 64309.00
  }, {
    "date" : "2025-05-27",
    "price" : 429.65,
    "dma50" : 390.88,
    "dma100" : 358.77,
    "dma200" : 380.71,
    "volume" : 46982.00
  }, {
    "date" : "2025-05-28",
    "price" : 436.40,
    "dma50" : 392.66,
    "dma100" : 359.53,
    "dma200" : 381.27,
    "volume" : 92668.00
  }, {
    "date" : "2025-05-29",
    "price" : 431.30,
    "dma50" : 394.18,
    "dma100" : 360.13,
    "dma200" : 381.77,
    "volume" : 61086.00
  }, {
    "date" : "2025-05-30",
    "price" : 426.10,
    "dma50" : 395.43,
    "dma100" : 360.61,
    "dma200" : 382.21,
    "volume" : 43262.00
  }, {
    "date" : "2025-06-02",
    "price" : 425.15,
    "dma50" : 396.59,
    "dma100" : 361.07,
    "dma200" : 382.63,
    "volume" : 65539.00
  }, {
    "date" : "2025-06-03",
    "price" : 419.10,
    "dma50" : 397.48,
    "dma100" : 361.67,
    "dma200" : 383.00,
    "volume" : 69021.00
  }, {
    "date" : "2025-06-04",
    "price" : 419.45,
    "dma50" : 398.34,
    "dma100" : 362.10,
    "dma200" : 383.36,
    "volume" : 45954.00
  }, {
    "date" : "2025-06-05",
    "price" : 434.65,
    "dma50" : 399.76,
    "dma100" : 362.74,
    "dma200" : 383.87,
    "volume" : 159838.00
  }, {
    "date" : "2025-06-06",
    "price" : 429.00,
    "dma50" : 400.91,
    "dma100" : 363.33,
    "dma200" : 384.32,
    "volume" : 65906.00
  }, {
    "date" : "2025-06-09",
    "price" : 434.35,
    "dma50" : 402.22,
    "dma100" : 364.20,
    "dma200" : 384.82,
    "volume" : 37817.00
  }, {
    "date" : "2025-06-10",
    "price" : 438.05,
    "dma50" : 403.63,
    "dma100" : 365.29,
    "dma200" : 385.35,
    "volume" : 659776.00
  }, {
    "date" : "2025-06-11",
    "price" : 454.90,
    "dma50" : 405.64,
    "dma100" : 366.46,
    "dma200" : 386.04,
    "volume" : 281275.00
  }, {
    "date" : "2025-06-12",
    "price" : 438.15,
    "dma50" : 406.91,
    "dma100" : 367.40,
    "dma200" : 386.56,
    "volume" : 117400.00
  }, {
    "date" : "2025-06-13",
    "price" : 428.15,
    "dma50" : 407.74,
    "dma100" : 368.19,
    "dma200" : 386.97,
    "volume" : 78567.00
  }, {
    "date" : "2025-06-16",
    "price" : 419.55,
    "dma50" : 408.21,
    "dma100" : 368.90,
    "dma200" : 387.30,
    "volume" : 85087.00
  }, {
    "date" : "2025-06-17",
    "price" : 418.55,
    "dma50" : 408.61,
    "dma100" : 369.67,
    "dma200" : 387.61,
    "volume" : 54283.00
  }, {
    "date" : "2025-06-18",
    "price" : 412.30,
    "dma50" : 408.76,
    "dma100" : 370.41,
    "dma200" : 387.85,
    "volume" : 47951.00
  }, {
    "date" : "2025-06-19",
    "price" : 397.50,
    "dma50" : 408.32,
    "dma100" : 371.16,
    "dma200" : 387.95,
    "volume" : 73794.00
  }, {
    "date" : "2025-06-20",
    "price" : 405.85,
    "dma50" : 408.22,
    "dma100" : 372.02,
    "dma200" : 388.13,
    "volume" : 37638.00
  }, {
    "date" : "2025-06-23",
    "price" : 401.15,
    "dma50" : 407.94,
    "dma100" : 372.95,
    "dma200" : 388.26,
    "volume" : 33033.00
  }, {
    "date" : "2025-06-24",
    "price" : 409.30,
    "dma50" : 408.00,
    "dma100" : 374.07,
    "dma200" : 388.47,
    "volume" : 43899.00
  }, {
    "date" : "2025-06-25",
    "price" : 422.70,
    "dma50" : 408.57,
    "dma100" : 375.28,
    "dma200" : 388.81,
    "volume" : 55415.00
  }, {
    "date" : "2025-06-26",
    "price" : 422.65,
    "dma50" : 409.12,
    "dma100" : 376.41,
    "dma200" : 389.14,
    "volume" : 35799.00
  }, {
    "date" : "2025-06-27",
    "price" : 427.20,
    "dma50" : 409.83,
    "dma100" : 377.46,
    "dma200" : 389.52,
    "volume" : 101123.00
  }, {
    "date" : "2025-06-30",
    "price" : 435.35,
    "dma50" : 410.83,
    "dma100" : 378.58,
    "dma200" : 389.98,
    "volume" : 65186.00
  }, {
    "date" : "2025-07-01",
    "price" : 445.30,
    "dma50" : 412.19,
    "dma100" : 379.58,
    "dma200" : 390.53,
    "volume" : 59959.00
  }, {
    "date" : "2025-07-02",
    "price" : 447.55,
    "dma50" : 413.57,
    "dma100" : 380.77,
    "dma200" : 391.10,
    "volume" : 87985.00
  }, {
    "date" : "2025-07-03",
    "price" : 447.85,
    "dma50" : 414.92,
    "dma100" : 381.94,
    "dma200" : 391.66,
    "volume" : 93773.00
  }, {
    "date" : "2025-07-04",
    "price" : 458.85,
    "dma50" : 416.64,
    "dma100" : 383.13,
    "dma200" : 392.33,
    "volume" : 577450.00
  }, {
    "date" : "2025-07-07",
    "price" : 463.60,
    "dma50" : 418.48,
    "dma100" : 384.39,
    "dma200" : 393.04,
    "volume" : 158534.00
  }, {
    "date" : "2025-07-08",
    "price" : 456.65,
    "dma50" : 419.98,
    "dma100" : 385.66,
    "dma200" : 393.67,
    "volume" : 75436.00
  }, {
    "date" : "2025-07-09",
    "price" : 447.50,
    "dma50" : 421.06,
    "dma100" : 386.91,
    "dma200" : 394.21,
    "volume" : 73700.00
  }, {
    "date" : "2025-07-10",
    "price" : 445.95,
    "dma50" : 422.03,
    "dma100" : 388.29,
    "dma200" : 394.72,
    "volume" : 69416.00
  }, {
    "date" : "2025-07-11",
    "price" : 437.70,
    "dma50" : 422.65,
    "dma100" : 389.64,
    "dma200" : 395.15,
    "volume" : 38801.00
  }, {
    "date" : "2025-07-14",
    "price" : 438.70,
    "dma50" : 423.28,
    "dma100" : 390.95,
    "dma200" : 395.58,
    "volume" : 35599.00
  }, {
    "date" : "2025-07-15",
    "price" : 442.30,
    "dma50" : 424.02,
    "dma100" : 392.47,
    "dma200" : 396.05,
    "volume" : 48048.00
  }, {
    "date" : "2025-07-16",
    "price" : 444.55,
    "dma50" : 424.83,
    "dma100" : 393.50,
    "dma200" : 396.53,
    "volume" : 36171.00
  }, {
    "date" : "2025-07-17",
    "price" : 449.90,
    "dma50" : 425.81,
    "dma100" : 394.80,
    "dma200" : 397.06,
    "volume" : 226523.00
  }, {
    "date" : "2025-07-18",
    "price" : 444.90,
    "dma50" : 426.56,
    "dma100" : 396.09,
    "dma200" : 397.54,
    "volume" : 70148.00
  }, {
    "date" : "2025-07-21",
    "price" : 444.05,
    "dma50" : 427.25,
    "dma100" : 397.29,
    "dma200" : 398.00,
    "volume" : 54701.00
  }, {
    "date" : "2025-07-22",
    "price" : 432.00,
    "dma50" : 427.43,
    "dma100" : 398.31,
    "dma200" : 398.34,
    "volume" : 40386.00
  }, {
    "date" : "2025-07-23",
    "price" : 434.50,
    "dma50" : 427.71,
    "dma100" : 398.93,
    "dma200" : 398.70,
    "volume" : 36482.00
  }, {
    "date" : "2025-07-24",
    "price" : 428.35,
    "dma50" : 427.73,
    "dma100" : 399.64,
    "dma200" : 398.99,
    "volume" : 25573.00
  }, {
    "date" : "2025-07-25",
    "price" : 424.95,
    "dma50" : 427.63,
    "dma100" : 400.49,
    "dma200" : 399.25,
    "volume" : 24707.00
  }, {
    "date" : "2025-07-28",
    "price" : 409.65,
    "dma50" : 426.92,
    "dma100" : 401.36,
    "dma200" : 399.35,
    "volume" : 41868.00
  }, {
    "date" : "2025-07-29",
    "price" : 411.20,
    "dma50" : 426.30,
    "dma100" : 402.47,
    "dma200" : 399.47,
    "volume" : 28783.00
  }, {
    "date" : "2025-07-30",
    "price" : 419.60,
    "dma50" : 426.04,
    "dma100" : 403.54,
    "dma200" : 399.67,
    "volume" : 72141.00
  }, {
    "date" : "2025-07-31",
    "price" : 409.55,
    "dma50" : 425.39,
    "dma100" : 404.43,
    "dma200" : 399.77,
    "volume" : 29305.00
  }, {
    "date" : "2025-08-01",
    "price" : 408.00,
    "dma50" : 424.71,
    "dma100" : 405.15,
    "dma200" : 399.85,
    "volume" : 44388.00
  }, {
    "date" : "2025-08-04",
    "price" : 417.30,
    "dma50" : 424.42,
    "dma100" : 406.01,
    "dma200" : 400.03,
    "volume" : 18329.00
  }, {
    "date" : "2025-08-05",
    "price" : 403.25,
    "dma50" : 423.59,
    "dma100" : 406.94,
    "dma200" : 400.06,
    "volume" : 48419.00
  }, {
    "date" : "2025-08-06",
    "price" : 404.35,
    "dma50" : 422.84,
    "dma100" : 407.94,
    "dma200" : 400.10,
    "volume" : 31946.00
  }, {
    "date" : "2025-08-07",
    "price" : 402.10,
    "dma50" : 422.02,
    "dma100" : 408.92,
    "dma200" : 400.12,
    "volume" : 19532.00
  }, {
    "date" : "2025-08-08",
    "price" : 394.95,
    "dma50" : 420.96,
    "dma100" : 409.85,
    "dma200" : 400.07,
    "volume" : 33333.00
  }, {
    "date" : "2025-08-11",
    "price" : 387.60,
    "dma50" : 419.65,
    "dma100" : 410.72,
    "dma200" : 399.95,
    "volume" : 29240.00
  }, {
    "date" : "2025-08-12",
    "price" : 367.25,
    "dma50" : 417.60,
    "dma100" : 411.22,
    "dma200" : 399.62,
    "volume" : 91091.00
  }, {
    "date" : "2025-08-13",
    "price" : 381.50,
    "dma50" : 416.18,
    "dma100" : 411.74,
    "dma200" : 399.44,
    "volume" : 110229.00
  }, {
    "date" : "2025-08-14",
    "price" : 368.25,
    "dma50" : 414.30,
    "dma100" : 411.94,
    "dma200" : 399.13,
    "volume" : 48631.00
  }, {
    "date" : "2025-08-18",
    "price" : 370.90,
    "dma50" : 412.60,
    "dma100" : 411.90,
    "dma200" : 398.85,
    "volume" : 51620.00
  }, {
    "date" : "2025-08-19",
    "price" : 392.85,
    "dma50" : 411.83,
    "dma100" : 411.99,
    "dma200" : 398.79,
    "volume" : 58993.00
  }, {
    "date" : "2025-08-20",
    "price" : 387.60,
    "dma50" : 410.88,
    "dma100" : 412.16,
    "dma200" : 398.68,
    "volume" : 15297.00
  }, {
    "date" : "2025-08-21",
    "price" : 382.80,
    "dma50" : 409.78,
    "dma100" : 412.37,
    "dma200" : 398.52,
    "volume" : 10118.00
  }, {
    "date" : "2025-08-22",
    "price" : 378.45,
    "dma50" : 408.55,
    "dma100" : 412.55,
    "dma200" : 398.32,
    "volume" : 15066.00
  }, {
    "date" : "2025-08-25",
    "price" : 369.85,
    "dma50" : 407.03,
    "dma100" : 412.59,
    "dma200" : 398.04,
    "volume" : 29412.00
  }, {
    "date" : "2025-08-26",
    "price" : 374.95,
    "dma50" : 405.77,
    "dma100" : 412.67,
    "dma200" : 397.81,
    "volume" : 22507.00
  }, {
    "date" : "2025-08-28",
    "price" : 368.10,
    "dma50" : 404.29,
    "dma100" : 412.62,
    "dma200" : 397.51,
    "volume" : 22000.00
  }, {
    "date" : "2025-08-29",
    "price" : 359.85,
    "dma50" : 402.55,
    "dma100" : 412.22,
    "dma200" : 397.14,
    "volume" : 71091.00
  }, {
    "date" : "2025-09-01",
    "price" : 372.60,
    "dma50" : 401.38,
    "dma100" : 412.11,
    "dma200" : 396.89,
    "volume" : 42150.00
  }, {
    "date" : "2025-09-02",
    "price" : 388.35,
    "dma50" : 400.87,
    "dma100" : 412.37,
    "dma200" : 396.81,
    "volume" : 82201.00
  }, {
    "date" : "2025-09-03",
    "price" : 403.00,
    "dma50" : 400.95,
    "dma100" : 412.54,
    "dma200" : 396.87,
    "volume" : 148019.00
  }, {
    "date" : "2025-09-04",
    "price" : 398.90,
    "dma50" : 400.87,
    "dma100" : 412.66,
    "dma200" : 396.89,
    "volume" : 35048.00
  }, {
    "date" : "2025-09-05",
    "price" : 383.25,
    "dma50" : 400.18,
    "dma100" : 412.60,
    "dma200" : 396.75,
    "volume" : 60473.00
  }, {
    "date" : "2025-09-08",
    "price" : 381.10,
    "dma50" : 399.43,
    "dma100" : 412.44,
    "dma200" : 396.60,
    "volume" : 23731.00
  }, {
    "date" : "2025-09-09",
    "price" : 381.85,
    "dma50" : 398.74,
    "dma100" : 412.27,
    "dma200" : 396.45,
    "volume" : 26409.00
  }, {
    "date" : "2025-09-10",
    "price" : 391.60,
    "dma50" : 398.46,
    "dma100" : 412.17,
    "dma200" : 396.40,
    "volume" : 26649.00
  }, {
    "date" : "2025-09-11",
    "price" : 384.80,
    "dma50" : 397.92,
    "dma100" : 412.02,
    "dma200" : 396.29,
    "volume" : 15808.00
  }, {
    "date" : "2025-09-12",
    "price" : 383.75,
    "dma50" : 397.37,
    "dma100" : 411.79,
    "dma200" : 396.16,
    "volume" : 39376.00
  }, {
    "date" : "2025-09-15",
    "price" : 387.15,
    "dma50" : 396.97,
    "dma100" : 411.64,
    "dma200" : 396.07,
    "volume" : 20589.00
  }, {
    "date" : "2025-09-16",
    "price" : 387.00,
    "dma50" : 396.58,
    "dma100" : 411.42,
    "dma200" : 395.98,
    "volume" : 23787.00
  }, {
    "date" : "2025-09-17",
    "price" : 393.70,
    "dma50" : 396.46,
    "dma100" : 411.36,
    "dma200" : 395.96,
    "volume" : 41428.00
  }, {
    "date" : "2025-09-18",
    "price" : 386.60,
    "dma50" : 396.08,
    "dma100" : 411.31,
    "dma200" : 395.87,
    "volume" : 20781.00
  }, {
    "date" : "2025-09-19",
    "price" : 381.85,
    "dma50" : 395.52,
    "dma100" : 411.24,
    "dma200" : 395.73,
    "volume" : 23285.00
  }, {
    "date" : "2025-09-22",
    "price" : 378.55,
    "dma50" : 394.85,
    "dma100" : 411.21,
    "dma200" : 395.56,
    "volume" : 22536.00
  }, {
    "date" : "2025-09-23",
    "price" : 378.00,
    "dma50" : 394.19,
    "dma100" : 411.12,
    "dma200" : 395.38,
    "volume" : 9337.00
  }, {
    "date" : "2025-09-24",
    "price" : 375.45,
    "dma50" : 393.46,
    "dma100" : 410.98,
    "dma200" : 395.18,
    "volume" : 21495.00
  }, {
    "date" : "2025-09-25",
    "price" : 369.95,
    "dma50" : 392.54,
    "dma100" : 410.89,
    "dma200" : 394.93,
    "volume" : 17145.00
  }, {
    "date" : "2025-09-26",
    "price" : 366.60,
    "dma50" : 391.52,
    "dma100" : 410.67,
    "dma200" : 394.65,
    "volume" : 17019.00
  }, {
    "date" : "2025-09-29",
    "price" : 355.05,
    "dma50" : 390.09,
    "dma100" : 410.43,
    "dma200" : 394.26,
    "volume" : 33097.00
  }, {
    "date" : "2025-09-30",
    "price" : 358.90,
    "dma50" : 388.87,
    "dma100" : 410.24,
    "dma200" : 393.90,
    "volume" : 14116.00
  }, {
    "date" : "2025-10-01",
    "price" : 366.70,
    "dma50" : 388.00,
    "dma100" : 409.89,
    "dma200" : 393.63,
    "volume" : 15565.00
  }, {
    "date" : "2025-10-03",
    "price" : 373.95,
    "dma50" : 387.45,
    "dma100" : 409.59,
    "dma200" : 393.44,
    "volume" : 18867.00
  }, {
    "date" : "2025-10-06",
    "price" : 364.80,
    "dma50" : 386.56,
    "dma100" : 409.17,
    "dma200" : 393.15,
    "volume" : 17019.00
  }, {
    "date" : "2025-10-07",
    "price" : 367.75,
    "dma50" : 385.82,
    "dma100" : 408.74,
    "dma200" : 392.90,
    "volume" : 16153.00
  }, {
    "date" : "2025-10-08",
    "price" : 364.95,
    "dma50" : 385.00,
    "dma100" : 408.30,
    "dma200" : 392.62,
    "volume" : 14459.00
  }, {
    "date" : "2025-10-09",
    "price" : 359.60,
    "dma50" : 384.01,
    "dma100" : 407.52,
    "dma200" : 392.29,
    "volume" : 13546.00
  }, {
    "date" : "2025-10-10",
    "price" : 359.15,
    "dma50" : 383.03,
    "dma100" : 406.83,
    "dma200" : 391.96,
    "volume" : 10624.00
  }, {
    "date" : "2025-10-13",
    "price" : 354.50,
    "dma50" : 381.91,
    "dma100" : 406.04,
    "dma200" : 391.59,
    "volume" : 15190.00
  }, {
    "date" : "2025-10-14",
    "price" : 346.10,
    "dma50" : 380.51,
    "dma100" : 405.26,
    "dma200" : 391.14,
    "volume" : 29476.00
  }, {
    "date" : "2025-10-15",
    "price" : 342.65,
    "dma50" : 379.02,
    "dma100" : 404.37,
    "dma200" : 390.66,
    "volume" : 35275.00
  }, {
    "date" : "2025-10-16",
    "price" : 349.25,
    "dma50" : 377.86,
    "dma100" : 403.59,
    "dma200" : 390.24,
    "volume" : 12997.00
  }, {
    "date" : "2025-10-17",
    "price" : 354.55,
    "dma50" : 376.94,
    "dma100" : 402.84,
    "dma200" : 389.89,
    "volume" : 49977.00
  }, {
    "date" : "2025-10-20",
    "price" : 350.70,
    "dma50" : 375.91,
    "dma100" : 401.98,
    "dma200" : 389.50,
    "volume" : 60155.00
  }, {
    "date" : "2025-10-21",
    "price" : 354.95,
    "dma50" : 375.09,
    "dma100" : 401.22,
    "dma200" : 389.15,
    "volume" : 6508.00
  }, {
    "date" : "2025-10-23",
    "price" : 348.00,
    "dma50" : 374.03,
    "dma100" : 400.44,
    "dma200" : 388.75,
    "volume" : 15335.00
  }, {
    "date" : "2025-10-24",
    "price" : 347.10,
    "dma50" : 372.97,
    "dma100" : 399.66,
    "dma200" : 388.33,
    "volume" : 12142.00
  }, {
    "date" : "2025-10-27",
    "price" : 352.55,
    "dma50" : 372.17,
    "dma100" : 398.99,
    "dma200" : 387.98,
    "volume" : 24485.00
  }, {
    "date" : "2025-10-28",
    "price" : 348.25,
    "dma50" : 371.23,
    "dma100" : 398.28,
    "dma200" : 387.58,
    "volume" : 18305.00
  }, {
    "date" : "2025-10-29",
    "price" : 365.65,
    "dma50" : 371.01,
    "dma100" : 397.59,
    "dma200" : 387.36,
    "volume" : 37973.00
  }, {
    "date" : "2025-10-30",
    "price" : 365.00,
    "dma50" : 370.78,
    "dma100" : 396.95,
    "dma200" : 387.14,
    "volume" : 17257.00
  }, {
    "date" : "2025-10-31",
    "price" : 358.05,
    "dma50" : 370.28,
    "dma100" : 396.19,
    "dma200" : 386.85,
    "volume" : 6531.00
  }, {
    "date" : "2025-11-03",
    "price" : 364.75,
    "dma50" : 370.06,
    "dma100" : 395.45,
    "dma200" : 386.63,
    "volume" : 17944.00
  }, {
    "date" : "2025-11-04",
    "price" : 359.85,
    "dma50" : 369.66,
    "dma100" : 394.50,
    "dma200" : 386.36,
    "volume" : 4008.00
  }, {
    "date" : "2025-11-06",
    "price" : 354.50,
    "dma50" : 369.07,
    "dma100" : 393.67,
    "dma200" : 386.05,
    "volume" : 23566.00
  }, {
    "date" : "2025-11-07",
    "price" : 351.40,
    "dma50" : 368.37,
    "dma100" : 392.90,
    "dma200" : 385.70,
    "volume" : 10290.00
  }, {
    "date" : "2025-11-10",
    "price" : 373.60,
    "dma50" : 368.58,
    "dma100" : 392.44,
    "dma200" : 385.58,
    "volume" : 79556.00
  }, {
    "date" : "2025-11-11",
    "price" : 373.00,
    "dma50" : 368.75,
    "dma100" : 391.98,
    "dma200" : 385.46,
    "volume" : 199945.00
  }, {
    "date" : "2025-11-12",
    "price" : 380.40,
    "dma50" : 369.21,
    "dma100" : 391.66,
    "dma200" : 385.41,
    "volume" : 50658.00
  }, {
    "date" : "2025-11-13",
    "price" : 370.45,
    "dma50" : 369.26,
    "dma100" : 391.39,
    "dma200" : 385.26,
    "volume" : 23806.00
  }, {
    "date" : "2025-11-14",
    "price" : 382.35,
    "dma50" : 369.77,
    "dma100" : 391.16,
    "dma200" : 385.23,
    "volume" : 67478.00
  }, {
    "date" : "2025-11-17",
    "price" : 387.50,
    "dma50" : 370.47,
    "dma100" : 391.02,
    "dma200" : 385.25,
    "volume" : 42371.00
  }, {
    "date" : "2025-11-18",
    "price" : 381.05,
    "dma50" : 370.88,
    "dma100" : 390.74,
    "dma200" : 385.21,
    "volume" : 16354.00
  }, {
    "date" : "2025-11-19",
    "price" : 382.25,
    "dma50" : 371.33,
    "dma100" : 390.34,
    "dma200" : 385.18,
    "volume" : 24970.00
  }, {
    "date" : "2025-11-20",
    "price" : 378.75,
    "dma50" : 371.62,
    "dma100" : 389.90,
    "dma200" : 385.12,
    "volume" : 18205.00
  }, {
    "date" : "2025-11-21",
    "price" : 376.50,
    "dma50" : 371.81,
    "dma100" : 389.39,
    "dma200" : 385.03,
    "volume" : 10620.00
  }, {
    "date" : "2025-11-24",
    "price" : 374.65,
    "dma50" : 371.92,
    "dma100" : 388.78,
    "dma200" : 384.93,
    "volume" : 22516.00
  }, {
    "date" : "2025-11-25",
    "price" : 382.30,
    "dma50" : 372.33,
    "dma100" : 388.15,
    "dma200" : 384.90,
    "volume" : 56194.00
  }, {
    "date" : "2025-11-26",
    "price" : 395.65,
    "dma50" : 373.24,
    "dma100" : 387.63,
    "dma200" : 385.01,
    "volume" : 74104.00
  }, {
    "date" : "2025-11-27",
    "price" : 396.95,
    "dma50" : 374.17,
    "dma100" : 387.12,
    "dma200" : 385.13,
    "volume" : 78685.00
  }, {
    "date" : "2025-11-28",
    "price" : 396.80,
    "dma50" : 375.06,
    "dma100" : 386.50,
    "dma200" : 385.24,
    "volume" : 31304.00
  }, {
    "date" : "2025-12-01",
    "price" : 412.25,
    "dma50" : 376.52,
    "dma100" : 385.99,
    "dma200" : 385.51,
    "volume" : 111750.00
  }, {
    "date" : "2025-12-02",
    "price" : 411.40,
    "dma50" : 377.89,
    "dma100" : 385.54,
    "dma200" : 385.77,
    "volume" : 48354.00
  }, {
    "date" : "2025-12-03",
    "price" : 409.60,
    "dma50" : 379.13,
    "dma100" : 385.16,
    "dma200" : 386.01,
    "volume" : 28078.00
  }, {
    "date" : "2025-12-04",
    "price" : 403.00,
    "dma50" : 380.07,
    "dma100" : 384.73,
    "dma200" : 386.17,
    "volume" : 20099.00
  }, {
    "date" : "2025-12-05",
    "price" : 406.95,
    "dma50" : 381.12,
    "dma100" : 384.42,
    "dma200" : 386.38,
    "volume" : 20237.00
  }, {
    "date" : "2025-12-08",
    "price" : 392.55,
    "dma50" : 381.57,
    "dma100" : 383.96,
    "dma200" : 386.44,
    "volume" : 67176.00
  }, {
    "date" : "2025-12-09",
    "price" : 405.90,
    "dma50" : 382.52,
    "dma100" : 383.60,
    "dma200" : 386.64,
    "volume" : 53057.00
  }, {
    "date" : "2025-12-10",
    "price" : 408.15,
    "dma50" : 383.53,
    "dma100" : 383.23,
    "dma200" : 386.85,
    "volume" : 23685.00
  } ],
  "latestTechnicalAttributes" : {
    "date" : "2025-12-10",
    "price" : 408.15,
    "dma50" : 383.53,
    "dma100" : 383.23,
    "dma200" : 386.85,
    "volume" : 23685.00
  },
  "quarterlyResults" : [ {
    "date" : "2005-03-31",
    "sales" : 73.15,
    "salesGrowthYoY" : null,
    "grossProfitMargin" : 71.16,
    "grossProfit" : 52.05,
    "operatingProfitMargin" : 7.18,
    "operatingProfit" : 5.25,
    "netProfitMargin" : 5.36,
    "netProfit" : 3.92
  }, {
    "date" : "2005-06-30",
    "sales" : 40.86,
    "salesGrowthYoY" : null,
    "grossProfitMargin" : 73.62,
    "grossProfit" : 30.08,
    "operatingProfitMargin" : 11.40,
    "operatingProfit" : 4.66,
    "netProfitMargin" : 6.44,
    "netProfit" : 2.63
  }, {
    "date" : "2005-09-30",
    "sales" : 57.77,
    "salesGrowthYoY" : null,
    "grossProfitMargin" : 63.51,
    "grossProfit" : 36.69,
    "operatingProfitMargin" : 6.84,
    "operatingProfit" : 3.95,
    "netProfitMargin" : 3.70,
    "netProfit" : 2.14
  }, {
    "date" : "2005-12-31",
    "sales" : 42.17,
    "salesGrowthYoY" : null,
    "grossProfitMargin" : 91.37,
    "grossProfit" : 38.53,
    "operatingProfitMargin" : 4.70,
    "operatingProfit" : 1.98,
    "netProfitMargin" : 1.85,
    "netProfit" : 0.78
  }, {
    "date" : "2006-03-31",
    "sales" : 92.45,
    "salesGrowthYoY" : 26.38,
    "grossProfitMargin" : 82.47,
    "grossProfit" : 76.24,
    "operatingProfitMargin" : 8.38,
    "operatingProfit" : 7.75,
    "netProfitMargin" : 4.56,
    "netProfit" : 4.22
  }, {
    "date" : "2006-06-30",
    "sales" : 80.01,
    "salesGrowthYoY" : 95.81,
    "grossProfitMargin" : 78.04,
    "grossProfit" : 62.44,
    "operatingProfitMargin" : 8.31,
    "operatingProfit" : 6.65,
    "netProfitMargin" : 4.82,
    "netProfit" : 3.86
  }, {
    "date" : "2006-09-30",
    "sales" : 85.52,
    "salesGrowthYoY" : 48.04,
    "grossProfitMargin" : 76.15,
    "grossProfit" : 65.12,
    "operatingProfitMargin" : 11.94,
    "operatingProfit" : 10.21,
    "netProfitMargin" : 6.40,
    "netProfit" : 5.47
  }, {
    "date" : "2006-12-31",
    "sales" : 88.18,
    "salesGrowthYoY" : 109.11,
    "grossProfitMargin" : 76.47,
    "grossProfit" : 67.43,
    "operatingProfitMargin" : 4.96,
    "operatingProfit" : 4.37,
    "netProfitMargin" : 1.91,
    "netProfit" : 1.68
  }, {
    "date" : "2007-03-31",
    "sales" : 86.88,
    "salesGrowthYoY" : -6.02,
    "grossProfitMargin" : 64.26,
    "grossProfit" : 55.83,
    "operatingProfitMargin" : 5.05,
    "operatingProfit" : 4.39,
    "netProfitMargin" : 5.80,
    "netProfit" : 5.04
  }, {
    "date" : "2007-06-30",
    "sales" : 68.03,
    "salesGrowthYoY" : -14.97,
    "grossProfitMargin" : 75.38,
    "grossProfit" : 51.28,
    "operatingProfitMargin" : 5.66,
    "operatingProfit" : 3.85,
    "netProfitMargin" : 1.53,
    "netProfit" : 1.04
  }, {
    "date" : "2007-09-30",
    "sales" : 103.99,
    "salesGrowthYoY" : 21.60,
    "grossProfitMargin" : 73.14,
    "grossProfit" : 76.06,
    "operatingProfitMargin" : 5.90,
    "operatingProfit" : 6.14,
    "netProfitMargin" : 2.30,
    "netProfit" : 2.39
  }, {
    "date" : "2007-12-31",
    "sales" : 129.45,
    "salesGrowthYoY" : 46.80,
    "grossProfitMargin" : 73.13,
    "grossProfit" : 94.67,
    "operatingProfitMargin" : 8.56,
    "operatingProfit" : 11.08,
    "netProfitMargin" : 4.02,
    "netProfit" : 5.20
  }, {
    "date" : "2008-03-31",
    "sales" : 151.39,
    "salesGrowthYoY" : 74.25,
    "grossProfitMargin" : 73.56,
    "grossProfit" : 111.36,
    "operatingProfitMargin" : 8.45,
    "operatingProfit" : 12.79,
    "netProfitMargin" : 4.14,
    "netProfit" : 6.27
  }, {
    "date" : "2008-06-30",
    "sales" : 133.30,
    "salesGrowthYoY" : 95.94,
    "grossProfitMargin" : 62.24,
    "grossProfit" : 82.97,
    "operatingProfitMargin" : 8.69,
    "operatingProfit" : 11.58,
    "netProfitMargin" : 3.80,
    "netProfit" : 5.07
  }, {
    "date" : "2008-09-30",
    "sales" : 168.66,
    "salesGrowthYoY" : 62.19,
    "grossProfitMargin" : 65.49,
    "grossProfit" : 110.46,
    "operatingProfitMargin" : 5.94,
    "operatingProfit" : 10.02,
    "netProfitMargin" : 1.87,
    "netProfit" : 3.15
  }, {
    "date" : "2008-12-31",
    "sales" : 169.71,
    "salesGrowthYoY" : 31.10,
    "grossProfitMargin" : 69.80,
    "grossProfit" : 118.46,
    "operatingProfitMargin" : 7.60,
    "operatingProfit" : 12.90,
    "netProfitMargin" : 2.50,
    "netProfit" : 4.24
  }, {
    "date" : "2009-03-31",
    "sales" : 196.62,
    "salesGrowthYoY" : 29.88,
    "grossProfitMargin" : 76.92,
    "grossProfit" : 151.24,
    "operatingProfitMargin" : 10.32,
    "operatingProfit" : 20.29,
    "netProfitMargin" : 5.08,
    "netProfit" : 9.99
  }, {
    "date" : "2009-06-30",
    "sales" : 126.20,
    "salesGrowthYoY" : -5.33,
    "grossProfitMargin" : 75.44,
    "grossProfit" : 95.21,
    "operatingProfitMargin" : 12.12,
    "operatingProfit" : 15.30,
    "netProfitMargin" : 4.85,
    "netProfit" : 6.12
  }, {
    "date" : "2009-09-30",
    "sales" : 161.64,
    "salesGrowthYoY" : -4.16,
    "grossProfitMargin" : 76.00,
    "grossProfit" : 122.85,
    "operatingProfitMargin" : 10.99,
    "operatingProfit" : 17.76,
    "netProfitMargin" : 4.84,
    "netProfit" : 7.82
  }, {
    "date" : "2009-12-31",
    "sales" : 167.17,
    "salesGrowthYoY" : -1.50,
    "grossProfitMargin" : 78.90,
    "grossProfit" : 131.90,
    "operatingProfitMargin" : 11.58,
    "operatingProfit" : 19.36,
    "netProfitMargin" : 5.31,
    "netProfit" : 8.88
  }, {
    "date" : "2010-03-31",
    "sales" : 219.02,
    "salesGrowthYoY" : 11.39,
    "grossProfitMargin" : 83.40,
    "grossProfit" : 182.66,
    "operatingProfitMargin" : 10.61,
    "operatingProfit" : 23.24,
    "netProfitMargin" : 3.50,
    "netProfit" : 7.67
  }, {
    "date" : "2010-06-30",
    "sales" : 155.28,
    "salesGrowthYoY" : 23.04,
    "grossProfitMargin" : 76.65,
    "grossProfit" : 119.02,
    "operatingProfitMargin" : 11.22,
    "operatingProfit" : 17.42,
    "netProfitMargin" : 5.16,
    "netProfit" : 8.01
  }, {
    "date" : "2010-09-30",
    "sales" : 165.60,
    "salesGrowthYoY" : 2.45,
    "grossProfitMargin" : 80.65,
    "grossProfit" : 133.56,
    "operatingProfitMargin" : 11.15,
    "operatingProfit" : 18.46,
    "netProfitMargin" : 5.31,
    "netProfit" : 8.79
  }, {
    "date" : "2010-12-31",
    "sales" : 153.24,
    "salesGrowthYoY" : -8.33,
    "grossProfitMargin" : 82.46,
    "grossProfit" : 126.36,
    "operatingProfitMargin" : 11.49,
    "operatingProfit" : 17.61,
    "netProfitMargin" : 4.52,
    "netProfit" : 6.93
  }, {
    "date" : "2011-03-31",
    "sales" : 173.62,
    "salesGrowthYoY" : -20.73,
    "grossProfitMargin" : 85.47,
    "grossProfit" : 148.39,
    "operatingProfitMargin" : 7.52,
    "operatingProfit" : 13.06,
    "netProfitMargin" : 2.27,
    "netProfit" : 3.94
  }, {
    "date" : "2011-06-30",
    "sales" : 122.20,
    "salesGrowthYoY" : -21.30,
    "grossProfitMargin" : 86.65,
    "grossProfit" : 105.89,
    "operatingProfitMargin" : 7.77,
    "operatingProfit" : 9.49,
    "netProfitMargin" : 1.53,
    "netProfit" : 1.87
  }, {
    "date" : "2011-09-30",
    "sales" : 118.37,
    "salesGrowthYoY" : -28.52,
    "grossProfitMargin" : 84.02,
    "grossProfit" : 99.45,
    "operatingProfitMargin" : 6.52,
    "operatingProfit" : 7.72,
    "netProfitMargin" : 0.70,
    "netProfit" : 0.83
  }, {
    "date" : "2011-12-31",
    "sales" : 122.14,
    "salesGrowthYoY" : -20.29,
    "grossProfitMargin" : 25.93,
    "grossProfit" : 31.67,
    "operatingProfitMargin" : 6.07,
    "operatingProfit" : 7.41,
    "netProfitMargin" : 0.27,
    "netProfit" : 0.33
  }, {
    "date" : "2012-03-31",
    "sales" : 154.46,
    "salesGrowthYoY" : -11.04,
    "grossProfitMargin" : 26.58,
    "grossProfit" : 41.06,
    "operatingProfitMargin" : 7.11,
    "operatingProfit" : 10.98,
    "netProfitMargin" : 2.20,
    "netProfit" : 3.40
  }, {
    "date" : "2012-06-30",
    "sales" : 155.33,
    "salesGrowthYoY" : 27.11,
    "grossProfitMargin" : 22.97,
    "grossProfit" : 35.68,
    "operatingProfitMargin" : 8.73,
    "operatingProfit" : 13.56,
    "netProfitMargin" : 3.03,
    "netProfit" : 4.71
  }, {
    "date" : "2012-09-30",
    "sales" : 173.98,
    "salesGrowthYoY" : 46.98,
    "grossProfitMargin" : 84.21,
    "grossProfit" : 146.51,
    "operatingProfitMargin" : 9.72,
    "operatingProfit" : 16.91,
    "netProfitMargin" : 3.98,
    "netProfit" : 6.92
  }, {
    "date" : "2012-12-31",
    "sales" : 163.86,
    "salesGrowthYoY" : 34.16,
    "grossProfitMargin" : 25.52,
    "grossProfit" : 41.82,
    "operatingProfitMargin" : 8.90,
    "operatingProfit" : 14.58,
    "netProfitMargin" : 2.70,
    "netProfit" : 4.42
  }, {
    "date" : "2013-03-31",
    "sales" : 202.61,
    "salesGrowthYoY" : 31.17,
    "grossProfitMargin" : 87.52,
    "grossProfit" : 177.32,
    "operatingProfitMargin" : 7.86,
    "operatingProfit" : 15.93,
    "netProfitMargin" : 2.37,
    "netProfit" : 4.80
  }, {
    "date" : "2013-06-30",
    "sales" : 161.11,
    "salesGrowthYoY" : 3.72,
    "grossProfitMargin" : 80.90,
    "grossProfit" : 130.34,
    "operatingProfitMargin" : 9.19,
    "operatingProfit" : 14.81,
    "netProfitMargin" : 2.59,
    "netProfit" : 4.17
  }, {
    "date" : "2013-09-30",
    "sales" : 181.60,
    "salesGrowthYoY" : 4.38,
    "grossProfitMargin" : 76.10,
    "grossProfit" : 138.20,
    "operatingProfitMargin" : 10.81,
    "operatingProfit" : 19.63,
    "netProfitMargin" : 3.68,
    "netProfit" : 6.68
  }, {
    "date" : "2013-12-31",
    "sales" : 242.29,
    "salesGrowthYoY" : 47.86,
    "grossProfitMargin" : 20.88,
    "grossProfit" : 50.59,
    "operatingProfitMargin" : 8.70,
    "operatingProfit" : 21.08,
    "netProfitMargin" : 2.86,
    "netProfit" : 6.93
  }, {
    "date" : "2014-03-31",
    "sales" : 234.00,
    "salesGrowthYoY" : 15.49,
    "grossProfitMargin" : 22.82,
    "grossProfit" : 53.40,
    "operatingProfitMargin" : 8.52,
    "operatingProfit" : 19.94,
    "netProfitMargin" : 2.68,
    "netProfit" : 6.27
  }, {
    "date" : "2014-06-30",
    "sales" : 196.93,
    "salesGrowthYoY" : 22.23,
    "grossProfitMargin" : 23.41,
    "grossProfit" : 46.10,
    "operatingProfitMargin" : 9.75,
    "operatingProfit" : 19.20,
    "netProfitMargin" : 2.43,
    "netProfit" : 4.79
  }, {
    "date" : "2014-09-30",
    "sales" : 251.02,
    "salesGrowthYoY" : 38.23,
    "grossProfitMargin" : 23.84,
    "grossProfit" : 59.84,
    "operatingProfitMargin" : 10.92,
    "operatingProfit" : 27.41,
    "netProfitMargin" : 5.20,
    "netProfit" : 13.05
  }, {
    "date" : "2014-12-31",
    "sales" : 265.58,
    "salesGrowthYoY" : 9.61,
    "grossProfitMargin" : 22.57,
    "grossProfit" : 59.94,
    "operatingProfitMargin" : 10.65,
    "operatingProfit" : 28.28,
    "netProfitMargin" : 4.69,
    "netProfit" : 12.46
  }, {
    "date" : "2015-03-31",
    "sales" : 296.33,
    "salesGrowthYoY" : 26.64,
    "grossProfitMargin" : 24.27,
    "grossProfit" : 71.92,
    "operatingProfitMargin" : 11.75,
    "operatingProfit" : 34.82,
    "netProfitMargin" : 4.24,
    "netProfit" : 12.56
  }, {
    "date" : "2015-06-30",
    "sales" : 212.34,
    "salesGrowthYoY" : 7.83,
    "grossProfitMargin" : 24.14,
    "grossProfit" : 51.26,
    "operatingProfitMargin" : 10.95,
    "operatingProfit" : 23.25,
    "netProfitMargin" : 2.98,
    "netProfit" : 6.33
  }, {
    "date" : "2015-09-30",
    "sales" : 229.85,
    "salesGrowthYoY" : -8.43,
    "grossProfitMargin" : 22.55,
    "grossProfit" : 51.83,
    "operatingProfitMargin" : 10.23,
    "operatingProfit" : 23.51,
    "netProfitMargin" : 3.07,
    "netProfit" : 7.06
  }, {
    "date" : "2015-12-31",
    "sales" : 198.82,
    "salesGrowthYoY" : -25.14,
    "grossProfitMargin" : 26.03,
    "grossProfit" : 51.75,
    "operatingProfitMargin" : 11.20,
    "operatingProfit" : 22.27,
    "netProfitMargin" : 3.17,
    "netProfit" : 6.30
  }, {
    "date" : "2016-03-31",
    "sales" : 297.94,
    "salesGrowthYoY" : 0.54,
    "grossProfitMargin" : 22.04,
    "grossProfit" : 65.67,
    "operatingProfitMargin" : 9.38,
    "operatingProfit" : 27.95,
    "netProfitMargin" : 3.17,
    "netProfit" : 9.44
  }, {
    "date" : "2016-06-30",
    "sales" : 427.50,
    "salesGrowthYoY" : 101.33,
    "grossProfitMargin" : 18.73,
    "grossProfit" : 80.07,
    "operatingProfitMargin" : 12.23,
    "operatingProfit" : 52.28,
    "netProfitMargin" : 6.03,
    "netProfit" : 25.78
  }, {
    "date" : "2016-09-30",
    "sales" : 433.02,
    "salesGrowthYoY" : 88.39,
    "grossProfitMargin" : 17.36,
    "grossProfit" : 75.17,
    "operatingProfitMargin" : 11.02,
    "operatingProfit" : 47.72,
    "netProfitMargin" : 4.97,
    "netProfit" : 21.52
  }, {
    "date" : "2016-12-31",
    "sales" : 382.04,
    "salesGrowthYoY" : 92.15,
    "grossProfitMargin" : 18.30,
    "grossProfit" : 69.91,
    "operatingProfitMargin" : 11.37,
    "operatingProfit" : 43.44,
    "netProfitMargin" : 4.66,
    "netProfit" : 17.80
  }, {
    "date" : "2017-03-31",
    "sales" : 461.74,
    "salesGrowthYoY" : 54.98,
    "grossProfitMargin" : 22.20,
    "grossProfit" : 102.51,
    "operatingProfitMargin" : 13.62,
    "operatingProfit" : 62.89,
    "netProfitMargin" : 7.52,
    "netProfit" : 34.72
  }, {
    "date" : "2017-06-30",
    "sales" : 544.51,
    "salesGrowthYoY" : 27.37,
    "grossProfitMargin" : 19.09,
    "grossProfit" : 103.95,
    "operatingProfitMargin" : 7.92,
    "operatingProfit" : 43.13,
    "netProfitMargin" : 3.65,
    "netProfit" : 19.87
  }, {
    "date" : "2017-09-30",
    "sales" : 214.17,
    "salesGrowthYoY" : -50.54,
    "grossProfitMargin" : 25.07,
    "grossProfit" : 53.69,
    "operatingProfitMargin" : 11.69,
    "operatingProfit" : 25.04,
    "netProfitMargin" : 3.88,
    "netProfit" : 8.31
  }, {
    "date" : "2017-12-31",
    "sales" : 356.09,
    "salesGrowthYoY" : -6.79,
    "grossProfitMargin" : 18.53,
    "grossProfit" : 65.98,
    "operatingProfitMargin" : 10.29,
    "operatingProfit" : 36.64,
    "netProfitMargin" : 4.12,
    "netProfit" : 14.67
  }, {
    "date" : "2018-03-31",
    "sales" : 411.19,
    "salesGrowthYoY" : -10.95,
    "grossProfitMargin" : 22.10,
    "grossProfit" : 90.87,
    "operatingProfitMargin" : 11.35,
    "operatingProfit" : 46.67,
    "netProfitMargin" : 5.64,
    "netProfit" : 23.19
  }, {
    "date" : "2018-06-30",
    "sales" : 335.61,
    "salesGrowthYoY" : -38.36,
    "grossProfitMargin" : 22.00,
    "grossProfit" : 73.83,
    "operatingProfitMargin" : 11.50,
    "operatingProfit" : 38.60,
    "netProfitMargin" : 5.06,
    "netProfit" : 16.98
  }, {
    "date" : "2018-09-30",
    "sales" : 416.18,
    "salesGrowthYoY" : 94.32,
    "grossProfitMargin" : 20.58,
    "grossProfit" : 85.65,
    "operatingProfitMargin" : 12.57,
    "operatingProfit" : 52.31,
    "netProfitMargin" : 7.16,
    "netProfit" : 29.80
  }, {
    "date" : "2018-12-31",
    "sales" : 366.02,
    "salesGrowthYoY" : 2.79,
    "grossProfitMargin" : 19.54,
    "grossProfit" : 71.52,
    "operatingProfitMargin" : 8.91,
    "operatingProfit" : 32.61,
    "netProfitMargin" : 2.90,
    "netProfit" : 10.61
  }, {
    "date" : "2019-03-31",
    "sales" : 522.04,
    "salesGrowthYoY" : 26.96,
    "grossProfitMargin" : 20.30,
    "grossProfit" : 105.97,
    "operatingProfitMargin" : 11.98,
    "operatingProfit" : 62.54,
    "netProfitMargin" : 5.54,
    "netProfit" : 28.92
  }, {
    "date" : "2019-06-30",
    "sales" : 463.19,
    "salesGrowthYoY" : 38.01,
    "grossProfitMargin" : 19.87,
    "grossProfit" : 92.04,
    "operatingProfitMargin" : 11.08,
    "operatingProfit" : 51.32,
    "netProfitMargin" : 4.52,
    "netProfit" : 20.94
  }, {
    "date" : "2019-09-30",
    "sales" : 370.63,
    "salesGrowthYoY" : -10.94,
    "grossProfitMargin" : 20.99,
    "grossProfit" : 77.80,
    "operatingProfitMargin" : 10.83,
    "operatingProfit" : 40.14,
    "netProfitMargin" : 3.83,
    "netProfit" : 14.20
  }, {
    "date" : "2019-12-31",
    "sales" : 392.88,
    "salesGrowthYoY" : 7.34,
    "grossProfitMargin" : 20.59,
    "grossProfit" : 80.89,
    "operatingProfitMargin" : 10.36,
    "operatingProfit" : 40.70,
    "netProfitMargin" : 3.29,
    "netProfit" : 12.93
  }, {
    "date" : "2020-03-31",
    "sales" : 396.92,
    "salesGrowthYoY" : -23.97,
    "grossProfitMargin" : 25.28,
    "grossProfit" : 100.34,
    "operatingProfitMargin" : 14.20,
    "operatingProfit" : 56.36,
    "netProfitMargin" : 6.38,
    "netProfit" : 25.32
  }, {
    "date" : "2020-06-30",
    "sales" : 217.73,
    "salesGrowthYoY" : -52.99,
    "grossProfitMargin" : 20.81,
    "grossProfit" : 45.31,
    "operatingProfitMargin" : 7.01,
    "operatingProfit" : 15.26,
    "netProfitMargin" : -2.54,
    "netProfit" : -5.53
  }, {
    "date" : "2020-09-30",
    "sales" : 285.12,
    "salesGrowthYoY" : -23.07,
    "grossProfitMargin" : 20.32,
    "grossProfit" : 57.94,
    "operatingProfitMargin" : 9.81,
    "operatingProfit" : 27.97,
    "netProfitMargin" : 1.63,
    "netProfit" : 4.65
  }, {
    "date" : "2020-12-31",
    "sales" : 279.88,
    "salesGrowthYoY" : -28.76,
    "grossProfitMargin" : 18.08,
    "grossProfit" : 50.60,
    "operatingProfitMargin" : 9.56,
    "operatingProfit" : 26.76,
    "netProfitMargin" : 1.58,
    "netProfit" : 4.42
  }, {
    "date" : "2021-03-31",
    "sales" : 458.66,
    "salesGrowthYoY" : 15.55,
    "grossProfitMargin" : 18.99,
    "grossProfit" : 87.10,
    "operatingProfitMargin" : 10.74,
    "operatingProfit" : 49.26,
    "netProfitMargin" : 8.38,
    "netProfit" : 38.44
  }, {
    "date" : "2021-06-30",
    "sales" : 291.14,
    "salesGrowthYoY" : 33.72,
    "grossProfitMargin" : 19.28,
    "grossProfit" : 56.13,
    "operatingProfitMargin" : 7.91,
    "operatingProfit" : 23.03,
    "netProfitMargin" : 1.60,
    "netProfit" : 4.66
  }, {
    "date" : "2021-09-30",
    "sales" : 416.01,
    "salesGrowthYoY" : 45.91,
    "grossProfitMargin" : 17.98,
    "grossProfit" : 74.80,
    "operatingProfitMargin" : 10.12,
    "operatingProfit" : 42.10,
    "netProfitMargin" : 4.36,
    "netProfit" : 18.14
  }, {
    "date" : "2021-12-31",
    "sales" : 421.51,
    "salesGrowthYoY" : 50.60,
    "grossProfitMargin" : 17.71,
    "grossProfit" : 74.65,
    "operatingProfitMargin" : 9.20,
    "operatingProfit" : 38.78,
    "netProfitMargin" : 3.61,
    "netProfit" : 15.22
  }, {
    "date" : "2022-03-31",
    "sales" : 391.74,
    "salesGrowthYoY" : -14.59,
    "grossProfitMargin" : 19.81,
    "grossProfit" : 77.60,
    "operatingProfitMargin" : 11.57,
    "operatingProfit" : 45.32,
    "netProfitMargin" : 5.05,
    "netProfit" : 19.78
  }, {
    "date" : "2022-06-30",
    "sales" : 360.13,
    "salesGrowthYoY" : 23.70,
    "grossProfitMargin" : 16.47,
    "grossProfit" : 59.31,
    "operatingProfitMargin" : 8.09,
    "operatingProfit" : 29.13,
    "netProfitMargin" : 5.74,
    "netProfit" : 20.67
  }, {
    "date" : "2022-09-30",
    "sales" : 323.81,
    "salesGrowthYoY" : -22.16,
    "grossProfitMargin" : 18.25,
    "grossProfit" : 59.10,
    "operatingProfitMargin" : 8.22,
    "operatingProfit" : 26.62,
    "netProfitMargin" : 1.97,
    "netProfit" : 6.38
  }, {
    "date" : "2022-12-31",
    "sales" : 404.74,
    "salesGrowthYoY" : -3.98,
    "grossProfitMargin" : 17.14,
    "grossProfit" : 69.37,
    "operatingProfitMargin" : 9.04,
    "operatingProfit" : 36.59,
    "netProfitMargin" : 3.13,
    "netProfit" : 12.67
  }, {
    "date" : "2023-03-31",
    "sales" : 454.20,
    "salesGrowthYoY" : 15.94,
    "grossProfitMargin" : 17.16,
    "grossProfit" : 77.94,
    "operatingProfitMargin" : 9.21,
    "operatingProfit" : 41.83,
    "netProfitMargin" : 3.52,
    "netProfit" : 15.99
  }, {
    "date" : "2023-06-30",
    "sales" : 347.00,
    "salesGrowthYoY" : -3.65,
    "grossProfitMargin" : 18.19,
    "grossProfit" : 63.12,
    "operatingProfitMargin" : 8.40,
    "operatingProfit" : 29.15,
    "netProfitMargin" : 2.45,
    "netProfit" : 8.50
  }, {
    "date" : "2023-09-30",
    "sales" : 318.82,
    "salesGrowthYoY" : -1.54,
    "grossProfitMargin" : 21.91,
    "grossProfit" : 69.85,
    "operatingProfitMargin" : 9.99,
    "operatingProfit" : 31.85,
    "netProfitMargin" : 3.23,
    "netProfit" : 10.30
  }, {
    "date" : "2023-12-31",
    "sales" : 318.53,
    "salesGrowthYoY" : -21.30,
    "grossProfitMargin" : 23.89,
    "grossProfit" : 76.10,
    "operatingProfitMargin" : 11.81,
    "operatingProfit" : 37.62,
    "netProfitMargin" : 4.75,
    "netProfit" : 15.13
  }, {
    "date" : "2024-03-31",
    "sales" : 404.29,
    "salesGrowthYoY" : -10.99,
    "grossProfitMargin" : 29.31,
    "grossProfit" : 118.50,
    "operatingProfitMargin" : 18.32,
    "operatingProfit" : 74.07,
    "netProfitMargin" : 10.80,
    "netProfit" : 43.66
  }, {
    "date" : "2024-06-30",
    "sales" : 364.14,
    "salesGrowthYoY" : 4.94,
    "grossProfitMargin" : 28.45,
    "grossProfit" : 103.60,
    "operatingProfitMargin" : 15.96,
    "operatingProfit" : 58.12,
    "netProfitMargin" : 8.56,
    "netProfit" : 31.17
  }, {
    "date" : "2024-09-30",
    "sales" : 354.37,
    "salesGrowthYoY" : 11.15,
    "grossProfitMargin" : 21.97,
    "grossProfit" : 77.86,
    "operatingProfitMargin" : 9.82,
    "operatingProfit" : 34.80,
    "netProfitMargin" : 3.74,
    "netProfit" : 13.25
  }, {
    "date" : "2024-12-31",
    "sales" : 380.62,
    "salesGrowthYoY" : 19.49,
    "grossProfitMargin" : 22.62,
    "grossProfit" : 86.10,
    "operatingProfitMargin" : 9.80,
    "operatingProfit" : 37.30,
    "netProfitMargin" : 3.78,
    "netProfit" : 14.39
  }, {
    "date" : "2025-03-31",
    "sales" : 392.10,
    "salesGrowthYoY" : -3.02,
    "grossProfitMargin" : 28.77,
    "grossProfit" : 112.81,
    "operatingProfitMargin" : 14.28,
    "operatingProfit" : 55.99,
    "netProfitMargin" : 9.17,
    "netProfit" : 35.96
  }, {
    "date" : "2025-06-30",
    "sales" : 307.43,
    "salesGrowthYoY" : -15.57,
    "grossProfitMargin" : 28.09,
    "grossProfit" : 86.36,
    "operatingProfitMargin" : 10.97,
    "operatingProfit" : 33.73,
    "netProfitMargin" : 7.13,
    "netProfit" : 21.92
  }, {
    "date" : "2025-09-30",
    "sales" : 364.78,
    "salesGrowthYoY" : 2.94,
    "grossProfitMargin" : 29.48,
    "grossProfit" : 107.54,
    "operatingProfitMargin" : 14.13,
    "operatingProfit" : 51.54,
    "netProfitMargin" : 9.51,
    "netProfit" : 34.69
  } ],
  "latestQuarterlyResult" : {
    "date" : "2025-09-30",
    "sales" : 364.78,
    "salesGrowthYoY" : 2.94,
    "grossProfitMargin" : 29.48,
    "grossProfit" : 107.54,
    "operatingProfitMargin" : 14.13,
    "operatingProfit" : 51.54,
    "netProfitMargin" : 9.51,
    "netProfit" : 34.69
  },
  "companyScore" : {
    "priceHigherThanDma50" : 5.00,
    "priceHigherThanDma100" : 5.00,
    "priceHigherThanDma200" : 5.00,
    "dma50HigherThanDma100" : 5.00,
    "dma50HigherThanDma200" : 0.00,
    "dma100HigherThanDma200" : 0.00,
    "pricePercentageAboveDma50" : 4.68,
    "pricePercentageAboveDma100" : 4.67,
    "pricePercentageAboveDma200" : 4.72,
    "weeklyVolumeHigherThanYearlyVolume" : 0.00,
    "salesGrowthPercentile" : 8.86,
    "operatingProfitMarginPercentile" : 19.04,
    "netProfitMarginPercentile" : 9.88,
    "totalTechnicalScore" : 34.08,
    "totalFundamentalScore" : 37.78,
    "totalScore" : 71.86
  }
}