{
  "metadata" : {
    "screenerCompanyId" : "1420",
    "companyCode" : "INDIACEM",
    "companyName" : "India Cements",
    "screenerCompanyLink" : "https://www.screener.in/company/INDIACEM",
    "screenerTechnicalHistoryLink" : "https://www.screener.in/api/company/1420/chart/?q=Price-DMA50-DMA200-Volume&days=365",
    "screenerQuarterlyResultsLink" : "https://www.screener.in/api/company/1420/chart/?q=GPM-OPM-NPM-Quarter+Sales&days=10000",
    "attributes" : {
      "companyCode" : "INDIACEM",
      "companyName" : "India Cements",
      "marketCap" : 12346.00,
      "peRatio" : 0.00,
      "description" : "India Cements Ltd is a leading cement manufacturing company headquartered in Chennai. It was incorporated in the year 1946 by Shri S N N Sankaralinga Iyer and Sri T S Narayanaswami. While retaining cement over the years as its mainstay, India Cements has ventured into related fields like shipping, captive power and coal mining that have purposeful synergy to the core business. The co is also a sponsor of the IPL franchise “Chennai Super Kings”. [1]"
    },
    "companyScore" : {
      "priceHigherThanDma50" : 5.00,
      "priceHigherThanDma100" : 5.00,
      "priceHigherThanDma200" : 5.00,
      "dma50HigherThanDma100" : 5.00,
      "dma50HigherThanDma200" : 5.00,
      "dma100HigherThanDma200" : 5.00,
      "pricePercentageAboveDma50" : 4.92,
      "pricePercentageAboveDma100" : 4.78,
      "pricePercentageAboveDma200" : 4.45,
      "weeklyVolumeHigherThanYearlyVolume" : 0.00,
      "salesGrowthPercentile" : 13.16,
      "operatingProfitMarginPercentile" : 9.19,
      "netProfitMarginPercentile" : 4.68,
      "totalTechnicalScore" : 44.16,
      "totalFundamentalScore" : 27.04,
      "totalScore" : 71.19
    }
  },
  "attributes" : {
    "companyCode" : "INDIACEM",
    "companyName" : "India Cements",
    "marketCap" : 12346.00,
    "peRatio" : 0.00,
    "description" : "India Cements Ltd is a leading cement manufacturing company headquartered in Chennai. It was incorporated in the year 1946 by Shri S N N Sankaralinga Iyer and Sri T S Narayanaswami. While retaining cement over the years as its mainstay, India Cements has ventured into related fields like shipping, captive power and coal mining that have purposeful synergy to the core business. The co is also a sponsor of the IPL franchise “Chennai Super Kings”. [1]"
  },
  "technicalHistory" : [ {
    "date" : "2024-11-28",
    "price" : 363.10,
    "dma50" : 357.79,
    "dma100" : null,
    "dma200" : 310.86,
    "volume" : 885878.00
  }, {
    "date" : "2024-11-29",
    "price" : 365.80,
    "dma50" : 358.10,
    "dma100" : null,
    "dma200" : 311.41,
    "volume" : 1013180.00
  }, {
    "date" : "2024-12-02",
    "price" : 367.55,
    "dma50" : 358.47,
    "dma100" : null,
    "dma200" : 311.97,
    "volume" : 1249520.00
  }, {
    "date" : "2024-12-03",
    "price" : 370.75,
    "dma50" : 358.95,
    "dma100" : null,
    "dma200" : 312.55,
    "volume" : 1013919.00
  }, {
    "date" : "2024-12-04",
    "price" : 369.75,
    "dma50" : 359.38,
    "dma100" : null,
    "dma200" : 313.12,
    "volume" : 616298.00
  }, {
    "date" : "2024-12-05",
    "price" : 366.30,
    "dma50" : 359.65,
    "dma100" : null,
    "dma200" : 313.65,
    "volume" : 416784.00
  }, {
    "date" : "2024-12-06",
    "price" : 360.20,
    "dma50" : 359.67,
    "dma100" : null,
    "dma200" : 314.11,
    "volume" : 2722019.00
  }, {
    "date" : "2024-12-09",
    "price" : 345.75,
    "dma50" : 359.12,
    "dma100" : null,
    "dma200" : 314.43,
    "volume" : 2568000.00
  }, {
    "date" : "2024-12-10",
    "price" : 344.15,
    "dma50" : 358.54,
    "dma100" : null,
    "dma200" : 314.72,
    "volume" : 658916.00
  }, {
    "date" : "2024-12-11",
    "price" : 344.75,
    "dma50" : 358.00,
    "dma100" : null,
    "dma200" : 315.02,
    "volume" : 1677522.00
  }, {
    "date" : "2024-12-12",
    "price" : 342.20,
    "dma50" : 357.38,
    "dma100" : null,
    "dma200" : 315.29,
    "volume" : 484148.00
  }, {
    "date" : "2024-12-13",
    "price" : 344.65,
    "dma50" : 356.88,
    "dma100" : null,
    "dma200" : 315.58,
    "volume" : 401869.00
  }, {
    "date" : "2024-12-16",
    "price" : 338.85,
    "dma50" : 356.17,
    "dma100" : null,
    "dma200" : 315.82,
    "volume" : 690590.00
  }, {
    "date" : "2024-12-17",
    "price" : 333.20,
    "dma50" : 355.27,
    "dma100" : null,
    "dma200" : 315.99,
    "volume" : 951965.00
  }, {
    "date" : "2024-12-18",
    "price" : 340.05,
    "dma50" : 354.67,
    "dma100" : null,
    "dma200" : 316.23,
    "volume" : 753183.00
  }, {
    "date" : "2024-12-19",
    "price" : 340.45,
    "dma50" : 354.11,
    "dma100" : null,
    "dma200" : 316.47,
    "volume" : 2541136.00
  }, {
    "date" : "2024-12-20",
    "price" : 339.15,
    "dma50" : 353.53,
    "dma100" : null,
    "dma200" : 316.70,
    "volume" : 865248.00
  }, {
    "date" : "2024-12-23",
    "price" : 366.25,
    "dma50" : 354.03,
    "dma100" : null,
    "dma200" : 317.19,
    "volume" : 20084841.00
  }, {
    "date" : "2024-12-24",
    "price" : 372.45,
    "dma50" : 354.75,
    "dma100" : null,
    "dma200" : 317.74,
    "volume" : 5794592.00
  }, {
    "date" : "2024-12-26",
    "price" : 374.05,
    "dma50" : 355.51,
    "dma100" : null,
    "dma200" : 318.30,
    "volume" : 5087911.00
  }, {
    "date" : "2024-12-27",
    "price" : 372.55,
    "dma50" : 356.17,
    "dma100" : null,
    "dma200" : 318.84,
    "volume" : 2538548.00
  }, {
    "date" : "2024-12-30",
    "price" : 380.45,
    "dma50" : 357.13,
    "dma100" : null,
    "dma200" : 319.45,
    "volume" : 6947683.00
  }, {
    "date" : "2024-12-31",
    "price" : 376.35,
    "dma50" : 357.88,
    "dma100" : null,
    "dma200" : 320.02,
    "volume" : 1638156.00
  }, {
    "date" : "2025-01-01",
    "price" : 377.35,
    "dma50" : 358.64,
    "dma100" : null,
    "dma200" : 320.59,
    "volume" : 772289.00
  }, {
    "date" : "2025-01-02",
    "price" : 377.00,
    "dma50" : 359.36,
    "dma100" : null,
    "dma200" : 321.15,
    "volume" : 973032.00
  }, {
    "date" : "2025-01-03",
    "price" : 378.20,
    "dma50" : 360.10,
    "dma100" : null,
    "dma200" : 321.72,
    "volume" : 1475223.00
  }, {
    "date" : "2025-01-06",
    "price" : 375.60,
    "dma50" : 360.71,
    "dma100" : null,
    "dma200" : 322.25,
    "volume" : 1554150.00
  }, {
    "date" : "2025-01-07",
    "price" : 377.60,
    "dma50" : 361.37,
    "dma100" : null,
    "dma200" : 322.80,
    "volume" : 530594.00
  }, {
    "date" : "2025-01-08",
    "price" : 377.20,
    "dma50" : 361.99,
    "dma100" : null,
    "dma200" : 323.35,
    "volume" : 504748.00
  }, {
    "date" : "2025-01-09",
    "price" : 376.70,
    "dma50" : 362.57,
    "dma100" : null,
    "dma200" : 323.88,
    "volume" : 609383.00
  }, {
    "date" : "2025-01-10",
    "price" : 376.80,
    "dma50" : 363.13,
    "dma100" : null,
    "dma200" : 324.40,
    "volume" : 629191.00
  }, {
    "date" : "2025-01-13",
    "price" : 376.80,
    "dma50" : 363.66,
    "dma100" : null,
    "dma200" : 324.92,
    "volume" : 1229798.00
  }, {
    "date" : "2025-01-14",
    "price" : 377.55,
    "dma50" : 364.21,
    "dma100" : null,
    "dma200" : 325.45,
    "volume" : 552725.00
  }, {
    "date" : "2025-01-15",
    "price" : 377.55,
    "dma50" : 364.73,
    "dma100" : null,
    "dma200" : 325.97,
    "volume" : 441803.00
  }, {
    "date" : "2025-01-16",
    "price" : 378.15,
    "dma50" : 365.26,
    "dma100" : null,
    "dma200" : 326.49,
    "volume" : 2401651.00
  }, {
    "date" : "2025-01-17",
    "price" : 379.10,
    "dma50" : 365.80,
    "dma100" : null,
    "dma200" : 327.01,
    "volume" : 860516.00
  }, {
    "date" : "2025-01-20",
    "price" : 379.25,
    "dma50" : 366.33,
    "dma100" : null,
    "dma200" : 327.53,
    "volume" : 1466175.00
  }, {
    "date" : "2025-01-21",
    "price" : 348.55,
    "dma50" : 365.63,
    "dma100" : null,
    "dma200" : 327.74,
    "volume" : 1620694.00
  }, {
    "date" : "2025-01-22",
    "price" : 319.65,
    "dma50" : 363.83,
    "dma100" : null,
    "dma200" : 327.66,
    "volume" : 12269429.00
  }, {
    "date" : "2025-01-23",
    "price" : 311.70,
    "dma50" : 361.78,
    "dma100" : null,
    "dma200" : 327.50,
    "volume" : 2934708.00
  }, {
    "date" : "2025-01-24",
    "price" : 295.15,
    "dma50" : 359.17,
    "dma100" : null,
    "dma200" : 327.18,
    "volume" : 2499792.00
  }, {
    "date" : "2025-01-27",
    "price" : 276.55,
    "dma50" : 355.93,
    "dma100" : null,
    "dma200" : 326.67,
    "volume" : 2140339.00
  }, {
    "date" : "2025-01-28",
    "price" : 268.25,
    "dma50" : 352.49,
    "dma100" : null,
    "dma200" : 326.09,
    "volume" : 2434167.00
  }, {
    "date" : "2025-01-29",
    "price" : 278.60,
    "dma50" : 349.59,
    "dma100" : null,
    "dma200" : 325.62,
    "volume" : 1665202.00
  }, {
    "date" : "2025-01-30",
    "price" : 268.45,
    "dma50" : 346.41,
    "dma100" : null,
    "dma200" : 325.05,
    "volume" : 860918.00
  }, {
    "date" : "2025-01-31",
    "price" : 264.10,
    "dma50" : 343.18,
    "dma100" : null,
    "dma200" : 324.44,
    "volume" : 916940.00
  }, {
    "date" : "2025-02-01",
    "price" : 271.80,
    "dma50" : 340.39,
    "dma100" : null,
    "dma200" : 323.92,
    "volume" : 1190917.00
  }, {
    "date" : "2025-02-03",
    "price" : 265.65,
    "dma50" : 337.45,
    "dma100" : null,
    "dma200" : 323.34,
    "volume" : 663580.00
  }, {
    "date" : "2025-02-04",
    "price" : 279.80,
    "dma50" : 335.19,
    "dma100" : null,
    "dma200" : 322.91,
    "volume" : 2215460.00
  }, {
    "date" : "2025-02-05",
    "price" : 280.90,
    "dma50" : 333.06,
    "dma100" : null,
    "dma200" : 322.49,
    "volume" : 2749678.00
  }, {
    "date" : "2025-02-06",
    "price" : 281.55,
    "dma50" : 331.04,
    "dma100" : null,
    "dma200" : 322.08,
    "volume" : 987876.00
  }, {
    "date" : "2025-02-07",
    "price" : 278.85,
    "dma50" : 329.00,
    "dma100" : null,
    "dma200" : 321.65,
    "volume" : 692559.00
  }, {
    "date" : "2025-02-10",
    "price" : 276.50,
    "dma50" : 326.94,
    "dma100" : null,
    "dma200" : 321.20,
    "volume" : 399441.00
  }, {
    "date" : "2025-02-11",
    "price" : 278.15,
    "dma50" : 325.03,
    "dma100" : null,
    "dma200" : 320.77,
    "volume" : 613389.00
  }, {
    "date" : "2025-02-12",
    "price" : 279.55,
    "dma50" : 323.24,
    "dma100" : null,
    "dma200" : 320.36,
    "volume" : 551232.00
  }, {
    "date" : "2025-02-13",
    "price" : 281.75,
    "dma50" : 321.61,
    "dma100" : null,
    "dma200" : 319.98,
    "volume" : 339102.00
  }, {
    "date" : "2025-02-14",
    "price" : 282.05,
    "dma50" : 320.06,
    "dma100" : null,
    "dma200" : 319.60,
    "volume" : 665416.00
  }, {
    "date" : "2025-02-17",
    "price" : 276.30,
    "dma50" : 318.35,
    "dma100" : null,
    "dma200" : 319.17,
    "volume" : 568154.00
  }, {
    "date" : "2025-02-18",
    "price" : 270.35,
    "dma50" : 316.46,
    "dma100" : null,
    "dma200" : 318.69,
    "volume" : 527093.00
  }, {
    "date" : "2025-02-19",
    "price" : 268.95,
    "dma50" : 314.60,
    "dma100" : null,
    "dma200" : 318.19,
    "volume" : 346490.00
  }, {
    "date" : "2025-02-20",
    "price" : 259.75,
    "dma50" : 312.45,
    "dma100" : null,
    "dma200" : 317.61,
    "volume" : 1339772.00
  }, {
    "date" : "2025-02-21",
    "price" : 258.85,
    "dma50" : 310.35,
    "dma100" : null,
    "dma200" : 317.02,
    "volume" : 460050.00
  }, {
    "date" : "2025-02-24",
    "price" : 255.70,
    "dma50" : 308.21,
    "dma100" : null,
    "dma200" : 316.41,
    "volume" : 431351.00
  }, {
    "date" : "2025-02-25",
    "price" : 250.60,
    "dma50" : 305.95,
    "dma100" : null,
    "dma200" : 315.76,
    "volume" : 496442.00
  }, {
    "date" : "2025-02-27",
    "price" : 246.65,
    "dma50" : 303.62,
    "dma100" : null,
    "dma200" : 315.07,
    "volume" : 359754.00
  }, {
    "date" : "2025-02-28",
    "price" : 253.40,
    "dma50" : 301.65,
    "dma100" : null,
    "dma200" : 314.46,
    "volume" : 578023.00
  }, {
    "date" : "2025-03-03",
    "price" : 256.55,
    "dma50" : 299.88,
    "dma100" : null,
    "dma200" : 313.88,
    "volume" : 750030.00
  }, {
    "date" : "2025-03-04",
    "price" : 295.20,
    "dma50" : 299.70,
    "dma100" : null,
    "dma200" : 313.70,
    "volume" : 13801569.00
  }, {
    "date" : "2025-03-05",
    "price" : 296.20,
    "dma50" : 299.56,
    "dma100" : null,
    "dma200" : 313.52,
    "volume" : 2427120.00
  }, {
    "date" : "2025-03-06",
    "price" : 295.10,
    "dma50" : 299.39,
    "dma100" : null,
    "dma200" : 313.34,
    "volume" : 1311166.00
  }, {
    "date" : "2025-03-07",
    "price" : 297.00,
    "dma50" : 299.29,
    "dma100" : null,
    "dma200" : 313.18,
    "volume" : 913066.00
  }, {
    "date" : "2025-03-10",
    "price" : 288.65,
    "dma50" : 298.88,
    "dma100" : null,
    "dma200" : 312.93,
    "volume" : 460516.00
  }, {
    "date" : "2025-03-11",
    "price" : 280.60,
    "dma50" : 298.16,
    "dma100" : null,
    "dma200" : 312.61,
    "volume" : 347287.00
  }, {
    "date" : "2025-03-12",
    "price" : 280.60,
    "dma50" : 297.47,
    "dma100" : null,
    "dma200" : 312.29,
    "volume" : 348139.00
  }, {
    "date" : "2025-03-13",
    "price" : 272.85,
    "dma50" : 296.51,
    "dma100" : null,
    "dma200" : 311.90,
    "volume" : 437281.00
  }, {
    "date" : "2025-03-17",
    "price" : 266.85,
    "dma50" : 295.34,
    "dma100" : null,
    "dma200" : 311.45,
    "volume" : 342542.00
  }, {
    "date" : "2025-03-18",
    "price" : 274.35,
    "dma50" : 294.52,
    "dma100" : null,
    "dma200" : 311.08,
    "volume" : 438970.00
  }, {
    "date" : "2025-03-19",
    "price" : 274.70,
    "dma50" : 293.74,
    "dma100" : null,
    "dma200" : 310.72,
    "volume" : 640218.00
  }, {
    "date" : "2025-03-20",
    "price" : 274.85,
    "dma50" : 293.00,
    "dma100" : null,
    "dma200" : 310.36,
    "volume" : 433591.00
  }, {
    "date" : "2025-03-21",
    "price" : 279.60,
    "dma50" : 292.48,
    "dma100" : null,
    "dma200" : 310.06,
    "volume" : 522799.00
  }, {
    "date" : "2025-03-24",
    "price" : 282.70,
    "dma50" : 292.09,
    "dma100" : null,
    "dma200" : 309.78,
    "volume" : 744552.00
  }, {
    "date" : "2025-03-25",
    "price" : 274.85,
    "dma50" : 291.42,
    "dma100" : null,
    "dma200" : 309.44,
    "volume" : 518012.00
  }, {
    "date" : "2025-03-26",
    "price" : 267.85,
    "dma50" : 290.49,
    "dma100" : null,
    "dma200" : 309.02,
    "volume" : 675328.00
  }, {
    "date" : "2025-03-27",
    "price" : 277.15,
    "dma50" : 289.97,
    "dma100" : null,
    "dma200" : 308.71,
    "volume" : 499676.00
  }, {
    "date" : "2025-03-28",
    "price" : 277.00,
    "dma50" : 289.46,
    "dma100" : null,
    "dma200" : 308.39,
    "volume" : 413917.00
  }, {
    "date" : "2025-04-01",
    "price" : 281.00,
    "dma50" : 289.13,
    "dma100" : null,
    "dma200" : 308.12,
    "volume" : 242344.00
  }, {
    "date" : "2025-04-02",
    "price" : 280.40,
    "dma50" : 288.79,
    "dma100" : null,
    "dma200" : 307.84,
    "volume" : 210631.00
  }, {
    "date" : "2025-04-03",
    "price" : 283.40,
    "dma50" : 288.57,
    "dma100" : null,
    "dma200" : 307.60,
    "volume" : 212597.00
  }, {
    "date" : "2025-04-04",
    "price" : 277.65,
    "dma50" : 288.15,
    "dma100" : null,
    "dma200" : 307.30,
    "volume" : 180038.00
  }, {
    "date" : "2025-04-07",
    "price" : 275.85,
    "dma50" : 287.66,
    "dma100" : null,
    "dma200" : 306.99,
    "volume" : 453567.00
  }, {
    "date" : "2025-04-08",
    "price" : 273.30,
    "dma50" : 287.10,
    "dma100" : null,
    "dma200" : 306.65,
    "volume" : 200418.00
  }, {
    "date" : "2025-04-09",
    "price" : 274.15,
    "dma50" : 286.59,
    "dma100" : null,
    "dma200" : 306.33,
    "volume" : 197295.00
  }, {
    "date" : "2025-04-11",
    "price" : 280.65,
    "dma50" : 286.36,
    "dma100" : null,
    "dma200" : 306.07,
    "volume" : 201579.00
  }, {
    "date" : "2025-04-15",
    "price" : 285.95,
    "dma50" : 286.34,
    "dma100" : null,
    "dma200" : 305.87,
    "volume" : 193700.00
  }, {
    "date" : "2025-04-16",
    "price" : 282.50,
    "dma50" : 286.19,
    "dma100" : null,
    "dma200" : 305.64,
    "volume" : 262833.00
  }, {
    "date" : "2025-04-17",
    "price" : 288.40,
    "dma50" : 286.28,
    "dma100" : null,
    "dma200" : 305.47,
    "volume" : 5808712.00
  }, {
    "date" : "2025-04-21",
    "price" : 288.65,
    "dma50" : 286.37,
    "dma100" : null,
    "dma200" : 305.30,
    "volume" : 405958.00
  }, {
    "date" : "2025-04-22",
    "price" : 289.10,
    "dma50" : 286.48,
    "dma100" : null,
    "dma200" : 305.14,
    "volume" : 305201.00
  }, {
    "date" : "2025-04-23",
    "price" : 288.20,
    "dma50" : 286.55,
    "dma100" : null,
    "dma200" : 304.97,
    "volume" : 263380.00
  }, {
    "date" : "2025-04-24",
    "price" : 291.05,
    "dma50" : 286.72,
    "dma100" : null,
    "dma200" : 304.83,
    "volume" : 456284.00
  }, {
    "date" : "2025-04-25",
    "price" : 287.80,
    "dma50" : 286.77,
    "dma100" : 310.09,
    "dma200" : 304.66,
    "volume" : 1257821.00
  }, {
    "date" : "2025-04-28",
    "price" : 290.40,
    "dma50" : 286.91,
    "dma100" : 309.34,
    "dma200" : 304.52,
    "volume" : 695745.00
  }, {
    "date" : "2025-04-29",
    "price" : 315.15,
    "dma50" : 288.02,
    "dma100" : 308.82,
    "dma200" : 304.63,
    "volume" : 6147484.00
  }, {
    "date" : "2025-04-30",
    "price" : 307.95,
    "dma50" : 288.80,
    "dma100" : 308.19,
    "dma200" : 304.66,
    "volume" : 1120976.00
  }, {
    "date" : "2025-05-02",
    "price" : 305.70,
    "dma50" : 289.46,
    "dma100" : 307.55,
    "dma200" : 304.67,
    "volume" : 893408.00
  }, {
    "date" : "2025-05-05",
    "price" : 310.20,
    "dma50" : 290.27,
    "dma100" : 306.99,
    "dma200" : 304.73,
    "volume" : 661664.00
  }, {
    "date" : "2025-05-06",
    "price" : 310.35,
    "dma50" : 291.06,
    "dma100" : 306.49,
    "dma200" : 304.78,
    "volume" : 1115001.00
  }, {
    "date" : "2025-05-07",
    "price" : 315.00,
    "dma50" : 292.00,
    "dma100" : 306.18,
    "dma200" : 304.88,
    "volume" : 770809.00
  }, {
    "date" : "2025-05-08",
    "price" : 311.15,
    "dma50" : 292.75,
    "dma100" : 305.85,
    "dma200" : 304.95,
    "volume" : 721389.00
  }, {
    "date" : "2025-05-09",
    "price" : 308.60,
    "dma50" : 293.37,
    "dma100" : 305.49,
    "dma200" : 304.98,
    "volume" : 309922.00
  }, {
    "date" : "2025-05-12",
    "price" : 318.75,
    "dma50" : 294.37,
    "dma100" : 305.25,
    "dma200" : 305.12,
    "volume" : 474678.00
  }, {
    "date" : "2025-05-13",
    "price" : 318.20,
    "dma50" : 295.30,
    "dma100" : 304.99,
    "dma200" : 305.25,
    "volume" : 439196.00
  }, {
    "date" : "2025-05-14",
    "price" : 321.85,
    "dma50" : 296.34,
    "dma100" : 304.82,
    "dma200" : 305.42,
    "volume" : 1505753.00
  }, {
    "date" : "2025-05-15",
    "price" : 322.80,
    "dma50" : 297.38,
    "dma100" : 304.71,
    "dma200" : 305.59,
    "volume" : 800485.00
  }, {
    "date" : "2025-05-16",
    "price" : 319.85,
    "dma50" : 298.26,
    "dma100" : 304.51,
    "dma200" : 305.73,
    "volume" : 293553.00
  }, {
    "date" : "2025-05-19",
    "price" : 321.25,
    "dma50" : 299.16,
    "dma100" : 304.32,
    "dma200" : 305.88,
    "volume" : 333221.00
  }, {
    "date" : "2025-05-20",
    "price" : 321.35,
    "dma50" : 300.03,
    "dma100" : 304.14,
    "dma200" : 306.04,
    "volume" : 368940.00
  }, {
    "date" : "2025-05-21",
    "price" : 318.50,
    "dma50" : 300.76,
    "dma100" : 303.67,
    "dma200" : 306.16,
    "volume" : 251780.00
  }, {
    "date" : "2025-05-22",
    "price" : 328.80,
    "dma50" : 301.86,
    "dma100" : 303.23,
    "dma200" : 306.39,
    "volume" : 638339.00
  }, {
    "date" : "2025-05-23",
    "price" : 332.55,
    "dma50" : 303.06,
    "dma100" : 302.81,
    "dma200" : 306.65,
    "volume" : 575229.00
  }, {
    "date" : "2025-05-26",
    "price" : 327.05,
    "dma50" : 304.00,
    "dma100" : 302.36,
    "dma200" : 306.85,
    "volume" : 331796.00
  }, {
    "date" : "2025-05-27",
    "price" : 337.45,
    "dma50" : 305.31,
    "dma100" : 301.93,
    "dma200" : 307.16,
    "volume" : 490461.00
  }, {
    "date" : "2025-05-28",
    "price" : 336.20,
    "dma50" : 306.52,
    "dma100" : 301.53,
    "dma200" : 307.44,
    "volume" : 519068.00
  }, {
    "date" : "2025-05-29",
    "price" : 336.75,
    "dma50" : 307.71,
    "dma100" : 301.12,
    "dma200" : 307.74,
    "volume" : 191951.00
  }, {
    "date" : "2025-05-30",
    "price" : 317.15,
    "dma50" : 308.08,
    "dma100" : 300.52,
    "dma200" : 307.83,
    "volume" : 855864.00
  }, {
    "date" : "2025-06-02",
    "price" : 329.50,
    "dma50" : 308.92,
    "dma100" : 300.04,
    "dma200" : 308.05,
    "volume" : 580221.00
  }, {
    "date" : "2025-06-03",
    "price" : 351.70,
    "dma50" : 310.60,
    "dma100" : 299.80,
    "dma200" : 308.48,
    "volume" : 3212336.00
  }, {
    "date" : "2025-06-04",
    "price" : 340.90,
    "dma50" : 311.79,
    "dma100" : 299.43,
    "dma200" : 308.80,
    "volume" : 914783.00
  }, {
    "date" : "2025-06-05",
    "price" : 334.95,
    "dma50" : 312.69,
    "dma100" : 299.01,
    "dma200" : 309.06,
    "volume" : 306591.00
  }, {
    "date" : "2025-06-06",
    "price" : 342.50,
    "dma50" : 313.86,
    "dma100" : 298.67,
    "dma200" : 309.40,
    "volume" : 395549.00
  }, {
    "date" : "2025-06-09",
    "price" : 342.40,
    "dma50" : 314.98,
    "dma100" : 298.32,
    "dma200" : 309.72,
    "volume" : 228616.00
  }, {
    "date" : "2025-06-10",
    "price" : 347.45,
    "dma50" : 316.26,
    "dma100" : 298.03,
    "dma200" : 310.10,
    "volume" : 410143.00
  }, {
    "date" : "2025-06-11",
    "price" : 339.70,
    "dma50" : 317.18,
    "dma100" : 297.65,
    "dma200" : 310.39,
    "volume" : 241225.00
  }, {
    "date" : "2025-06-12",
    "price" : 331.90,
    "dma50" : 317.75,
    "dma100" : 297.19,
    "dma200" : 310.61,
    "volume" : 287632.00
  }, {
    "date" : "2025-06-13",
    "price" : 333.00,
    "dma50" : 318.35,
    "dma100" : 296.74,
    "dma200" : 310.83,
    "volume" : 201209.00
  }, {
    "date" : "2025-06-16",
    "price" : 336.05,
    "dma50" : 319.04,
    "dma100" : 296.31,
    "dma200" : 311.08,
    "volume" : 374953.00
  }, {
    "date" : "2025-06-17",
    "price" : 327.25,
    "dma50" : 319.37,
    "dma100" : 295.79,
    "dma200" : 311.24,
    "volume" : 274251.00
  }, {
    "date" : "2025-06-18",
    "price" : 323.60,
    "dma50" : 319.53,
    "dma100" : 295.54,
    "dma200" : 311.37,
    "volume" : 145216.00
  }, {
    "date" : "2025-06-19",
    "price" : 319.60,
    "dma50" : 319.54,
    "dma100" : 295.54,
    "dma200" : 311.45,
    "volume" : 207951.00
  }, {
    "date" : "2025-06-20",
    "price" : 306.15,
    "dma50" : 319.01,
    "dma100" : 295.49,
    "dma200" : 311.39,
    "volume" : 6580081.00
  }, {
    "date" : "2025-06-23",
    "price" : 311.50,
    "dma50" : 318.72,
    "dma100" : 295.65,
    "dma200" : 311.40,
    "volume" : 956133.00
  }, {
    "date" : "2025-06-24",
    "price" : 311.70,
    "dma50" : 318.44,
    "dma100" : 296.00,
    "dma200" : 311.40,
    "volume" : 703769.00
  }, {
    "date" : "2025-06-25",
    "price" : 334.35,
    "dma50" : 319.06,
    "dma100" : 296.66,
    "dma200" : 311.63,
    "volume" : 2073432.00
  }, {
    "date" : "2025-06-26",
    "price" : 334.95,
    "dma50" : 319.69,
    "dma100" : 297.23,
    "dma200" : 311.86,
    "volume" : 370156.00
  }, {
    "date" : "2025-06-27",
    "price" : 342.20,
    "dma50" : 320.57,
    "dma100" : 297.96,
    "dma200" : 312.16,
    "volume" : 2341337.00
  }, {
    "date" : "2025-06-30",
    "price" : 344.85,
    "dma50" : 321.52,
    "dma100" : 298.77,
    "dma200" : 312.49,
    "volume" : 785760.00
  }, {
    "date" : "2025-07-01",
    "price" : 346.20,
    "dma50" : 322.49,
    "dma100" : 299.51,
    "dma200" : 312.82,
    "volume" : 400456.00
  }, {
    "date" : "2025-07-02",
    "price" : 348.75,
    "dma50" : 323.52,
    "dma100" : 300.35,
    "dma200" : 313.18,
    "volume" : 502661.00
  }, {
    "date" : "2025-07-03",
    "price" : 342.95,
    "dma50" : 324.28,
    "dma100" : 300.98,
    "dma200" : 313.48,
    "volume" : 283787.00
  }, {
    "date" : "2025-07-04",
    "price" : 344.20,
    "dma50" : 325.06,
    "dma100" : 301.61,
    "dma200" : 313.78,
    "volume" : 472292.00
  }, {
    "date" : "2025-07-07",
    "price" : 346.60,
    "dma50" : 325.91,
    "dma100" : 302.26,
    "dma200" : 314.11,
    "volume" : 422713.00
  }, {
    "date" : "2025-07-08",
    "price" : 348.90,
    "dma50" : 326.81,
    "dma100" : 302.96,
    "dma200" : 314.45,
    "volume" : 431915.00
  }, {
    "date" : "2025-07-09",
    "price" : 348.30,
    "dma50" : 327.65,
    "dma100" : 303.68,
    "dma200" : 314.79,
    "volume" : 201527.00
  }, {
    "date" : "2025-07-10",
    "price" : 348.55,
    "dma50" : 328.47,
    "dma100" : 304.38,
    "dma200" : 315.13,
    "volume" : 199550.00
  }, {
    "date" : "2025-07-11",
    "price" : 346.55,
    "dma50" : 329.18,
    "dma100" : 305.05,
    "dma200" : 315.44,
    "volume" : 175303.00
  }, {
    "date" : "2025-07-14",
    "price" : 345.80,
    "dma50" : 329.83,
    "dma100" : 305.69,
    "dma200" : 315.74,
    "volume" : 180854.00
  }, {
    "date" : "2025-07-15",
    "price" : 347.80,
    "dma50" : 330.54,
    "dma100" : 306.35,
    "dma200" : 316.06,
    "volume" : 212606.00
  }, {
    "date" : "2025-07-16",
    "price" : 344.65,
    "dma50" : 331.09,
    "dma100" : 307.03,
    "dma200" : 316.34,
    "volume" : 183795.00
  }, {
    "date" : "2025-07-17",
    "price" : 350.75,
    "dma50" : 331.86,
    "dma100" : 307.84,
    "dma200" : 316.69,
    "volume" : 775423.00
  }, {
    "date" : "2025-07-18",
    "price" : 347.10,
    "dma50" : 332.46,
    "dma100" : 308.62,
    "dma200" : 316.99,
    "volume" : 314544.00
  }, {
    "date" : "2025-07-21",
    "price" : 343.45,
    "dma50" : 332.89,
    "dma100" : 309.46,
    "dma200" : 317.25,
    "volume" : 1030833.00
  }, {
    "date" : "2025-07-22",
    "price" : 370.95,
    "dma50" : 334.38,
    "dma100" : 310.58,
    "dma200" : 317.79,
    "volume" : 5909693.00
  }, {
    "date" : "2025-07-23",
    "price" : 370.20,
    "dma50" : 335.79,
    "dma100" : 311.72,
    "dma200" : 318.31,
    "volume" : 1590887.00
  }, {
    "date" : "2025-07-24",
    "price" : 360.00,
    "dma50" : 336.74,
    "dma100" : 312.82,
    "dma200" : 318.72,
    "volume" : 857132.00
  }, {
    "date" : "2025-07-25",
    "price" : 359.10,
    "dma50" : 337.61,
    "dma100" : 313.94,
    "dma200" : 319.13,
    "volume" : 525404.00
  }, {
    "date" : "2025-07-28",
    "price" : 356.05,
    "dma50" : 338.34,
    "dma100" : 314.97,
    "dma200" : 319.49,
    "volume" : 582986.00
  }, {
    "date" : "2025-07-29",
    "price" : 365.70,
    "dma50" : 339.41,
    "dma100" : 316.06,
    "dma200" : 319.95,
    "volume" : 599453.00
  }, {
    "date" : "2025-07-30",
    "price" : 371.40,
    "dma50" : 340.66,
    "dma100" : 316.82,
    "dma200" : 320.46,
    "volume" : 527411.00
  }, {
    "date" : "2025-07-31",
    "price" : 369.10,
    "dma50" : 341.78,
    "dma100" : 317.55,
    "dma200" : 320.95,
    "volume" : 642785.00
  }, {
    "date" : "2025-08-01",
    "price" : 362.10,
    "dma50" : 342.58,
    "dma100" : 318.22,
    "dma200" : 321.36,
    "volume" : 274052.00
  }, {
    "date" : "2025-08-04",
    "price" : 361.50,
    "dma50" : 343.32,
    "dma100" : 318.87,
    "dma200" : 321.76,
    "volume" : 367083.00
  }, {
    "date" : "2025-08-05",
    "price" : 373.25,
    "dma50" : 344.49,
    "dma100" : 319.71,
    "dma200" : 322.27,
    "volume" : 849014.00
  }, {
    "date" : "2025-08-06",
    "price" : 368.30,
    "dma50" : 345.43,
    "dma100" : 320.59,
    "dma200" : 322.73,
    "volume" : 378883.00
  }, {
    "date" : "2025-08-07",
    "price" : 357.95,
    "dma50" : 345.92,
    "dma100" : 321.36,
    "dma200" : 323.08,
    "volume" : 390890.00
  }, {
    "date" : "2025-08-08",
    "price" : 355.00,
    "dma50" : 346.27,
    "dma100" : 322.18,
    "dma200" : 323.40,
    "volume" : 342950.00
  }, {
    "date" : "2025-08-11",
    "price" : 357.10,
    "dma50" : 346.70,
    "dma100" : 323.09,
    "dma200" : 323.73,
    "volume" : 423397.00
  }, {
    "date" : "2025-08-12",
    "price" : 368.80,
    "dma50" : 347.56,
    "dma100" : 324.03,
    "dma200" : 324.18,
    "volume" : 504142.00
  }, {
    "date" : "2025-08-13",
    "price" : 368.90,
    "dma50" : 348.40,
    "dma100" : 324.97,
    "dma200" : 324.62,
    "volume" : 395202.00
  }, {
    "date" : "2025-08-14",
    "price" : 368.90,
    "dma50" : 349.20,
    "dma100" : 325.91,
    "dma200" : 325.07,
    "volume" : 261246.00
  }, {
    "date" : "2025-08-18",
    "price" : 370.95,
    "dma50" : 350.06,
    "dma100" : 326.83,
    "dma200" : 325.52,
    "volume" : 854822.00
  }, {
    "date" : "2025-08-19",
    "price" : 373.25,
    "dma50" : 350.97,
    "dma100" : 327.73,
    "dma200" : 326.00,
    "volume" : 235918.00
  }, {
    "date" : "2025-08-20",
    "price" : 370.25,
    "dma50" : 351.72,
    "dma100" : 328.69,
    "dma200" : 326.44,
    "volume" : 334346.00
  }, {
    "date" : "2025-08-21",
    "price" : 390.95,
    "dma50" : 353.26,
    "dma100" : 329.92,
    "dma200" : 327.08,
    "volume" : 14710302.00
  }, {
    "date" : "2025-08-22",
    "price" : 376.50,
    "dma50" : 354.17,
    "dma100" : 330.91,
    "dma200" : 327.57,
    "volume" : 7592767.00
  }, {
    "date" : "2025-08-25",
    "price" : 381.90,
    "dma50" : 355.26,
    "dma100" : 331.96,
    "dma200" : 328.11,
    "volume" : 1774706.00
  }, {
    "date" : "2025-08-26",
    "price" : 383.15,
    "dma50" : 356.35,
    "dma100" : 332.98,
    "dma200" : 328.66,
    "volume" : 1559357.00
  }, {
    "date" : "2025-08-28",
    "price" : 384.55,
    "dma50" : 357.46,
    "dma100" : 334.02,
    "dma200" : 329.21,
    "volume" : 746882.00
  }, {
    "date" : "2025-08-29",
    "price" : 381.50,
    "dma50" : 358.40,
    "dma100" : 335.00,
    "dma200" : 329.74,
    "volume" : 732008.00
  }, {
    "date" : "2025-09-01",
    "price" : 383.65,
    "dma50" : 359.39,
    "dma100" : 336.06,
    "dma200" : 330.27,
    "volume" : 1056598.00
  }, {
    "date" : "2025-09-02",
    "price" : 385.10,
    "dma50" : 360.40,
    "dma100" : 337.16,
    "dma200" : 330.82,
    "volume" : 673800.00
  }, {
    "date" : "2025-09-03",
    "price" : 403.75,
    "dma50" : 362.10,
    "dma100" : 338.46,
    "dma200" : 331.54,
    "volume" : 2470500.00
  }, {
    "date" : "2025-09-04",
    "price" : 401.50,
    "dma50" : 363.65,
    "dma100" : 339.73,
    "dma200" : 332.24,
    "volume" : 1871182.00
  }, {
    "date" : "2025-09-05",
    "price" : 395.20,
    "dma50" : 364.88,
    "dma100" : 340.88,
    "dma200" : 332.87,
    "volume" : 476033.00
  }, {
    "date" : "2025-09-08",
    "price" : 403.25,
    "dma50" : 366.39,
    "dma100" : 342.05,
    "dma200" : 333.57,
    "volume" : 607211.00
  }, {
    "date" : "2025-09-09",
    "price" : 391.65,
    "dma50" : 367.38,
    "dma100" : 343.14,
    "dma200" : 334.14,
    "volume" : 269270.00
  }, {
    "date" : "2025-09-10",
    "price" : 389.55,
    "dma50" : 368.25,
    "dma100" : 344.16,
    "dma200" : 334.70,
    "volume" : 632372.00
  }, {
    "date" : "2025-09-11",
    "price" : 394.55,
    "dma50" : 369.28,
    "dma100" : 345.21,
    "dma200" : 335.29,
    "volume" : 305112.00
  }, {
    "date" : "2025-09-12",
    "price" : 391.65,
    "dma50" : 370.16,
    "dma100" : 346.24,
    "dma200" : 335.85,
    "volume" : 550334.00
  }, {
    "date" : "2025-09-15",
    "price" : 398.35,
    "dma50" : 371.26,
    "dma100" : 347.34,
    "dma200" : 336.47,
    "volume" : 382946.00
  }, {
    "date" : "2025-09-16",
    "price" : 400.70,
    "dma50" : 372.42,
    "dma100" : 348.44,
    "dma200" : 337.11,
    "volume" : 487413.00
  }, {
    "date" : "2025-09-17",
    "price" : 406.35,
    "dma50" : 373.75,
    "dma100" : 349.62,
    "dma200" : 337.80,
    "volume" : 585100.00
  }, {
    "date" : "2025-09-18",
    "price" : 399.35,
    "dma50" : 374.75,
    "dma100" : 350.71,
    "dma200" : 338.41,
    "volume" : 228417.00
  }, {
    "date" : "2025-09-19",
    "price" : 398.70,
    "dma50" : 375.69,
    "dma100" : 351.55,
    "dma200" : 339.01,
    "volume" : 299388.00
  }, {
    "date" : "2025-09-22",
    "price" : 391.00,
    "dma50" : 376.29,
    "dma100" : 352.38,
    "dma200" : 339.53,
    "volume" : 1082568.00
  }, {
    "date" : "2025-09-23",
    "price" : 381.70,
    "dma50" : 376.50,
    "dma100" : 353.14,
    "dma200" : 339.95,
    "volume" : 563532.00
  }, {
    "date" : "2025-09-24",
    "price" : 386.50,
    "dma50" : 376.90,
    "dma100" : 353.90,
    "dma200" : 340.41,
    "volume" : 353260.00
  }, {
    "date" : "2025-09-25",
    "price" : 383.35,
    "dma50" : 377.15,
    "dma100" : 354.63,
    "dma200" : 340.84,
    "volume" : 361776.00
  }, {
    "date" : "2025-09-26",
    "price" : 385.55,
    "dma50" : 377.48,
    "dma100" : 355.34,
    "dma200" : 341.29,
    "volume" : 560094.00
  }, {
    "date" : "2025-09-29",
    "price" : 382.85,
    "dma50" : 377.69,
    "dma100" : 356.05,
    "dma200" : 341.70,
    "volume" : 405978.00
  }, {
    "date" : "2025-09-30",
    "price" : 384.00,
    "dma50" : 377.94,
    "dma100" : 356.81,
    "dma200" : 342.12,
    "volume" : 253874.00
  }, {
    "date" : "2025-10-01",
    "price" : 391.20,
    "dma50" : 378.46,
    "dma100" : 357.53,
    "dma200" : 342.61,
    "volume" : 353926.00
  }, {
    "date" : "2025-10-03",
    "price" : 386.75,
    "dma50" : 378.78,
    "dma100" : 358.22,
    "dma200" : 343.05,
    "volume" : 299211.00
  }, {
    "date" : "2025-10-06",
    "price" : 393.75,
    "dma50" : 379.37,
    "dma100" : 358.94,
    "dma200" : 343.55,
    "volume" : 601291.00
  }, {
    "date" : "2025-10-07",
    "price" : 393.05,
    "dma50" : 379.90,
    "dma100" : 359.64,
    "dma200" : 344.04,
    "volume" : 265628.00
  }, {
    "date" : "2025-10-08",
    "price" : 387.70,
    "dma50" : 380.21,
    "dma100" : 360.32,
    "dma200" : 344.48,
    "volume" : 533788.00
  }, {
    "date" : "2025-10-09",
    "price" : 392.75,
    "dma50" : 380.70,
    "dma100" : 361.03,
    "dma200" : 344.96,
    "volume" : 222841.00
  }, {
    "date" : "2025-10-10",
    "price" : 391.00,
    "dma50" : 381.11,
    "dma100" : 361.73,
    "dma200" : 345.42,
    "volume" : 466804.00
  }, {
    "date" : "2025-10-13",
    "price" : 392.45,
    "dma50" : 381.55,
    "dma100" : 362.47,
    "dma200" : 345.89,
    "volume" : 225980.00
  }, {
    "date" : "2025-10-14",
    "price" : 384.95,
    "dma50" : 381.68,
    "dma100" : 363.03,
    "dma200" : 346.27,
    "volume" : 234059.00
  }, {
    "date" : "2025-10-15",
    "price" : 393.60,
    "dma50" : 382.15,
    "dma100" : 363.64,
    "dma200" : 346.75,
    "volume" : 168196.00
  }, {
    "date" : "2025-10-16",
    "price" : 394.00,
    "dma50" : 382.62,
    "dma100" : 364.31,
    "dma200" : 347.22,
    "volume" : 344891.00
  }, {
    "date" : "2025-10-17",
    "price" : 391.90,
    "dma50" : 382.98,
    "dma100" : 364.85,
    "dma200" : 347.66,
    "volume" : 180385.00
  }, {
    "date" : "2025-10-20",
    "price" : 392.15,
    "dma50" : 383.34,
    "dma100" : 365.41,
    "dma200" : 348.10,
    "volume" : 198056.00
  }, {
    "date" : "2025-10-21",
    "price" : 390.75,
    "dma50" : 383.63,
    "dma100" : 365.95,
    "dma200" : 348.53,
    "volume" : 47312.00
  }, {
    "date" : "2025-10-23",
    "price" : 391.50,
    "dma50" : 383.94,
    "dma100" : 366.70,
    "dma200" : 348.95,
    "volume" : 95343.00
  }, {
    "date" : "2025-10-24",
    "price" : 390.30,
    "dma50" : 384.19,
    "dma100" : 367.31,
    "dma200" : 349.37,
    "volume" : 224848.00
  }, {
    "date" : "2025-10-27",
    "price" : 386.70,
    "dma50" : 384.29,
    "dma100" : 367.66,
    "dma200" : 349.74,
    "volume" : 115886.00
  }, {
    "date" : "2025-10-28",
    "price" : 386.80,
    "dma50" : 384.39,
    "dma100" : 368.12,
    "dma200" : 350.11,
    "volume" : 132492.00
  }, {
    "date" : "2025-10-29",
    "price" : 391.35,
    "dma50" : 384.66,
    "dma100" : 368.68,
    "dma200" : 350.52,
    "volume" : 173463.00
  }, {
    "date" : "2025-10-30",
    "price" : 400.00,
    "dma50" : 385.26,
    "dma100" : 369.25,
    "dma200" : 351.01,
    "volume" : 5903180.00
  }, {
    "date" : "2025-10-31",
    "price" : 402.35,
    "dma50" : 385.93,
    "dma100" : 369.85,
    "dma200" : 351.52,
    "volume" : 680398.00
  }, {
    "date" : "2025-11-03",
    "price" : 401.90,
    "dma50" : 386.56,
    "dma100" : 370.40,
    "dma200" : 352.02,
    "volume" : 611252.00
  }, {
    "date" : "2025-11-04",
    "price" : 398.20,
    "dma50" : 387.01,
    "dma100" : 370.98,
    "dma200" : 352.48,
    "volume" : 186769.00
  }, {
    "date" : "2025-11-06",
    "price" : 389.00,
    "dma50" : 387.09,
    "dma100" : 371.55,
    "dma200" : 352.84,
    "volume" : 226053.00
  }, {
    "date" : "2025-11-07",
    "price" : 378.45,
    "dma50" : 386.75,
    "dma100" : 372.01,
    "dma200" : 353.10,
    "volume" : 381430.00
  }, {
    "date" : "2025-11-10",
    "price" : 378.70,
    "dma50" : 386.44,
    "dma100" : 372.43,
    "dma200" : 353.35,
    "volume" : 401655.00
  }, {
    "date" : "2025-11-11",
    "price" : 390.80,
    "dma50" : 386.61,
    "dma100" : 373.07,
    "dma200" : 353.73,
    "volume" : 2417352.00
  }, {
    "date" : "2025-11-12",
    "price" : 392.25,
    "dma50" : 386.83,
    "dma100" : 373.76,
    "dma200" : 354.11,
    "volume" : 302232.00
  }, {
    "date" : "2025-11-13",
    "price" : 394.35,
    "dma50" : 387.12,
    "dma100" : 374.50,
    "dma200" : 354.51,
    "volume" : 420635.00
  }, {
    "date" : "2025-11-14",
    "price" : 392.85,
    "dma50" : 387.35,
    "dma100" : 375.37,
    "dma200" : 354.89,
    "volume" : 93192.00
  }, {
    "date" : "2025-11-17",
    "price" : 412.15,
    "dma50" : 388.32,
    "dma100" : 376.38,
    "dma200" : 355.46,
    "volume" : 1130584.00
  }, {
    "date" : "2025-11-18",
    "price" : 411.30,
    "dma50" : 389.22,
    "dma100" : 377.37,
    "dma200" : 356.02,
    "volume" : 665836.00
  }, {
    "date" : "2025-11-19",
    "price" : 416.90,
    "dma50" : 390.31,
    "dma100" : 378.20,
    "dma200" : 356.62,
    "volume" : 840272.00
  }, {
    "date" : "2025-11-20",
    "price" : 407.80,
    "dma50" : 390.99,
    "dma100" : 378.93,
    "dma200" : 357.13,
    "volume" : 400919.00
  }, {
    "date" : "2025-11-21",
    "price" : 403.70,
    "dma50" : 391.49,
    "dma100" : 379.54,
    "dma200" : 357.60,
    "volume" : 178587.00
  }, {
    "date" : "2025-11-24",
    "price" : 396.85,
    "dma50" : 391.70,
    "dma100" : 380.06,
    "dma200" : 357.99,
    "volume" : 147645.00
  }, {
    "date" : "2025-11-25",
    "price" : 399.55,
    "dma50" : 392.01,
    "dma100" : 380.60,
    "dma200" : 358.40,
    "volume" : 178820.00
  }, {
    "date" : "2025-11-26",
    "price" : 397.40,
    "dma50" : 392.22,
    "dma100" : 381.08,
    "dma200" : 358.79,
    "volume" : 181838.00
  }, {
    "date" : "2025-11-27",
    "price" : 398.45,
    "dma50" : 392.47,
    "dma100" : 381.64,
    "dma200" : 359.18,
    "volume" : 275089.00
  } ],
  "latestTechnicalAttributes" : {
    "date" : "2025-11-27",
    "price" : 398.45,
    "dma50" : 392.47,
    "dma100" : 381.64,
    "dma200" : 359.18,
    "volume" : 275089.00
  },
  "quarterlyResults" : [ {
    "date" : "2005-03-31",
    "sales" : 334.60,
    "salesGrowthYoY" : null,
    "grossProfitMargin" : 49.94,
    "grossProfit" : 167.10,
    "operatingProfitMargin" : 10.86,
    "operatingProfit" : 36.34,
    "netProfitMargin" : 3.08,
    "netProfit" : 10.31
  }, {
    "date" : "2005-06-30",
    "sales" : 380.95,
    "salesGrowthYoY" : null,
    "grossProfitMargin" : 55.15,
    "grossProfit" : 210.09,
    "operatingProfitMargin" : 18.34,
    "operatingProfit" : 69.87,
    "netProfitMargin" : 1.37,
    "netProfit" : 5.22
  }, {
    "date" : "2005-09-30",
    "sales" : 391.41,
    "salesGrowthYoY" : null,
    "grossProfitMargin" : 55.02,
    "grossProfit" : 215.35,
    "operatingProfitMargin" : 17.36,
    "operatingProfit" : 67.95,
    "netProfitMargin" : 1.49,
    "netProfit" : 5.83
  }, {
    "date" : "2005-12-31",
    "sales" : 346.63,
    "salesGrowthYoY" : null,
    "grossProfitMargin" : 55.32,
    "grossProfit" : 191.76,
    "operatingProfitMargin" : 13.50,
    "operatingProfit" : 46.80,
    "netProfitMargin" : 0.16,
    "netProfit" : 0.55
  }, {
    "date" : "2006-03-31",
    "sales" : 422.76,
    "salesGrowthYoY" : 26.35,
    "grossProfitMargin" : 54.27,
    "grossProfit" : 229.43,
    "operatingProfitMargin" : 18.06,
    "operatingProfit" : 76.35,
    "netProfitMargin" : 5.76,
    "netProfit" : 24.35
  }, {
    "date" : "2006-06-30",
    "sales" : 485.23,
    "salesGrowthYoY" : 27.37,
    "grossProfitMargin" : 66.29,
    "grossProfit" : 321.66,
    "operatingProfitMargin" : 34.11,
    "operatingProfit" : 165.51,
    "netProfitMargin" : 23.20,
    "netProfit" : 112.57
  }, {
    "date" : "2006-09-30",
    "sales" : 516.35,
    "salesGrowthYoY" : 31.92,
    "grossProfitMargin" : 65.82,
    "grossProfit" : 339.86,
    "operatingProfitMargin" : 33.42,
    "operatingProfit" : 172.56,
    "netProfitMargin" : 22.72,
    "netProfit" : 117.31
  }, {
    "date" : "2006-12-31",
    "sales" : 472.41,
    "salesGrowthYoY" : 36.29,
    "grossProfitMargin" : 62.11,
    "grossProfit" : 293.41,
    "operatingProfitMargin" : 28.16,
    "operatingProfit" : 133.03,
    "netProfitMargin" : 16.89,
    "netProfit" : 79.79
  }, {
    "date" : "2007-03-31",
    "sales" : 781.22,
    "salesGrowthYoY" : 84.79,
    "grossProfitMargin" : 65.74,
    "grossProfit" : 513.57,
    "operatingProfitMargin" : 33.68,
    "operatingProfit" : 263.11,
    "netProfitMargin" : 21.65,
    "netProfit" : 169.13
  }, {
    "date" : "2007-06-30",
    "sales" : 701.18,
    "salesGrowthYoY" : 44.50,
    "grossProfitMargin" : 67.57,
    "grossProfit" : 473.79,
    "operatingProfitMargin" : 37.69,
    "operatingProfit" : 264.27,
    "netProfitMargin" : 25.08,
    "netProfit" : 175.86
  }, {
    "date" : "2007-09-30",
    "sales" : 761.23,
    "salesGrowthYoY" : 47.43,
    "grossProfitMargin" : 70.40,
    "grossProfit" : 535.91,
    "operatingProfitMargin" : 40.38,
    "operatingProfit" : 307.38,
    "netProfitMargin" : 28.76,
    "netProfit" : 218.93
  }, {
    "date" : "2007-12-31",
    "sales" : 737.85,
    "salesGrowthYoY" : 56.19,
    "grossProfitMargin" : 67.16,
    "grossProfit" : 495.54,
    "operatingProfitMargin" : 33.19,
    "operatingProfit" : 244.89,
    "netProfitMargin" : 17.05,
    "netProfit" : 125.80
  }, {
    "date" : "2008-03-31",
    "sales" : 878.96,
    "salesGrowthYoY" : 12.51,
    "grossProfitMargin" : 68.33,
    "grossProfit" : 600.59,
    "operatingProfitMargin" : 33.89,
    "operatingProfit" : 297.88,
    "netProfitMargin" : 13.51,
    "netProfit" : 118.75
  }, {
    "date" : "2008-06-30",
    "sales" : 876.26,
    "salesGrowthYoY" : 24.97,
    "grossProfitMargin" : 67.86,
    "grossProfit" : 594.63,
    "operatingProfitMargin" : 35.51,
    "operatingProfit" : 311.16,
    "netProfitMargin" : 17.86,
    "netProfit" : 156.50
  }, {
    "date" : "2008-09-30",
    "sales" : 929.62,
    "salesGrowthYoY" : 22.12,
    "grossProfitMargin" : 64.10,
    "grossProfit" : 595.89,
    "operatingProfitMargin" : 32.18,
    "operatingProfit" : 299.15,
    "netProfitMargin" : 16.58,
    "netProfit" : 154.13
  }, {
    "date" : "2008-12-31",
    "sales" : 768.76,
    "salesGrowthYoY" : 4.19,
    "grossProfitMargin" : 61.29,
    "grossProfit" : 471.17,
    "operatingProfitMargin" : 25.24,
    "operatingProfit" : 194.04,
    "netProfitMargin" : 9.02,
    "netProfit" : 69.34
  }, {
    "date" : "2009-03-31",
    "sales" : 897.30,
    "salesGrowthYoY" : 2.09,
    "grossProfitMargin" : 62.64,
    "grossProfit" : 562.07,
    "operatingProfitMargin" : 26.28,
    "operatingProfit" : 235.81,
    "netProfitMargin" : 11.63,
    "netProfit" : 104.36
  }, {
    "date" : "2009-06-30",
    "sales" : 960.25,
    "salesGrowthYoY" : 9.59,
    "grossProfitMargin" : 65.82,
    "grossProfit" : 632.04,
    "operatingProfitMargin" : 28.34,
    "operatingProfit" : 272.13,
    "netProfitMargin" : 13.58,
    "netProfit" : 130.40
  }, {
    "date" : "2009-09-30",
    "sales" : 994.92,
    "salesGrowthYoY" : 7.02,
    "grossProfitMargin" : 63.72,
    "grossProfit" : 633.96,
    "operatingProfitMargin" : 30.47,
    "operatingProfit" : 303.15,
    "netProfitMargin" : 13.85,
    "netProfit" : 137.80
  }, {
    "date" : "2009-12-31",
    "sales" : 875.97,
    "salesGrowthYoY" : 13.95,
    "grossProfitMargin" : 57.14,
    "grossProfit" : 500.53,
    "operatingProfitMargin" : 14.65,
    "operatingProfit" : 128.33,
    "netProfitMargin" : 3.10,
    "netProfit" : 27.16
  }, {
    "date" : "2010-03-31",
    "sales" : 974.30,
    "salesGrowthYoY" : 8.58,
    "grossProfitMargin" : 57.39,
    "grossProfit" : 559.15,
    "operatingProfitMargin" : 13.96,
    "operatingProfit" : 136.01,
    "netProfitMargin" : 3.02,
    "netProfit" : 29.42
  }, {
    "date" : "2010-06-30",
    "sales" : 882.79,
    "salesGrowthYoY" : -8.07,
    "grossProfitMargin" : 55.66,
    "grossProfit" : 491.36,
    "operatingProfitMargin" : 11.57,
    "operatingProfit" : 102.14,
    "netProfitMargin" : 1.36,
    "netProfit" : 12.01
  }, {
    "date" : "2010-09-30",
    "sales" : 842.84,
    "salesGrowthYoY" : -15.29,
    "grossProfitMargin" : 52.23,
    "grossProfit" : 440.22,
    "operatingProfitMargin" : 3.60,
    "operatingProfit" : 30.34,
    "netProfitMargin" : -5.32,
    "netProfit" : -44.84
  }, {
    "date" : "2010-12-31",
    "sales" : 783.50,
    "salesGrowthYoY" : -10.56,
    "grossProfitMargin" : 60.68,
    "grossProfit" : 475.43,
    "operatingProfitMargin" : 16.44,
    "operatingProfit" : 128.81,
    "netProfitMargin" : 2.59,
    "netProfit" : 20.29
  }, {
    "date" : "2011-03-31",
    "sales" : 1000.14,
    "salesGrowthYoY" : 2.65,
    "grossProfitMargin" : 57.72,
    "grossProfit" : 577.28,
    "operatingProfitMargin" : 18.10,
    "operatingProfit" : 181.03,
    "netProfitMargin" : 5.47,
    "netProfit" : 54.71
  }, {
    "date" : "2011-06-30",
    "sales" : 1061.19,
    "salesGrowthYoY" : 20.21,
    "grossProfitMargin" : 64.98,
    "grossProfit" : 689.56,
    "operatingProfitMargin" : 23.19,
    "operatingProfit" : 246.09,
    "netProfitMargin" : 9.61,
    "netProfit" : 101.98
  }, {
    "date" : "2011-09-30",
    "sales" : 1091.57,
    "salesGrowthYoY" : 29.51,
    "grossProfitMargin" : 61.49,
    "grossProfit" : 671.21,
    "operatingProfitMargin" : 23.31,
    "operatingProfit" : 254.44,
    "netProfitMargin" : 6.39,
    "netProfit" : 69.75
  }, {
    "date" : "2011-12-31",
    "sales" : 943.95,
    "salesGrowthYoY" : 20.48,
    "grossProfitMargin" : 59.62,
    "grossProfit" : 562.78,
    "operatingProfitMargin" : 20.67,
    "operatingProfit" : 195.11,
    "netProfitMargin" : 5.97,
    "netProfit" : 56.35
  }, {
    "date" : "2012-03-31",
    "sales" : 1118.48,
    "salesGrowthYoY" : 11.83,
    "grossProfitMargin" : 58.36,
    "grossProfit" : 652.74,
    "operatingProfitMargin" : 19.46,
    "operatingProfit" : 217.66,
    "netProfitMargin" : 5.80,
    "netProfit" : 64.87
  }, {
    "date" : "2012-06-30",
    "sales" : 1205.03,
    "salesGrowthYoY" : 13.55,
    "grossProfitMargin" : 64.78,
    "grossProfit" : 780.62,
    "operatingProfitMargin" : 23.35,
    "operatingProfit" : 281.37,
    "netProfitMargin" : 6.21,
    "netProfit" : 74.83
  }, {
    "date" : "2012-09-30",
    "sales" : 1125.68,
    "salesGrowthYoY" : 3.12,
    "grossProfitMargin" : 58.37,
    "grossProfit" : 657.06,
    "operatingProfitMargin" : 18.48,
    "operatingProfit" : 208.03,
    "netProfitMargin" : 4.36,
    "netProfit" : 49.08
  }, {
    "date" : "2012-12-31",
    "sales" : 1083.88,
    "salesGrowthYoY" : 14.82,
    "grossProfitMargin" : 60.64,
    "grossProfit" : 657.26,
    "operatingProfitMargin" : 17.92,
    "operatingProfit" : 194.23,
    "netProfitMargin" : 2.41,
    "netProfit" : 26.12
  }, {
    "date" : "2013-03-31",
    "sales" : 1199.03,
    "salesGrowthYoY" : 7.20,
    "grossProfitMargin" : 58.79,
    "grossProfit" : 704.91,
    "operatingProfitMargin" : 14.70,
    "operatingProfit" : 176.26,
    "netProfitMargin" : 2.19,
    "netProfit" : 26.26
  }, {
    "date" : "2013-06-30",
    "sales" : 1240.72,
    "salesGrowthYoY" : 2.96,
    "grossProfitMargin" : 61.76,
    "grossProfit" : 766.27,
    "operatingProfitMargin" : 15.59,
    "operatingProfit" : 193.43,
    "netProfitMargin" : 1.36,
    "netProfit" : 16.87
  }, {
    "date" : "2013-09-30",
    "sales" : 1093.78,
    "salesGrowthYoY" : -2.83,
    "grossProfitMargin" : 59.39,
    "grossProfit" : 649.60,
    "operatingProfitMargin" : 12.38,
    "operatingProfit" : 135.41,
    "netProfitMargin" : -2.06,
    "netProfit" : -22.53
  }, {
    "date" : "2013-12-31",
    "sales" : 1037.64,
    "salesGrowthYoY" : -4.27,
    "grossProfitMargin" : 58.08,
    "grossProfit" : 602.66,
    "operatingProfitMargin" : 14.02,
    "operatingProfit" : 145.48,
    "netProfitMargin" : 0.04,
    "netProfit" : 0.42
  }, {
    "date" : "2014-03-31",
    "sales" : 1124.67,
    "salesGrowthYoY" : -6.20,
    "grossProfitMargin" : 55.81,
    "grossProfit" : 627.68,
    "operatingProfitMargin" : 10.56,
    "operatingProfit" : 118.77,
    "netProfitMargin" : -13.97,
    "netProfit" : -157.12
  }, {
    "date" : "2014-06-30",
    "sales" : 1234.82,
    "salesGrowthYoY" : -0.48,
    "grossProfitMargin" : 59.43,
    "grossProfit" : 733.85,
    "operatingProfitMargin" : 13.47,
    "operatingProfit" : 166.33,
    "netProfitMargin" : -0.24,
    "netProfit" : -2.96
  }, {
    "date" : "2014-09-30",
    "sales" : 1135.71,
    "salesGrowthYoY" : 3.83,
    "grossProfitMargin" : 60.02,
    "grossProfit" : 681.65,
    "operatingProfitMargin" : 16.13,
    "operatingProfit" : 183.19,
    "netProfitMargin" : 0.66,
    "netProfit" : 7.50
  }, {
    "date" : "2014-12-31",
    "sales" : 1040.22,
    "salesGrowthYoY" : 0.25,
    "grossProfitMargin" : 59.40,
    "grossProfit" : 617.89,
    "operatingProfitMargin" : 15.67,
    "operatingProfit" : 163.00,
    "netProfitMargin" : -1.12,
    "netProfit" : -11.65
  }, {
    "date" : "2015-03-31",
    "sales" : 1043.10,
    "salesGrowthYoY" : -7.25,
    "grossProfitMargin" : 59.95,
    "grossProfit" : 625.34,
    "operatingProfitMargin" : 19.20,
    "operatingProfit" : 200.28,
    "netProfitMargin" : 3.51,
    "netProfit" : 36.61
  }, {
    "date" : "2015-06-30",
    "sales" : 1225.70,
    "salesGrowthYoY" : -0.74,
    "grossProfitMargin" : 65.77,
    "grossProfit" : 806.14,
    "operatingProfitMargin" : 16.35,
    "operatingProfit" : 200.40,
    "netProfitMargin" : 3.96,
    "netProfit" : 48.54
  }, {
    "date" : "2015-09-30",
    "sales" : 1229.10,
    "salesGrowthYoY" : 8.22,
    "grossProfitMargin" : 68.57,
    "grossProfit" : 842.79,
    "operatingProfitMargin" : 18.95,
    "operatingProfit" : 232.91,
    "netProfitMargin" : 3.30,
    "netProfit" : 40.56
  }, {
    "date" : "2015-12-31",
    "sales" : 1066.13,
    "salesGrowthYoY" : 2.49,
    "grossProfitMargin" : 65.05,
    "grossProfit" : 693.52,
    "operatingProfitMargin" : 14.49,
    "operatingProfit" : 154.48,
    "netProfitMargin" : 0.30,
    "netProfit" : 3.20
  }, {
    "date" : "2016-03-31",
    "sales" : 1312.60,
    "salesGrowthYoY" : 25.84,
    "grossProfitMargin" : 66.29,
    "grossProfit" : 870.12,
    "operatingProfitMargin" : 15.97,
    "operatingProfit" : 209.62,
    "netProfitMargin" : 3.25,
    "netProfit" : 42.66
  }, {
    "date" : "2016-06-30",
    "sales" : 1202.49,
    "salesGrowthYoY" : -1.89,
    "grossProfitMargin" : 68.26,
    "grossProfit" : 820.82,
    "operatingProfitMargin" : 16.75,
    "operatingProfit" : 201.42,
    "netProfitMargin" : 3.66,
    "netProfit" : 44.01
  }, {
    "date" : "2016-09-30",
    "sales" : 1307.52,
    "salesGrowthYoY" : 6.38,
    "grossProfitMargin" : 68.04,
    "grossProfit" : 889.64,
    "operatingProfitMargin" : 17.16,
    "operatingProfit" : 224.37,
    "netProfitMargin" : 4.77,
    "netProfit" : 62.37
  }, {
    "date" : "2016-12-31",
    "sales" : 1267.85,
    "salesGrowthYoY" : 18.92,
    "grossProfitMargin" : 66.98,
    "grossProfit" : 849.21,
    "operatingProfitMargin" : 14.87,
    "operatingProfit" : 188.53,
    "netProfitMargin" : 2.79,
    "netProfit" : 35.37
  }, {
    "date" : "2017-03-31",
    "sales" : 1522.58,
    "salesGrowthYoY" : 16.00,
    "grossProfitMargin" : 64.19,
    "grossProfit" : 977.34,
    "operatingProfitMargin" : 12.48,
    "operatingProfit" : 190.02,
    "netProfitMargin" : 2.25,
    "netProfit" : 34.26
  }, {
    "date" : "2017-06-30",
    "sales" : 1461.57,
    "salesGrowthYoY" : 21.55,
    "grossProfitMargin" : 64.92,
    "grossProfit" : 948.85,
    "operatingProfitMargin" : 12.70,
    "operatingProfit" : 185.62,
    "netProfitMargin" : 1.81,
    "netProfit" : 26.45
  }, {
    "date" : "2017-09-30",
    "sales" : 1268.26,
    "salesGrowthYoY" : -3.00,
    "grossProfitMargin" : 58.48,
    "grossProfit" : 741.68,
    "operatingProfitMargin" : 14.30,
    "operatingProfit" : 181.36,
    "netProfitMargin" : 1.87,
    "netProfit" : 23.72
  }, {
    "date" : "2017-12-31",
    "sales" : 1213.08,
    "salesGrowthYoY" : -4.32,
    "grossProfitMargin" : 55.07,
    "grossProfit" : 668.04,
    "operatingProfitMargin" : 13.79,
    "operatingProfit" : 167.28,
    "netProfitMargin" : 1.26,
    "netProfit" : 15.28
  }, {
    "date" : "2018-03-31",
    "sales" : 1397.81,
    "salesGrowthYoY" : -8.19,
    "grossProfitMargin" : 57.35,
    "grossProfit" : 801.64,
    "operatingProfitMargin" : 11.34,
    "operatingProfit" : 158.51,
    "netProfitMargin" : 2.52,
    "netProfit" : 35.22
  }, {
    "date" : "2018-06-30",
    "sales" : 1360.65,
    "salesGrowthYoY" : -6.90,
    "grossProfitMargin" : 53.42,
    "grossProfit" : 726.86,
    "operatingProfitMargin" : 11.47,
    "operatingProfit" : 156.07,
    "netProfitMargin" : 1.55,
    "netProfit" : 21.09
  }, {
    "date" : "2018-09-30",
    "sales" : 1387.05,
    "salesGrowthYoY" : 9.37,
    "grossProfitMargin" : 53.21,
    "grossProfit" : 738.05,
    "operatingProfitMargin" : 11.16,
    "operatingProfit" : 154.79,
    "netProfitMargin" : 0.10,
    "netProfit" : 1.39
  }, {
    "date" : "2018-12-31",
    "sales" : 1316.30,
    "salesGrowthYoY" : 8.51,
    "grossProfitMargin" : 50.64,
    "grossProfit" : 666.57,
    "operatingProfitMargin" : 10.24,
    "operatingProfit" : 134.79,
    "netProfitMargin" : 0.24,
    "netProfit" : 3.16
  }, {
    "date" : "2019-03-31",
    "sales" : 1563.99,
    "salesGrowthYoY" : 11.89,
    "grossProfitMargin" : 53.22,
    "grossProfit" : 832.36,
    "operatingProfitMargin" : 12.29,
    "operatingProfit" : 192.21,
    "netProfitMargin" : 2.80,
    "netProfit" : 43.79
  }, {
    "date" : "2019-06-30",
    "sales" : 1468.80,
    "salesGrowthYoY" : 7.95,
    "grossProfitMargin" : 56.69,
    "grossProfit" : 832.66,
    "operatingProfitMargin" : 16.47,
    "operatingProfit" : 241.91,
    "netProfitMargin" : 4.92,
    "netProfit" : 72.26
  }, {
    "date" : "2019-09-30",
    "sales" : 1245.72,
    "salesGrowthYoY" : -10.19,
    "grossProfitMargin" : 54.68,
    "grossProfit" : 681.16,
    "operatingProfitMargin" : 11.81,
    "operatingProfit" : 147.12,
    "netProfitMargin" : 0.70,
    "netProfit" : 8.72
  }, {
    "date" : "2019-12-31",
    "sales" : 1191.12,
    "salesGrowthYoY" : -9.51,
    "grossProfitMargin" : 54.82,
    "grossProfit" : 652.97,
    "operatingProfitMargin" : 10.80,
    "operatingProfit" : 128.64,
    "netProfitMargin" : -0.45,
    "netProfit" : -5.36
  }, {
    "date" : "2020-03-31",
    "sales" : 1151.90,
    "salesGrowthYoY" : -26.35,
    "grossProfitMargin" : 55.04,
    "grossProfit" : 634.01,
    "operatingProfitMargin" : 5.86,
    "operatingProfit" : 67.50,
    "netProfitMargin" : -0.96,
    "netProfit" : -11.06
  }, {
    "date" : "2020-06-30",
    "sales" : 757.03,
    "salesGrowthYoY" : -48.46,
    "grossProfitMargin" : 58.96,
    "grossProfit" : 446.34,
    "operatingProfitMargin" : 20.57,
    "operatingProfit" : 155.72,
    "netProfitMargin" : 2.24,
    "netProfit" : 16.96
  }, {
    "date" : "2020-09-30",
    "sales" : 1069.72,
    "salesGrowthYoY" : -14.13,
    "grossProfitMargin" : 60.08,
    "grossProfit" : 642.69,
    "operatingProfitMargin" : 21.94,
    "operatingProfit" : 234.70,
    "netProfitMargin" : 6.68,
    "netProfit" : 71.46
  }, {
    "date" : "2020-12-31",
    "sales" : 1160.30,
    "salesGrowthYoY" : -2.59,
    "grossProfitMargin" : 59.01,
    "grossProfit" : 684.69,
    "operatingProfitMargin" : 18.55,
    "operatingProfit" : 215.24,
    "netProfitMargin" : 5.35,
    "netProfit" : 62.08
  }, {
    "date" : "2021-03-31",
    "sales" : 1449.62,
    "salesGrowthYoY" : 25.85,
    "grossProfitMargin" : 57.08,
    "grossProfit" : 827.44,
    "operatingProfitMargin" : 13.83,
    "operatingProfit" : 200.48,
    "netProfitMargin" : 4.94,
    "netProfit" : 71.61
  }, {
    "date" : "2021-06-30",
    "sales" : 1022.49,
    "salesGrowthYoY" : 35.07,
    "grossProfitMargin" : 58.27,
    "grossProfit" : 595.80,
    "operatingProfitMargin" : 15.84,
    "operatingProfit" : 161.96,
    "netProfitMargin" : 3.66,
    "netProfit" : 37.42
  }, {
    "date" : "2021-09-30",
    "sales" : 1190.17,
    "salesGrowthYoY" : 11.26,
    "grossProfitMargin" : 53.89,
    "grossProfit" : 641.38,
    "operatingProfitMargin" : 11.22,
    "operatingProfit" : 133.54,
    "netProfitMargin" : 1.85,
    "netProfit" : 22.02
  }, {
    "date" : "2021-12-31",
    "sales" : 1108.46,
    "salesGrowthYoY" : -4.47,
    "grossProfitMargin" : 51.53,
    "grossProfit" : 571.19,
    "operatingProfitMargin" : 9.39,
    "operatingProfit" : 104.08,
    "netProfitMargin" : 0.30,
    "netProfit" : 3.33
  }, {
    "date" : "2022-03-31",
    "sales" : 1391.99,
    "salesGrowthYoY" : -3.98,
    "grossProfitMargin" : 44.67,
    "grossProfit" : 621.80,
    "operatingProfitMargin" : 4.41,
    "operatingProfit" : 61.39,
    "netProfitMargin" : -1.70,
    "netProfit" : -23.66
  }, {
    "date" : "2022-06-30",
    "sales" : 1446.23,
    "salesGrowthYoY" : 41.44,
    "grossProfitMargin" : 42.00,
    "grossProfit" : 607.42,
    "operatingProfitMargin" : 2.13,
    "operatingProfit" : 30.80,
    "netProfitMargin" : 5.26,
    "netProfit" : 76.07
  }, {
    "date" : "2022-09-30",
    "sales" : 1254.65,
    "salesGrowthYoY" : 5.42,
    "grossProfitMargin" : 32.62,
    "grossProfit" : 409.27,
    "operatingProfitMargin" : -7.27,
    "operatingProfit" : -91.21,
    "netProfitMargin" : -10.97,
    "netProfit" : -137.64
  }, {
    "date" : "2022-12-31",
    "sales" : 1219.46,
    "salesGrowthYoY" : 10.01,
    "grossProfitMargin" : 36.52,
    "grossProfit" : 445.35,
    "operatingProfitMargin" : -5.70,
    "operatingProfit" : -69.51,
    "netProfitMargin" : -14.77,
    "netProfit" : -180.11
  }, {
    "date" : "2023-03-31",
    "sales" : 1460.47,
    "salesGrowthYoY" : 4.92,
    "grossProfitMargin" : 37.96,
    "grossProfit" : 554.39,
    "operatingProfitMargin" : -3.04,
    "operatingProfit" : -44.40,
    "netProfitMargin" : -7.12,
    "netProfit" : -103.99
  }, {
    "date" : "2023-06-30",
    "sales" : 1393.04,
    "salesGrowthYoY" : -3.68,
    "grossProfitMargin" : 40.41,
    "grossProfit" : 562.93,
    "operatingProfitMargin" : 0.36,
    "operatingProfit" : 5.01,
    "netProfitMargin" : -5.40,
    "netProfit" : -75.22
  }, {
    "date" : "2023-09-30",
    "sales" : 1222.13,
    "salesGrowthYoY" : -2.59,
    "grossProfitMargin" : 44.54,
    "grossProfit" : 544.34,
    "operatingProfitMargin" : 0.66,
    "operatingProfit" : 8.07,
    "netProfitMargin" : -6.66,
    "netProfit" : -81.39
  }, {
    "date" : "2023-12-31",
    "sales" : 1081.88,
    "salesGrowthYoY" : -11.28,
    "grossProfitMargin" : 47.67,
    "grossProfit" : 515.73,
    "operatingProfitMargin" : 4.53,
    "operatingProfit" : 49.01,
    "netProfitMargin" : -3.95,
    "netProfit" : -42.73
  }, {
    "date" : "2024-03-31",
    "sales" : 1245.38,
    "salesGrowthYoY" : -14.73,
    "grossProfitMargin" : 44.82,
    "grossProfit" : 558.18,
    "operatingProfitMargin" : 3.76,
    "operatingProfit" : 46.83,
    "netProfitMargin" : -3.63,
    "netProfit" : -45.21
  }, {
    "date" : "2024-06-30",
    "sales" : 971.53,
    "salesGrowthYoY" : -30.26,
    "grossProfitMargin" : 43.95,
    "grossProfit" : 426.99,
    "operatingProfitMargin" : -3.19,
    "operatingProfit" : -30.99,
    "netProfitMargin" : -16.71,
    "netProfit" : -162.34
  }, {
    "date" : "2024-09-30",
    "sales" : 1006.69,
    "salesGrowthYoY" : -17.63,
    "grossProfitMargin" : 36.41,
    "grossProfit" : 366.54,
    "operatingProfitMargin" : -16.27,
    "operatingProfit" : -163.79,
    "netProfitMargin" : -24.48,
    "netProfit" : -246.44
  }, {
    "date" : "2024-12-31",
    "sales" : 903.16,
    "salesGrowthYoY" : -16.52,
    "grossProfitMargin" : 31.51,
    "grossProfit" : 284.59,
    "operatingProfitMargin" : -20.86,
    "operatingProfit" : -188.40,
    "netProfitMargin" : -26.42,
    "netProfit" : -238.61
  }, {
    "date" : "2025-03-31",
    "sales" : 1197.13,
    "salesGrowthYoY" : -3.87,
    "grossProfitMargin" : 41.33,
    "grossProfit" : 494.77,
    "operatingProfitMargin" : 0.04,
    "operatingProfit" : 0.48,
    "netProfitMargin" : -6.10,
    "netProfit" : -73.02
  }, {
    "date" : "2025-06-30",
    "sales" : 1024.63,
    "salesGrowthYoY" : 5.47,
    "grossProfitMargin" : 47.53,
    "grossProfit" : 487.01,
    "operatingProfitMargin" : 8.00,
    "operatingProfit" : 81.97,
    "netProfitMargin" : -1.34,
    "netProfit" : -13.73
  }, {
    "date" : "2025-09-30",
    "sales" : 1117.15,
    "salesGrowthYoY" : 10.97,
    "grossProfitMargin" : 44.07,
    "grossProfit" : 492.33,
    "operatingProfitMargin" : 7.29,
    "operatingProfit" : 81.44,
    "netProfitMargin" : -0.61,
    "netProfit" : -6.81
  } ],
  "latestQuarterlyResult" : {
    "date" : "2025-09-30",
    "sales" : 1117.15,
    "salesGrowthYoY" : 10.97,
    "grossProfitMargin" : 44.07,
    "grossProfit" : 492.33,
    "operatingProfitMargin" : 7.29,
    "operatingProfit" : 81.44,
    "netProfitMargin" : -0.61,
    "netProfit" : -6.81
  },
  "companyScore" : {
    "priceHigherThanDma50" : 5.00,
    "priceHigherThanDma100" : 5.00,
    "priceHigherThanDma200" : 5.00,
    "dma50HigherThanDma100" : 5.00,
    "dma50HigherThanDma200" : 5.00,
    "dma100HigherThanDma200" : 5.00,
    "pricePercentageAboveDma50" : 4.92,
    "pricePercentageAboveDma100" : 4.78,
    "pricePercentageAboveDma200" : 4.45,
    "weeklyVolumeHigherThanYearlyVolume" : 0.00,
    "salesGrowthPercentile" : 13.16,
    "operatingProfitMarginPercentile" : 9.19,
    "netProfitMarginPercentile" : 4.68,
    "totalTechnicalScore" : 44.16,
    "totalFundamentalScore" : 27.04,
    "totalScore" : 71.19
  }
}