{
  "metadata" : {
    "screenerCompanyId" : "1464",
    "companyCode" : "INDOTHAI",
    "companyName" : "Indo Thai Sec.",
    "screenerCompanyLink" : "https://www.screener.in/company/INDOTHAI",
    "screenerTechnicalHistoryLink" : "https://www.screener.in/api/company/1464/chart/?q=Price-DMA50-DMA200-Volume&days=365",
    "screenerQuarterlyResultsLink" : "https://www.screener.in/api/company/1464/chart/?q=GPM-OPM-NPM-Quarter+Sales&days=10000",
    "attributes" : {
      "companyCode" : "INDOTHAI",
      "companyName" : "Indo Thai Sec.",
      "marketCap" : 4523.00,
      "peRatio" : 204.00,
      "description" : "Incorporated in 1995, Indo Thai Securities Ltd is in the business as stock and share brokers[1]"
    },
    "companyScore" : {
      "priceHigherThanDma50" : 0.00,
      "priceHigherThanDma100" : 5.00,
      "priceHigherThanDma200" : 5.00,
      "dma50HigherThanDma100" : 5.00,
      "dma50HigherThanDma200" : 5.00,
      "dma100HigherThanDma200" : 5.00,
      "pricePercentageAboveDma50" : 5.01,
      "pricePercentageAboveDma100" : 3.50,
      "pricePercentageAboveDma200" : 2.71,
      "weeklyVolumeHigherThanYearlyVolume" : 0.00,
      "salesGrowthPercentile" : 15.71,
      "operatingProfitMarginPercentile" : 20.00,
      "netProfitMarginPercentile" : 9.00,
      "totalTechnicalScore" : 36.21,
      "totalFundamentalScore" : 44.71,
      "totalScore" : 80.92
    }
  },
  "attributes" : {
    "companyCode" : "INDOTHAI",
    "companyName" : "Indo Thai Sec.",
    "marketCap" : 4523.00,
    "peRatio" : 204.00,
    "description" : "Incorporated in 1995, Indo Thai Securities Ltd is in the business as stock and share brokers[1]"
  },
  "technicalHistory" : [ {
    "date" : "2024-12-10",
    "price" : 113.91,
    "dma50" : 98.47,
    "dma100" : null,
    "dma200" : 61.43,
    "volume" : 121830.00
  }, {
    "date" : "2024-12-11",
    "price" : 113.75,
    "dma50" : 99.07,
    "dma100" : null,
    "dma200" : 61.95,
    "volume" : 77018.00
  }, {
    "date" : "2024-12-12",
    "price" : 113.92,
    "dma50" : 99.65,
    "dma100" : null,
    "dma200" : 62.46,
    "volume" : 129869.00
  }, {
    "date" : "2024-12-13",
    "price" : 112.07,
    "dma50" : 100.14,
    "dma100" : null,
    "dma200" : 62.96,
    "volume" : 102580.00
  }, {
    "date" : "2024-12-16",
    "price" : 113.20,
    "dma50" : 100.65,
    "dma100" : null,
    "dma200" : 63.46,
    "volume" : 73219.00
  }, {
    "date" : "2024-12-17",
    "price" : 113.64,
    "dma50" : 101.16,
    "dma100" : null,
    "dma200" : 63.96,
    "volume" : 67228.00
  }, {
    "date" : "2024-12-18",
    "price" : 111.94,
    "dma50" : 101.59,
    "dma100" : null,
    "dma200" : 64.44,
    "volume" : 137019.00
  }, {
    "date" : "2024-12-19",
    "price" : 110.84,
    "dma50" : 101.95,
    "dma100" : null,
    "dma200" : 64.90,
    "volume" : 134976.00
  }, {
    "date" : "2024-12-20",
    "price" : 110.19,
    "dma50" : 102.27,
    "dma100" : null,
    "dma200" : 65.35,
    "volume" : 198442.00
  }, {
    "date" : "2024-12-23",
    "price" : 112.58,
    "dma50" : 102.68,
    "dma100" : null,
    "dma200" : 65.82,
    "volume" : 162720.00
  }, {
    "date" : "2024-12-24",
    "price" : 110.75,
    "dma50" : 102.99,
    "dma100" : null,
    "dma200" : 66.26,
    "volume" : 58838.00
  }, {
    "date" : "2024-12-26",
    "price" : 110.14,
    "dma50" : 103.27,
    "dma100" : null,
    "dma200" : 66.70,
    "volume" : 112020.00
  }, {
    "date" : "2024-12-27",
    "price" : 115.65,
    "dma50" : 103.76,
    "dma100" : null,
    "dma200" : 67.19,
    "volume" : 318937.00
  }, {
    "date" : "2024-12-30",
    "price" : 121.43,
    "dma50" : 104.45,
    "dma100" : null,
    "dma200" : 67.73,
    "volume" : 360796.00
  }, {
    "date" : "2024-12-31",
    "price" : 127.50,
    "dma50" : 105.35,
    "dma100" : null,
    "dma200" : 68.32,
    "volume" : 453863.00
  }, {
    "date" : "2025-01-01",
    "price" : 133.87,
    "dma50" : 106.47,
    "dma100" : null,
    "dma200" : 68.98,
    "volume" : 240504.00
  }, {
    "date" : "2025-01-02",
    "price" : 140.56,
    "dma50" : 107.81,
    "dma100" : null,
    "dma200" : 69.69,
    "volume" : 295511.00
  }, {
    "date" : "2025-01-03",
    "price" : 143.96,
    "dma50" : 109.23,
    "dma100" : null,
    "dma200" : 70.43,
    "volume" : 908572.00
  }, {
    "date" : "2025-01-06",
    "price" : 143.76,
    "dma50" : 110.58,
    "dma100" : null,
    "dma200" : 71.16,
    "volume" : 1199316.00
  }, {
    "date" : "2025-01-07",
    "price" : 149.57,
    "dma50" : 112.11,
    "dma100" : null,
    "dma200" : 71.94,
    "volume" : 613374.00
  }, {
    "date" : "2025-01-08",
    "price" : 157.05,
    "dma50" : 113.87,
    "dma100" : null,
    "dma200" : 72.78,
    "volume" : 1382460.00
  }, {
    "date" : "2025-01-09",
    "price" : 164.90,
    "dma50" : 115.87,
    "dma100" : null,
    "dma200" : 73.70,
    "volume" : 596206.00
  }, {
    "date" : "2025-01-10",
    "price" : 173.14,
    "dma50" : 118.12,
    "dma100" : null,
    "dma200" : 74.69,
    "volume" : 427028.00
  }, {
    "date" : "2025-01-13",
    "price" : 181.30,
    "dma50" : 120.60,
    "dma100" : null,
    "dma200" : 75.75,
    "volume" : 1210030.00
  }, {
    "date" : "2025-01-14",
    "price" : 190.37,
    "dma50" : 123.33,
    "dma100" : null,
    "dma200" : 76.89,
    "volume" : 454259.00
  }, {
    "date" : "2025-01-15",
    "price" : 199.88,
    "dma50" : 126.34,
    "dma100" : null,
    "dma200" : 78.11,
    "volume" : 282810.00
  }, {
    "date" : "2025-01-16",
    "price" : 209.87,
    "dma50" : 129.61,
    "dma100" : null,
    "dma200" : 79.43,
    "volume" : 1192620.00
  }, {
    "date" : "2025-01-17",
    "price" : 209.94,
    "dma50" : 132.76,
    "dma100" : null,
    "dma200" : 80.72,
    "volume" : 646229.00
  }, {
    "date" : "2025-01-20",
    "price" : 205.03,
    "dma50" : 135.60,
    "dma100" : null,
    "dma200" : 81.96,
    "volume" : 226536.00
  }, {
    "date" : "2025-01-21",
    "price" : 196.65,
    "dma50" : 137.99,
    "dma100" : null,
    "dma200" : 83.10,
    "volume" : 288699.00
  }, {
    "date" : "2025-01-22",
    "price" : 192.58,
    "dma50" : 140.13,
    "dma100" : null,
    "dma200" : 84.19,
    "volume" : 313055.00
  }, {
    "date" : "2025-01-23",
    "price" : 193.68,
    "dma50" : 142.23,
    "dma100" : null,
    "dma200" : 85.28,
    "volume" : 380620.00
  }, {
    "date" : "2025-01-24",
    "price" : 192.54,
    "dma50" : 144.20,
    "dma100" : null,
    "dma200" : 86.35,
    "volume" : 325710.00
  }, {
    "date" : "2025-01-27",
    "price" : 189.98,
    "dma50" : 146.00,
    "dma100" : null,
    "dma200" : 87.38,
    "volume" : 215476.00
  }, {
    "date" : "2025-01-28",
    "price" : 181.98,
    "dma50" : 147.41,
    "dma100" : null,
    "dma200" : 88.32,
    "volume" : 162629.00
  }, {
    "date" : "2025-01-29",
    "price" : 173.06,
    "dma50" : 148.42,
    "dma100" : null,
    "dma200" : 89.16,
    "volume" : 385840.00
  }, {
    "date" : "2025-01-30",
    "price" : 165.06,
    "dma50" : 149.07,
    "dma100" : null,
    "dma200" : 89.92,
    "volume" : 287420.00
  }, {
    "date" : "2025-01-31",
    "price" : 171.15,
    "dma50" : 149.93,
    "dma100" : null,
    "dma200" : 90.73,
    "volume" : 630362.00
  }, {
    "date" : "2025-02-01",
    "price" : 175.37,
    "dma50" : 150.93,
    "dma100" : null,
    "dma200" : 91.57,
    "volume" : 121740.00
  }, {
    "date" : "2025-02-03",
    "price" : 169.87,
    "dma50" : 151.67,
    "dma100" : null,
    "dma200" : 92.35,
    "volume" : 174160.00
  }, {
    "date" : "2025-02-04",
    "price" : 172.49,
    "dma50" : 152.49,
    "dma100" : null,
    "dma200" : 93.15,
    "volume" : 38879.00
  }, {
    "date" : "2025-02-05",
    "price" : 181.02,
    "dma50" : 153.61,
    "dma100" : null,
    "dma200" : 94.02,
    "volume" : 262274.00
  }, {
    "date" : "2025-02-06",
    "price" : 190.07,
    "dma50" : 155.04,
    "dma100" : null,
    "dma200" : 94.98,
    "volume" : 534999.00
  }, {
    "date" : "2025-02-07",
    "price" : 199.57,
    "dma50" : 156.79,
    "dma100" : null,
    "dma200" : 96.02,
    "volume" : 289876.00
  }, {
    "date" : "2025-02-10",
    "price" : 209.54,
    "dma50" : 158.85,
    "dma100" : null,
    "dma200" : 97.15,
    "volume" : 404976.00
  }, {
    "date" : "2025-02-11",
    "price" : 205.14,
    "dma50" : 160.67,
    "dma100" : null,
    "dma200" : 98.22,
    "volume" : 655007.00
  }, {
    "date" : "2025-02-12",
    "price" : 196.16,
    "dma50" : 162.06,
    "dma100" : null,
    "dma200" : 99.20,
    "volume" : 324174.00
  }, {
    "date" : "2025-02-13",
    "price" : 199.77,
    "dma50" : 163.54,
    "dma100" : null,
    "dma200" : 100.20,
    "volume" : 62239.00
  }, {
    "date" : "2025-02-14",
    "price" : 192.62,
    "dma50" : 164.68,
    "dma100" : null,
    "dma200" : 101.12,
    "volume" : 89879.00
  }, {
    "date" : "2025-02-17",
    "price" : 198.82,
    "dma50" : 166.02,
    "dma100" : null,
    "dma200" : 102.09,
    "volume" : 144067.00
  }, {
    "date" : "2025-02-18",
    "price" : 196.60,
    "dma50" : 167.22,
    "dma100" : null,
    "dma200" : 103.03,
    "volume" : 212180.00
  }, {
    "date" : "2025-02-19",
    "price" : 198.69,
    "dma50" : 168.45,
    "dma100" : null,
    "dma200" : 103.98,
    "volume" : 48800.00
  }, {
    "date" : "2025-02-20",
    "price" : 198.96,
    "dma50" : 169.65,
    "dma100" : null,
    "dma200" : 104.93,
    "volume" : 77450.00
  }, {
    "date" : "2025-02-21",
    "price" : 199.25,
    "dma50" : 170.81,
    "dma100" : null,
    "dma200" : 105.86,
    "volume" : 126028.00
  }, {
    "date" : "2025-02-24",
    "price" : 195.88,
    "dma50" : 171.79,
    "dma100" : null,
    "dma200" : 106.76,
    "volume" : 39570.00
  }, {
    "date" : "2025-02-25",
    "price" : 196.03,
    "dma50" : 172.74,
    "dma100" : null,
    "dma200" : 107.65,
    "volume" : 44980.00
  }, {
    "date" : "2025-02-27",
    "price" : 199.87,
    "dma50" : 173.81,
    "dma100" : null,
    "dma200" : 108.57,
    "volume" : 157937.00
  }, {
    "date" : "2025-02-28",
    "price" : 200.27,
    "dma50" : 174.85,
    "dma100" : null,
    "dma200" : 109.48,
    "volume" : 786332.00
  }, {
    "date" : "2025-03-03",
    "price" : 198.64,
    "dma50" : 175.78,
    "dma100" : null,
    "dma200" : 110.37,
    "volume" : 156930.00
  }, {
    "date" : "2025-03-04",
    "price" : 198.04,
    "dma50" : 176.65,
    "dma100" : null,
    "dma200" : 111.24,
    "volume" : 155330.00
  }, {
    "date" : "2025-03-05",
    "price" : 197.82,
    "dma50" : 177.48,
    "dma100" : null,
    "dma200" : 112.10,
    "volume" : 91849.00
  }, {
    "date" : "2025-03-06",
    "price" : 197.60,
    "dma50" : 178.27,
    "dma100" : null,
    "dma200" : 112.95,
    "volume" : 48460.00
  }, {
    "date" : "2025-03-07",
    "price" : 197.00,
    "dma50" : 179.00,
    "dma100" : null,
    "dma200" : 113.79,
    "volume" : 226550.00
  }, {
    "date" : "2025-03-10",
    "price" : 193.39,
    "dma50" : 179.57,
    "dma100" : null,
    "dma200" : 114.58,
    "volume" : 55139.00
  }, {
    "date" : "2025-03-11",
    "price" : 189.98,
    "dma50" : 179.98,
    "dma100" : null,
    "dma200" : 115.33,
    "volume" : 35170.00
  }, {
    "date" : "2025-03-12",
    "price" : 196.63,
    "dma50" : 180.63,
    "dma100" : null,
    "dma200" : 116.14,
    "volume" : 114030.00
  }, {
    "date" : "2025-03-13",
    "price" : 197.08,
    "dma50" : 181.28,
    "dma100" : null,
    "dma200" : 116.94,
    "volume" : 43010.00
  }, {
    "date" : "2025-03-17",
    "price" : 194.66,
    "dma50" : 181.80,
    "dma100" : null,
    "dma200" : 117.72,
    "volume" : 135368.00
  }, {
    "date" : "2025-03-18",
    "price" : 197.39,
    "dma50" : 182.41,
    "dma100" : null,
    "dma200" : 118.51,
    "volume" : 117828.00
  }, {
    "date" : "2025-03-19",
    "price" : 199.99,
    "dma50" : 183.10,
    "dma100" : null,
    "dma200" : 119.32,
    "volume" : 204087.00
  }, {
    "date" : "2025-03-20",
    "price" : 206.42,
    "dma50" : 184.02,
    "dma100" : null,
    "dma200" : 120.19,
    "volume" : 457470.00
  }, {
    "date" : "2025-03-21",
    "price" : 197.62,
    "dma50" : 184.55,
    "dma100" : null,
    "dma200" : 120.96,
    "volume" : 404431.00
  }, {
    "date" : "2025-03-24",
    "price" : 195.48,
    "dma50" : 184.98,
    "dma100" : null,
    "dma200" : 121.70,
    "volume" : 362950.00
  }, {
    "date" : "2025-03-25",
    "price" : 195.89,
    "dma50" : 185.41,
    "dma100" : null,
    "dma200" : 122.44,
    "volume" : 158507.00
  }, {
    "date" : "2025-03-26",
    "price" : 193.04,
    "dma50" : 185.70,
    "dma100" : null,
    "dma200" : 123.14,
    "volume" : 55370.00
  }, {
    "date" : "2025-03-27",
    "price" : 190.49,
    "dma50" : 185.89,
    "dma100" : null,
    "dma200" : 123.81,
    "volume" : 28070.00
  }, {
    "date" : "2025-03-28",
    "price" : 188.01,
    "dma50" : 185.98,
    "dma100" : null,
    "dma200" : 124.45,
    "volume" : 57819.00
  }, {
    "date" : "2025-04-01",
    "price" : 190.89,
    "dma50" : 186.17,
    "dma100" : null,
    "dma200" : 125.11,
    "volume" : 71150.00
  }, {
    "date" : "2025-04-02",
    "price" : 192.14,
    "dma50" : 186.40,
    "dma100" : null,
    "dma200" : 125.78,
    "volume" : 63790.00
  }, {
    "date" : "2025-04-03",
    "price" : 192.57,
    "dma50" : 186.64,
    "dma100" : null,
    "dma200" : 126.44,
    "volume" : 34860.00
  }, {
    "date" : "2025-04-04",
    "price" : 201.54,
    "dma50" : 187.23,
    "dma100" : null,
    "dma200" : 127.19,
    "volume" : 259700.00
  }, {
    "date" : "2025-04-07",
    "price" : 196.10,
    "dma50" : 187.58,
    "dma100" : null,
    "dma200" : 127.87,
    "volume" : 105408.00
  }, {
    "date" : "2025-04-08",
    "price" : 197.53,
    "dma50" : 187.97,
    "dma100" : null,
    "dma200" : 128.57,
    "volume" : 53600.00
  }, {
    "date" : "2025-04-09",
    "price" : 197.46,
    "dma50" : 188.34,
    "dma100" : null,
    "dma200" : 129.25,
    "volume" : 130140.00
  }, {
    "date" : "2025-04-11",
    "price" : 197.72,
    "dma50" : 188.71,
    "dma100" : null,
    "dma200" : 129.93,
    "volume" : 50539.00
  }, {
    "date" : "2025-04-15",
    "price" : 198.35,
    "dma50" : 189.09,
    "dma100" : null,
    "dma200" : 130.61,
    "volume" : 31480.00
  }, {
    "date" : "2025-04-16",
    "price" : 198.76,
    "dma50" : 189.46,
    "dma100" : null,
    "dma200" : 131.29,
    "volume" : 41080.00
  }, {
    "date" : "2025-04-17",
    "price" : 198.16,
    "dma50" : 189.81,
    "dma100" : null,
    "dma200" : 131.96,
    "volume" : 85000.00
  }, {
    "date" : "2025-04-21",
    "price" : 199.40,
    "dma50" : 190.18,
    "dma100" : null,
    "dma200" : 132.63,
    "volume" : 102210.00
  }, {
    "date" : "2025-04-22",
    "price" : 198.58,
    "dma50" : 190.51,
    "dma100" : null,
    "dma200" : 133.29,
    "volume" : 36120.00
  }, {
    "date" : "2025-04-23",
    "price" : 198.42,
    "dma50" : 190.82,
    "dma100" : null,
    "dma200" : 133.93,
    "volume" : 48450.00
  }, {
    "date" : "2025-04-24",
    "price" : 197.91,
    "dma50" : 191.10,
    "dma100" : null,
    "dma200" : 134.57,
    "volume" : 100050.00
  }, {
    "date" : "2025-04-25",
    "price" : 198.24,
    "dma50" : 191.38,
    "dma100" : null,
    "dma200" : 135.20,
    "volume" : 127250.00
  }, {
    "date" : "2025-04-28",
    "price" : 198.48,
    "dma50" : 191.66,
    "dma100" : null,
    "dma200" : 135.83,
    "volume" : 134620.00
  }, {
    "date" : "2025-04-29",
    "price" : 199.33,
    "dma50" : 191.96,
    "dma100" : null,
    "dma200" : 136.46,
    "volume" : 93590.00
  }, {
    "date" : "2025-04-30",
    "price" : 197.09,
    "dma50" : 192.16,
    "dma100" : null,
    "dma200" : 137.07,
    "volume" : 93360.00
  }, {
    "date" : "2025-05-02",
    "price" : 197.15,
    "dma50" : 192.36,
    "dma100" : null,
    "dma200" : 137.67,
    "volume" : 31050.00
  }, {
    "date" : "2025-05-05",
    "price" : 193.27,
    "dma50" : 192.39,
    "dma100" : null,
    "dma200" : 138.22,
    "volume" : 45110.00
  }, {
    "date" : "2025-05-06",
    "price" : 185.65,
    "dma50" : 192.13,
    "dma100" : null,
    "dma200" : 138.69,
    "volume" : 85740.00
  }, {
    "date" : "2025-05-07",
    "price" : 184.62,
    "dma50" : 191.83,
    "dma100" : null,
    "dma200" : 139.15,
    "volume" : 130898.00
  }, {
    "date" : "2025-05-08",
    "price" : 180.15,
    "dma50" : 191.37,
    "dma100" : 179.48,
    "dma200" : 139.56,
    "volume" : 91309.00
  }, {
    "date" : "2025-05-09",
    "price" : 172.90,
    "dma50" : 190.65,
    "dma100" : 180.07,
    "dma200" : 139.89,
    "volume" : 86160.00
  }, {
    "date" : "2025-05-12",
    "price" : 181.54,
    "dma50" : 190.29,
    "dma100" : 180.75,
    "dma200" : 140.30,
    "volume" : 100430.00
  }, {
    "date" : "2025-05-13",
    "price" : 180.46,
    "dma50" : 189.91,
    "dma100" : 181.43,
    "dma200" : 140.70,
    "volume" : 114080.00
  }, {
    "date" : "2025-05-14",
    "price" : 182.04,
    "dma50" : 189.60,
    "dma100" : 182.12,
    "dma200" : 141.11,
    "volume" : 11660.00
  }, {
    "date" : "2025-05-15",
    "price" : 180.40,
    "dma50" : 189.24,
    "dma100" : 182.79,
    "dma200" : 141.50,
    "volume" : 10180.00
  }, {
    "date" : "2025-05-16",
    "price" : 180.09,
    "dma50" : 188.88,
    "dma100" : 183.47,
    "dma200" : 141.89,
    "volume" : 24730.00
  }, {
    "date" : "2025-05-19",
    "price" : 182.56,
    "dma50" : 188.63,
    "dma100" : 184.19,
    "dma200" : 142.29,
    "volume" : 45700.00
  }, {
    "date" : "2025-05-20",
    "price" : 180.48,
    "dma50" : 188.31,
    "dma100" : 184.89,
    "dma200" : 142.67,
    "volume" : 46310.00
  }, {
    "date" : "2025-05-21",
    "price" : 179.71,
    "dma50" : 187.97,
    "dma100" : 185.56,
    "dma200" : 143.04,
    "volume" : 73599.00
  }, {
    "date" : "2025-05-22",
    "price" : 179.78,
    "dma50" : 187.65,
    "dma100" : 186.25,
    "dma200" : 143.41,
    "volume" : 40820.00
  }, {
    "date" : "2025-05-23",
    "price" : 178.80,
    "dma50" : 187.31,
    "dma100" : 186.94,
    "dma200" : 143.76,
    "volume" : 20300.00
  }, {
    "date" : "2025-05-26",
    "price" : 176.16,
    "dma50" : 186.87,
    "dma100" : 187.54,
    "dma200" : 144.08,
    "volume" : 85860.00
  }, {
    "date" : "2025-05-27",
    "price" : 177.84,
    "dma50" : 186.51,
    "dma100" : 188.11,
    "dma200" : 144.42,
    "volume" : 61450.00
  }, {
    "date" : "2025-05-28",
    "price" : 179.66,
    "dma50" : 186.25,
    "dma100" : 188.63,
    "dma200" : 144.77,
    "volume" : 95050.00
  }, {
    "date" : "2025-05-29",
    "price" : 188.64,
    "dma50" : 186.34,
    "dma100" : 189.18,
    "dma200" : 145.20,
    "volume" : 101320.00
  }, {
    "date" : "2025-05-30",
    "price" : 189.83,
    "dma50" : 186.48,
    "dma100" : 189.67,
    "dma200" : 145.65,
    "volume" : 177159.00
  }, {
    "date" : "2025-06-02",
    "price" : 185.29,
    "dma50" : 186.43,
    "dma100" : 190.08,
    "dma200" : 146.04,
    "volume" : 33310.00
  }, {
    "date" : "2025-06-03",
    "price" : 178.19,
    "dma50" : 186.11,
    "dma100" : 190.43,
    "dma200" : 146.36,
    "volume" : 45730.00
  }, {
    "date" : "2025-06-04",
    "price" : 180.40,
    "dma50" : 185.88,
    "dma100" : 190.74,
    "dma200" : 146.70,
    "volume" : 84260.00
  }, {
    "date" : "2025-06-05",
    "price" : 178.00,
    "dma50" : 185.57,
    "dma100" : 190.95,
    "dma200" : 147.01,
    "volume" : 43190.00
  }, {
    "date" : "2025-06-06",
    "price" : 180.14,
    "dma50" : 185.36,
    "dma100" : 191.10,
    "dma200" : 147.34,
    "volume" : 71990.00
  }, {
    "date" : "2025-06-09",
    "price" : 177.78,
    "dma50" : 185.06,
    "dma100" : 191.14,
    "dma200" : 147.65,
    "volume" : 44270.00
  }, {
    "date" : "2025-06-10",
    "price" : 177.36,
    "dma50" : 184.76,
    "dma100" : 191.10,
    "dma200" : 147.94,
    "volume" : 25980.00
  }, {
    "date" : "2025-06-11",
    "price" : 175.29,
    "dma50" : 184.39,
    "dma100" : 190.95,
    "dma200" : 148.21,
    "volume" : 17700.00
  }, {
    "date" : "2025-06-12",
    "price" : 172.90,
    "dma50" : 183.94,
    "dma100" : 190.68,
    "dma200" : 148.46,
    "volume" : 32120.00
  }, {
    "date" : "2025-06-13",
    "price" : 181.00,
    "dma50" : 183.82,
    "dma100" : 190.40,
    "dma200" : 148.78,
    "volume" : 156050.00
  }, {
    "date" : "2025-06-16",
    "price" : 181.62,
    "dma50" : 183.74,
    "dma100" : 190.11,
    "dma200" : 149.11,
    "volume" : 44010.00
  }, {
    "date" : "2025-06-17",
    "price" : 180.15,
    "dma50" : 183.60,
    "dma100" : 189.86,
    "dma200" : 149.42,
    "volume" : 82650.00
  }, {
    "date" : "2025-06-18",
    "price" : 181.26,
    "dma50" : 183.51,
    "dma100" : 189.71,
    "dma200" : 149.74,
    "volume" : 42290.00
  }, {
    "date" : "2025-06-19",
    "price" : 185.01,
    "dma50" : 183.56,
    "dma100" : 189.63,
    "dma200" : 150.09,
    "volume" : 219320.00
  }, {
    "date" : "2025-06-20",
    "price" : 185.82,
    "dma50" : 183.65,
    "dma100" : 189.56,
    "dma200" : 150.44,
    "volume" : 27580.00
  }, {
    "date" : "2025-06-23",
    "price" : 185.14,
    "dma50" : 183.71,
    "dma100" : 189.48,
    "dma200" : 150.79,
    "volume" : 46670.00
  }, {
    "date" : "2025-06-24",
    "price" : 185.02,
    "dma50" : 183.76,
    "dma100" : 189.43,
    "dma200" : 151.13,
    "volume" : 82110.00
  }, {
    "date" : "2025-06-25",
    "price" : 184.67,
    "dma50" : 183.80,
    "dma100" : 189.46,
    "dma200" : 151.46,
    "volume" : 19410.00
  }, {
    "date" : "2025-06-26",
    "price" : 180.26,
    "dma50" : 183.66,
    "dma100" : 189.53,
    "dma200" : 151.75,
    "volume" : 38980.00
  }, {
    "date" : "2025-06-27",
    "price" : 179.40,
    "dma50" : 183.49,
    "dma100" : 189.67,
    "dma200" : 152.02,
    "volume" : 54140.00
  }, {
    "date" : "2025-06-30",
    "price" : 180.08,
    "dma50" : 183.36,
    "dma100" : 189.76,
    "dma200" : 152.30,
    "volume" : 30690.00
  }, {
    "date" : "2025-07-01",
    "price" : 180.24,
    "dma50" : 183.24,
    "dma100" : 189.81,
    "dma200" : 152.58,
    "volume" : 54490.00
  }, {
    "date" : "2025-07-02",
    "price" : 178.99,
    "dma50" : 183.07,
    "dma100" : 189.90,
    "dma200" : 152.84,
    "volume" : 40640.00
  }, {
    "date" : "2025-07-03",
    "price" : 178.48,
    "dma50" : 182.89,
    "dma100" : 189.96,
    "dma200" : 153.10,
    "volume" : 31130.00
  }, {
    "date" : "2025-07-04",
    "price" : 178.56,
    "dma50" : 182.72,
    "dma100" : 189.94,
    "dma200" : 153.35,
    "volume" : 27480.00
  }, {
    "date" : "2025-07-07",
    "price" : 184.12,
    "dma50" : 182.77,
    "dma100" : 189.88,
    "dma200" : 153.66,
    "volume" : 126990.00
  }, {
    "date" : "2025-07-08",
    "price" : 184.70,
    "dma50" : 182.85,
    "dma100" : 189.73,
    "dma200" : 153.97,
    "volume" : 163380.00
  }, {
    "date" : "2025-07-09",
    "price" : 186.93,
    "dma50" : 183.01,
    "dma100" : 189.50,
    "dma200" : 154.29,
    "volume" : 94460.00
  }, {
    "date" : "2025-07-10",
    "price" : 187.16,
    "dma50" : 183.17,
    "dma100" : 189.32,
    "dma200" : 154.62,
    "volume" : 216480.00
  }, {
    "date" : "2025-07-11",
    "price" : 187.64,
    "dma50" : 183.35,
    "dma100" : 189.24,
    "dma200" : 154.95,
    "volume" : 45130.00
  }, {
    "date" : "2025-07-14",
    "price" : 192.32,
    "dma50" : 183.70,
    "dma100" : 189.16,
    "dma200" : 155.32,
    "volume" : 142720.00
  }, {
    "date" : "2025-07-15",
    "price" : 201.93,
    "dma50" : 184.41,
    "dma100" : 189.26,
    "dma200" : 155.79,
    "volume" : 466997.00
  }, {
    "date" : "2025-07-16",
    "price" : 212.02,
    "dma50" : 185.50,
    "dma100" : 189.39,
    "dma200" : 156.35,
    "volume" : 341969.00
  }, {
    "date" : "2025-07-17",
    "price" : 204.55,
    "dma50" : 186.24,
    "dma100" : 189.47,
    "dma200" : 156.82,
    "volume" : 326749.00
  }, {
    "date" : "2025-07-18",
    "price" : 209.60,
    "dma50" : 187.16,
    "dma100" : 189.58,
    "dma200" : 157.35,
    "volume" : 193840.00
  }, {
    "date" : "2025-07-21",
    "price" : 208.60,
    "dma50" : 188.00,
    "dma100" : 189.67,
    "dma200" : 157.86,
    "volume" : 320236.00
  }, {
    "date" : "2025-07-22",
    "price" : 199.90,
    "dma50" : 188.47,
    "dma100" : 189.68,
    "dma200" : 158.28,
    "volume" : 278096.00
  }, {
    "date" : "2025-07-23",
    "price" : 199.70,
    "dma50" : 188.91,
    "dma100" : 189.72,
    "dma200" : 158.69,
    "volume" : 341022.00
  }, {
    "date" : "2025-07-24",
    "price" : 194.00,
    "dma50" : 189.11,
    "dma100" : 189.70,
    "dma200" : 159.04,
    "volume" : 106335.00
  }, {
    "date" : "2025-07-25",
    "price" : 187.60,
    "dma50" : 189.05,
    "dma100" : 189.58,
    "dma200" : 159.33,
    "volume" : 55612.00
  }, {
    "date" : "2025-07-28",
    "price" : 179.90,
    "dma50" : 188.69,
    "dma100" : 189.37,
    "dma200" : 159.53,
    "volume" : 96077.00
  }, {
    "date" : "2025-07-29",
    "price" : 173.60,
    "dma50" : 188.10,
    "dma100" : 189.12,
    "dma200" : 159.67,
    "volume" : 82122.00
  }, {
    "date" : "2025-07-30",
    "price" : 181.10,
    "dma50" : 187.82,
    "dma100" : 188.95,
    "dma200" : 159.88,
    "volume" : 224777.00
  }, {
    "date" : "2025-07-31",
    "price" : 190.10,
    "dma50" : 187.91,
    "dma100" : 188.88,
    "dma200" : 160.18,
    "volume" : 282196.00
  }, {
    "date" : "2025-08-01",
    "price" : 191.32,
    "dma50" : 188.05,
    "dma100" : 188.81,
    "dma200" : 160.49,
    "volume" : 199803.00
  }, {
    "date" : "2025-08-04",
    "price" : 193.43,
    "dma50" : 188.26,
    "dma100" : 188.78,
    "dma200" : 160.82,
    "volume" : 119438.00
  }, {
    "date" : "2025-08-05",
    "price" : 194.06,
    "dma50" : 188.49,
    "dma100" : 188.78,
    "dma200" : 161.15,
    "volume" : 194309.00
  }, {
    "date" : "2025-08-06",
    "price" : 189.40,
    "dma50" : 188.52,
    "dma100" : 188.78,
    "dma200" : 161.43,
    "volume" : 108604.00
  }, {
    "date" : "2025-08-07",
    "price" : 184.71,
    "dma50" : 188.37,
    "dma100" : 188.66,
    "dma200" : 161.67,
    "volume" : 87990.00
  }, {
    "date" : "2025-08-08",
    "price" : 182.00,
    "dma50" : 188.12,
    "dma100" : 188.51,
    "dma200" : 161.87,
    "volume" : 52547.00
  }, {
    "date" : "2025-08-11",
    "price" : 175.06,
    "dma50" : 187.61,
    "dma100" : 188.31,
    "dma200" : 162.00,
    "volume" : 167849.00
  }, {
    "date" : "2025-08-12",
    "price" : 169.85,
    "dma50" : 186.91,
    "dma100" : 188.04,
    "dma200" : 162.08,
    "volume" : 60683.00
  }, {
    "date" : "2025-08-13",
    "price" : 176.38,
    "dma50" : 186.50,
    "dma100" : 187.80,
    "dma200" : 162.22,
    "volume" : 64366.00
  }, {
    "date" : "2025-08-14",
    "price" : 172.85,
    "dma50" : 185.96,
    "dma100" : 187.47,
    "dma200" : 162.33,
    "volume" : 56666.00
  }, {
    "date" : "2025-08-18",
    "price" : 170.68,
    "dma50" : 185.37,
    "dma100" : 187.20,
    "dma200" : 162.41,
    "volume" : 129120.00
  }, {
    "date" : "2025-08-19",
    "price" : 170.22,
    "dma50" : 184.77,
    "dma100" : 186.94,
    "dma200" : 162.49,
    "volume" : 104827.00
  }, {
    "date" : "2025-08-20",
    "price" : 167.33,
    "dma50" : 184.09,
    "dma100" : 186.66,
    "dma200" : 162.53,
    "volume" : 31181.00
  }, {
    "date" : "2025-08-21",
    "price" : 167.60,
    "dma50" : 183.44,
    "dma100" : 186.40,
    "dma200" : 162.58,
    "volume" : 38160.00
  }, {
    "date" : "2025-08-22",
    "price" : 165.22,
    "dma50" : 182.73,
    "dma100" : 186.15,
    "dma200" : 162.61,
    "volume" : 84769.00
  }, {
    "date" : "2025-08-25",
    "price" : 163.29,
    "dma50" : 181.96,
    "dma100" : 185.90,
    "dma200" : 162.62,
    "volume" : 247165.00
  }, {
    "date" : "2025-08-26",
    "price" : 161.21,
    "dma50" : 181.15,
    "dma100" : 185.61,
    "dma200" : 162.60,
    "volume" : 71674.00
  }, {
    "date" : "2025-08-28",
    "price" : 159.94,
    "dma50" : 180.32,
    "dma100" : 185.28,
    "dma200" : 162.58,
    "volume" : 38148.00
  }, {
    "date" : "2025-08-29",
    "price" : 157.34,
    "dma50" : 179.42,
    "dma100" : 184.93,
    "dma200" : 162.52,
    "volume" : 100571.00
  }, {
    "date" : "2025-09-01",
    "price" : 154.03,
    "dma50" : 178.42,
    "dma100" : 184.46,
    "dma200" : 162.44,
    "volume" : 33610.00
  }, {
    "date" : "2025-09-02",
    "price" : 147.94,
    "dma50" : 177.23,
    "dma100" : 183.98,
    "dma200" : 162.30,
    "volume" : 79919.00
  }, {
    "date" : "2025-09-03",
    "price" : 155.33,
    "dma50" : 176.37,
    "dma100" : 183.55,
    "dma200" : 162.23,
    "volume" : 801862.00
  }, {
    "date" : "2025-09-04",
    "price" : 162.39,
    "dma50" : 175.82,
    "dma100" : 183.20,
    "dma200" : 162.23,
    "volume" : 411829.00
  }, {
    "date" : "2025-09-05",
    "price" : 158.14,
    "dma50" : 175.13,
    "dma100" : 182.81,
    "dma200" : 162.19,
    "volume" : 143915.00
  }, {
    "date" : "2025-09-08",
    "price" : 166.04,
    "dma50" : 174.77,
    "dma100" : 182.48,
    "dma200" : 162.23,
    "volume" : 1789712.00
  }, {
    "date" : "2025-09-09",
    "price" : 174.34,
    "dma50" : 174.75,
    "dma100" : 182.24,
    "dma200" : 162.35,
    "volume" : 568646.00
  }, {
    "date" : "2025-09-10",
    "price" : 183.03,
    "dma50" : 175.08,
    "dma100" : 182.09,
    "dma200" : 162.55,
    "volume" : 3460268.00
  }, {
    "date" : "2025-09-11",
    "price" : 192.18,
    "dma50" : 175.75,
    "dma100" : 182.02,
    "dma200" : 162.85,
    "volume" : 1691064.00
  }, {
    "date" : "2025-09-12",
    "price" : 199.55,
    "dma50" : 176.68,
    "dma100" : 182.03,
    "dma200" : 163.21,
    "volume" : 520750.00
  }, {
    "date" : "2025-09-15",
    "price" : 194.97,
    "dma50" : 177.40,
    "dma100" : 181.99,
    "dma200" : 163.53,
    "volume" : 306026.00
  }, {
    "date" : "2025-09-16",
    "price" : 189.48,
    "dma50" : 177.87,
    "dma100" : 181.91,
    "dma200" : 163.79,
    "volume" : 946848.00
  }, {
    "date" : "2025-09-17",
    "price" : 198.95,
    "dma50" : 178.70,
    "dma100" : 181.91,
    "dma200" : 164.14,
    "volume" : 1255120.00
  }, {
    "date" : "2025-09-18",
    "price" : 205.36,
    "dma50" : 179.74,
    "dma100" : 181.98,
    "dma200" : 164.55,
    "volume" : 1802601.00
  }, {
    "date" : "2025-09-19",
    "price" : 210.75,
    "dma50" : 180.96,
    "dma100" : 182.10,
    "dma200" : 165.01,
    "volume" : 2681835.00
  }, {
    "date" : "2025-09-22",
    "price" : 220.60,
    "dma50" : 182.52,
    "dma100" : 182.33,
    "dma200" : 165.56,
    "volume" : 1352773.00
  }, {
    "date" : "2025-09-23",
    "price" : 230.80,
    "dma50" : 184.41,
    "dma100" : 182.67,
    "dma200" : 166.21,
    "volume" : 2544945.00
  }, {
    "date" : "2025-09-24",
    "price" : 240.28,
    "dma50" : 186.60,
    "dma100" : 183.14,
    "dma200" : 166.95,
    "volume" : 1114976.00
  }, {
    "date" : "2025-09-25",
    "price" : 248.29,
    "dma50" : 189.02,
    "dma100" : 183.77,
    "dma200" : 167.76,
    "volume" : 1884922.00
  }, {
    "date" : "2025-09-26",
    "price" : 258.52,
    "dma50" : 191.74,
    "dma100" : 184.50,
    "dma200" : 168.66,
    "volume" : 869727.00
  }, {
    "date" : "2025-09-29",
    "price" : 269.17,
    "dma50" : 194.78,
    "dma100" : 185.39,
    "dma200" : 169.66,
    "volume" : 1248847.00
  }, {
    "date" : "2025-09-30",
    "price" : 280.63,
    "dma50" : 198.15,
    "dma100" : 186.47,
    "dma200" : 170.76,
    "volume" : 1582475.00
  }, {
    "date" : "2025-10-01",
    "price" : 293.25,
    "dma50" : 201.88,
    "dma100" : 187.59,
    "dma200" : 171.98,
    "volume" : 1396018.00
  }, {
    "date" : "2025-10-03",
    "price" : 305.05,
    "dma50" : 205.92,
    "dma100" : 188.83,
    "dma200" : 173.31,
    "volume" : 1500451.00
  }, {
    "date" : "2025-10-06",
    "price" : 313.75,
    "dma50" : 210.15,
    "dma100" : 190.15,
    "dma200" : 174.70,
    "volume" : 3388910.00
  }, {
    "date" : "2025-10-07",
    "price" : 326.25,
    "dma50" : 214.70,
    "dma100" : 191.61,
    "dma200" : 176.21,
    "volume" : 2658102.00
  }, {
    "date" : "2025-10-08",
    "price" : 341.90,
    "dma50" : 219.69,
    "dma100" : 193.23,
    "dma200" : 177.86,
    "volume" : 1608752.00
  }, {
    "date" : "2025-10-09",
    "price" : 358.95,
    "dma50" : 225.15,
    "dma100" : 194.99,
    "dma200" : 179.66,
    "volume" : 2258711.00
  }, {
    "date" : "2025-10-10",
    "price" : 375.90,
    "dma50" : 231.07,
    "dma100" : 196.95,
    "dma200" : 181.61,
    "volume" : 2458475.00
  }, {
    "date" : "2025-10-13",
    "price" : 392.00,
    "dma50" : 237.38,
    "dma100" : 199.07,
    "dma200" : 183.71,
    "volume" : 1312935.00
  }, {
    "date" : "2025-10-14",
    "price" : 410.45,
    "dma50" : 244.16,
    "dma100" : 201.38,
    "dma200" : 185.96,
    "volume" : 1237994.00
  }, {
    "date" : "2025-10-15",
    "price" : 430.95,
    "dma50" : 251.49,
    "dma100" : 203.90,
    "dma200" : 188.40,
    "volume" : 1037859.00
  }, {
    "date" : "2025-10-16",
    "price" : 452.45,
    "dma50" : 259.37,
    "dma100" : 206.66,
    "dma200" : 191.03,
    "volume" : 1540158.00
  }, {
    "date" : "2025-10-17",
    "price" : 449.60,
    "dma50" : 266.83,
    "dma100" : 209.38,
    "dma200" : 193.60,
    "volume" : 1425881.00
  }, {
    "date" : "2025-10-20",
    "price" : 443.20,
    "dma50" : 273.75,
    "dma100" : 212.01,
    "dma200" : 196.09,
    "volume" : 769852.00
  }, {
    "date" : "2025-10-21",
    "price" : 427.55,
    "dma50" : 279.78,
    "dma100" : 214.40,
    "dma200" : 198.39,
    "volume" : 259119.00
  }, {
    "date" : "2025-10-23",
    "price" : 406.20,
    "dma50" : 284.74,
    "dma100" : 216.57,
    "dma200" : 200.46,
    "volume" : 1145931.00
  }, {
    "date" : "2025-10-24",
    "price" : 385.90,
    "dma50" : 288.70,
    "dma100" : 218.57,
    "dma200" : 202.30,
    "volume" : 80192.00
  }, {
    "date" : "2025-10-27",
    "price" : 366.60,
    "dma50" : 291.76,
    "dma100" : 220.46,
    "dma200" : 203.94,
    "volume" : 14335.00
  }, {
    "date" : "2025-10-28",
    "price" : 384.90,
    "dma50" : 295.41,
    "dma100" : 222.50,
    "dma200" : 205.74,
    "volume" : 1107922.00
  }, {
    "date" : "2025-10-29",
    "price" : 403.40,
    "dma50" : 299.64,
    "dma100" : 224.76,
    "dma200" : 207.70,
    "volume" : 858200.00
  }, {
    "date" : "2025-10-30",
    "price" : 393.60,
    "dma50" : 303.33,
    "dma100" : 226.89,
    "dma200" : 209.55,
    "volume" : 438205.00
  }, {
    "date" : "2025-10-31",
    "price" : 401.80,
    "dma50" : 307.19,
    "dma100" : 229.13,
    "dma200" : 211.47,
    "volume" : 506146.00
  }, {
    "date" : "2025-11-03",
    "price" : 388.50,
    "dma50" : 310.38,
    "dma100" : 231.24,
    "dma200" : 213.23,
    "volume" : 143747.00
  }, {
    "date" : "2025-11-04",
    "price" : 382.75,
    "dma50" : 313.22,
    "dma100" : 233.32,
    "dma200" : 214.91,
    "volume" : 158144.00
  }, {
    "date" : "2025-11-06",
    "price" : 382.80,
    "dma50" : 315.95,
    "dma100" : 235.42,
    "dma200" : 216.58,
    "volume" : 246941.00
  }, {
    "date" : "2025-11-07",
    "price" : 380.60,
    "dma50" : 318.48,
    "dma100" : 237.41,
    "dma200" : 218.22,
    "volume" : 234182.00
  }, {
    "date" : "2025-11-10",
    "price" : 366.40,
    "dma50" : 320.36,
    "dma100" : 239.26,
    "dma200" : 219.69,
    "volume" : 289357.00
  }, {
    "date" : "2025-11-11",
    "price" : 372.85,
    "dma50" : 322.42,
    "dma100" : 241.19,
    "dma200" : 221.22,
    "volume" : 286245.00
  }, {
    "date" : "2025-11-12",
    "price" : 365.50,
    "dma50" : 324.11,
    "dma100" : 243.03,
    "dma200" : 222.65,
    "volume" : 91308.00
  }, {
    "date" : "2025-11-13",
    "price" : 383.75,
    "dma50" : 326.45,
    "dma100" : 245.02,
    "dma200" : 224.25,
    "volume" : 258260.00
  }, {
    "date" : "2025-11-14",
    "price" : 402.90,
    "dma50" : 329.45,
    "dma100" : 247.19,
    "dma200" : 226.03,
    "volume" : 180482.00
  }, {
    "date" : "2025-11-17",
    "price" : 423.00,
    "dma50" : 333.11,
    "dma100" : 249.57,
    "dma200" : 227.99,
    "volume" : 120729.00
  }, {
    "date" : "2025-11-18",
    "price" : 444.15,
    "dma50" : 337.47,
    "dma100" : 252.16,
    "dma200" : 230.14,
    "volume" : 210082.00
  }, {
    "date" : "2025-11-19",
    "price" : 436.85,
    "dma50" : 341.37,
    "dma100" : 254.68,
    "dma200" : 232.20,
    "volume" : 966586.00
  }, {
    "date" : "2025-11-20",
    "price" : 435.55,
    "dma50" : 345.06,
    "dma100" : 257.23,
    "dma200" : 234.22,
    "volume" : 282094.00
  }, {
    "date" : "2025-11-21",
    "price" : 436.65,
    "dma50" : 348.65,
    "dma100" : 259.80,
    "dma200" : 236.24,
    "volume" : 169680.00
  }, {
    "date" : "2025-11-24",
    "price" : 456.10,
    "dma50" : 352.87,
    "dma100" : 262.56,
    "dma200" : 238.42,
    "volume" : 425177.00
  }, {
    "date" : "2025-11-25",
    "price" : 460.40,
    "dma50" : 357.08,
    "dma100" : 265.37,
    "dma200" : 240.63,
    "volume" : 254139.00
  }, {
    "date" : "2025-11-26",
    "price" : 458.65,
    "dma50" : 361.07,
    "dma100" : 268.16,
    "dma200" : 242.80,
    "volume" : 431779.00
  }, {
    "date" : "2025-11-27",
    "price" : 440.60,
    "dma50" : 364.18,
    "dma100" : 270.78,
    "dma200" : 244.77,
    "volume" : 424268.00
  }, {
    "date" : "2025-11-28",
    "price" : 424.75,
    "dma50" : 366.56,
    "dma100" : 273.25,
    "dma200" : 246.56,
    "volume" : 346770.00
  }, {
    "date" : "2025-12-01",
    "price" : 404.15,
    "dma50" : 368.03,
    "dma100" : 275.45,
    "dma200" : 248.13,
    "volume" : 324979.00
  }, {
    "date" : "2025-12-02",
    "price" : 421.10,
    "dma50" : 370.11,
    "dma100" : 277.81,
    "dma200" : 249.85,
    "volume" : 250561.00
  }, {
    "date" : "2025-12-03",
    "price" : 429.70,
    "dma50" : 372.45,
    "dma100" : 280.24,
    "dma200" : 251.64,
    "volume" : 127835.00
  }, {
    "date" : "2025-12-04",
    "price" : 420.00,
    "dma50" : 374.32,
    "dma100" : 282.57,
    "dma200" : 253.32,
    "volume" : 113362.00
  }, {
    "date" : "2025-12-05",
    "price" : 400.50,
    "dma50" : 375.34,
    "dma100" : 284.69,
    "dma200" : 254.78,
    "volume" : 118426.00
  }, {
    "date" : "2025-12-08",
    "price" : 383.50,
    "dma50" : 375.66,
    "dma100" : 286.61,
    "dma200" : 256.06,
    "volume" : 101352.00
  }, {
    "date" : "2025-12-09",
    "price" : 375.10,
    "dma50" : 375.64,
    "dma100" : 288.34,
    "dma200" : 257.25,
    "volume" : 216760.00
  } ],
  "latestTechnicalAttributes" : {
    "date" : "2025-12-09",
    "price" : 375.10,
    "dma50" : 375.64,
    "dma100" : 288.34,
    "dma200" : 257.25,
    "volume" : 216760.00
  },
  "quarterlyResults" : [ {
    "date" : "2010-12-31",
    "sales" : 1.32,
    "salesGrowthYoY" : null,
    "grossProfitMargin" : 97.73,
    "grossProfit" : 1.29,
    "operatingProfitMargin" : 53.79,
    "operatingProfit" : 0.71,
    "netProfitMargin" : 36.36,
    "netProfit" : 0.48
  }, {
    "date" : "2011-03-31",
    "sales" : 0.84,
    "salesGrowthYoY" : null,
    "grossProfitMargin" : 94.05,
    "grossProfit" : 0.79,
    "operatingProfitMargin" : 1.19,
    "operatingProfit" : 0.01,
    "netProfitMargin" : -9.52,
    "netProfit" : -0.08
  }, {
    "date" : "2011-06-30",
    "sales" : 0.53,
    "salesGrowthYoY" : null,
    "grossProfitMargin" : 100.00,
    "grossProfit" : 0.53,
    "operatingProfitMargin" : -3.77,
    "operatingProfit" : -0.02,
    "netProfitMargin" : -3.77,
    "netProfit" : -0.02
  }, {
    "date" : "2011-09-30",
    "sales" : 0.27,
    "salesGrowthYoY" : null,
    "grossProfitMargin" : 118.52,
    "grossProfit" : 0.32,
    "operatingProfitMargin" : -122.22,
    "operatingProfit" : -0.33,
    "netProfitMargin" : -107.41,
    "netProfit" : -0.29
  }, {
    "date" : "2011-12-31",
    "sales" : 2.14,
    "salesGrowthYoY" : 62.12,
    "grossProfitMargin" : 54.21,
    "grossProfit" : 1.16,
    "operatingProfitMargin" : 22.90,
    "operatingProfit" : 0.49,
    "netProfitMargin" : 32.24,
    "netProfit" : 0.69
  }, {
    "date" : "2012-03-31",
    "sales" : 1.46,
    "salesGrowthYoY" : 73.81,
    "grossProfitMargin" : -25.34,
    "grossProfit" : -0.37,
    "operatingProfitMargin" : -57.53,
    "operatingProfit" : -0.84,
    "netProfitMargin" : -2.05,
    "netProfit" : -0.03
  }, {
    "date" : "2012-06-30",
    "sales" : 2.16,
    "salesGrowthYoY" : 307.55,
    "grossProfitMargin" : 65.28,
    "grossProfit" : 1.41,
    "operatingProfitMargin" : 35.65,
    "operatingProfit" : 0.77,
    "netProfitMargin" : 47.22,
    "netProfit" : 1.02
  }, {
    "date" : "2012-09-30",
    "sales" : 1.57,
    "salesGrowthYoY" : 481.48,
    "grossProfitMargin" : 110.83,
    "grossProfit" : 1.74,
    "operatingProfitMargin" : -182.80,
    "operatingProfit" : -2.87,
    "netProfitMargin" : -110.83,
    "netProfit" : -1.74
  }, {
    "date" : "2012-12-31",
    "sales" : 1.92,
    "salesGrowthYoY" : -10.28,
    "grossProfitMargin" : -7.81,
    "grossProfit" : -0.15,
    "operatingProfitMargin" : -37.50,
    "operatingProfit" : -0.72,
    "netProfitMargin" : -3.65,
    "netProfit" : -0.07
  }, {
    "date" : "2013-03-31",
    "sales" : 1.34,
    "salesGrowthYoY" : -8.22,
    "grossProfitMargin" : 79.85,
    "grossProfit" : 1.07,
    "operatingProfitMargin" : 19.40,
    "operatingProfit" : 0.26,
    "netProfitMargin" : 61.94,
    "netProfit" : 0.83
  }, {
    "date" : "2013-06-30",
    "sales" : 1.52,
    "salesGrowthYoY" : -29.63,
    "grossProfitMargin" : -19.74,
    "grossProfit" : -0.30,
    "operatingProfitMargin" : -62.50,
    "operatingProfit" : -0.95,
    "netProfitMargin" : -31.58,
    "netProfit" : -0.48
  }, {
    "date" : "2013-09-30",
    "sales" : 4.59,
    "salesGrowthYoY" : 192.36,
    "grossProfitMargin" : 22.88,
    "grossProfit" : 1.05,
    "operatingProfitMargin" : 8.71,
    "operatingProfit" : 0.40,
    "netProfitMargin" : 15.25,
    "netProfit" : 0.70
  }, {
    "date" : "2013-12-31",
    "sales" : 5.23,
    "salesGrowthYoY" : 172.40,
    "grossProfitMargin" : 9.75,
    "grossProfit" : 0.51,
    "operatingProfitMargin" : -1.53,
    "operatingProfit" : -0.08,
    "netProfitMargin" : 6.69,
    "netProfit" : 0.35
  }, {
    "date" : "2014-03-31",
    "sales" : 7.46,
    "salesGrowthYoY" : 456.72,
    "grossProfitMargin" : 9.65,
    "grossProfit" : 0.72,
    "operatingProfitMargin" : -1.88,
    "operatingProfit" : -0.14,
    "netProfitMargin" : 1.61,
    "netProfit" : 0.12
  }, {
    "date" : "2014-06-30",
    "sales" : 12.61,
    "salesGrowthYoY" : 729.61,
    "grossProfitMargin" : 12.93,
    "grossProfit" : 1.63,
    "operatingProfitMargin" : 6.26,
    "operatingProfit" : 0.79,
    "netProfitMargin" : 15.07,
    "netProfit" : 1.90
  }, {
    "date" : "2014-09-30",
    "sales" : 5.61,
    "salesGrowthYoY" : 22.22,
    "grossProfitMargin" : -29.95,
    "grossProfit" : -1.68,
    "operatingProfitMargin" : -43.49,
    "operatingProfit" : -2.44,
    "netProfitMargin" : -23.89,
    "netProfit" : -1.34
  }, {
    "date" : "2014-12-31",
    "sales" : 3.96,
    "salesGrowthYoY" : -24.28,
    "grossProfitMargin" : -5.81,
    "grossProfit" : -0.23,
    "operatingProfitMargin" : -23.74,
    "operatingProfit" : -0.94,
    "netProfitMargin" : 1.52,
    "netProfit" : 0.06
  }, {
    "date" : "2015-03-31",
    "sales" : 9.83,
    "salesGrowthYoY" : 31.77,
    "grossProfitMargin" : 25.64,
    "grossProfit" : 2.52,
    "operatingProfitMargin" : 16.17,
    "operatingProfit" : 1.59,
    "netProfitMargin" : 18.31,
    "netProfit" : 1.80
  }, {
    "date" : "2015-06-30",
    "sales" : 4.65,
    "salesGrowthYoY" : -63.12,
    "grossProfitMargin" : -5.16,
    "grossProfit" : -0.24,
    "operatingProfitMargin" : -18.49,
    "operatingProfit" : -0.86,
    "netProfitMargin" : 164.09,
    "netProfit" : 7.63
  }, {
    "date" : "2015-09-30",
    "sales" : 8.89,
    "salesGrowthYoY" : 58.47,
    "grossProfitMargin" : -3.37,
    "grossProfit" : -0.30,
    "operatingProfitMargin" : -12.60,
    "operatingProfit" : -1.12,
    "netProfitMargin" : 3.49,
    "netProfit" : 0.31
  }, {
    "date" : "2015-12-31",
    "sales" : 16.43,
    "salesGrowthYoY" : 314.90,
    "grossProfitMargin" : 15.09,
    "grossProfit" : 2.48,
    "operatingProfitMargin" : 10.23,
    "operatingProfit" : 1.68,
    "netProfitMargin" : 10.65,
    "netProfit" : 1.75
  }, {
    "date" : "2016-03-31",
    "sales" : 8.66,
    "salesGrowthYoY" : -11.90,
    "grossProfitMargin" : -25.98,
    "grossProfit" : -2.25,
    "operatingProfitMargin" : -36.49,
    "operatingProfit" : -3.16,
    "netProfitMargin" : -36.49,
    "netProfit" : -3.16
  }, {
    "date" : "2016-06-30",
    "sales" : 5.84,
    "salesGrowthYoY" : 25.59,
    "grossProfitMargin" : 13.18,
    "grossProfit" : 0.77,
    "operatingProfitMargin" : 3.94,
    "operatingProfit" : 0.23,
    "netProfitMargin" : 0.86,
    "netProfit" : 0.05
  }, {
    "date" : "2016-09-30",
    "sales" : 15.19,
    "salesGrowthYoY" : 70.87,
    "grossProfitMargin" : 10.14,
    "grossProfit" : 1.54,
    "operatingProfitMargin" : -0.72,
    "operatingProfit" : -0.11,
    "netProfitMargin" : 0.46,
    "netProfit" : 0.07
  }, {
    "date" : "2016-12-31",
    "sales" : 11.06,
    "salesGrowthYoY" : -32.68,
    "grossProfitMargin" : -7.78,
    "grossProfit" : -0.86,
    "operatingProfitMargin" : -31.10,
    "operatingProfit" : -3.44,
    "netProfitMargin" : -30.74,
    "netProfit" : -3.40
  }, {
    "date" : "2017-03-31",
    "sales" : 12.04,
    "salesGrowthYoY" : 39.03,
    "grossProfitMargin" : 21.59,
    "grossProfit" : 2.60,
    "operatingProfitMargin" : 13.12,
    "operatingProfit" : 1.58,
    "netProfitMargin" : 14.45,
    "netProfit" : 1.74
  }, {
    "date" : "2017-06-30",
    "sales" : 12.84,
    "salesGrowthYoY" : 119.86,
    "grossProfitMargin" : 10.98,
    "grossProfit" : 1.41,
    "operatingProfitMargin" : 6.07,
    "operatingProfit" : 0.78,
    "netProfitMargin" : 6.23,
    "netProfit" : 0.80
  }, {
    "date" : "2017-09-30",
    "sales" : 12.41,
    "salesGrowthYoY" : -18.30,
    "grossProfitMargin" : 12.25,
    "grossProfit" : 1.52,
    "operatingProfitMargin" : 6.77,
    "operatingProfit" : 0.84,
    "netProfitMargin" : 5.56,
    "netProfit" : 0.69
  }, {
    "date" : "2017-12-31",
    "sales" : 12.91,
    "salesGrowthYoY" : 16.73,
    "grossProfitMargin" : 76.07,
    "grossProfit" : 9.82,
    "operatingProfitMargin" : 69.48,
    "operatingProfit" : 8.97,
    "netProfitMargin" : 48.33,
    "netProfit" : 6.24
  }, {
    "date" : "2018-03-31",
    "sales" : 14.60,
    "salesGrowthYoY" : 21.26,
    "grossProfitMargin" : 2.19,
    "grossProfit" : 0.32,
    "operatingProfitMargin" : -17.33,
    "operatingProfit" : -2.53,
    "netProfitMargin" : 8.29,
    "netProfit" : 1.21
  }, {
    "date" : "2018-06-30",
    "sales" : 1.51,
    "salesGrowthYoY" : -88.24,
    "grossProfitMargin" : 100.00,
    "grossProfit" : 1.51,
    "operatingProfitMargin" : -34.44,
    "operatingProfit" : -0.52,
    "netProfitMargin" : -62.25,
    "netProfit" : -0.94
  }, {
    "date" : "2018-09-30",
    "sales" : 6.85,
    "salesGrowthYoY" : -44.80,
    "grossProfitMargin" : 100.00,
    "grossProfit" : 6.85,
    "operatingProfitMargin" : 81.31,
    "operatingProfit" : 5.57,
    "netProfitMargin" : 69.93,
    "netProfit" : 4.79
  }, {
    "date" : "2018-12-31",
    "sales" : 2.31,
    "salesGrowthYoY" : -82.11,
    "grossProfitMargin" : 100.00,
    "grossProfit" : 2.31,
    "operatingProfitMargin" : -243.72,
    "operatingProfit" : -5.63,
    "netProfitMargin" : -180.09,
    "netProfit" : -4.16
  }, {
    "date" : "2019-03-31",
    "sales" : 1.63,
    "salesGrowthYoY" : -88.84,
    "grossProfitMargin" : 100.00,
    "grossProfit" : 1.63,
    "operatingProfitMargin" : 57.06,
    "operatingProfit" : 0.93,
    "netProfitMargin" : -25.77,
    "netProfit" : -0.42
  }, {
    "date" : "2019-06-30",
    "sales" : 1.83,
    "salesGrowthYoY" : 21.19,
    "grossProfitMargin" : 100.00,
    "grossProfit" : 1.83,
    "operatingProfitMargin" : -28.96,
    "operatingProfit" : -0.53,
    "netProfitMargin" : -23.50,
    "netProfit" : -0.43
  }, {
    "date" : "2019-09-30",
    "sales" : 2.57,
    "salesGrowthYoY" : -62.48,
    "grossProfitMargin" : 100.00,
    "grossProfit" : 2.57,
    "operatingProfitMargin" : 37.74,
    "operatingProfit" : 0.97,
    "netProfitMargin" : 7.78,
    "netProfit" : 0.20
  }, {
    "date" : "2019-12-31",
    "sales" : 3.57,
    "salesGrowthYoY" : 54.55,
    "grossProfitMargin" : 100.00,
    "grossProfit" : 3.57,
    "operatingProfitMargin" : 48.46,
    "operatingProfit" : 1.73,
    "netProfitMargin" : 17.65,
    "netProfit" : 0.63
  }, {
    "date" : "2020-03-31",
    "sales" : 2.54,
    "salesGrowthYoY" : 55.83,
    "grossProfitMargin" : 100.00,
    "grossProfit" : 2.54,
    "operatingProfitMargin" : -554.33,
    "operatingProfit" : -14.08,
    "netProfitMargin" : -444.88,
    "netProfit" : -11.30
  }, {
    "date" : "2020-06-30",
    "sales" : 2.31,
    "salesGrowthYoY" : 26.23,
    "grossProfitMargin" : 100.00,
    "grossProfit" : 2.31,
    "operatingProfitMargin" : 50.65,
    "operatingProfit" : 1.17,
    "netProfitMargin" : 48.48,
    "netProfit" : 1.12
  }, {
    "date" : "2020-09-30",
    "sales" : 5.06,
    "salesGrowthYoY" : 96.89,
    "grossProfitMargin" : 100.00,
    "grossProfit" : 5.06,
    "operatingProfitMargin" : 75.10,
    "operatingProfit" : 3.80,
    "netProfitMargin" : 74.90,
    "netProfit" : 3.79
  }, {
    "date" : "2020-12-31",
    "sales" : 8.24,
    "salesGrowthYoY" : 130.81,
    "grossProfitMargin" : 100.00,
    "grossProfit" : 8.24,
    "operatingProfitMargin" : 85.44,
    "operatingProfit" : 7.04,
    "netProfitMargin" : 61.41,
    "netProfit" : 5.06
  }, {
    "date" : "2021-03-31",
    "sales" : 6.26,
    "salesGrowthYoY" : 146.46,
    "grossProfitMargin" : 100.00,
    "grossProfit" : 6.26,
    "operatingProfitMargin" : 41.37,
    "operatingProfit" : 2.59,
    "netProfitMargin" : 5.27,
    "netProfit" : 0.33
  }, {
    "date" : "2021-06-30",
    "sales" : 8.55,
    "salesGrowthYoY" : 270.13,
    "grossProfitMargin" : 100.00,
    "grossProfit" : 8.55,
    "operatingProfitMargin" : 84.21,
    "operatingProfit" : 7.20,
    "netProfitMargin" : 76.61,
    "netProfit" : 6.55
  }, {
    "date" : "2021-09-30",
    "sales" : 6.40,
    "salesGrowthYoY" : 26.48,
    "grossProfitMargin" : 100.00,
    "grossProfit" : 6.40,
    "operatingProfitMargin" : 77.50,
    "operatingProfit" : 4.96,
    "netProfitMargin" : 57.34,
    "netProfit" : 3.67
  }, {
    "date" : "2021-12-31",
    "sales" : 2.24,
    "salesGrowthYoY" : -72.82,
    "grossProfitMargin" : 100.00,
    "grossProfit" : 2.24,
    "operatingProfitMargin" : 3.12,
    "operatingProfit" : 0.07,
    "netProfitMargin" : -10.27,
    "netProfit" : -0.23
  }, {
    "date" : "2022-03-31",
    "sales" : 2.86,
    "salesGrowthYoY" : -54.31,
    "grossProfitMargin" : 100.00,
    "grossProfit" : 2.86,
    "operatingProfitMargin" : 25.87,
    "operatingProfit" : 0.74,
    "netProfitMargin" : 14.34,
    "netProfit" : 0.41
  }, {
    "date" : "2022-06-30",
    "sales" : 1.88,
    "salesGrowthYoY" : -78.01,
    "grossProfitMargin" : 100.00,
    "grossProfit" : 1.88,
    "operatingProfitMargin" : -300.53,
    "operatingProfit" : -5.65,
    "netProfitMargin" : -302.13,
    "netProfit" : -5.68
  }, {
    "date" : "2022-09-30",
    "sales" : 10.04,
    "salesGrowthYoY" : 56.87,
    "grossProfitMargin" : 100.00,
    "grossProfit" : 10.04,
    "operatingProfitMargin" : 81.37,
    "operatingProfit" : 8.17,
    "netProfitMargin" : 71.61,
    "netProfit" : 7.19
  }, {
    "date" : "2022-12-31",
    "sales" : 2.59,
    "salesGrowthYoY" : 15.62,
    "grossProfitMargin" : 100.00,
    "grossProfit" : 2.59,
    "operatingProfitMargin" : 24.71,
    "operatingProfit" : 0.64,
    "netProfitMargin" : 11.58,
    "netProfit" : 0.30
  }, {
    "date" : "2023-03-31",
    "sales" : 2.08,
    "salesGrowthYoY" : -27.27,
    "grossProfitMargin" : 100.00,
    "grossProfit" : 2.08,
    "operatingProfitMargin" : -466.83,
    "operatingProfit" : -9.71,
    "netProfitMargin" : -365.87,
    "netProfit" : -7.61
  }, {
    "date" : "2023-06-30",
    "sales" : 6.91,
    "salesGrowthYoY" : 267.55,
    "grossProfitMargin" : 100.00,
    "grossProfit" : 6.91,
    "operatingProfitMargin" : 69.18,
    "operatingProfit" : 4.78,
    "netProfitMargin" : 49.64,
    "netProfit" : 3.43
  }, {
    "date" : "2023-09-30",
    "sales" : 8.51,
    "salesGrowthYoY" : -15.24,
    "grossProfitMargin" : 100.00,
    "grossProfit" : 8.51,
    "operatingProfitMargin" : 72.39,
    "operatingProfit" : 6.16,
    "netProfitMargin" : 55.23,
    "netProfit" : 4.70
  }, {
    "date" : "2023-12-31",
    "sales" : 9.27,
    "salesGrowthYoY" : 257.92,
    "grossProfitMargin" : 100.00,
    "grossProfit" : 9.27,
    "operatingProfitMargin" : 72.49,
    "operatingProfit" : 6.72,
    "netProfitMargin" : 59.87,
    "netProfit" : 5.55
  }, {
    "date" : "2024-03-31",
    "sales" : 6.34,
    "salesGrowthYoY" : 204.81,
    "grossProfitMargin" : 100.00,
    "grossProfit" : 6.34,
    "operatingProfitMargin" : 69.40,
    "operatingProfit" : 4.40,
    "netProfitMargin" : 46.21,
    "netProfit" : 2.93
  }, {
    "date" : "2024-06-30",
    "sales" : 9.01,
    "salesGrowthYoY" : 30.39,
    "grossProfitMargin" : 100.00,
    "grossProfit" : 9.01,
    "operatingProfitMargin" : 66.59,
    "operatingProfit" : 6.00,
    "netProfitMargin" : 53.61,
    "netProfit" : 4.83
  }, {
    "date" : "2024-09-30",
    "sales" : 9.73,
    "salesGrowthYoY" : 14.34,
    "grossProfitMargin" : 100.00,
    "grossProfit" : 9.73,
    "operatingProfitMargin" : 65.36,
    "operatingProfit" : 6.36,
    "netProfitMargin" : 50.57,
    "netProfit" : 4.92
  }, {
    "date" : "2024-12-31",
    "sales" : 5.54,
    "salesGrowthYoY" : -40.24,
    "grossProfitMargin" : 100.00,
    "grossProfit" : 5.54,
    "operatingProfitMargin" : 35.74,
    "operatingProfit" : 1.98,
    "netProfitMargin" : 24.01,
    "netProfit" : 1.33
  }, {
    "date" : "2025-03-31",
    "sales" : 5.83,
    "salesGrowthYoY" : -8.04,
    "grossProfitMargin" : 100.00,
    "grossProfit" : 5.83,
    "operatingProfitMargin" : -23.16,
    "operatingProfit" : -1.35,
    "netProfitMargin" : -33.96,
    "netProfit" : -1.98
  }, {
    "date" : "2025-06-30",
    "sales" : 14.02,
    "salesGrowthYoY" : 55.60,
    "grossProfitMargin" : 100.00,
    "grossProfit" : 14.02,
    "operatingProfitMargin" : 73.54,
    "operatingProfit" : 10.31,
    "netProfitMargin" : 58.92,
    "netProfit" : 8.26
  }, {
    "date" : "2025-09-30",
    "sales" : 23.62,
    "salesGrowthYoY" : 142.75,
    "grossProfitMargin" : 100.00,
    "grossProfit" : 23.62,
    "operatingProfitMargin" : 85.31,
    "operatingProfit" : 20.15,
    "netProfitMargin" : 61.85,
    "netProfit" : 14.61
  } ],
  "latestQuarterlyResult" : {
    "date" : "2025-09-30",
    "sales" : 23.62,
    "salesGrowthYoY" : 142.75,
    "grossProfitMargin" : 100.00,
    "grossProfit" : 23.62,
    "operatingProfitMargin" : 85.31,
    "operatingProfit" : 20.15,
    "netProfitMargin" : 61.85,
    "netProfit" : 14.61
  },
  "companyScore" : {
    "priceHigherThanDma50" : 0.00,
    "priceHigherThanDma100" : 5.00,
    "priceHigherThanDma200" : 5.00,
    "dma50HigherThanDma100" : 5.00,
    "dma50HigherThanDma200" : 5.00,
    "dma100HigherThanDma200" : 5.00,
    "pricePercentageAboveDma50" : 5.01,
    "pricePercentageAboveDma100" : 3.50,
    "pricePercentageAboveDma200" : 2.71,
    "weeklyVolumeHigherThanYearlyVolume" : 0.00,
    "salesGrowthPercentile" : 15.71,
    "operatingProfitMarginPercentile" : 20.00,
    "netProfitMarginPercentile" : 9.00,
    "totalTechnicalScore" : 36.21,
    "totalFundamentalScore" : 44.71,
    "totalScore" : 80.92
  }
}