{
  "metadata" : {
    "screenerCompanyId" : "1199533",
    "companyCode" : "INTELLECT",
    "companyName" : "Intellect Design",
    "screenerCompanyLink" : "https://www.screener.in/company/INTELLECT/consolidated/",
    "screenerTechnicalHistoryLink" : "https://www.screener.in/api/company/1199533/chart/?q=Price-DMA50-DMA200-Volume&days=365",
    "screenerQuarterlyResultsLink" : "https://www.screener.in/api/company/1199533/chart/?q=GPM-OPM-NPM-Quarter+Sales&days=10000",
    "attributes" : {
      "companyCode" : "INTELLECT",
      "companyName" : "Intellect Design",
      "marketCap" : 13392.00,
      "peRatio" : 33.30,
      "description" : "Incorporated in 2011, Intellect Design Arena Limited works globally in the fields of Financial Technology for Banking, Insurance and other Financial Services. The company has a comprehensive portfolio of products across Global Consumer Banking, Central Banking, Risk & Treasury Management, Global Transaction Banking and Insurance and is also engaged in the business of software development."
    },
    "companyScore" : {
      "priceHigherThanDma50" : 0.00,
      "priceHigherThanDma100" : 0.00,
      "priceHigherThanDma200" : 0.00,
      "dma50HigherThanDma100" : 5.00,
      "dma50HigherThanDma200" : 5.00,
      "dma100HigherThanDma200" : 5.00,
      "pricePercentageAboveDma50" : 5.35,
      "pricePercentageAboveDma100" : 5.29,
      "pricePercentageAboveDma200" : 5.20,
      "weeklyVolumeHigherThanYearlyVolume" : 0.00,
      "salesGrowthPercentile" : 14.29,
      "operatingProfitMarginPercentile" : 18.27,
      "netProfitMarginPercentile" : 8.04,
      "totalTechnicalScore" : 30.84,
      "totalFundamentalScore" : 40.60,
      "totalScore" : 71.44
    }
  },
  "attributes" : {
    "companyCode" : "INTELLECT",
    "companyName" : "Intellect Design",
    "marketCap" : 13392.00,
    "peRatio" : 33.30,
    "description" : "Incorporated in 2011, Intellect Design Arena Limited works globally in the fields of Financial Technology for Banking, Insurance and other Financial Services. The company has a comprehensive portfolio of products across Global Consumer Banking, Central Banking, Risk & Treasury Management, Global Transaction Banking and Insurance and is also engaged in the business of software development."
  },
  "technicalHistory" : [ {
    "date" : "2025-01-06",
    "price" : 901.90,
    "dma50" : 862.54,
    "dma100" : null,
    "dma200" : 886.27,
    "volume" : 796252.00
  }, {
    "date" : "2025-01-07",
    "price" : 978.80,
    "dma50" : 867.10,
    "dma100" : null,
    "dma200" : 887.19,
    "volume" : 16989977.00
  }, {
    "date" : "2025-01-08",
    "price" : 925.65,
    "dma50" : 869.40,
    "dma100" : null,
    "dma200" : 887.57,
    "volume" : 1735701.00
  }, {
    "date" : "2025-01-09",
    "price" : 906.00,
    "dma50" : 870.83,
    "dma100" : null,
    "dma200" : 887.75,
    "volume" : 984584.00
  }, {
    "date" : "2025-01-10",
    "price" : 909.35,
    "dma50" : 872.34,
    "dma100" : null,
    "dma200" : 887.97,
    "volume" : 1300395.00
  }, {
    "date" : "2025-01-13",
    "price" : 895.90,
    "dma50" : 873.27,
    "dma100" : null,
    "dma200" : 888.05,
    "volume" : 1241979.00
  }, {
    "date" : "2025-01-14",
    "price" : 900.40,
    "dma50" : 874.33,
    "dma100" : null,
    "dma200" : 888.17,
    "volume" : 493711.00
  }, {
    "date" : "2025-01-15",
    "price" : 904.10,
    "dma50" : 875.50,
    "dma100" : null,
    "dma200" : 888.33,
    "volume" : 571445.00
  }, {
    "date" : "2025-01-16",
    "price" : 902.90,
    "dma50" : 876.57,
    "dma100" : null,
    "dma200" : 888.48,
    "volume" : 563558.00
  }, {
    "date" : "2025-01-17",
    "price" : 896.20,
    "dma50" : 877.34,
    "dma100" : null,
    "dma200" : 888.55,
    "volume" : 374298.00
  }, {
    "date" : "2025-01-20",
    "price" : 919.10,
    "dma50" : 878.98,
    "dma100" : null,
    "dma200" : 888.86,
    "volume" : 539885.00
  }, {
    "date" : "2025-01-21",
    "price" : 901.85,
    "dma50" : 879.88,
    "dma100" : null,
    "dma200" : 888.99,
    "volume" : 634704.00
  }, {
    "date" : "2025-01-22",
    "price" : 886.70,
    "dma50" : 880.15,
    "dma100" : null,
    "dma200" : 888.96,
    "volume" : 415053.00
  }, {
    "date" : "2025-01-23",
    "price" : 898.90,
    "dma50" : 880.88,
    "dma100" : null,
    "dma200" : 889.06,
    "volume" : 771746.00
  }, {
    "date" : "2025-01-24",
    "price" : 892.20,
    "dma50" : 881.32,
    "dma100" : null,
    "dma200" : 889.09,
    "volume" : 456091.00
  }, {
    "date" : "2025-01-27",
    "price" : 861.50,
    "dma50" : 880.55,
    "dma100" : null,
    "dma200" : 888.82,
    "volume" : 632669.00
  }, {
    "date" : "2025-01-28",
    "price" : 856.05,
    "dma50" : 879.59,
    "dma100" : null,
    "dma200" : 888.49,
    "volume" : 488224.00
  }, {
    "date" : "2025-01-29",
    "price" : 821.90,
    "dma50" : 877.32,
    "dma100" : null,
    "dma200" : 887.83,
    "volume" : 1600892.00
  }, {
    "date" : "2025-01-30",
    "price" : 776.45,
    "dma50" : 873.37,
    "dma100" : null,
    "dma200" : 886.72,
    "volume" : 1170198.00
  }, {
    "date" : "2025-01-31",
    "price" : 811.00,
    "dma50" : 870.92,
    "dma100" : null,
    "dma200" : 885.97,
    "volume" : 1508364.00
  }, {
    "date" : "2025-02-01",
    "price" : 824.95,
    "dma50" : 869.12,
    "dma100" : null,
    "dma200" : 885.36,
    "volume" : 253889.00
  }, {
    "date" : "2025-02-03",
    "price" : 792.75,
    "dma50" : 866.13,
    "dma100" : null,
    "dma200" : 884.44,
    "volume" : 280789.00
  }, {
    "date" : "2025-02-04",
    "price" : 814.00,
    "dma50" : 864.08,
    "dma100" : null,
    "dma200" : 883.74,
    "volume" : 230048.00
  }, {
    "date" : "2025-02-05",
    "price" : 824.25,
    "dma50" : 862.52,
    "dma100" : null,
    "dma200" : 883.15,
    "volume" : 606175.00
  }, {
    "date" : "2025-02-06",
    "price" : 814.60,
    "dma50" : 860.64,
    "dma100" : null,
    "dma200" : 882.46,
    "volume" : 226088.00
  }, {
    "date" : "2025-02-07",
    "price" : 811.45,
    "dma50" : 858.71,
    "dma100" : null,
    "dma200" : 881.76,
    "volume" : 173839.00
  }, {
    "date" : "2025-02-10",
    "price" : 790.95,
    "dma50" : 856.05,
    "dma100" : null,
    "dma200" : 880.85,
    "volume" : 153622.00
  }, {
    "date" : "2025-02-11",
    "price" : 750.65,
    "dma50" : 851.92,
    "dma100" : null,
    "dma200" : 879.56,
    "volume" : 456138.00
  }, {
    "date" : "2025-02-12",
    "price" : 738.90,
    "dma50" : 847.49,
    "dma100" : null,
    "dma200" : 878.16,
    "volume" : 345529.00
  }, {
    "date" : "2025-02-13",
    "price" : 734.20,
    "dma50" : 843.05,
    "dma100" : null,
    "dma200" : 876.73,
    "volume" : 260199.00
  }, {
    "date" : "2025-02-14",
    "price" : 705.30,
    "dma50" : 837.64,
    "dma100" : null,
    "dma200" : 875.02,
    "volume" : 333969.00
  }, {
    "date" : "2025-02-17",
    "price" : 701.75,
    "dma50" : 832.31,
    "dma100" : null,
    "dma200" : 873.30,
    "volume" : 308693.00
  }, {
    "date" : "2025-02-18",
    "price" : 694.45,
    "dma50" : 826.91,
    "dma100" : null,
    "dma200" : 871.52,
    "volume" : 255643.00
  }, {
    "date" : "2025-02-19",
    "price" : 713.65,
    "dma50" : 822.47,
    "dma100" : null,
    "dma200" : 869.95,
    "volume" : 299498.00
  }, {
    "date" : "2025-02-20",
    "price" : 720.45,
    "dma50" : 818.47,
    "dma100" : null,
    "dma200" : 868.46,
    "volume" : 460730.00
  }, {
    "date" : "2025-02-21",
    "price" : 725.30,
    "dma50" : 814.81,
    "dma100" : null,
    "dma200" : 867.03,
    "volume" : 452449.00
  }, {
    "date" : "2025-02-24",
    "price" : 727.55,
    "dma50" : 811.39,
    "dma100" : null,
    "dma200" : 865.65,
    "volume" : 405055.00
  }, {
    "date" : "2025-02-25",
    "price" : 712.55,
    "dma50" : 807.51,
    "dma100" : null,
    "dma200" : 864.12,
    "volume" : 173022.00
  }, {
    "date" : "2025-02-27",
    "price" : 702.10,
    "dma50" : 803.38,
    "dma100" : null,
    "dma200" : 862.51,
    "volume" : 231636.00
  }, {
    "date" : "2025-02-28",
    "price" : 665.70,
    "dma50" : 797.98,
    "dma100" : null,
    "dma200" : 860.55,
    "volume" : 684673.00
  }, {
    "date" : "2025-03-03",
    "price" : 647.55,
    "dma50" : 792.08,
    "dma100" : null,
    "dma200" : 858.43,
    "volume" : 400954.00
  }, {
    "date" : "2025-03-04",
    "price" : 647.50,
    "dma50" : 786.41,
    "dma100" : null,
    "dma200" : 856.33,
    "volume" : 459224.00
  }, {
    "date" : "2025-03-05",
    "price" : 659.90,
    "dma50" : 781.45,
    "dma100" : null,
    "dma200" : 854.38,
    "volume" : 471660.00
  }, {
    "date" : "2025-03-06",
    "price" : 680.45,
    "dma50" : 777.49,
    "dma100" : null,
    "dma200" : 852.65,
    "volume" : 611713.00
  }, {
    "date" : "2025-03-07",
    "price" : 669.95,
    "dma50" : 773.27,
    "dma100" : null,
    "dma200" : 850.83,
    "volume" : 297021.00
  }, {
    "date" : "2025-03-10",
    "price" : 653.70,
    "dma50" : 768.58,
    "dma100" : null,
    "dma200" : 848.87,
    "volume" : 332772.00
  }, {
    "date" : "2025-03-11",
    "price" : 668.15,
    "dma50" : 764.64,
    "dma100" : null,
    "dma200" : 847.07,
    "volume" : 1658784.00
  }, {
    "date" : "2025-03-12",
    "price" : 656.75,
    "dma50" : 760.41,
    "dma100" : null,
    "dma200" : 845.18,
    "volume" : 345489.00
  }, {
    "date" : "2025-03-13",
    "price" : 645.35,
    "dma50" : 755.90,
    "dma100" : null,
    "dma200" : 843.19,
    "volume" : 392673.00
  }, {
    "date" : "2025-03-17",
    "price" : 642.35,
    "dma50" : 751.45,
    "dma100" : null,
    "dma200" : 841.19,
    "volume" : 293181.00
  }, {
    "date" : "2025-03-18",
    "price" : 654.95,
    "dma50" : 747.66,
    "dma100" : null,
    "dma200" : 839.34,
    "volume" : 341968.00
  }, {
    "date" : "2025-03-19",
    "price" : 680.80,
    "dma50" : 745.04,
    "dma100" : null,
    "dma200" : 837.76,
    "volume" : 1072740.00
  }, {
    "date" : "2025-03-20",
    "price" : 689.25,
    "dma50" : 742.85,
    "dma100" : null,
    "dma200" : 836.28,
    "volume" : 384227.00
  }, {
    "date" : "2025-03-21",
    "price" : 709.65,
    "dma50" : 741.55,
    "dma100" : null,
    "dma200" : 835.02,
    "volume" : 569324.00
  }, {
    "date" : "2025-03-24",
    "price" : 725.30,
    "dma50" : 740.91,
    "dma100" : null,
    "dma200" : 833.93,
    "volume" : 592984.00
  }, {
    "date" : "2025-03-25",
    "price" : 728.00,
    "dma50" : 740.41,
    "dma100" : null,
    "dma200" : 832.88,
    "volume" : 439611.00
  }, {
    "date" : "2025-03-26",
    "price" : 721.90,
    "dma50" : 739.68,
    "dma100" : null,
    "dma200" : 831.77,
    "volume" : 375363.00
  }, {
    "date" : "2025-03-27",
    "price" : 726.65,
    "dma50" : 739.17,
    "dma100" : null,
    "dma200" : 830.73,
    "volume" : 301839.00
  }, {
    "date" : "2025-03-28",
    "price" : 692.70,
    "dma50" : 737.35,
    "dma100" : null,
    "dma200" : 829.35,
    "volume" : 398654.00
  }, {
    "date" : "2025-04-01",
    "price" : 684.25,
    "dma50" : 735.27,
    "dma100" : null,
    "dma200" : 827.91,
    "volume" : 214580.00
  }, {
    "date" : "2025-04-02",
    "price" : 683.05,
    "dma50" : 733.22,
    "dma100" : null,
    "dma200" : 826.47,
    "volume" : 276975.00
  }, {
    "date" : "2025-04-03",
    "price" : 685.90,
    "dma50" : 731.36,
    "dma100" : null,
    "dma200" : 825.07,
    "volume" : 343757.00
  }, {
    "date" : "2025-04-04",
    "price" : 674.70,
    "dma50" : 729.14,
    "dma100" : null,
    "dma200" : 823.57,
    "volume" : 287120.00
  }, {
    "date" : "2025-04-07",
    "price" : 624.90,
    "dma50" : 725.05,
    "dma100" : null,
    "dma200" : 821.60,
    "volume" : 574399.00
  }, {
    "date" : "2025-04-08",
    "price" : 633.95,
    "dma50" : 721.48,
    "dma100" : null,
    "dma200" : 819.73,
    "volume" : 326922.00
  }, {
    "date" : "2025-04-09",
    "price" : 612.35,
    "dma50" : 717.20,
    "dma100" : null,
    "dma200" : 817.67,
    "volume" : 241802.00
  }, {
    "date" : "2025-04-11",
    "price" : 660.60,
    "dma50" : 714.98,
    "dma100" : null,
    "dma200" : 816.10,
    "volume" : 1274804.00
  }, {
    "date" : "2025-04-15",
    "price" : 751.80,
    "dma50" : 716.43,
    "dma100" : null,
    "dma200" : 815.46,
    "volume" : 4418095.00
  }, {
    "date" : "2025-04-16",
    "price" : 750.50,
    "dma50" : 717.76,
    "dma100" : null,
    "dma200" : 814.82,
    "volume" : 1294595.00
  }, {
    "date" : "2025-04-17",
    "price" : 758.55,
    "dma50" : 719.36,
    "dma100" : null,
    "dma200" : 814.26,
    "volume" : 502041.00
  }, {
    "date" : "2025-04-21",
    "price" : 780.85,
    "dma50" : 721.77,
    "dma100" : null,
    "dma200" : 813.92,
    "volume" : 1325690.00
  }, {
    "date" : "2025-04-22",
    "price" : 766.10,
    "dma50" : 723.51,
    "dma100" : null,
    "dma200" : 813.45,
    "volume" : 744968.00
  }, {
    "date" : "2025-04-23",
    "price" : 803.35,
    "dma50" : 726.64,
    "dma100" : null,
    "dma200" : 813.35,
    "volume" : 1014939.00
  }, {
    "date" : "2025-04-24",
    "price" : 809.45,
    "dma50" : 729.89,
    "dma100" : null,
    "dma200" : 813.31,
    "volume" : 520682.00
  }, {
    "date" : "2025-04-25",
    "price" : 765.25,
    "dma50" : 731.28,
    "dma100" : null,
    "dma200" : 812.83,
    "volume" : 524186.00
  }, {
    "date" : "2025-04-28",
    "price" : 762.50,
    "dma50" : 732.50,
    "dma100" : null,
    "dma200" : 812.33,
    "volume" : 305808.00
  }, {
    "date" : "2025-04-29",
    "price" : 790.10,
    "dma50" : 734.76,
    "dma100" : null,
    "dma200" : 812.11,
    "volume" : 909490.00
  }, {
    "date" : "2025-04-30",
    "price" : 789.55,
    "dma50" : 736.91,
    "dma100" : null,
    "dma200" : 811.88,
    "volume" : 794330.00
  }, {
    "date" : "2025-05-02",
    "price" : 791.30,
    "dma50" : 739.04,
    "dma100" : null,
    "dma200" : 811.68,
    "volume" : 250258.00
  }, {
    "date" : "2025-05-05",
    "price" : 815.30,
    "dma50" : 742.03,
    "dma100" : null,
    "dma200" : 811.72,
    "volume" : 1011334.00
  }, {
    "date" : "2025-05-06",
    "price" : 782.90,
    "dma50" : 743.63,
    "dma100" : null,
    "dma200" : 811.43,
    "volume" : 263829.00
  }, {
    "date" : "2025-05-07",
    "price" : 814.05,
    "dma50" : 746.40,
    "dma100" : null,
    "dma200" : 811.45,
    "volume" : 850356.00
  }, {
    "date" : "2025-05-08",
    "price" : 842.80,
    "dma50" : 750.18,
    "dma100" : null,
    "dma200" : 811.77,
    "volume" : 2936904.00
  }, {
    "date" : "2025-05-09",
    "price" : 842.90,
    "dma50" : 753.81,
    "dma100" : null,
    "dma200" : 812.08,
    "volume" : 2858398.00
  }, {
    "date" : "2025-05-12",
    "price" : 896.50,
    "dma50" : 759.41,
    "dma100" : null,
    "dma200" : 812.92,
    "volume" : 3699833.00
  }, {
    "date" : "2025-05-13",
    "price" : 913.35,
    "dma50" : 765.44,
    "dma100" : null,
    "dma200" : 813.92,
    "volume" : 989551.00
  }, {
    "date" : "2025-05-14",
    "price" : 975.90,
    "dma50" : 773.70,
    "dma100" : null,
    "dma200" : 815.53,
    "volume" : 2593465.00
  }, {
    "date" : "2025-05-15",
    "price" : 1025.65,
    "dma50" : 783.58,
    "dma100" : null,
    "dma200" : 817.62,
    "volume" : 1938585.00
  }, {
    "date" : "2025-05-16",
    "price" : 1074.55,
    "dma50" : 794.99,
    "dma100" : null,
    "dma200" : 820.18,
    "volume" : 1121769.00
  }, {
    "date" : "2025-05-19",
    "price" : 1062.15,
    "dma50" : 805.47,
    "dma100" : null,
    "dma200" : 822.58,
    "volume" : 1281974.00
  }, {
    "date" : "2025-05-20",
    "price" : 1069.35,
    "dma50" : 815.81,
    "dma100" : null,
    "dma200" : 825.04,
    "volume" : 1102251.00
  }, {
    "date" : "2025-05-21",
    "price" : 1091.35,
    "dma50" : 826.62,
    "dma100" : null,
    "dma200" : 827.69,
    "volume" : 931667.00
  }, {
    "date" : "2025-05-22",
    "price" : 1105.25,
    "dma50" : 837.55,
    "dma100" : null,
    "dma200" : 830.45,
    "volume" : 696205.00
  }, {
    "date" : "2025-05-23",
    "price" : 1082.10,
    "dma50" : 847.14,
    "dma100" : null,
    "dma200" : 832.95,
    "volume" : 327973.00
  }, {
    "date" : "2025-05-26",
    "price" : 1085.85,
    "dma50" : 856.50,
    "dma100" : null,
    "dma200" : 835.47,
    "volume" : 239218.00
  }, {
    "date" : "2025-05-27",
    "price" : 1079.10,
    "dma50" : 865.23,
    "dma100" : null,
    "dma200" : 837.89,
    "volume" : 1241744.00
  }, {
    "date" : "2025-05-28",
    "price" : 1098.05,
    "dma50" : 874.36,
    "dma100" : null,
    "dma200" : 840.48,
    "volume" : 1177322.00
  }, {
    "date" : "2025-05-29",
    "price" : 1147.90,
    "dma50" : 885.08,
    "dma100" : null,
    "dma200" : 843.54,
    "volume" : 1955849.00
  }, {
    "date" : "2025-05-30",
    "price" : 1172.55,
    "dma50" : 896.36,
    "dma100" : null,
    "dma200" : 846.82,
    "volume" : 1045469.00
  }, {
    "date" : "2025-06-02",
    "price" : 1192.80,
    "dma50" : 907.98,
    "dma100" : null,
    "dma200" : 850.26,
    "volume" : 754786.00
  }, {
    "date" : "2025-06-03",
    "price" : 1170.70,
    "dma50" : 918.29,
    "dma100" : 816.31,
    "dma200" : 853.45,
    "volume" : 534319.00
  }, {
    "date" : "2025-06-04",
    "price" : 1194.10,
    "dma50" : 929.10,
    "dma100" : 818.47,
    "dma200" : 856.84,
    "volume" : 565654.00
  }, {
    "date" : "2025-06-05",
    "price" : 1182.80,
    "dma50" : 939.05,
    "dma100" : 821.04,
    "dma200" : 860.08,
    "volume" : 508016.00
  }, {
    "date" : "2025-06-06",
    "price" : 1162.90,
    "dma50" : 947.83,
    "dma100" : 823.61,
    "dma200" : 863.09,
    "volume" : 339999.00
  }, {
    "date" : "2025-06-09",
    "price" : 1149.20,
    "dma50" : 955.73,
    "dma100" : 826.01,
    "dma200" : 865.94,
    "volume" : 334400.00
  }, {
    "date" : "2025-06-10",
    "price" : 1175.10,
    "dma50" : 964.33,
    "dma100" : 828.80,
    "dma200" : 869.02,
    "volume" : 460038.00
  }, {
    "date" : "2025-06-11",
    "price" : 1215.10,
    "dma50" : 974.16,
    "dma100" : 831.94,
    "dma200" : 872.46,
    "volume" : 1739108.00
  }, {
    "date" : "2025-06-12",
    "price" : 1205.30,
    "dma50" : 983.23,
    "dma100" : 834.96,
    "dma200" : 875.77,
    "volume" : 523780.00
  }, {
    "date" : "2025-06-13",
    "price" : 1187.90,
    "dma50" : 991.25,
    "dma100" : 837.81,
    "dma200" : 878.88,
    "volume" : 409504.00
  }, {
    "date" : "2025-06-16",
    "price" : 1210.80,
    "dma50" : 999.86,
    "dma100" : 840.95,
    "dma200" : 882.18,
    "volume" : 653296.00
  }, {
    "date" : "2025-06-17",
    "price" : 1227.90,
    "dma50" : 1008.81,
    "dma100" : 844.04,
    "dma200" : 885.62,
    "volume" : 1063119.00
  }, {
    "date" : "2025-06-18",
    "price" : 1199.70,
    "dma50" : 1016.29,
    "dma100" : 847.02,
    "dma200" : 888.75,
    "volume" : 350576.00
  }, {
    "date" : "2025-06-19",
    "price" : 1141.90,
    "dma50" : 1021.22,
    "dma100" : 849.57,
    "dma200" : 891.26,
    "volume" : 544487.00
  }, {
    "date" : "2025-06-20",
    "price" : 1077.80,
    "dma50" : 1023.44,
    "dma100" : 851.36,
    "dma200" : 893.12,
    "volume" : 1788181.00
  }, {
    "date" : "2025-06-23",
    "price" : 1071.10,
    "dma50" : 1025.31,
    "dma100" : 853.15,
    "dma200" : 894.89,
    "volume" : 865910.00
  }, {
    "date" : "2025-06-24",
    "price" : 1076.10,
    "dma50" : 1027.30,
    "dma100" : 855.30,
    "dma200" : 896.69,
    "volume" : 502071.00
  }, {
    "date" : "2025-06-25",
    "price" : 1116.40,
    "dma50" : 1030.79,
    "dma100" : 857.90,
    "dma200" : 898.88,
    "volume" : 569422.00
  }, {
    "date" : "2025-06-26",
    "price" : 1120.90,
    "dma50" : 1034.33,
    "dma100" : 860.89,
    "dma200" : 901.09,
    "volume" : 622131.00
  }, {
    "date" : "2025-06-27",
    "price" : 1147.90,
    "dma50" : 1038.78,
    "dma100" : 864.60,
    "dma200" : 903.55,
    "volume" : 813807.00
  }, {
    "date" : "2025-06-30",
    "price" : 1148.90,
    "dma50" : 1043.10,
    "dma100" : 867.98,
    "dma200" : 905.99,
    "volume" : 486812.00
  }, {
    "date" : "2025-07-01",
    "price" : 1139.80,
    "dma50" : 1046.89,
    "dma100" : 871.13,
    "dma200" : 908.31,
    "volume" : 401023.00
  }, {
    "date" : "2025-07-02",
    "price" : 1141.90,
    "dma50" : 1050.62,
    "dma100" : 874.62,
    "dma200" : 910.64,
    "volume" : 224385.00
  }, {
    "date" : "2025-07-03",
    "price" : 1139.60,
    "dma50" : 1054.11,
    "dma100" : 877.88,
    "dma200" : 912.92,
    "volume" : 177787.00
  }, {
    "date" : "2025-07-04",
    "price" : 1127.20,
    "dma50" : 1056.97,
    "dma100" : 880.91,
    "dma200" : 915.05,
    "volume" : 158359.00
  }, {
    "date" : "2025-07-07",
    "price" : 1149.30,
    "dma50" : 1060.59,
    "dma100" : 884.25,
    "dma200" : 917.38,
    "volume" : 272499.00
  }, {
    "date" : "2025-07-08",
    "price" : 1166.10,
    "dma50" : 1064.73,
    "dma100" : 887.80,
    "dma200" : 919.85,
    "volume" : 668212.00
  }, {
    "date" : "2025-07-09",
    "price" : 1180.10,
    "dma50" : 1069.25,
    "dma100" : 891.69,
    "dma200" : 922.44,
    "volume" : 448198.00
  }, {
    "date" : "2025-07-10",
    "price" : 1147.30,
    "dma50" : 1072.32,
    "dma100" : 895.66,
    "dma200" : 924.68,
    "volume" : 371111.00
  }, {
    "date" : "2025-07-11",
    "price" : 1152.00,
    "dma50" : 1075.44,
    "dma100" : 899.79,
    "dma200" : 926.94,
    "volume" : 269045.00
  }, {
    "date" : "2025-07-14",
    "price" : 1172.20,
    "dma50" : 1079.23,
    "dma100" : 904.17,
    "dma200" : 929.38,
    "volume" : 241706.00
  }, {
    "date" : "2025-07-15",
    "price" : 1169.50,
    "dma50" : 1082.77,
    "dma100" : 908.81,
    "dma200" : 931.77,
    "volume" : 242212.00
  }, {
    "date" : "2025-07-16",
    "price" : 1183.20,
    "dma50" : 1086.71,
    "dma100" : 913.63,
    "dma200" : 934.27,
    "volume" : 527393.00
  }, {
    "date" : "2025-07-17",
    "price" : 1197.70,
    "dma50" : 1091.07,
    "dma100" : 918.66,
    "dma200" : 936.89,
    "volume" : 248120.00
  }, {
    "date" : "2025-07-18",
    "price" : 1171.90,
    "dma50" : 1094.24,
    "dma100" : 923.24,
    "dma200" : 939.23,
    "volume" : 146503.00
  }, {
    "date" : "2025-07-21",
    "price" : 1172.30,
    "dma50" : 1097.30,
    "dma100" : 927.76,
    "dma200" : 941.55,
    "volume" : 174877.00
  }, {
    "date" : "2025-07-22",
    "price" : 1176.00,
    "dma50" : 1100.38,
    "dma100" : 932.27,
    "dma200" : 943.88,
    "volume" : 149376.00
  }, {
    "date" : "2025-07-23",
    "price" : 1192.00,
    "dma50" : 1103.98,
    "dma100" : 936.91,
    "dma200" : 946.35,
    "volume" : 622102.00
  }, {
    "date" : "2025-07-24",
    "price" : 1142.00,
    "dma50" : 1105.47,
    "dma100" : 941.21,
    "dma200" : 948.30,
    "volume" : 467210.00
  }, {
    "date" : "2025-07-25",
    "price" : 1036.40,
    "dma50" : 1102.76,
    "dma100" : 944.55,
    "dma200" : 949.18,
    "volume" : 1670754.00
  }, {
    "date" : "2025-07-28",
    "price" : 1050.50,
    "dma50" : 1100.71,
    "dma100" : 948.40,
    "dma200" : 950.19,
    "volume" : 880377.00
  }, {
    "date" : "2025-07-29",
    "price" : 1038.80,
    "dma50" : 1098.28,
    "dma100" : 952.31,
    "dma200" : 951.07,
    "volume" : 363794.00
  }, {
    "date" : "2025-07-30",
    "price" : 1058.20,
    "dma50" : 1096.71,
    "dma100" : 956.42,
    "dma200" : 952.13,
    "volume" : 396084.00
  }, {
    "date" : "2025-07-31",
    "price" : 1022.60,
    "dma50" : 1093.80,
    "dma100" : 960.04,
    "dma200" : 952.83,
    "volume" : 201678.00
  }, {
    "date" : "2025-08-01",
    "price" : 981.90,
    "dma50" : 1089.41,
    "dma100" : 963.06,
    "dma200" : 953.12,
    "volume" : 415213.00
  }, {
    "date" : "2025-08-04",
    "price" : 1007.90,
    "dma50" : 1086.22,
    "dma100" : 966.44,
    "dma200" : 953.67,
    "volume" : 439692.00
  }, {
    "date" : "2025-08-05",
    "price" : 972.80,
    "dma50" : 1081.77,
    "dma100" : 969.63,
    "dma200" : 953.86,
    "volume" : 352470.00
  }, {
    "date" : "2025-08-06",
    "price" : 945.10,
    "dma50" : 1076.41,
    "dma100" : 972.40,
    "dma200" : 953.77,
    "volume" : 435512.00
  }, {
    "date" : "2025-08-07",
    "price" : 947.00,
    "dma50" : 1071.34,
    "dma100" : 975.30,
    "dma200" : 953.70,
    "volume" : 346172.00
  }, {
    "date" : "2025-08-08",
    "price" : 936.10,
    "dma50" : 1066.03,
    "dma100" : 978.21,
    "dma200" : 953.53,
    "volume" : 168242.00
  }, {
    "date" : "2025-08-11",
    "price" : 939.40,
    "dma50" : 1061.07,
    "dma100" : 981.18,
    "dma200" : 953.39,
    "volume" : 247528.00
  }, {
    "date" : "2025-08-12",
    "price" : 932.00,
    "dma50" : 1056.01,
    "dma100" : 983.95,
    "dma200" : 953.18,
    "volume" : 365557.00
  }, {
    "date" : "2025-08-13",
    "price" : 922.80,
    "dma50" : 1050.78,
    "dma100" : 986.37,
    "dma200" : 952.87,
    "volume" : 262336.00
  }, {
    "date" : "2025-08-14",
    "price" : 928.20,
    "dma50" : 1045.97,
    "dma100" : 988.76,
    "dma200" : 952.63,
    "volume" : 203916.00
  }, {
    "date" : "2025-08-18",
    "price" : 939.00,
    "dma50" : 1041.78,
    "dma100" : 991.05,
    "dma200" : 952.49,
    "volume" : 191908.00
  }, {
    "date" : "2025-08-19",
    "price" : 906.50,
    "dma50" : 1036.47,
    "dma100" : 992.86,
    "dma200" : 952.03,
    "volume" : 498202.00
  }, {
    "date" : "2025-08-20",
    "price" : 987.70,
    "dma50" : 1034.56,
    "dma100" : 995.46,
    "dma200" : 952.39,
    "volume" : 2394188.00
  }, {
    "date" : "2025-08-21",
    "price" : 960.70,
    "dma50" : 1031.66,
    "dma100" : 997.85,
    "dma200" : 952.47,
    "volume" : 433927.00
  }, {
    "date" : "2025-08-22",
    "price" : 967.90,
    "dma50" : 1029.16,
    "dma100" : 1000.26,
    "dma200" : 952.63,
    "volume" : 333794.00
  }, {
    "date" : "2025-08-25",
    "price" : 988.70,
    "dma50" : 1027.58,
    "dma100" : 1003.22,
    "dma200" : 952.98,
    "volume" : 496511.00
  }, {
    "date" : "2025-08-26",
    "price" : 983.10,
    "dma50" : 1025.83,
    "dma100" : 1006.21,
    "dma200" : 953.28,
    "volume" : 222075.00
  }, {
    "date" : "2025-08-28",
    "price" : 975.60,
    "dma50" : 1023.86,
    "dma100" : 1009.14,
    "dma200" : 953.51,
    "volume" : 296567.00
  }, {
    "date" : "2025-08-29",
    "price" : 977.20,
    "dma50" : 1022.03,
    "dma100" : 1012.05,
    "dma200" : 953.74,
    "volume" : 198638.00
  }, {
    "date" : "2025-09-01",
    "price" : 989.60,
    "dma50" : 1020.76,
    "dma100" : 1015.20,
    "dma200" : 954.10,
    "volume" : 173557.00
  }, {
    "date" : "2025-09-02",
    "price" : 985.85,
    "dma50" : 1019.39,
    "dma100" : 1018.81,
    "dma200" : 954.41,
    "volume" : 108951.00
  }, {
    "date" : "2025-09-03",
    "price" : 953.05,
    "dma50" : 1016.79,
    "dma100" : 1022.00,
    "dma200" : 954.40,
    "volume" : 328467.00
  }, {
    "date" : "2025-09-04",
    "price" : 926.75,
    "dma50" : 1013.26,
    "dma100" : 1025.14,
    "dma200" : 954.13,
    "volume" : 326940.00
  }, {
    "date" : "2025-09-05",
    "price" : 906.55,
    "dma50" : 1009.08,
    "dma100" : 1027.60,
    "dma200" : 953.65,
    "volume" : 241210.00
  }, {
    "date" : "2025-09-08",
    "price" : 902.40,
    "dma50" : 1004.89,
    "dma100" : 1029.11,
    "dma200" : 953.14,
    "volume" : 351404.00
  }, {
    "date" : "2025-09-09",
    "price" : 959.80,
    "dma50" : 1003.12,
    "dma100" : 1031.20,
    "dma200" : 953.21,
    "volume" : 2304772.00
  }, {
    "date" : "2025-09-10",
    "price" : 1015.65,
    "dma50" : 1003.61,
    "dma100" : 1033.77,
    "dma200" : 953.83,
    "volume" : 1168545.00
  }, {
    "date" : "2025-09-11",
    "price" : 1014.05,
    "dma50" : 1004.02,
    "dma100" : 1036.10,
    "dma200" : 954.43,
    "volume" : 320334.00
  }, {
    "date" : "2025-09-12",
    "price" : 1021.95,
    "dma50" : 1004.73,
    "dma100" : 1038.66,
    "dma200" : 955.10,
    "volume" : 406280.00
  }, {
    "date" : "2025-09-15",
    "price" : 1026.25,
    "dma50" : 1005.57,
    "dma100" : 1040.89,
    "dma200" : 955.81,
    "volume" : 129671.00
  }, {
    "date" : "2025-09-16",
    "price" : 1039.15,
    "dma50" : 1006.89,
    "dma100" : 1043.19,
    "dma200" : 956.64,
    "volume" : 276826.00
  }, {
    "date" : "2025-09-17",
    "price" : 1027.05,
    "dma50" : 1007.68,
    "dma100" : 1045.81,
    "dma200" : 957.34,
    "volume" : 407922.00
  }, {
    "date" : "2025-09-18",
    "price" : 1040.05,
    "dma50" : 1008.95,
    "dma100" : 1048.58,
    "dma200" : 958.16,
    "volume" : 403043.00
  }, {
    "date" : "2025-09-19",
    "price" : 1061.15,
    "dma50" : 1011.00,
    "dma100" : 1051.29,
    "dma200" : 959.19,
    "volume" : 501189.00
  }, {
    "date" : "2025-09-22",
    "price" : 1072.20,
    "dma50" : 1013.40,
    "dma100" : 1054.12,
    "dma200" : 960.31,
    "volume" : 772028.00
  }, {
    "date" : "2025-09-23",
    "price" : 1062.65,
    "dma50" : 1015.33,
    "dma100" : 1056.83,
    "dma200" : 961.33,
    "volume" : 304657.00
  }, {
    "date" : "2025-09-24",
    "price" : 1029.05,
    "dma50" : 1015.86,
    "dma100" : 1058.97,
    "dma200" : 962.00,
    "volume" : 167588.00
  }, {
    "date" : "2025-09-25",
    "price" : 1059.35,
    "dma50" : 1017.57,
    "dma100" : 1061.73,
    "dma200" : 962.97,
    "volume" : 949902.00
  }, {
    "date" : "2025-09-26",
    "price" : 986.15,
    "dma50" : 1016.34,
    "dma100" : 1063.46,
    "dma200" : 963.20,
    "volume" : 534839.00
  }, {
    "date" : "2025-09-29",
    "price" : 957.40,
    "dma50" : 1014.03,
    "dma100" : 1064.60,
    "dma200" : 963.15,
    "volume" : 438274.00
  }, {
    "date" : "2025-09-30",
    "price" : 974.60,
    "dma50" : 1012.48,
    "dma100" : 1065.92,
    "dma200" : 963.26,
    "volume" : 240070.00
  }, {
    "date" : "2025-10-01",
    "price" : 976.20,
    "dma50" : 1011.06,
    "dma100" : 1066.72,
    "dma200" : 963.39,
    "volume" : 337657.00
  }, {
    "date" : "2025-10-03",
    "price" : 986.10,
    "dma50" : 1010.08,
    "dma100" : 1067.44,
    "dma200" : 963.61,
    "volume" : 103235.00
  }, {
    "date" : "2025-10-06",
    "price" : 981.50,
    "dma50" : 1008.96,
    "dma100" : 1067.50,
    "dma200" : 963.79,
    "volume" : 93260.00
  }, {
    "date" : "2025-10-07",
    "price" : 982.15,
    "dma50" : 1007.91,
    "dma100" : 1067.06,
    "dma200" : 963.97,
    "volume" : 141148.00
  }, {
    "date" : "2025-10-08",
    "price" : 974.75,
    "dma50" : 1006.61,
    "dma100" : 1066.07,
    "dma200" : 964.08,
    "volume" : 131797.00
  }, {
    "date" : "2025-10-09",
    "price" : 974.95,
    "dma50" : 1005.37,
    "dma100" : 1065.19,
    "dma200" : 964.19,
    "volume" : 81836.00
  }, {
    "date" : "2025-10-10",
    "price" : 1008.15,
    "dma50" : 1005.47,
    "dma100" : 1064.58,
    "dma200" : 964.63,
    "volume" : 340011.00
  }, {
    "date" : "2025-10-13",
    "price" : 984.75,
    "dma50" : 1004.66,
    "dma100" : 1063.52,
    "dma200" : 964.83,
    "volume" : 159849.00
  }, {
    "date" : "2025-10-14",
    "price" : 957.50,
    "dma50" : 1002.81,
    "dma100" : 1062.04,
    "dma200" : 964.75,
    "volume" : 212089.00
  }, {
    "date" : "2025-10-15",
    "price" : 994.95,
    "dma50" : 1002.50,
    "dma100" : 1061.17,
    "dma200" : 965.06,
    "volume" : 974041.00
  }, {
    "date" : "2025-10-16",
    "price" : 972.65,
    "dma50" : 1001.33,
    "dma100" : 1060.03,
    "dma200" : 965.13,
    "volume" : 177976.00
  }, {
    "date" : "2025-10-17",
    "price" : 966.25,
    "dma50" : 999.96,
    "dma100" : 1058.91,
    "dma200" : 965.14,
    "volume" : 205166.00
  }, {
    "date" : "2025-10-20",
    "price" : 951.50,
    "dma50" : 998.06,
    "dma100" : 1057.44,
    "dma200" : 965.01,
    "volume" : 186329.00
  }, {
    "date" : "2025-10-21",
    "price" : 970.10,
    "dma50" : 996.96,
    "dma100" : 1055.66,
    "dma200" : 965.06,
    "volume" : 46359.00
  }, {
    "date" : "2025-10-23",
    "price" : 963.50,
    "dma50" : 995.65,
    "dma100" : 1053.57,
    "dma200" : 965.04,
    "volume" : 281714.00
  }, {
    "date" : "2025-10-24",
    "price" : 997.95,
    "dma50" : 995.74,
    "dma100" : 1051.62,
    "dma200" : 965.37,
    "volume" : 421614.00
  }, {
    "date" : "2025-10-27",
    "price" : 1044.75,
    "dma50" : 997.66,
    "dma100" : 1050.36,
    "dma200" : 966.16,
    "volume" : 799048.00
  }, {
    "date" : "2025-10-28",
    "price" : 1024.10,
    "dma50" : 998.70,
    "dma100" : 1048.66,
    "dma200" : 966.74,
    "volume" : 241252.00
  }, {
    "date" : "2025-10-29",
    "price" : 1028.90,
    "dma50" : 999.88,
    "dma100" : 1047.12,
    "dma200" : 967.35,
    "volume" : 291675.00
  }, {
    "date" : "2025-10-30",
    "price" : 1046.75,
    "dma50" : 1001.72,
    "dma100" : 1045.96,
    "dma200" : 968.14,
    "volume" : 392694.00
  }, {
    "date" : "2025-10-31",
    "price" : 1133.50,
    "dma50" : 1006.89,
    "dma100" : 1045.81,
    "dma200" : 969.79,
    "volume" : 5589883.00
  }, {
    "date" : "2025-11-03",
    "price" : 1198.00,
    "dma50" : 1014.38,
    "dma100" : 1046.04,
    "dma200" : 972.06,
    "volume" : 6801504.00
  }, {
    "date" : "2025-11-04",
    "price" : 1197.60,
    "dma50" : 1021.57,
    "dma100" : 1045.86,
    "dma200" : 974.30,
    "volume" : 785135.00
  }, {
    "date" : "2025-11-06",
    "price" : 1133.20,
    "dma50" : 1025.95,
    "dma100" : 1045.14,
    "dma200" : 975.88,
    "volume" : 975755.00
  }, {
    "date" : "2025-11-07",
    "price" : 1132.70,
    "dma50" : 1030.13,
    "dma100" : 1044.59,
    "dma200" : 977.45,
    "volume" : 473012.00
  }, {
    "date" : "2025-11-10",
    "price" : 1099.10,
    "dma50" : 1032.84,
    "dma100" : 1043.47,
    "dma200" : 978.66,
    "volume" : 534849.00
  }, {
    "date" : "2025-11-11",
    "price" : 1098.90,
    "dma50" : 1035.43,
    "dma100" : 1042.18,
    "dma200" : 979.85,
    "volume" : 453672.00
  }, {
    "date" : "2025-11-12",
    "price" : 1148.00,
    "dma50" : 1039.84,
    "dma100" : 1041.66,
    "dma200" : 981.53,
    "volume" : 1178151.00
  }, {
    "date" : "2025-11-13",
    "price" : 1120.40,
    "dma50" : 1043.00,
    "dma100" : 1041.45,
    "dma200" : 982.91,
    "volume" : 425611.00
  }, {
    "date" : "2025-11-14",
    "price" : 1089.70,
    "dma50" : 1044.83,
    "dma100" : 1041.57,
    "dma200" : 983.97,
    "volume" : 240462.00
  }, {
    "date" : "2025-11-17",
    "price" : 1096.20,
    "dma50" : 1046.85,
    "dma100" : 1041.82,
    "dma200" : 985.09,
    "volume" : 272175.00
  }, {
    "date" : "2025-11-18",
    "price" : 1088.30,
    "dma50" : 1048.47,
    "dma100" : 1041.94,
    "dma200" : 986.11,
    "volume" : 480052.00
  }, {
    "date" : "2025-11-19",
    "price" : 1142.80,
    "dma50" : 1052.17,
    "dma100" : 1042.20,
    "dma200" : 987.67,
    "volume" : 4312545.00
  }, {
    "date" : "2025-11-20",
    "price" : 1097.50,
    "dma50" : 1053.95,
    "dma100" : 1041.97,
    "dma200" : 988.77,
    "volume" : 959107.00
  }, {
    "date" : "2025-11-21",
    "price" : 1091.30,
    "dma50" : 1055.41,
    "dma100" : 1041.40,
    "dma200" : 989.79,
    "volume" : 323695.00
  }, {
    "date" : "2025-11-24",
    "price" : 1096.30,
    "dma50" : 1057.02,
    "dma100" : 1040.88,
    "dma200" : 990.85,
    "volume" : 426079.00
  }, {
    "date" : "2025-11-25",
    "price" : 1088.80,
    "dma50" : 1058.26,
    "dma100" : 1040.37,
    "dma200" : 991.82,
    "volume" : 181731.00
  }, {
    "date" : "2025-11-26",
    "price" : 1098.80,
    "dma50" : 1059.85,
    "dma100" : 1039.94,
    "dma200" : 992.88,
    "volume" : 299405.00
  }, {
    "date" : "2025-11-27",
    "price" : 1096.40,
    "dma50" : 1061.29,
    "dma100" : 1039.51,
    "dma200" : 993.91,
    "volume" : 277231.00
  }, {
    "date" : "2025-11-28",
    "price" : 1112.50,
    "dma50" : 1063.29,
    "dma100" : 1039.36,
    "dma200" : 995.09,
    "volume" : 300347.00
  }, {
    "date" : "2025-12-01",
    "price" : 1107.80,
    "dma50" : 1065.04,
    "dma100" : 1038.94,
    "dma200" : 996.22,
    "volume" : 366139.00
  }, {
    "date" : "2025-12-02",
    "price" : 1096.40,
    "dma50" : 1066.27,
    "dma100" : 1038.25,
    "dma200" : 997.21,
    "volume" : 238643.00
  }, {
    "date" : "2025-12-03",
    "price" : 1097.40,
    "dma50" : 1067.49,
    "dma100" : 1037.42,
    "dma200" : 998.21,
    "volume" : 332483.00
  }, {
    "date" : "2025-12-04",
    "price" : 1089.70,
    "dma50" : 1068.36,
    "dma100" : 1036.84,
    "dma200" : 999.12,
    "volume" : 251680.00
  }, {
    "date" : "2025-12-05",
    "price" : 1056.10,
    "dma50" : 1067.88,
    "dma100" : 1035.88,
    "dma200" : 999.69,
    "volume" : 288659.00
  }, {
    "date" : "2025-12-08",
    "price" : 1022.60,
    "dma50" : 1066.11,
    "dma100" : 1034.39,
    "dma200" : 999.92,
    "volume" : 308291.00
  }, {
    "date" : "2025-12-09",
    "price" : 1039.30,
    "dma50" : 1065.05,
    "dma100" : 1033.09,
    "dma200" : 1000.31,
    "volume" : 261814.00
  }, {
    "date" : "2025-12-10",
    "price" : 1018.70,
    "dma50" : 1063.24,
    "dma100" : 1031.44,
    "dma200" : 1000.49,
    "volume" : 127439.00
  }, {
    "date" : "2025-12-11",
    "price" : 1038.10,
    "dma50" : 1062.25,
    "dma100" : 1029.85,
    "dma200" : 1000.86,
    "volume" : 137683.00
  }, {
    "date" : "2025-12-12",
    "price" : 1030.00,
    "dma50" : 1060.99,
    "dma100" : 1028.43,
    "dma200" : 1001.15,
    "volume" : 102464.00
  }, {
    "date" : "2025-12-15",
    "price" : 1030.40,
    "dma50" : 1059.79,
    "dma100" : 1027.01,
    "dma200" : 1001.45,
    "volume" : 162432.00
  }, {
    "date" : "2025-12-16",
    "price" : 1021.60,
    "dma50" : 1058.29,
    "dma100" : 1025.46,
    "dma200" : 1001.65,
    "volume" : 484533.00
  }, {
    "date" : "2025-12-17",
    "price" : 1022.80,
    "dma50" : 1056.90,
    "dma100" : 1023.77,
    "dma200" : 1001.86,
    "volume" : 105930.00
  }, {
    "date" : "2025-12-18",
    "price" : 1024.30,
    "dma50" : 1055.62,
    "dma100" : 1022.59,
    "dma200" : 1002.08,
    "volume" : 95027.00
  }, {
    "date" : "2025-12-19",
    "price" : 1053.60,
    "dma50" : 1055.54,
    "dma100" : 1022.77,
    "dma200" : 1002.59,
    "volume" : 306848.00
  }, {
    "date" : "2025-12-22",
    "price" : 1027.70,
    "dma50" : 1054.45,
    "dma100" : 1022.54,
    "dma200" : 1002.84,
    "volume" : 335121.00
  }, {
    "date" : "2025-12-23",
    "price" : 1021.00,
    "dma50" : 1053.14,
    "dma100" : 1022.36,
    "dma200" : 1003.02,
    "volume" : 104479.00
  }, {
    "date" : "2025-12-24",
    "price" : 1010.20,
    "dma50" : 1051.45,
    "dma100" : 1021.88,
    "dma200" : 1003.09,
    "volume" : 97224.00
  }, {
    "date" : "2025-12-26",
    "price" : 991.40,
    "dma50" : 1049.10,
    "dma100" : 1021.57,
    "dma200" : 1002.98,
    "volume" : 116791.00
  }, {
    "date" : "2025-12-29",
    "price" : 997.50,
    "dma50" : 1047.07,
    "dma100" : 1021.72,
    "dma200" : 1002.92,
    "volume" : 169140.00
  }, {
    "date" : "2025-12-30",
    "price" : 945.30,
    "dma50" : 1043.08,
    "dma100" : 1021.10,
    "dma200" : 1002.35,
    "volume" : 764096.00
  }, {
    "date" : "2025-12-31",
    "price" : 971.00,
    "dma50" : 1040.26,
    "dma100" : 1021.08,
    "dma200" : 1002.04,
    "volume" : 271382.00
  }, {
    "date" : "2026-01-01",
    "price" : 947.75,
    "dma50" : 1036.63,
    "dma100" : 1021.11,
    "dma200" : 1001.50,
    "volume" : 158383.00
  }, {
    "date" : "2026-01-02",
    "price" : 961.25,
    "dma50" : 1033.67,
    "dma100" : 1021.25,
    "dma200" : 1001.10,
    "volume" : 205629.00
  } ],
  "latestTechnicalAttributes" : {
    "date" : "2026-01-02",
    "price" : 961.25,
    "dma50" : 1033.67,
    "dma100" : 1021.25,
    "dma200" : 1001.10,
    "volume" : 205629.00
  },
  "quarterlyResults" : [ {
    "date" : "2014-06-30",
    "sales" : 107.05,
    "salesGrowthYoY" : null,
    "grossProfitMargin" : 100.00,
    "grossProfit" : 107.05,
    "operatingProfitMargin" : -6.05,
    "operatingProfit" : -6.48,
    "netProfitMargin" : -4.21,
    "netProfit" : -4.51
  }, {
    "date" : "2014-09-30",
    "sales" : 103.10,
    "salesGrowthYoY" : null,
    "grossProfitMargin" : 100.00,
    "grossProfit" : 103.10,
    "operatingProfitMargin" : -29.66,
    "operatingProfit" : -30.58,
    "netProfitMargin" : -26.26,
    "netProfit" : -27.07
  }, {
    "date" : "2014-12-31",
    "sales" : 118.87,
    "salesGrowthYoY" : null,
    "grossProfitMargin" : 100.00,
    "grossProfit" : 118.87,
    "operatingProfitMargin" : -17.62,
    "operatingProfit" : -20.94,
    "netProfitMargin" : -15.67,
    "netProfit" : -18.63
  }, {
    "date" : "2015-03-31",
    "sales" : 124.08,
    "salesGrowthYoY" : null,
    "grossProfitMargin" : 100.00,
    "grossProfit" : 124.08,
    "operatingProfitMargin" : -16.99,
    "operatingProfit" : -21.08,
    "netProfitMargin" : -16.89,
    "netProfit" : -20.96
  }, {
    "date" : "2015-06-30",
    "sales" : 120.94,
    "salesGrowthYoY" : 12.98,
    "grossProfitMargin" : 100.00,
    "grossProfit" : 120.94,
    "operatingProfitMargin" : -4.58,
    "operatingProfit" : -5.54,
    "netProfitMargin" : -4.27,
    "netProfit" : -5.16
  }, {
    "date" : "2015-09-30",
    "sales" : 142.59,
    "salesGrowthYoY" : 38.30,
    "grossProfitMargin" : 100.00,
    "grossProfit" : 142.59,
    "operatingProfitMargin" : 6.35,
    "operatingProfit" : 9.05,
    "netProfitMargin" : 5.14,
    "netProfit" : 7.33
  }, {
    "date" : "2015-12-31",
    "sales" : 136.18,
    "salesGrowthYoY" : 14.56,
    "grossProfitMargin" : 100.00,
    "grossProfit" : 136.18,
    "operatingProfitMargin" : 0.64,
    "operatingProfit" : 0.87,
    "netProfitMargin" : 0.26,
    "netProfit" : 0.35
  }, {
    "date" : "2016-03-31",
    "sales" : 146.40,
    "salesGrowthYoY" : 17.99,
    "grossProfitMargin" : 100.00,
    "grossProfit" : 146.40,
    "operatingProfitMargin" : 8.86,
    "operatingProfit" : 12.97,
    "netProfitMargin" : 15.07,
    "netProfit" : 22.06
  }, {
    "date" : "2016-06-30",
    "sales" : 130.23,
    "salesGrowthYoY" : 7.68,
    "grossProfitMargin" : 100.00,
    "grossProfit" : 130.23,
    "operatingProfitMargin" : -0.49,
    "operatingProfit" : -0.64,
    "netProfitMargin" : 2.86,
    "netProfit" : 3.72
  }, {
    "date" : "2016-09-30",
    "sales" : 125.86,
    "salesGrowthYoY" : -11.73,
    "grossProfitMargin" : 100.00,
    "grossProfit" : 125.86,
    "operatingProfitMargin" : -9.55,
    "operatingProfit" : -12.02,
    "netProfitMargin" : -10.61,
    "netProfit" : -13.35
  }, {
    "date" : "2016-12-31",
    "sales" : 124.89,
    "salesGrowthYoY" : -8.29,
    "grossProfitMargin" : 100.00,
    "grossProfit" : 124.89,
    "operatingProfitMargin" : -14.65,
    "operatingProfit" : -18.30,
    "netProfitMargin" : -17.29,
    "netProfit" : -21.59
  }, {
    "date" : "2017-03-31",
    "sales" : 135.99,
    "salesGrowthYoY" : -7.11,
    "grossProfitMargin" : 100.00,
    "grossProfit" : 135.99,
    "operatingProfitMargin" : -17.29,
    "operatingProfit" : -23.51,
    "netProfitMargin" : -18.33,
    "netProfit" : -24.93
  }, {
    "date" : "2017-06-30",
    "sales" : 123.10,
    "salesGrowthYoY" : -5.47,
    "grossProfitMargin" : 100.00,
    "grossProfit" : 123.10,
    "operatingProfitMargin" : -12.36,
    "operatingProfit" : -15.22,
    "netProfitMargin" : -18.29,
    "netProfit" : -22.51
  }, {
    "date" : "2017-09-30",
    "sales" : 154.16,
    "salesGrowthYoY" : 22.49,
    "grossProfitMargin" : 100.00,
    "grossProfit" : 154.16,
    "operatingProfitMargin" : 4.98,
    "operatingProfit" : 7.68,
    "netProfitMargin" : 3.41,
    "netProfit" : 5.26
  }, {
    "date" : "2017-12-31",
    "sales" : 178.22,
    "salesGrowthYoY" : 42.70,
    "grossProfitMargin" : 100.00,
    "grossProfit" : 178.22,
    "operatingProfitMargin" : 10.17,
    "operatingProfit" : 18.12,
    "netProfitMargin" : 9.46,
    "netProfit" : 16.86
  }, {
    "date" : "2018-03-31",
    "sales" : 217.84,
    "salesGrowthYoY" : 60.19,
    "grossProfitMargin" : 100.00,
    "grossProfit" : 217.84,
    "operatingProfitMargin" : 14.71,
    "operatingProfit" : 32.04,
    "netProfitMargin" : 15.39,
    "netProfit" : 33.53
  }, {
    "date" : "2018-06-30",
    "sales" : 194.67,
    "salesGrowthYoY" : 58.14,
    "grossProfitMargin" : 100.00,
    "grossProfit" : 194.67,
    "operatingProfitMargin" : 13.32,
    "operatingProfit" : 25.93,
    "netProfitMargin" : 30.03,
    "netProfit" : 58.46
  }, {
    "date" : "2018-09-30",
    "sales" : 253.04,
    "salesGrowthYoY" : 64.14,
    "grossProfitMargin" : 100.00,
    "grossProfit" : 253.04,
    "operatingProfitMargin" : 20.48,
    "operatingProfit" : 51.82,
    "netProfitMargin" : 19.97,
    "netProfit" : 50.53
  }, {
    "date" : "2018-12-31",
    "sales" : 234.64,
    "salesGrowthYoY" : 31.66,
    "grossProfitMargin" : 100.00,
    "grossProfit" : 234.64,
    "operatingProfitMargin" : 12.42,
    "operatingProfit" : 29.14,
    "netProfitMargin" : 9.60,
    "netProfit" : 22.53
  }, {
    "date" : "2019-03-31",
    "sales" : 248.91,
    "salesGrowthYoY" : 14.26,
    "grossProfitMargin" : 100.00,
    "grossProfit" : 248.91,
    "operatingProfitMargin" : 8.33,
    "operatingProfit" : 20.73,
    "netProfitMargin" : 2.23,
    "netProfit" : 5.55
  }, {
    "date" : "2019-06-30",
    "sales" : 175.31,
    "salesGrowthYoY" : -9.95,
    "grossProfitMargin" : 100.00,
    "grossProfit" : 175.31,
    "operatingProfitMargin" : 0.50,
    "operatingProfit" : 0.88,
    "netProfitMargin" : -0.29,
    "netProfit" : -0.51
  }, {
    "date" : "2019-09-30",
    "sales" : 180.60,
    "salesGrowthYoY" : -28.63,
    "grossProfitMargin" : 100.00,
    "grossProfit" : 180.60,
    "operatingProfitMargin" : -3.04,
    "operatingProfit" : -5.49,
    "netProfitMargin" : -7.38,
    "netProfit" : -13.33
  }, {
    "date" : "2019-12-31",
    "sales" : 181.76,
    "salesGrowthYoY" : -22.54,
    "grossProfitMargin" : 100.00,
    "grossProfit" : 181.76,
    "operatingProfitMargin" : -17.63,
    "operatingProfit" : -32.04,
    "netProfitMargin" : -20.01,
    "netProfit" : -36.37
  }, {
    "date" : "2020-03-31",
    "sales" : 203.67,
    "salesGrowthYoY" : -18.18,
    "grossProfitMargin" : 100.00,
    "grossProfit" : 203.67,
    "operatingProfitMargin" : 22.41,
    "operatingProfit" : 45.64,
    "netProfitMargin" : 9.29,
    "netProfit" : 18.92
  }, {
    "date" : "2020-06-30",
    "sales" : 212.81,
    "salesGrowthYoY" : 21.39,
    "grossProfitMargin" : 100.00,
    "grossProfit" : 212.81,
    "operatingProfitMargin" : 23.44,
    "operatingProfit" : 49.88,
    "netProfitMargin" : 18.30,
    "netProfit" : 38.94
  }, {
    "date" : "2020-09-30",
    "sales" : 238.76,
    "salesGrowthYoY" : 32.20,
    "grossProfitMargin" : 100.00,
    "grossProfit" : 238.76,
    "operatingProfitMargin" : 26.47,
    "operatingProfit" : 63.20,
    "netProfitMargin" : 19.27,
    "netProfit" : 46.01
  }, {
    "date" : "2020-12-31",
    "sales" : 271.36,
    "salesGrowthYoY" : 49.30,
    "grossProfitMargin" : 100.00,
    "grossProfit" : 271.36,
    "operatingProfitMargin" : 28.30,
    "operatingProfit" : 76.79,
    "netProfitMargin" : 24.54,
    "netProfit" : 66.59
  }, {
    "date" : "2021-03-31",
    "sales" : 280.30,
    "salesGrowthYoY" : 37.62,
    "grossProfitMargin" : 100.00,
    "grossProfit" : 280.30,
    "operatingProfitMargin" : 25.10,
    "operatingProfit" : 70.36,
    "netProfitMargin" : 19.88,
    "netProfit" : 55.72
  }, {
    "date" : "2021-06-30",
    "sales" : 277.62,
    "salesGrowthYoY" : 30.45,
    "grossProfitMargin" : 100.00,
    "grossProfit" : 277.62,
    "operatingProfitMargin" : 23.64,
    "operatingProfit" : 65.63,
    "netProfitMargin" : 19.62,
    "netProfit" : 54.47
  }, {
    "date" : "2021-09-30",
    "sales" : 313.27,
    "salesGrowthYoY" : 31.21,
    "grossProfitMargin" : 100.00,
    "grossProfit" : 313.27,
    "operatingProfitMargin" : 28.70,
    "operatingProfit" : 89.91,
    "netProfitMargin" : 17.94,
    "netProfit" : 56.20
  }, {
    "date" : "2021-12-31",
    "sales" : 314.75,
    "salesGrowthYoY" : 15.99,
    "grossProfitMargin" : 100.00,
    "grossProfit" : 314.75,
    "operatingProfitMargin" : 18.48,
    "operatingProfit" : 58.17,
    "netProfitMargin" : 12.61,
    "netProfit" : 39.69
  }, {
    "date" : "2022-03-31",
    "sales" : 349.37,
    "salesGrowthYoY" : 24.64,
    "grossProfitMargin" : 100.00,
    "grossProfit" : 349.37,
    "operatingProfitMargin" : 22.87,
    "operatingProfit" : 79.90,
    "netProfitMargin" : 14.81,
    "netProfit" : 51.74
  }, {
    "date" : "2022-06-30",
    "sales" : 362.25,
    "salesGrowthYoY" : 30.48,
    "grossProfitMargin" : 100.00,
    "grossProfit" : 362.25,
    "operatingProfitMargin" : 20.68,
    "operatingProfit" : 74.91,
    "netProfitMargin" : 11.30,
    "netProfit" : 40.93
  }, {
    "date" : "2022-09-30",
    "sales" : 348.11,
    "salesGrowthYoY" : 11.12,
    "grossProfitMargin" : 100.00,
    "grossProfit" : 348.11,
    "operatingProfitMargin" : 10.60,
    "operatingProfit" : 36.90,
    "netProfitMargin" : 4.87,
    "netProfit" : 16.95
  }, {
    "date" : "2022-12-31",
    "sales" : 348.30,
    "salesGrowthYoY" : 10.66,
    "grossProfitMargin" : 100.00,
    "grossProfit" : 348.30,
    "operatingProfitMargin" : 13.70,
    "operatingProfit" : 47.72,
    "netProfitMargin" : 10.38,
    "netProfit" : 36.15
  }, {
    "date" : "2023-03-31",
    "sales" : 411.45,
    "salesGrowthYoY" : 17.77,
    "grossProfitMargin" : 100.00,
    "grossProfit" : 411.45,
    "operatingProfitMargin" : 18.44,
    "operatingProfit" : 75.87,
    "netProfitMargin" : 9.71,
    "netProfit" : 39.95
  }, {
    "date" : "2023-06-30",
    "sales" : 423.86,
    "salesGrowthYoY" : 17.01,
    "grossProfitMargin" : 100.00,
    "grossProfit" : 423.86,
    "operatingProfitMargin" : 21.08,
    "operatingProfit" : 89.35,
    "netProfitMargin" : 12.47,
    "netProfit" : 52.86
  }, {
    "date" : "2023-09-30",
    "sales" : 407.72,
    "salesGrowthYoY" : 17.12,
    "grossProfitMargin" : 100.00,
    "grossProfit" : 407.72,
    "operatingProfitMargin" : 15.69,
    "operatingProfit" : 63.97,
    "netProfitMargin" : 8.80,
    "netProfit" : 35.88
  }, {
    "date" : "2023-12-31",
    "sales" : 420.60,
    "salesGrowthYoY" : 20.76,
    "grossProfitMargin" : 100.00,
    "grossProfit" : 420.60,
    "operatingProfitMargin" : 16.50,
    "operatingProfit" : 69.40,
    "netProfitMargin" : 11.58,
    "netProfit" : 48.71
  }, {
    "date" : "2024-03-31",
    "sales" : 426.76,
    "salesGrowthYoY" : 3.72,
    "grossProfitMargin" : 100.00,
    "grossProfit" : 426.76,
    "operatingProfitMargin" : 16.16,
    "operatingProfit" : 68.96,
    "netProfitMargin" : 9.53,
    "netProfit" : 40.67
  }, {
    "date" : "2024-06-30",
    "sales" : 385.35,
    "salesGrowthYoY" : -9.09,
    "grossProfitMargin" : 100.00,
    "grossProfit" : 385.35,
    "operatingProfitMargin" : 18.54,
    "operatingProfit" : 71.44,
    "netProfitMargin" : 11.92,
    "netProfit" : 45.93
  }, {
    "date" : "2024-09-30",
    "sales" : 334.16,
    "salesGrowthYoY" : -18.04,
    "grossProfitMargin" : 100.00,
    "grossProfit" : 334.16,
    "operatingProfitMargin" : 8.89,
    "operatingProfit" : 29.71,
    "netProfitMargin" : 7.22,
    "netProfit" : 24.13
  }, {
    "date" : "2024-12-31",
    "sales" : 386.70,
    "salesGrowthYoY" : -8.06,
    "grossProfitMargin" : 100.00,
    "grossProfit" : 386.70,
    "operatingProfitMargin" : 15.88,
    "operatingProfit" : 61.41,
    "netProfitMargin" : 8.84,
    "netProfit" : 34.18
  }, {
    "date" : "2025-03-31",
    "sales" : 462.51,
    "salesGrowthYoY" : 8.38,
    "grossProfitMargin" : 100.00,
    "grossProfit" : 462.51,
    "operatingProfitMargin" : 28.83,
    "operatingProfit" : 133.34,
    "netProfitMargin" : 19.55,
    "netProfit" : 90.42
  }, {
    "date" : "2025-06-30",
    "sales" : 377.39,
    "salesGrowthYoY" : -2.07,
    "grossProfitMargin" : 100.00,
    "grossProfit" : 377.39,
    "operatingProfitMargin" : 19.09,
    "operatingProfit" : 72.04,
    "netProfitMargin" : 14.70,
    "netProfit" : 55.48
  }, {
    "date" : "2025-09-30",
    "sales" : 431.06,
    "salesGrowthYoY" : 29.00,
    "grossProfitMargin" : 100.00,
    "grossProfit" : 431.06,
    "operatingProfitMargin" : 23.77,
    "operatingProfit" : 102.46,
    "netProfitMargin" : 16.04,
    "netProfit" : 69.14
  } ],
  "latestQuarterlyResult" : {
    "date" : "2025-09-30",
    "sales" : 431.06,
    "salesGrowthYoY" : 29.00,
    "grossProfitMargin" : 100.00,
    "grossProfit" : 431.06,
    "operatingProfitMargin" : 23.77,
    "operatingProfit" : 102.46,
    "netProfitMargin" : 16.04,
    "netProfit" : 69.14
  },
  "companyScore" : {
    "priceHigherThanDma50" : 0.00,
    "priceHigherThanDma100" : 0.00,
    "priceHigherThanDma200" : 0.00,
    "dma50HigherThanDma100" : 5.00,
    "dma50HigherThanDma200" : 5.00,
    "dma100HigherThanDma200" : 5.00,
    "pricePercentageAboveDma50" : 5.35,
    "pricePercentageAboveDma100" : 5.29,
    "pricePercentageAboveDma200" : 5.20,
    "weeklyVolumeHigherThanYearlyVolume" : 0.00,
    "salesGrowthPercentile" : 14.29,
    "operatingProfitMarginPercentile" : 18.27,
    "netProfitMarginPercentile" : 8.04,
    "totalTechnicalScore" : 30.84,
    "totalFundamentalScore" : 40.60,
    "totalScore" : 71.44
  }
}