{
  "metadata" : {
    "screenerCompanyId" : "1545",
    "companyCode" : "ISGEC",
    "companyName" : "ISGEC Heavy",
    "screenerCompanyLink" : "https://www.screener.in/company/ISGEC/consolidated/",
    "screenerTechnicalHistoryLink" : "https://www.screener.in/api/company/1545/chart/?q=Price-DMA50-DMA200-Volume&days=365",
    "screenerQuarterlyResultsLink" : "https://www.screener.in/api/company/1545/chart/?q=GPM-OPM-NPM-Quarter+Sales&days=10000",
    "attributes" : {
      "companyCode" : "ISGEC",
      "companyName" : "ISGEC Heavy",
      "marketCap" : 6075.00,
      "peRatio" : 18.60,
      "description" : "ISGEC Heavy Engineering Ltd is a diversified heavy engineering company engaged in manufacturing and project business with an extensive global presence. It manufactures process plant equipment, presses, Iron & Steel castings & Boiler pressure parts. It also undertakes turnkey projects for setting-up boilers, power plants, sugar plants, distilleries, factories and others. It also has strengths in the business of construction.[1] It is also engaged in the business of manufacture of sugar and its by-products through a subsidiary.[2]"
    },
    "companyScore" : {
      "priceHigherThanDma50" : 5.00,
      "priceHigherThanDma100" : 0.00,
      "priceHigherThanDma200" : 0.00,
      "dma50HigherThanDma100" : 0.00,
      "dma50HigherThanDma200" : 0.00,
      "dma100HigherThanDma200" : 0.00,
      "pricePercentageAboveDma50" : 5.00,
      "pricePercentageAboveDma100" : 5.09,
      "pricePercentageAboveDma200" : 5.61,
      "weeklyVolumeHigherThanYearlyVolume" : 0.00,
      "salesGrowthPercentile" : 12.50,
      "operatingProfitMarginPercentile" : 14.29,
      "netProfitMarginPercentile" : 9.05,
      "totalTechnicalScore" : 20.70,
      "totalFundamentalScore" : 35.83,
      "totalScore" : 56.53
    }
  },
  "attributes" : {
    "companyCode" : "ISGEC",
    "companyName" : "ISGEC Heavy",
    "marketCap" : 6075.00,
    "peRatio" : 18.60,
    "description" : "ISGEC Heavy Engineering Ltd is a diversified heavy engineering company engaged in manufacturing and project business with an extensive global presence. It manufactures process plant equipment, presses, Iron & Steel castings & Boiler pressure parts. It also undertakes turnkey projects for setting-up boilers, power plants, sugar plants, distilleries, factories and others. It also has strengths in the business of construction.[1] It is also engaged in the business of manufacture of sugar and its by-products through a subsidiary.[2]"
  },
  "technicalHistory" : [ {
    "date" : "2025-02-20",
    "price" : 933.05,
    "dma50" : 1180.06,
    "dma100" : null,
    "dma200" : 1237.28,
    "volume" : 2660515.00
  }, {
    "date" : "2025-02-21",
    "price" : 994.35,
    "dma50" : 1172.78,
    "dma100" : null,
    "dma200" : 1234.86,
    "volume" : 628769.00
  }, {
    "date" : "2025-02-24",
    "price" : 988.00,
    "dma50" : 1165.53,
    "dma100" : null,
    "dma200" : 1232.41,
    "volume" : 214621.00
  }, {
    "date" : "2025-02-25",
    "price" : 991.25,
    "dma50" : 1158.70,
    "dma100" : null,
    "dma200" : 1230.01,
    "volume" : 119958.00
  }, {
    "date" : "2025-02-27",
    "price" : 987.95,
    "dma50" : 1152.00,
    "dma100" : null,
    "dma200" : 1227.60,
    "volume" : 239696.00
  }, {
    "date" : "2025-02-28",
    "price" : 930.05,
    "dma50" : 1143.30,
    "dma100" : null,
    "dma200" : 1224.64,
    "volume" : 127714.00
  }, {
    "date" : "2025-03-03",
    "price" : 961.70,
    "dma50" : 1136.17,
    "dma100" : null,
    "dma200" : 1222.02,
    "volume" : 159729.00
  }, {
    "date" : "2025-03-04",
    "price" : 975.10,
    "dma50" : 1129.86,
    "dma100" : null,
    "dma200" : 1219.57,
    "volume" : 187084.00
  }, {
    "date" : "2025-03-05",
    "price" : 1007.80,
    "dma50" : 1125.07,
    "dma100" : null,
    "dma200" : 1217.46,
    "volume" : 130668.00
  }, {
    "date" : "2025-03-06",
    "price" : 999.10,
    "dma50" : 1120.13,
    "dma100" : null,
    "dma200" : 1215.29,
    "volume" : 307049.00
  }, {
    "date" : "2025-03-07",
    "price" : 1006.35,
    "dma50" : 1115.67,
    "dma100" : null,
    "dma200" : 1213.21,
    "volume" : 95310.00
  }, {
    "date" : "2025-03-10",
    "price" : 986.25,
    "dma50" : 1110.59,
    "dma100" : null,
    "dma200" : 1210.95,
    "volume" : 319682.00
  }, {
    "date" : "2025-03-11",
    "price" : 972.35,
    "dma50" : 1105.17,
    "dma100" : null,
    "dma200" : 1208.57,
    "volume" : 161175.00
  }, {
    "date" : "2025-03-12",
    "price" : 980.50,
    "dma50" : 1100.28,
    "dma100" : null,
    "dma200" : 1206.30,
    "volume" : 94923.00
  }, {
    "date" : "2025-03-13",
    "price" : 945.30,
    "dma50" : 1094.21,
    "dma100" : null,
    "dma200" : 1203.71,
    "volume" : 113328.00
  }, {
    "date" : "2025-03-17",
    "price" : 969.70,
    "dma50" : 1089.32,
    "dma100" : null,
    "dma200" : 1201.38,
    "volume" : 136180.00
  }, {
    "date" : "2025-03-18",
    "price" : 1002.30,
    "dma50" : 1085.91,
    "dma100" : null,
    "dma200" : 1199.40,
    "volume" : 136449.00
  }, {
    "date" : "2025-03-19",
    "price" : 1006.00,
    "dma50" : 1082.78,
    "dma100" : null,
    "dma200" : 1197.47,
    "volume" : 110695.00
  }, {
    "date" : "2025-03-20",
    "price" : 983.05,
    "dma50" : 1078.87,
    "dma100" : null,
    "dma200" : 1195.34,
    "volume" : 323367.00
  }, {
    "date" : "2025-03-21",
    "price" : 1076.10,
    "dma50" : 1078.76,
    "dma100" : null,
    "dma200" : 1194.15,
    "volume" : 1123534.00
  }, {
    "date" : "2025-03-24",
    "price" : 1079.40,
    "dma50" : 1078.78,
    "dma100" : null,
    "dma200" : 1193.01,
    "volume" : 107040.00
  }, {
    "date" : "2025-03-25",
    "price" : 1076.70,
    "dma50" : 1078.70,
    "dma100" : null,
    "dma200" : 1191.85,
    "volume" : 87074.00
  }, {
    "date" : "2025-03-26",
    "price" : 1046.10,
    "dma50" : 1077.42,
    "dma100" : null,
    "dma200" : 1190.40,
    "volume" : 50510.00
  }, {
    "date" : "2025-03-27",
    "price" : 1049.25,
    "dma50" : 1076.32,
    "dma100" : null,
    "dma200" : 1189.00,
    "volume" : 350824.00
  }, {
    "date" : "2025-03-28",
    "price" : 1049.80,
    "dma50" : 1075.28,
    "dma100" : null,
    "dma200" : 1187.61,
    "volume" : 230181.00
  }, {
    "date" : "2025-04-01",
    "price" : 1075.35,
    "dma50" : 1075.28,
    "dma100" : null,
    "dma200" : 1186.50,
    "volume" : 92848.00
  }, {
    "date" : "2025-04-02",
    "price" : 1082.50,
    "dma50" : 1075.56,
    "dma100" : null,
    "dma200" : 1185.46,
    "volume" : 40582.00
  }, {
    "date" : "2025-04-03",
    "price" : 1115.95,
    "dma50" : 1077.15,
    "dma100" : null,
    "dma200" : 1184.77,
    "volume" : 98801.00
  }, {
    "date" : "2025-04-04",
    "price" : 1069.55,
    "dma50" : 1076.85,
    "dma100" : null,
    "dma200" : 1183.62,
    "volume" : 82337.00
  }, {
    "date" : "2025-04-07",
    "price" : 992.80,
    "dma50" : 1073.55,
    "dma100" : null,
    "dma200" : 1181.73,
    "volume" : 104606.00
  }, {
    "date" : "2025-04-08",
    "price" : 1037.30,
    "dma50" : 1072.13,
    "dma100" : null,
    "dma200" : 1180.29,
    "volume" : 477087.00
  }, {
    "date" : "2025-04-09",
    "price" : 1002.45,
    "dma50" : 1069.40,
    "dma100" : null,
    "dma200" : 1178.52,
    "volume" : 110253.00
  }, {
    "date" : "2025-04-11",
    "price" : 1033.20,
    "dma50" : 1067.98,
    "dma100" : null,
    "dma200" : 1177.07,
    "volume" : 315152.00
  }, {
    "date" : "2025-04-15",
    "price" : 1083.20,
    "dma50" : 1068.58,
    "dma100" : null,
    "dma200" : 1176.14,
    "volume" : 69811.00
  }, {
    "date" : "2025-04-16",
    "price" : 1099.90,
    "dma50" : 1069.80,
    "dma100" : null,
    "dma200" : 1175.38,
    "volume" : 48608.00
  }, {
    "date" : "2025-04-17",
    "price" : 1090.70,
    "dma50" : 1070.62,
    "dma100" : null,
    "dma200" : 1174.54,
    "volume" : 51173.00
  }, {
    "date" : "2025-04-21",
    "price" : 1106.00,
    "dma50" : 1072.01,
    "dma100" : null,
    "dma200" : 1173.86,
    "volume" : 71158.00
  }, {
    "date" : "2025-04-22",
    "price" : 1135.30,
    "dma50" : 1074.49,
    "dma100" : null,
    "dma200" : 1173.47,
    "volume" : 115008.00
  }, {
    "date" : "2025-04-23",
    "price" : 1180.40,
    "dma50" : 1078.65,
    "dma100" : null,
    "dma200" : 1173.54,
    "volume" : 109113.00
  }, {
    "date" : "2025-04-24",
    "price" : 1237.90,
    "dma50" : 1084.89,
    "dma100" : null,
    "dma200" : 1174.18,
    "volume" : 241312.00
  }, {
    "date" : "2025-04-25",
    "price" : 1213.00,
    "dma50" : 1089.92,
    "dma100" : null,
    "dma200" : 1174.57,
    "volume" : 136330.00
  }, {
    "date" : "2025-04-28",
    "price" : 1176.40,
    "dma50" : 1093.31,
    "dma100" : null,
    "dma200" : 1174.59,
    "volume" : 81383.00
  }, {
    "date" : "2025-04-29",
    "price" : 1165.30,
    "dma50" : 1096.13,
    "dma100" : null,
    "dma200" : 1174.49,
    "volume" : 102084.00
  }, {
    "date" : "2025-04-30",
    "price" : 1130.00,
    "dma50" : 1097.46,
    "dma100" : null,
    "dma200" : 1174.05,
    "volume" : 73032.00
  }, {
    "date" : "2025-05-02",
    "price" : 1038.20,
    "dma50" : 1095.13,
    "dma100" : null,
    "dma200" : 1172.70,
    "volume" : 264048.00
  }, {
    "date" : "2025-05-05",
    "price" : 1076.00,
    "dma50" : 1094.38,
    "dma100" : null,
    "dma200" : 1171.74,
    "volume" : 89609.00
  }, {
    "date" : "2025-05-06",
    "price" : 1052.80,
    "dma50" : 1092.75,
    "dma100" : null,
    "dma200" : 1170.55,
    "volume" : 48841.00
  }, {
    "date" : "2025-05-07",
    "price" : 1063.80,
    "dma50" : 1091.62,
    "dma100" : null,
    "dma200" : 1169.49,
    "volume" : 52695.00
  }, {
    "date" : "2025-05-08",
    "price" : 1052.00,
    "dma50" : 1090.06,
    "dma100" : null,
    "dma200" : 1168.32,
    "volume" : 94999.00
  }, {
    "date" : "2025-05-09",
    "price" : 1054.00,
    "dma50" : 1088.65,
    "dma100" : null,
    "dma200" : 1167.18,
    "volume" : 92647.00
  }, {
    "date" : "2025-05-12",
    "price" : 1107.50,
    "dma50" : 1089.39,
    "dma100" : null,
    "dma200" : 1166.59,
    "volume" : 45763.00
  }, {
    "date" : "2025-05-13",
    "price" : 1096.60,
    "dma50" : 1089.67,
    "dma100" : null,
    "dma200" : 1165.89,
    "volume" : 84919.00
  }, {
    "date" : "2025-05-14",
    "price" : 1156.00,
    "dma50" : 1092.27,
    "dma100" : null,
    "dma200" : 1165.80,
    "volume" : 89135.00
  }, {
    "date" : "2025-05-15",
    "price" : 1160.40,
    "dma50" : 1094.94,
    "dma100" : null,
    "dma200" : 1165.74,
    "volume" : 41424.00
  }, {
    "date" : "2025-05-16",
    "price" : 1170.90,
    "dma50" : 1097.92,
    "dma100" : null,
    "dma200" : 1165.79,
    "volume" : 61031.00
  }, {
    "date" : "2025-05-19",
    "price" : 1168.40,
    "dma50" : 1100.69,
    "dma100" : null,
    "dma200" : 1165.82,
    "volume" : 26464.00
  }, {
    "date" : "2025-05-20",
    "price" : 1129.40,
    "dma50" : 1101.81,
    "dma100" : null,
    "dma200" : 1165.46,
    "volume" : 80220.00
  }, {
    "date" : "2025-05-21",
    "price" : 1175.90,
    "dma50" : 1104.72,
    "dma100" : null,
    "dma200" : 1165.56,
    "volume" : 103038.00
  }, {
    "date" : "2025-05-22",
    "price" : 1251.10,
    "dma50" : 1110.46,
    "dma100" : null,
    "dma200" : 1166.41,
    "volume" : 266180.00
  }, {
    "date" : "2025-05-23",
    "price" : 1236.20,
    "dma50" : 1115.39,
    "dma100" : null,
    "dma200" : 1167.11,
    "volume" : 53994.00
  }, {
    "date" : "2025-05-26",
    "price" : 1255.50,
    "dma50" : 1120.88,
    "dma100" : null,
    "dma200" : 1167.99,
    "volume" : 127280.00
  }, {
    "date" : "2025-05-27",
    "price" : 1251.60,
    "dma50" : 1126.01,
    "dma100" : null,
    "dma200" : 1168.82,
    "volume" : 40848.00
  }, {
    "date" : "2025-05-28",
    "price" : 1272.40,
    "dma50" : 1131.75,
    "dma100" : null,
    "dma200" : 1169.85,
    "volume" : 58514.00
  }, {
    "date" : "2025-05-29",
    "price" : 1257.90,
    "dma50" : 1136.70,
    "dma100" : null,
    "dma200" : 1170.73,
    "volume" : 142880.00
  }, {
    "date" : "2025-05-30",
    "price" : 1212.90,
    "dma50" : 1139.69,
    "dma100" : null,
    "dma200" : 1171.14,
    "volume" : 161545.00
  }, {
    "date" : "2025-06-02",
    "price" : 1200.60,
    "dma50" : 1142.08,
    "dma100" : null,
    "dma200" : 1171.44,
    "volume" : 39303.00
  }, {
    "date" : "2025-06-03",
    "price" : 1186.40,
    "dma50" : 1143.81,
    "dma100" : null,
    "dma200" : 1171.59,
    "volume" : 52674.00
  }, {
    "date" : "2025-06-04",
    "price" : 1199.00,
    "dma50" : 1145.98,
    "dma100" : null,
    "dma200" : 1171.86,
    "volume" : 406063.00
  }, {
    "date" : "2025-06-05",
    "price" : 1268.90,
    "dma50" : 1150.80,
    "dma100" : null,
    "dma200" : 1172.83,
    "volume" : 269091.00
  }, {
    "date" : "2025-06-06",
    "price" : 1242.20,
    "dma50" : 1154.38,
    "dma100" : null,
    "dma200" : 1173.52,
    "volume" : 126957.00
  }, {
    "date" : "2025-06-09",
    "price" : 1258.90,
    "dma50" : 1158.48,
    "dma100" : null,
    "dma200" : 1174.36,
    "volume" : 57451.00
  }, {
    "date" : "2025-06-10",
    "price" : 1258.30,
    "dma50" : 1162.40,
    "dma100" : null,
    "dma200" : 1175.20,
    "volume" : 37718.00
  }, {
    "date" : "2025-06-11",
    "price" : 1261.00,
    "dma50" : 1166.26,
    "dma100" : null,
    "dma200" : 1176.05,
    "volume" : 58677.00
  }, {
    "date" : "2025-06-12",
    "price" : 1255.40,
    "dma50" : 1169.76,
    "dma100" : null,
    "dma200" : 1176.84,
    "volume" : 64789.00
  }, {
    "date" : "2025-06-13",
    "price" : 1241.00,
    "dma50" : 1172.55,
    "dma100" : null,
    "dma200" : 1177.48,
    "volume" : 41973.00
  }, {
    "date" : "2025-06-16",
    "price" : 1237.70,
    "dma50" : 1175.11,
    "dma100" : null,
    "dma200" : 1178.08,
    "volume" : 22424.00
  }, {
    "date" : "2025-06-17",
    "price" : 1202.10,
    "dma50" : 1176.17,
    "dma100" : null,
    "dma200" : 1178.32,
    "volume" : 52730.00
  }, {
    "date" : "2025-06-18",
    "price" : 1186.50,
    "dma50" : 1176.57,
    "dma100" : null,
    "dma200" : 1178.40,
    "volume" : 39982.00
  }, {
    "date" : "2025-06-19",
    "price" : 1174.60,
    "dma50" : 1176.49,
    "dma100" : null,
    "dma200" : 1178.36,
    "volume" : 40897.00
  }, {
    "date" : "2025-06-20",
    "price" : 1199.50,
    "dma50" : 1177.40,
    "dma100" : null,
    "dma200" : 1178.57,
    "volume" : 35219.00
  }, {
    "date" : "2025-06-23",
    "price" : 1193.60,
    "dma50" : 1178.03,
    "dma100" : null,
    "dma200" : 1178.72,
    "volume" : 24224.00
  }, {
    "date" : "2025-06-24",
    "price" : 1202.20,
    "dma50" : 1178.98,
    "dma100" : null,
    "dma200" : 1178.96,
    "volume" : 23059.00
  }, {
    "date" : "2025-06-25",
    "price" : 1204.50,
    "dma50" : 1179.98,
    "dma100" : null,
    "dma200" : 1179.21,
    "volume" : 24489.00
  }, {
    "date" : "2025-06-26",
    "price" : 1189.70,
    "dma50" : 1180.36,
    "dma100" : null,
    "dma200" : 1179.32,
    "volume" : 31847.00
  }, {
    "date" : "2025-06-27",
    "price" : 1210.80,
    "dma50" : 1181.55,
    "dma100" : null,
    "dma200" : 1179.63,
    "volume" : 53089.00
  }, {
    "date" : "2025-06-30",
    "price" : 1238.20,
    "dma50" : 1183.78,
    "dma100" : null,
    "dma200" : 1180.21,
    "volume" : 54959.00
  }, {
    "date" : "2025-07-01",
    "price" : 1228.20,
    "dma50" : 1185.52,
    "dma100" : null,
    "dma200" : 1180.69,
    "volume" : 24272.00
  }, {
    "date" : "2025-07-02",
    "price" : 1206.00,
    "dma50" : 1186.32,
    "dma100" : null,
    "dma200" : 1180.94,
    "volume" : 34698.00
  }, {
    "date" : "2025-07-03",
    "price" : 1193.20,
    "dma50" : 1186.59,
    "dma100" : null,
    "dma200" : 1181.06,
    "volume" : 26208.00
  }, {
    "date" : "2025-07-04",
    "price" : 1211.40,
    "dma50" : 1187.56,
    "dma100" : null,
    "dma200" : 1181.36,
    "volume" : 54481.00
  }, {
    "date" : "2025-07-07",
    "price" : 1217.40,
    "dma50" : 1188.73,
    "dma100" : null,
    "dma200" : 1181.72,
    "volume" : 35363.00
  }, {
    "date" : "2025-07-08",
    "price" : 1206.40,
    "dma50" : 1189.43,
    "dma100" : null,
    "dma200" : 1181.97,
    "volume" : 35493.00
  }, {
    "date" : "2025-07-09",
    "price" : 1213.90,
    "dma50" : 1190.39,
    "dma100" : null,
    "dma200" : 1182.29,
    "volume" : 37987.00
  }, {
    "date" : "2025-07-10",
    "price" : 1204.80,
    "dma50" : 1190.95,
    "dma100" : null,
    "dma200" : 1182.51,
    "volume" : 34027.00
  }, {
    "date" : "2025-07-11",
    "price" : 1179.60,
    "dma50" : 1190.51,
    "dma100" : null,
    "dma200" : 1182.48,
    "volume" : 28404.00
  }, {
    "date" : "2025-07-14",
    "price" : 1179.30,
    "dma50" : 1190.07,
    "dma100" : null,
    "dma200" : 1182.45,
    "volume" : 31136.00
  }, {
    "date" : "2025-07-15",
    "price" : 1202.40,
    "dma50" : 1190.55,
    "dma100" : null,
    "dma200" : 1182.65,
    "volume" : 35648.00
  }, {
    "date" : "2025-07-16",
    "price" : 1164.60,
    "dma50" : 1189.53,
    "dma100" : null,
    "dma200" : 1182.47,
    "volume" : 90744.00
  }, {
    "date" : "2025-07-17",
    "price" : 1170.60,
    "dma50" : 1188.79,
    "dma100" : null,
    "dma200" : 1182.35,
    "volume" : 27081.00
  }, {
    "date" : "2025-07-18",
    "price" : 1158.50,
    "dma50" : 1187.60,
    "dma100" : null,
    "dma200" : 1182.11,
    "volume" : 19473.00
  }, {
    "date" : "2025-07-21",
    "price" : 1156.70,
    "dma50" : 1186.39,
    "dma100" : 1128.35,
    "dma200" : 1181.86,
    "volume" : 24559.00
  }, {
    "date" : "2025-07-22",
    "price" : 1147.60,
    "dma50" : 1184.87,
    "dma100" : 1129.88,
    "dma200" : 1181.52,
    "volume" : 24463.00
  }, {
    "date" : "2025-07-23",
    "price" : 1132.80,
    "dma50" : 1182.83,
    "dma100" : 1131.33,
    "dma200" : 1181.03,
    "volume" : 43570.00
  }, {
    "date" : "2025-07-24",
    "price" : 1145.00,
    "dma50" : 1181.34,
    "dma100" : 1132.87,
    "dma200" : 1180.68,
    "volume" : 35764.00
  }, {
    "date" : "2025-07-25",
    "price" : 1134.50,
    "dma50" : 1179.51,
    "dma100" : 1134.34,
    "dma200" : 1180.22,
    "volume" : 16483.00
  }, {
    "date" : "2025-07-28",
    "price" : 1120.00,
    "dma50" : 1177.17,
    "dma100" : 1136.24,
    "dma200" : 1179.62,
    "volume" : 41413.00
  }, {
    "date" : "2025-07-29",
    "price" : 1121.30,
    "dma50" : 1174.98,
    "dma100" : 1137.83,
    "dma200" : 1179.04,
    "volume" : 26923.00
  }, {
    "date" : "2025-07-30",
    "price" : 1115.50,
    "dma50" : 1172.65,
    "dma100" : 1139.24,
    "dma200" : 1178.41,
    "volume" : 33732.00
  }, {
    "date" : "2025-07-31",
    "price" : 1091.20,
    "dma50" : 1169.46,
    "dma100" : 1140.07,
    "dma200" : 1177.54,
    "volume" : 43507.00
  }, {
    "date" : "2025-08-01",
    "price" : 1090.50,
    "dma50" : 1166.36,
    "dma100" : 1140.98,
    "dma200" : 1176.67,
    "volume" : 28167.00
  }, {
    "date" : "2025-08-04",
    "price" : 1097.10,
    "dma50" : 1163.64,
    "dma100" : 1141.89,
    "dma200" : 1175.88,
    "volume" : 33553.00
  }, {
    "date" : "2025-08-05",
    "price" : 1087.80,
    "dma50" : 1160.67,
    "dma100" : 1142.91,
    "dma200" : 1175.00,
    "volume" : 20980.00
  }, {
    "date" : "2025-08-06",
    "price" : 1056.20,
    "dma50" : 1156.57,
    "dma100" : 1143.74,
    "dma200" : 1173.82,
    "volume" : 38088.00
  }, {
    "date" : "2025-08-07",
    "price" : 1063.00,
    "dma50" : 1152.90,
    "dma100" : 1144.57,
    "dma200" : 1172.72,
    "volume" : 26293.00
  }, {
    "date" : "2025-08-08",
    "price" : 1049.30,
    "dma50" : 1148.84,
    "dma100" : 1145.61,
    "dma200" : 1171.49,
    "volume" : 38945.00
  }, {
    "date" : "2025-08-11",
    "price" : 1051.00,
    "dma50" : 1145.00,
    "dma100" : 1146.42,
    "dma200" : 1170.29,
    "volume" : 28564.00
  }, {
    "date" : "2025-08-12",
    "price" : 1045.20,
    "dma50" : 1141.09,
    "dma100" : 1146.85,
    "dma200" : 1169.05,
    "volume" : 18438.00
  }, {
    "date" : "2025-08-13",
    "price" : 1045.90,
    "dma50" : 1137.36,
    "dma100" : 1147.25,
    "dma200" : 1167.82,
    "volume" : 24042.00
  }, {
    "date" : "2025-08-14",
    "price" : 989.40,
    "dma50" : 1131.55,
    "dma100" : 1147.31,
    "dma200" : 1166.05,
    "volume" : 118468.00
  }, {
    "date" : "2025-08-18",
    "price" : 1006.20,
    "dma50" : 1126.64,
    "dma100" : 1146.62,
    "dma200" : 1164.46,
    "volume" : 53330.00
  }, {
    "date" : "2025-08-19",
    "price" : 1044.80,
    "dma50" : 1123.43,
    "dma100" : 1146.27,
    "dma200" : 1163.27,
    "volume" : 41297.00
  }, {
    "date" : "2025-08-20",
    "price" : 1037.80,
    "dma50" : 1120.07,
    "dma100" : 1145.88,
    "dma200" : 1162.02,
    "volume" : 21565.00
  }, {
    "date" : "2025-08-21",
    "price" : 1028.70,
    "dma50" : 1116.49,
    "dma100" : 1145.71,
    "dma200" : 1160.69,
    "volume" : 18532.00
  }, {
    "date" : "2025-08-22",
    "price" : 1015.10,
    "dma50" : 1112.51,
    "dma100" : 1145.36,
    "dma200" : 1159.24,
    "volume" : 30713.00
  }, {
    "date" : "2025-08-25",
    "price" : 1026.40,
    "dma50" : 1109.13,
    "dma100" : 1145.13,
    "dma200" : 1157.92,
    "volume" : 19497.00
  }, {
    "date" : "2025-08-26",
    "price" : 989.40,
    "dma50" : 1104.44,
    "dma100" : 1144.27,
    "dma200" : 1156.24,
    "volume" : 40504.00
  }, {
    "date" : "2025-08-28",
    "price" : 992.00,
    "dma50" : 1100.03,
    "dma100" : 1143.37,
    "dma200" : 1154.61,
    "volume" : 23390.00
  }, {
    "date" : "2025-08-29",
    "price" : 979.30,
    "dma50" : 1095.30,
    "dma100" : 1142.00,
    "dma200" : 1152.86,
    "volume" : 14899.00
  }, {
    "date" : "2025-09-01",
    "price" : 996.95,
    "dma50" : 1091.44,
    "dma100" : 1141.27,
    "dma200" : 1151.31,
    "volume" : 12491.00
  }, {
    "date" : "2025-09-02",
    "price" : 1017.45,
    "dma50" : 1088.54,
    "dma100" : 1141.52,
    "dma200" : 1149.98,
    "volume" : 19612.00
  }, {
    "date" : "2025-09-03",
    "price" : 1035.05,
    "dma50" : 1086.44,
    "dma100" : 1141.50,
    "dma200" : 1148.84,
    "volume" : 14094.00
  }, {
    "date" : "2025-09-04",
    "price" : 1022.30,
    "dma50" : 1083.92,
    "dma100" : 1141.70,
    "dma200" : 1147.58,
    "volume" : 8802.00
  }, {
    "date" : "2025-09-05",
    "price" : 1006.85,
    "dma50" : 1080.90,
    "dma100" : 1141.43,
    "dma200" : 1146.18,
    "volume" : 12570.00
  }, {
    "date" : "2025-09-08",
    "price" : 1004.00,
    "dma50" : 1077.89,
    "dma100" : 1140.64,
    "dma200" : 1144.76,
    "volume" : 13712.00
  }, {
    "date" : "2025-09-09",
    "price" : 995.10,
    "dma50" : 1074.64,
    "dma100" : 1139.59,
    "dma200" : 1143.27,
    "volume" : 16514.00
  }, {
    "date" : "2025-09-10",
    "price" : 1010.70,
    "dma50" : 1072.13,
    "dma100" : 1138.79,
    "dma200" : 1141.95,
    "volume" : 22594.00
  }, {
    "date" : "2025-09-11",
    "price" : 995.75,
    "dma50" : 1069.14,
    "dma100" : 1137.69,
    "dma200" : 1140.50,
    "volume" : 17846.00
  }, {
    "date" : "2025-09-12",
    "price" : 990.20,
    "dma50" : 1066.04,
    "dma100" : 1136.24,
    "dma200" : 1139.00,
    "volume" : 20724.00
  }, {
    "date" : "2025-09-15",
    "price" : 990.40,
    "dma50" : 1063.07,
    "dma100" : 1134.34,
    "dma200" : 1137.53,
    "volume" : 25061.00
  }, {
    "date" : "2025-09-16",
    "price" : 980.30,
    "dma50" : 1059.83,
    "dma100" : 1131.76,
    "dma200" : 1135.96,
    "volume" : 37558.00
  }, {
    "date" : "2025-09-17",
    "price" : 988.45,
    "dma50" : 1057.03,
    "dma100" : 1129.52,
    "dma200" : 1134.49,
    "volume" : 91207.00
  }, {
    "date" : "2025-09-18",
    "price" : 988.30,
    "dma50" : 1054.33,
    "dma100" : 1127.64,
    "dma200" : 1133.04,
    "volume" : 39622.00
  }, {
    "date" : "2025-09-19",
    "price" : 985.20,
    "dma50" : 1051.62,
    "dma100" : 1125.84,
    "dma200" : 1131.57,
    "volume" : 51955.00
  }, {
    "date" : "2025-09-22",
    "price" : 957.00,
    "dma50" : 1047.91,
    "dma100" : 1124.11,
    "dma200" : 1129.83,
    "volume" : 51236.00
  }, {
    "date" : "2025-09-23",
    "price" : 944.10,
    "dma50" : 1043.84,
    "dma100" : 1123.16,
    "dma200" : 1127.98,
    "volume" : 43646.00
  }, {
    "date" : "2025-09-24",
    "price" : 945.55,
    "dma50" : 1039.99,
    "dma100" : 1121.86,
    "dma200" : 1126.17,
    "volume" : 29490.00
  }, {
    "date" : "2025-09-25",
    "price" : 934.60,
    "dma50" : 1035.85,
    "dma100" : 1120.68,
    "dma200" : 1124.26,
    "volume" : 31267.00
  }, {
    "date" : "2025-09-26",
    "price" : 896.30,
    "dma50" : 1030.38,
    "dma100" : 1119.00,
    "dma200" : 1121.99,
    "volume" : 40776.00
  }, {
    "date" : "2025-09-29",
    "price" : 875.35,
    "dma50" : 1024.30,
    "dma100" : 1117.24,
    "dma200" : 1119.54,
    "volume" : 30952.00
  }, {
    "date" : "2025-09-30",
    "price" : 878.00,
    "dma50" : 1018.56,
    "dma100" : 1115.48,
    "dma200" : 1117.14,
    "volume" : 29279.00
  }, {
    "date" : "2025-10-01",
    "price" : 894.25,
    "dma50" : 1013.69,
    "dma100" : 1113.34,
    "dma200" : 1114.92,
    "volume" : 23687.00
  }, {
    "date" : "2025-10-03",
    "price" : 905.35,
    "dma50" : 1009.44,
    "dma100" : 1111.43,
    "dma200" : 1112.83,
    "volume" : 29596.00
  }, {
    "date" : "2025-10-06",
    "price" : 882.00,
    "dma50" : 1004.44,
    "dma100" : 1108.69,
    "dma200" : 1110.54,
    "volume" : 56470.00
  }, {
    "date" : "2025-10-07",
    "price" : 883.60,
    "dma50" : 999.70,
    "dma100" : 1105.92,
    "dma200" : 1108.28,
    "volume" : 31054.00
  }, {
    "date" : "2025-10-08",
    "price" : 877.05,
    "dma50" : 994.89,
    "dma100" : 1102.99,
    "dma200" : 1105.98,
    "volume" : 18952.00
  }, {
    "date" : "2025-10-09",
    "price" : 870.70,
    "dma50" : 990.02,
    "dma100" : 1100.01,
    "dma200" : 1103.64,
    "volume" : 53039.00
  }, {
    "date" : "2025-10-10",
    "price" : 911.15,
    "dma50" : 986.93,
    "dma100" : 1097.83,
    "dma200" : 1101.72,
    "volume" : 742823.00
  }, {
    "date" : "2025-10-13",
    "price" : 922.40,
    "dma50" : 984.40,
    "dma100" : 1095.29,
    "dma200" : 1099.94,
    "volume" : 105337.00
  }, {
    "date" : "2025-10-14",
    "price" : 882.55,
    "dma50" : 980.41,
    "dma100" : 1091.61,
    "dma200" : 1097.77,
    "volume" : 118388.00
  }, {
    "date" : "2025-10-15",
    "price" : 886.85,
    "dma50" : 976.74,
    "dma100" : 1088.11,
    "dma200" : 1095.67,
    "volume" : 92921.00
  }, {
    "date" : "2025-10-16",
    "price" : 895.60,
    "dma50" : 973.56,
    "dma100" : 1084.51,
    "dma200" : 1093.68,
    "volume" : 27527.00
  }, {
    "date" : "2025-10-17",
    "price" : 888.85,
    "dma50" : 970.23,
    "dma100" : 1080.89,
    "dma200" : 1091.65,
    "volume" : 28119.00
  }, {
    "date" : "2025-10-20",
    "price" : 892.70,
    "dma50" : 967.19,
    "dma100" : 1077.09,
    "dma200" : 1089.67,
    "volume" : 19863.00
  }, {
    "date" : "2025-10-21",
    "price" : 893.00,
    "dma50" : 964.28,
    "dma100" : 1073.44,
    "dma200" : 1087.71,
    "volume" : 12266.00
  }, {
    "date" : "2025-10-23",
    "price" : 886.60,
    "dma50" : 961.24,
    "dma100" : 1070.18,
    "dma200" : 1085.71,
    "volume" : 102405.00
  }, {
    "date" : "2025-10-24",
    "price" : 881.60,
    "dma50" : 958.11,
    "dma100" : 1066.99,
    "dma200" : 1083.68,
    "volume" : 49633.00
  }, {
    "date" : "2025-10-27",
    "price" : 860.90,
    "dma50" : 954.30,
    "dma100" : 1063.73,
    "dma200" : 1081.46,
    "volume" : 148436.00
  }, {
    "date" : "2025-10-28",
    "price" : 860.40,
    "dma50" : 950.62,
    "dma100" : 1060.35,
    "dma200" : 1079.26,
    "volume" : 99573.00
  }, {
    "date" : "2025-10-29",
    "price" : 873.65,
    "dma50" : 947.60,
    "dma100" : 1056.39,
    "dma200" : 1077.22,
    "volume" : 42739.00
  }, {
    "date" : "2025-10-30",
    "price" : 875.15,
    "dma50" : 944.76,
    "dma100" : 1052.72,
    "dma200" : 1075.20,
    "volume" : 34324.00
  }, {
    "date" : "2025-10-31",
    "price" : 879.55,
    "dma50" : 942.20,
    "dma100" : 1048.93,
    "dma200" : 1073.26,
    "volume" : 59439.00
  }, {
    "date" : "2025-11-03",
    "price" : 892.00,
    "dma50" : 940.23,
    "dma100" : 1045.27,
    "dma200" : 1071.45,
    "volume" : 33176.00
  }, {
    "date" : "2025-11-04",
    "price" : 881.00,
    "dma50" : 937.91,
    "dma100" : 1041.47,
    "dma200" : 1069.56,
    "volume" : 25211.00
  }, {
    "date" : "2025-11-06",
    "price" : 862.30,
    "dma50" : 934.95,
    "dma100" : 1037.54,
    "dma200" : 1067.50,
    "volume" : 25131.00
  }, {
    "date" : "2025-11-07",
    "price" : 863.25,
    "dma50" : 932.13,
    "dma100" : 1033.76,
    "dma200" : 1065.46,
    "volume" : 22030.00
  }, {
    "date" : "2025-11-10",
    "price" : 855.05,
    "dma50" : 929.11,
    "dma100" : 1029.93,
    "dma200" : 1063.37,
    "volume" : 22191.00
  }, {
    "date" : "2025-11-11",
    "price" : 842.60,
    "dma50" : 925.72,
    "dma100" : 1026.34,
    "dma200" : 1061.17,
    "volume" : 31015.00
  }, {
    "date" : "2025-11-12",
    "price" : 855.60,
    "dma50" : 922.97,
    "dma100" : 1023.03,
    "dma200" : 1059.13,
    "volume" : 19585.00
  }, {
    "date" : "2025-11-13",
    "price" : 865.00,
    "dma50" : 920.70,
    "dma100" : 1019.93,
    "dma200" : 1057.20,
    "volume" : 72713.00
  }, {
    "date" : "2025-11-14",
    "price" : 889.80,
    "dma50" : 919.48,
    "dma100" : 1016.83,
    "dma200" : 1055.53,
    "volume" : 49592.00
  }, {
    "date" : "2025-11-17",
    "price" : 895.25,
    "dma50" : 918.53,
    "dma100" : 1013.85,
    "dma200" : 1053.94,
    "volume" : 42465.00
  }, {
    "date" : "2025-11-18",
    "price" : 877.00,
    "dma50" : 916.90,
    "dma100" : 1010.60,
    "dma200" : 1052.18,
    "volume" : 41092.00
  }, {
    "date" : "2025-11-19",
    "price" : 869.95,
    "dma50" : 915.06,
    "dma100" : 1007.25,
    "dma200" : 1050.36,
    "volume" : 15463.00
  }, {
    "date" : "2025-11-20",
    "price" : 864.50,
    "dma50" : 913.08,
    "dma100" : 1004.00,
    "dma200" : 1048.51,
    "volume" : 18259.00
  }, {
    "date" : "2025-11-21",
    "price" : 842.30,
    "dma50" : 910.30,
    "dma100" : 1000.32,
    "dma200" : 1046.46,
    "volume" : 33829.00
  }, {
    "date" : "2025-11-24",
    "price" : 826.55,
    "dma50" : 907.02,
    "dma100" : 996.20,
    "dma200" : 1044.27,
    "volume" : 24495.00
  }, {
    "date" : "2025-11-25",
    "price" : 810.60,
    "dma50" : 903.24,
    "dma100" : 992.02,
    "dma200" : 1041.95,
    "volume" : 192795.00
  }, {
    "date" : "2025-11-26",
    "price" : 827.80,
    "dma50" : 900.28,
    "dma100" : 988.24,
    "dma200" : 1039.82,
    "volume" : 12776.00
  }, {
    "date" : "2025-11-27",
    "price" : 833.00,
    "dma50" : 897.64,
    "dma100" : 984.64,
    "dma200" : 1037.76,
    "volume" : 57273.00
  }, {
    "date" : "2025-11-28",
    "price" : 825.55,
    "dma50" : 894.82,
    "dma100" : 980.78,
    "dma200" : 1035.65,
    "volume" : 9238.00
  }, {
    "date" : "2025-12-01",
    "price" : 827.05,
    "dma50" : 892.16,
    "dma100" : 976.88,
    "dma200" : 1033.57,
    "volume" : 37423.00
  }, {
    "date" : "2025-12-02",
    "price" : 817.60,
    "dma50" : 889.23,
    "dma100" : 972.99,
    "dma200" : 1031.42,
    "volume" : 13424.00
  }, {
    "date" : "2025-12-03",
    "price" : 804.75,
    "dma50" : 885.92,
    "dma100" : 968.90,
    "dma200" : 1029.17,
    "volume" : 32387.00
  }, {
    "date" : "2025-12-04",
    "price" : 798.85,
    "dma50" : 882.51,
    "dma100" : 964.84,
    "dma200" : 1026.88,
    "volume" : 42623.00
  }, {
    "date" : "2025-12-05",
    "price" : 785.00,
    "dma50" : 878.68,
    "dma100" : 960.89,
    "dma200" : 1024.47,
    "volume" : 30528.00
  }, {
    "date" : "2025-12-08",
    "price" : 756.35,
    "dma50" : 873.89,
    "dma100" : 956.66,
    "dma200" : 1021.80,
    "volume" : 42360.00
  }, {
    "date" : "2025-12-09",
    "price" : 841.70,
    "dma50" : 872.62,
    "dma100" : 953.06,
    "dma200" : 1020.01,
    "volume" : 216670.00
  }, {
    "date" : "2025-12-10",
    "price" : 812.80,
    "dma50" : 870.28,
    "dma100" : 949.54,
    "dma200" : 1017.95,
    "volume" : 55798.00
  }, {
    "date" : "2025-12-11",
    "price" : 804.90,
    "dma50" : 867.71,
    "dma100" : 945.88,
    "dma200" : 1015.83,
    "volume" : 23896.00
  }, {
    "date" : "2025-12-12",
    "price" : 810.35,
    "dma50" : 865.46,
    "dma100" : 942.40,
    "dma200" : 1013.78,
    "volume" : 34915.00
  }, {
    "date" : "2025-12-15",
    "price" : 845.90,
    "dma50" : 864.70,
    "dma100" : 939.29,
    "dma200" : 1012.11,
    "volume" : 56271.00
  }, {
    "date" : "2025-12-16",
    "price" : 818.55,
    "dma50" : 862.89,
    "dma100" : 936.00,
    "dma200" : 1010.19,
    "volume" : 39723.00
  }, {
    "date" : "2025-12-17",
    "price" : 809.65,
    "dma50" : 860.80,
    "dma100" : 932.77,
    "dma200" : 1008.19,
    "volume" : 20354.00
  }, {
    "date" : "2025-12-18",
    "price" : 804.20,
    "dma50" : 858.58,
    "dma100" : 929.36,
    "dma200" : 1006.16,
    "volume" : 23188.00
  }, {
    "date" : "2025-12-19",
    "price" : 814.65,
    "dma50" : 856.86,
    "dma100" : 926.16,
    "dma200" : 1004.26,
    "volume" : 34292.00
  }, {
    "date" : "2025-12-22",
    "price" : 833.25,
    "dma50" : 855.93,
    "dma100" : 923.30,
    "dma200" : 1002.55,
    "volume" : 26929.00
  }, {
    "date" : "2025-12-23",
    "price" : 848.90,
    "dma50" : 855.66,
    "dma100" : 920.57,
    "dma200" : 1001.03,
    "volume" : 58291.00
  }, {
    "date" : "2025-12-24",
    "price" : 906.75,
    "dma50" : 857.66,
    "dma100" : 918.48,
    "dma200" : 1000.09,
    "volume" : 123725.00
  }, {
    "date" : "2025-12-26",
    "price" : 906.55,
    "dma50" : 859.58,
    "dma100" : 916.64,
    "dma200" : 999.16,
    "volume" : 135342.00
  }, {
    "date" : "2025-12-29",
    "price" : 887.75,
    "dma50" : 860.68,
    "dma100" : 914.61,
    "dma200" : 998.05,
    "volume" : 23186.00
  }, {
    "date" : "2025-12-30",
    "price" : 918.40,
    "dma50" : 862.94,
    "dma100" : 912.82,
    "dma200" : 997.26,
    "volume" : 88903.00
  }, {
    "date" : "2025-12-31",
    "price" : 911.45,
    "dma50" : 864.85,
    "dma100" : 911.06,
    "dma200" : 996.40,
    "volume" : 28392.00
  }, {
    "date" : "2026-01-01",
    "price" : 899.05,
    "dma50" : 866.19,
    "dma100" : 909.49,
    "dma200" : 995.43,
    "volume" : 32536.00
  }, {
    "date" : "2026-01-02",
    "price" : 898.50,
    "dma50" : 867.46,
    "dma100" : 907.84,
    "dma200" : 994.47,
    "volume" : 37617.00
  }, {
    "date" : "2026-01-05",
    "price" : 887.05,
    "dma50" : 868.22,
    "dma100" : 906.22,
    "dma200" : 993.40,
    "volume" : 13928.00
  }, {
    "date" : "2026-01-06",
    "price" : 874.30,
    "dma50" : 868.46,
    "dma100" : 904.45,
    "dma200" : 992.21,
    "volume" : 14096.00
  }, {
    "date" : "2026-01-07",
    "price" : 866.05,
    "dma50" : 868.37,
    "dma100" : 902.66,
    "dma200" : 990.96,
    "volume" : 21193.00
  }, {
    "date" : "2026-01-08",
    "price" : 855.15,
    "dma50" : 867.85,
    "dma100" : 900.75,
    "dma200" : 989.61,
    "volume" : 28182.00
  }, {
    "date" : "2026-01-09",
    "price" : 829.60,
    "dma50" : 866.35,
    "dma100" : 899.16,
    "dma200" : 988.02,
    "volume" : 34551.00
  }, {
    "date" : "2026-01-12",
    "price" : 796.10,
    "dma50" : 863.59,
    "dma100" : 897.06,
    "dma200" : 986.11,
    "volume" : 54809.00
  }, {
    "date" : "2026-01-13",
    "price" : 795.10,
    "dma50" : 860.91,
    "dma100" : 894.56,
    "dma200" : 984.21,
    "volume" : 16653.00
  }, {
    "date" : "2026-01-14",
    "price" : 788.60,
    "dma50" : 858.07,
    "dma100" : 892.07,
    "dma200" : 982.26,
    "volume" : 28417.00
  }, {
    "date" : "2026-01-16",
    "price" : 773.20,
    "dma50" : 854.74,
    "dma100" : 889.51,
    "dma200" : 980.18,
    "volume" : 54051.00
  }, {
    "date" : "2026-01-19",
    "price" : 757.55,
    "dma50" : 850.93,
    "dma100" : 886.94,
    "dma200" : 977.96,
    "volume" : 28837.00
  }, {
    "date" : "2026-01-20",
    "price" : 733.80,
    "dma50" : 846.34,
    "dma100" : 884.01,
    "dma200" : 975.53,
    "volume" : 174503.00
  }, {
    "date" : "2026-01-21",
    "price" : 745.60,
    "dma50" : 842.39,
    "dma100" : 881.57,
    "dma200" : 973.25,
    "volume" : 45965.00
  }, {
    "date" : "2026-01-22",
    "price" : 738.85,
    "dma50" : 838.33,
    "dma100" : 879.04,
    "dma200" : 970.91,
    "volume" : 30084.00
  }, {
    "date" : "2026-01-23",
    "price" : 736.95,
    "dma50" : 834.35,
    "dma100" : 876.62,
    "dma200" : 968.59,
    "volume" : 18232.00
  }, {
    "date" : "2026-01-27",
    "price" : 694.50,
    "dma50" : 828.87,
    "dma100" : 873.59,
    "dma200" : 965.86,
    "volume" : 156157.00
  }, {
    "date" : "2026-01-28",
    "price" : 718.00,
    "dma50" : 824.52,
    "dma100" : 870.60,
    "dma200" : 963.39,
    "volume" : 96890.00
  }, {
    "date" : "2026-01-29",
    "price" : 717.85,
    "dma50" : 820.34,
    "dma100" : 867.43,
    "dma200" : 960.95,
    "volume" : 24531.00
  }, {
    "date" : "2026-01-30",
    "price" : 755.65,
    "dma50" : 817.80,
    "dma100" : 864.76,
    "dma200" : 958.91,
    "volume" : 48646.00
  }, {
    "date" : "2026-02-01",
    "price" : 752.95,
    "dma50" : 815.26,
    "dma100" : 862.22,
    "dma200" : 956.86,
    "volume" : 59197.00
  }, {
    "date" : "2026-02-02",
    "price" : 742.35,
    "dma50" : 812.40,
    "dma100" : 859.60,
    "dma200" : 954.72,
    "volume" : 48592.00
  }, {
    "date" : "2026-02-03",
    "price" : 753.15,
    "dma50" : 810.07,
    "dma100" : 857.18,
    "dma200" : 952.72,
    "volume" : 131977.00
  }, {
    "date" : "2026-02-04",
    "price" : 805.00,
    "dma50" : 809.88,
    "dma100" : 855.13,
    "dma200" : 951.25,
    "volume" : 172606.00
  }, {
    "date" : "2026-02-05",
    "price" : 803.70,
    "dma50" : 809.63,
    "dma100" : 853.21,
    "dma200" : 949.78,
    "volume" : 54057.00
  }, {
    "date" : "2026-02-06",
    "price" : 769.20,
    "dma50" : 808.05,
    "dma100" : 851.00,
    "dma200" : 947.98,
    "volume" : 66068.00
  }, {
    "date" : "2026-02-09",
    "price" : 788.55,
    "dma50" : 807.28,
    "dma100" : 848.98,
    "dma200" : 946.40,
    "volume" : 80697.00
  }, {
    "date" : "2026-02-10",
    "price" : 931.00,
    "dma50" : 812.14,
    "dma100" : 848.49,
    "dma200" : 946.24,
    "volume" : 2213270.00
  }, {
    "date" : "2026-02-11",
    "price" : 914.65,
    "dma50" : 816.16,
    "dma100" : 847.75,
    "dma200" : 945.93,
    "volume" : 517921.00
  }, {
    "date" : "2026-02-12",
    "price" : 886.95,
    "dma50" : 818.93,
    "dma100" : 846.73,
    "dma200" : 945.34,
    "volume" : 149641.00
  }, {
    "date" : "2026-02-13",
    "price" : 873.00,
    "dma50" : 821.05,
    "dma100" : 845.61,
    "dma200" : 944.62,
    "volume" : 96779.00
  }, {
    "date" : "2026-02-16",
    "price" : 852.95,
    "dma50" : 822.30,
    "dma100" : 844.57,
    "dma200" : 943.71,
    "volume" : 104434.00
  }, {
    "date" : "2026-02-17",
    "price" : 869.30,
    "dma50" : 824.15,
    "dma100" : 843.82,
    "dma200" : 942.97,
    "volume" : 52301.00
  }, {
    "date" : "2026-02-18",
    "price" : 855.15,
    "dma50" : 825.36,
    "dma100" : 842.92,
    "dma200" : 942.10,
    "volume" : 105197.00
  }, {
    "date" : "2026-02-19",
    "price" : 826.00,
    "dma50" : 825.39,
    "dma100" : 841.83,
    "dma200" : 940.94,
    "volume" : 53192.00
  } ],
  "latestTechnicalAttributes" : {
    "date" : "2026-02-19",
    "price" : 826.00,
    "dma50" : 825.39,
    "dma100" : 841.83,
    "dma200" : 940.94,
    "volume" : 53192.00
  },
  "quarterlyResults" : [ {
    "date" : "2005-03-31",
    "sales" : 86.81,
    "salesGrowthYoY" : null,
    "grossProfitMargin" : 35.72,
    "grossProfit" : 31.01,
    "operatingProfitMargin" : 3.52,
    "operatingProfit" : 3.06,
    "netProfitMargin" : 3.20,
    "netProfit" : 2.78
  }, {
    "date" : "2005-06-30",
    "sales" : 105.02,
    "salesGrowthYoY" : null,
    "grossProfitMargin" : 27.95,
    "grossProfit" : 29.35,
    "operatingProfitMargin" : 6.84,
    "operatingProfit" : 7.18,
    "netProfitMargin" : 3.44,
    "netProfit" : 3.61
  }, {
    "date" : "2005-09-30",
    "sales" : 149.24,
    "salesGrowthYoY" : null,
    "grossProfitMargin" : 20.30,
    "grossProfit" : 30.30,
    "operatingProfitMargin" : 8.14,
    "operatingProfit" : 12.15,
    "netProfitMargin" : 6.10,
    "netProfit" : 9.10
  }, {
    "date" : "2005-12-31",
    "sales" : 141.94,
    "salesGrowthYoY" : null,
    "grossProfitMargin" : 29.64,
    "grossProfit" : 42.07,
    "operatingProfitMargin" : 8.91,
    "operatingProfit" : 12.65,
    "netProfitMargin" : 5.00,
    "netProfit" : 7.10
  }, {
    "date" : "2006-03-31",
    "sales" : 245.51,
    "salesGrowthYoY" : 182.81,
    "grossProfitMargin" : 33.18,
    "grossProfit" : 81.46,
    "operatingProfitMargin" : 7.30,
    "operatingProfit" : 17.92,
    "netProfitMargin" : 4.42,
    "netProfit" : 10.85
  }, {
    "date" : "2006-06-30",
    "sales" : 213.47,
    "salesGrowthYoY" : 103.27,
    "grossProfitMargin" : 23.17,
    "grossProfit" : 49.46,
    "operatingProfitMargin" : 7.01,
    "operatingProfit" : 14.96,
    "netProfitMargin" : 4.50,
    "netProfit" : 9.61
  }, {
    "date" : "2006-09-30",
    "sales" : 274.88,
    "salesGrowthYoY" : 84.19,
    "grossProfitMargin" : 23.69,
    "grossProfit" : 65.12,
    "operatingProfitMargin" : 9.19,
    "operatingProfit" : 25.26,
    "netProfitMargin" : 6.40,
    "netProfit" : 17.59
  }, {
    "date" : "2006-12-31",
    "sales" : 229.04,
    "salesGrowthYoY" : 61.36,
    "grossProfitMargin" : 28.22,
    "grossProfit" : 64.64,
    "operatingProfitMargin" : 9.46,
    "operatingProfit" : 21.67,
    "netProfitMargin" : 6.21,
    "netProfit" : 14.22
  }, {
    "date" : "2007-03-31",
    "sales" : 272.83,
    "salesGrowthYoY" : 11.13,
    "grossProfitMargin" : 26.71,
    "grossProfit" : 72.87,
    "operatingProfitMargin" : 7.58,
    "operatingProfit" : 20.68,
    "netProfitMargin" : 4.60,
    "netProfit" : 12.55
  }, {
    "date" : "2007-06-30",
    "sales" : 312.74,
    "salesGrowthYoY" : 46.50,
    "grossProfitMargin" : 23.07,
    "grossProfit" : 72.15,
    "operatingProfitMargin" : 8.41,
    "operatingProfit" : 26.30,
    "netProfitMargin" : 5.85,
    "netProfit" : 18.30
  }, {
    "date" : "2007-09-30",
    "sales" : 321.08,
    "salesGrowthYoY" : 16.81,
    "grossProfitMargin" : 31.00,
    "grossProfit" : 99.53,
    "operatingProfitMargin" : 10.74,
    "operatingProfit" : 34.48,
    "netProfitMargin" : 7.74,
    "netProfit" : 24.85
  }, {
    "date" : "2007-12-31",
    "sales" : 167.06,
    "salesGrowthYoY" : -27.06,
    "grossProfitMargin" : 38.76,
    "grossProfit" : 64.75,
    "operatingProfitMargin" : 7.30,
    "operatingProfit" : 12.20,
    "netProfitMargin" : 5.35,
    "netProfit" : 8.94
  }, {
    "date" : "2008-03-31",
    "sales" : 283.56,
    "salesGrowthYoY" : 3.93,
    "grossProfitMargin" : 30.80,
    "grossProfit" : 87.34,
    "operatingProfitMargin" : 3.63,
    "operatingProfit" : 10.29,
    "netProfitMargin" : 3.88,
    "netProfit" : 11.00
  }, {
    "date" : "2008-06-30",
    "sales" : 273.99,
    "salesGrowthYoY" : -12.39,
    "grossProfitMargin" : 35.90,
    "grossProfit" : 98.36,
    "operatingProfitMargin" : 7.80,
    "operatingProfit" : 21.37,
    "netProfitMargin" : 5.57,
    "netProfit" : 15.26
  }, {
    "date" : "2008-09-30",
    "sales" : 564.94,
    "salesGrowthYoY" : 75.95,
    "grossProfitMargin" : 36.56,
    "grossProfit" : 206.54,
    "operatingProfitMargin" : 11.21,
    "operatingProfit" : 63.33,
    "netProfitMargin" : 7.35,
    "netProfit" : 41.52
  }, {
    "date" : "2008-12-31",
    "sales" : 300.54,
    "salesGrowthYoY" : 79.90,
    "grossProfitMargin" : 46.36,
    "grossProfit" : 139.33,
    "operatingProfitMargin" : 4.50,
    "operatingProfit" : 13.52,
    "netProfitMargin" : 0.71,
    "netProfit" : 2.13
  }, {
    "date" : "2009-03-31",
    "sales" : 455.72,
    "salesGrowthYoY" : 60.71,
    "grossProfitMargin" : 39.69,
    "grossProfit" : 180.88,
    "operatingProfitMargin" : 7.12,
    "operatingProfit" : 32.45,
    "netProfitMargin" : 2.65,
    "netProfit" : 12.08
  }, {
    "date" : "2009-06-30",
    "sales" : 429.54,
    "salesGrowthYoY" : 56.77,
    "grossProfitMargin" : 26.64,
    "grossProfit" : 114.43,
    "operatingProfitMargin" : 6.05,
    "operatingProfit" : 25.99,
    "netProfitMargin" : 2.55,
    "netProfit" : 10.95
  }, {
    "date" : "2009-09-30",
    "sales" : 514.11,
    "salesGrowthYoY" : -9.00,
    "grossProfitMargin" : 32.32,
    "grossProfit" : 166.16,
    "operatingProfitMargin" : 8.56,
    "operatingProfit" : 44.01,
    "netProfitMargin" : 5.06,
    "netProfit" : 26.01
  }, {
    "date" : "2009-12-31",
    "sales" : 350.76,
    "salesGrowthYoY" : 16.71,
    "grossProfitMargin" : 40.43,
    "grossProfit" : 141.81,
    "operatingProfitMargin" : 10.07,
    "operatingProfit" : 35.32,
    "netProfitMargin" : 5.13,
    "netProfit" : 17.99
  }, {
    "date" : "2010-03-31",
    "sales" : 444.83,
    "salesGrowthYoY" : -2.39,
    "grossProfitMargin" : 36.87,
    "grossProfit" : 164.01,
    "operatingProfitMargin" : 8.06,
    "operatingProfit" : 35.85,
    "netProfitMargin" : 7.33,
    "netProfit" : 32.61
  }, {
    "date" : "2010-06-30",
    "sales" : 431.83,
    "salesGrowthYoY" : 0.53,
    "grossProfitMargin" : 33.35,
    "grossProfit" : 144.02,
    "operatingProfitMargin" : 6.92,
    "operatingProfit" : 29.88,
    "netProfitMargin" : 3.24,
    "netProfit" : 13.99
  }, {
    "date" : "2010-09-30",
    "sales" : 544.18,
    "salesGrowthYoY" : 5.85,
    "grossProfitMargin" : 37.53,
    "grossProfit" : 204.23,
    "operatingProfitMargin" : 5.66,
    "operatingProfit" : 30.80,
    "netProfitMargin" : 3.20,
    "netProfit" : 17.41
  }, {
    "date" : "2010-12-31",
    "sales" : 436.43,
    "salesGrowthYoY" : 24.42,
    "grossProfitMargin" : 39.10,
    "grossProfit" : 170.64,
    "operatingProfitMargin" : 5.95,
    "operatingProfit" : 25.97,
    "netProfitMargin" : 3.07,
    "netProfit" : 13.40
  }, {
    "date" : "2011-03-31",
    "sales" : 534.10,
    "salesGrowthYoY" : 20.07,
    "grossProfitMargin" : 44.79,
    "grossProfit" : 239.22,
    "operatingProfitMargin" : 6.74,
    "operatingProfit" : 36.00,
    "netProfitMargin" : 3.57,
    "netProfit" : 19.07
  }, {
    "date" : "2011-06-30",
    "sales" : 571.32,
    "salesGrowthYoY" : 32.30,
    "grossProfitMargin" : 34.78,
    "grossProfit" : 198.71,
    "operatingProfitMargin" : 6.93,
    "operatingProfit" : 39.59,
    "netProfitMargin" : 3.54,
    "netProfit" : 20.22
  }, {
    "date" : "2011-09-30",
    "sales" : 817.34,
    "salesGrowthYoY" : 50.20,
    "grossProfitMargin" : 35.71,
    "grossProfit" : 291.87,
    "operatingProfitMargin" : 4.65,
    "operatingProfit" : 38.01,
    "netProfitMargin" : 2.74,
    "netProfit" : 22.40
  }, {
    "date" : "2011-12-31",
    "sales" : 633.00,
    "salesGrowthYoY" : 45.04,
    "grossProfitMargin" : 40.64,
    "grossProfit" : 257.25,
    "operatingProfitMargin" : 5.23,
    "operatingProfit" : 33.11,
    "netProfitMargin" : 2.55,
    "netProfit" : 16.14
  }, {
    "date" : "2012-03-31",
    "sales" : 647.32,
    "salesGrowthYoY" : 21.20,
    "grossProfitMargin" : 45.85,
    "grossProfit" : 296.80,
    "operatingProfitMargin" : 4.10,
    "operatingProfit" : 26.54,
    "netProfitMargin" : 2.05,
    "netProfit" : 13.27
  }, {
    "date" : "2012-06-30",
    "sales" : 601.57,
    "salesGrowthYoY" : 5.29,
    "grossProfitMargin" : 40.45,
    "grossProfit" : 243.34,
    "operatingProfitMargin" : 1.68,
    "operatingProfit" : 10.11,
    "netProfitMargin" : 1.17,
    "netProfit" : 7.04
  }, {
    "date" : "2012-09-30",
    "sales" : 781.68,
    "salesGrowthYoY" : -4.36,
    "grossProfitMargin" : 43.99,
    "grossProfit" : 343.86,
    "operatingProfitMargin" : 8.29,
    "operatingProfit" : 64.80,
    "netProfitMargin" : 4.30,
    "netProfit" : 33.61
  }, {
    "date" : "2012-12-31",
    "sales" : 591.07,
    "salesGrowthYoY" : -6.62,
    "grossProfitMargin" : 40.65,
    "grossProfit" : 240.27,
    "operatingProfitMargin" : 5.14,
    "operatingProfit" : 30.38,
    "netProfitMargin" : 2.07,
    "netProfit" : 12.24
  }, {
    "date" : "2013-03-31",
    "sales" : 630.18,
    "salesGrowthYoY" : -2.65,
    "grossProfitMargin" : 45.80,
    "grossProfit" : 288.62,
    "operatingProfitMargin" : 4.77,
    "operatingProfit" : 30.06,
    "netProfitMargin" : 1.87,
    "netProfit" : 11.78
  }, {
    "date" : "2013-06-30",
    "sales" : 561.71,
    "salesGrowthYoY" : -6.63,
    "grossProfitMargin" : 38.01,
    "grossProfit" : 213.51,
    "operatingProfitMargin" : 4.88,
    "operatingProfit" : 27.41,
    "netProfitMargin" : 2.57,
    "netProfit" : 14.44
  }, {
    "date" : "2013-09-30",
    "sales" : 729.67,
    "salesGrowthYoY" : -6.65,
    "grossProfitMargin" : 44.54,
    "grossProfit" : 325.00,
    "operatingProfitMargin" : 6.99,
    "operatingProfit" : 51.00,
    "netProfitMargin" : 4.65,
    "netProfit" : 33.93
  }, {
    "date" : "2013-12-31",
    "sales" : 556.00,
    "salesGrowthYoY" : -5.93,
    "grossProfitMargin" : 42.95,
    "grossProfit" : 238.80,
    "operatingProfitMargin" : 6.18,
    "operatingProfit" : 34.36,
    "netProfitMargin" : 3.13,
    "netProfit" : 17.40
  }, {
    "date" : "2014-03-31",
    "sales" : 884.44,
    "salesGrowthYoY" : 40.35,
    "grossProfitMargin" : 40.31,
    "grossProfit" : 356.52,
    "operatingProfitMargin" : 6.04,
    "operatingProfit" : 53.42,
    "netProfitMargin" : 3.26,
    "netProfit" : 28.83
  }, {
    "date" : "2014-06-30",
    "sales" : 702.76,
    "salesGrowthYoY" : 25.11,
    "grossProfitMargin" : 38.19,
    "grossProfit" : 268.38,
    "operatingProfitMargin" : 7.01,
    "operatingProfit" : 49.26,
    "netProfitMargin" : 3.59,
    "netProfit" : 25.23
  }, {
    "date" : "2014-09-30",
    "sales" : 874.65,
    "salesGrowthYoY" : 19.87,
    "grossProfitMargin" : 38.63,
    "grossProfit" : 337.88,
    "operatingProfitMargin" : 8.67,
    "operatingProfit" : 75.83,
    "netProfitMargin" : 4.72,
    "netProfit" : 41.28
  }, {
    "date" : "2014-12-31",
    "sales" : 788.97,
    "salesGrowthYoY" : 41.90,
    "grossProfitMargin" : 38.95,
    "grossProfit" : 307.30,
    "operatingProfitMargin" : 8.73,
    "operatingProfit" : 68.88,
    "netProfitMargin" : 4.75,
    "netProfit" : 37.48
  }, {
    "date" : "2015-03-31",
    "sales" : 911.04,
    "salesGrowthYoY" : 3.01,
    "grossProfitMargin" : 42.91,
    "grossProfit" : 390.93,
    "operatingProfitMargin" : 7.85,
    "operatingProfit" : 71.52,
    "netProfitMargin" : 4.31,
    "netProfit" : 39.27
  }, {
    "date" : "2015-06-30",
    "sales" : 678.50,
    "salesGrowthYoY" : -3.45,
    "grossProfitMargin" : 41.79,
    "grossProfit" : 283.55,
    "operatingProfitMargin" : 8.66,
    "operatingProfit" : 58.76,
    "netProfitMargin" : 4.79,
    "netProfit" : 32.50
  }, {
    "date" : "2015-09-30",
    "sales" : 1098.01,
    "salesGrowthYoY" : 25.54,
    "grossProfitMargin" : 34.13,
    "grossProfit" : 374.75,
    "operatingProfitMargin" : 8.34,
    "operatingProfit" : 91.57,
    "netProfitMargin" : 5.50,
    "netProfit" : 60.39
  }, {
    "date" : "2015-12-31",
    "sales" : 1024.42,
    "salesGrowthYoY" : 29.84,
    "grossProfitMargin" : 35.13,
    "grossProfit" : 359.88,
    "operatingProfitMargin" : 6.91,
    "operatingProfit" : 70.79,
    "netProfitMargin" : 3.90,
    "netProfit" : 39.95
  }, {
    "date" : "2016-03-31",
    "sales" : 1154.06,
    "salesGrowthYoY" : 26.68,
    "grossProfitMargin" : 43.16,
    "grossProfit" : 498.09,
    "operatingProfitMargin" : 7.52,
    "operatingProfit" : 86.79,
    "netProfitMargin" : 4.95,
    "netProfit" : 57.13
  }, {
    "date" : "2016-06-30",
    "sales" : 668.80,
    "salesGrowthYoY" : -1.43,
    "grossProfitMargin" : 47.42,
    "grossProfit" : 317.14,
    "operatingProfitMargin" : 8.93,
    "operatingProfit" : 59.72,
    "netProfitMargin" : 6.29,
    "netProfit" : 42.07
  }, {
    "date" : "2016-09-30",
    "sales" : 763.29,
    "salesGrowthYoY" : -30.48,
    "grossProfitMargin" : 59.14,
    "grossProfit" : 451.41,
    "operatingProfitMargin" : 8.18,
    "operatingProfit" : 62.44,
    "netProfitMargin" : 5.62,
    "netProfit" : 42.90
  }, {
    "date" : "2016-12-31",
    "sales" : 744.27,
    "salesGrowthYoY" : -27.35,
    "grossProfitMargin" : 53.42,
    "grossProfit" : 397.59,
    "operatingProfitMargin" : 9.44,
    "operatingProfit" : 70.26,
    "netProfitMargin" : 6.14,
    "netProfit" : 45.70
  }, {
    "date" : "2017-03-31",
    "sales" : 934.63,
    "salesGrowthYoY" : -19.01,
    "grossProfitMargin" : 41.47,
    "grossProfit" : 387.59,
    "operatingProfitMargin" : 7.13,
    "operatingProfit" : 66.64,
    "netProfitMargin" : 6.24,
    "netProfit" : 58.32
  }, {
    "date" : "2017-06-30",
    "sales" : 494.44,
    "salesGrowthYoY" : -26.07,
    "grossProfitMargin" : 71.42,
    "grossProfit" : 353.13,
    "operatingProfitMargin" : 5.08,
    "operatingProfit" : 25.12,
    "netProfitMargin" : 3.42,
    "netProfit" : 16.91
  }, {
    "date" : "2017-09-30",
    "sales" : 639.25,
    "salesGrowthYoY" : -16.25,
    "grossProfitMargin" : 48.37,
    "grossProfit" : 309.21,
    "operatingProfitMargin" : 6.72,
    "operatingProfit" : 42.96,
    "netProfitMargin" : 7.20,
    "netProfit" : 46.03
  }, {
    "date" : "2017-12-31",
    "sales" : 662.81,
    "salesGrowthYoY" : -10.94,
    "grossProfitMargin" : 51.35,
    "grossProfit" : 340.35,
    "operatingProfitMargin" : 8.14,
    "operatingProfit" : 53.95,
    "netProfitMargin" : 4.44,
    "netProfit" : 29.43
  }, {
    "date" : "2018-03-31",
    "sales" : 818.87,
    "salesGrowthYoY" : -12.39,
    "grossProfitMargin" : 46.02,
    "grossProfit" : 376.84,
    "operatingProfitMargin" : 5.84,
    "operatingProfit" : 47.82,
    "netProfitMargin" : 3.25,
    "netProfit" : 26.61
  }, {
    "date" : "2018-06-30",
    "sales" : 714.19,
    "salesGrowthYoY" : 44.44,
    "grossProfitMargin" : 48.85,
    "grossProfit" : 348.88,
    "operatingProfitMargin" : 7.92,
    "operatingProfit" : 56.56,
    "netProfitMargin" : 4.33,
    "netProfit" : 30.92
  }, {
    "date" : "2018-09-30",
    "sales" : 1005.71,
    "salesGrowthYoY" : 57.33,
    "grossProfitMargin" : 41.37,
    "grossProfit" : 416.06,
    "operatingProfitMargin" : 5.13,
    "operatingProfit" : 51.59,
    "netProfitMargin" : 2.86,
    "netProfit" : 28.76
  }, {
    "date" : "2018-12-31",
    "sales" : 1052.54,
    "salesGrowthYoY" : 58.80,
    "grossProfitMargin" : 40.33,
    "grossProfit" : 424.49,
    "operatingProfitMargin" : 6.72,
    "operatingProfit" : 70.73,
    "netProfitMargin" : 3.54,
    "netProfit" : 37.26
  }, {
    "date" : "2019-03-31",
    "sales" : 1356.48,
    "salesGrowthYoY" : 65.65,
    "grossProfitMargin" : 39.01,
    "grossProfit" : 529.16,
    "operatingProfitMargin" : 5.06,
    "operatingProfit" : 68.64,
    "netProfitMargin" : 2.30,
    "netProfit" : 31.20
  }, {
    "date" : "2019-06-30",
    "sales" : 1007.23,
    "salesGrowthYoY" : 41.03,
    "grossProfitMargin" : 45.56,
    "grossProfit" : 458.89,
    "operatingProfitMargin" : 6.69,
    "operatingProfit" : 67.38,
    "netProfitMargin" : 3.26,
    "netProfit" : 32.84
  }, {
    "date" : "2019-09-30",
    "sales" : 1253.54,
    "salesGrowthYoY" : 24.64,
    "grossProfitMargin" : 45.59,
    "grossProfit" : 571.49,
    "operatingProfitMargin" : 5.66,
    "operatingProfit" : 70.95,
    "netProfitMargin" : 3.66,
    "netProfit" : 45.88
  }, {
    "date" : "2019-12-31",
    "sales" : 1331.86,
    "salesGrowthYoY" : 26.54,
    "grossProfitMargin" : 39.75,
    "grossProfit" : 529.41,
    "operatingProfitMargin" : 6.16,
    "operatingProfit" : 82.04,
    "netProfitMargin" : 3.66,
    "netProfit" : 48.75
  }, {
    "date" : "2020-03-31",
    "sales" : 1301.08,
    "salesGrowthYoY" : -4.08,
    "grossProfitMargin" : 41.79,
    "grossProfit" : 543.72,
    "operatingProfitMargin" : 4.47,
    "operatingProfit" : 58.16,
    "netProfitMargin" : 1.98,
    "netProfit" : 25.76
  }, {
    "date" : "2020-06-30",
    "sales" : 765.15,
    "salesGrowthYoY" : -24.03,
    "grossProfitMargin" : 39.85,
    "grossProfit" : 304.91,
    "operatingProfitMargin" : 7.85,
    "operatingProfit" : 60.06,
    "netProfitMargin" : 3.80,
    "netProfit" : 29.08
  }, {
    "date" : "2020-09-30",
    "sales" : 1039.60,
    "salesGrowthYoY" : -17.07,
    "grossProfitMargin" : 40.77,
    "grossProfit" : 423.84,
    "operatingProfitMargin" : 8.61,
    "operatingProfit" : 89.51,
    "netProfitMargin" : 5.79,
    "netProfit" : 60.19
  }, {
    "date" : "2020-12-31",
    "sales" : 1183.75,
    "salesGrowthYoY" : -11.12,
    "grossProfitMargin" : 38.78,
    "grossProfit" : 459.06,
    "operatingProfitMargin" : 7.82,
    "operatingProfit" : 92.57,
    "netProfitMargin" : 4.67,
    "netProfit" : 55.28
  }, {
    "date" : "2021-03-31",
    "sales" : 1321.11,
    "salesGrowthYoY" : 1.54,
    "grossProfitMargin" : 43.98,
    "grossProfit" : 581.02,
    "operatingProfitMargin" : 7.37,
    "operatingProfit" : 97.37,
    "netProfitMargin" : 5.58,
    "netProfit" : 73.72
  }, {
    "date" : "2021-06-30",
    "sales" : 811.14,
    "salesGrowthYoY" : 6.01,
    "grossProfitMargin" : 42.17,
    "grossProfit" : 342.06,
    "operatingProfitMargin" : 4.41,
    "operatingProfit" : 35.77,
    "netProfitMargin" : 1.68,
    "netProfit" : 13.63
  }, {
    "date" : "2021-09-30",
    "sales" : 1154.98,
    "salesGrowthYoY" : 11.10,
    "grossProfitMargin" : 35.87,
    "grossProfit" : 414.29,
    "operatingProfitMargin" : 3.05,
    "operatingProfit" : 35.23,
    "netProfitMargin" : 2.35,
    "netProfit" : 27.14
  }, {
    "date" : "2021-12-31",
    "sales" : 1115.28,
    "salesGrowthYoY" : -5.78,
    "grossProfitMargin" : 38.37,
    "grossProfit" : 427.93,
    "operatingProfitMargin" : 6.30,
    "operatingProfit" : 70.26,
    "netProfitMargin" : 3.30,
    "netProfit" : 36.80
  }, {
    "date" : "2022-03-31",
    "sales" : 1363.06,
    "salesGrowthYoY" : 3.18,
    "grossProfitMargin" : 39.76,
    "grossProfit" : 541.95,
    "operatingProfitMargin" : 4.98,
    "operatingProfit" : 67.88,
    "netProfitMargin" : 2.58,
    "netProfit" : 35.17
  }, {
    "date" : "2022-06-30",
    "sales" : 993.03,
    "salesGrowthYoY" : 22.42,
    "grossProfitMargin" : 45.29,
    "grossProfit" : 449.74,
    "operatingProfitMargin" : 5.72,
    "operatingProfit" : 56.80,
    "netProfitMargin" : 3.03,
    "netProfit" : 30.09
  }, {
    "date" : "2022-09-30",
    "sales" : 1140.90,
    "salesGrowthYoY" : -1.22,
    "grossProfitMargin" : 36.11,
    "grossProfit" : 411.98,
    "operatingProfitMargin" : 5.47,
    "operatingProfit" : 62.41,
    "netProfitMargin" : 4.02,
    "netProfit" : 45.86
  }, {
    "date" : "2022-12-31",
    "sales" : 1098.32,
    "salesGrowthYoY" : -1.52,
    "grossProfitMargin" : 43.59,
    "grossProfit" : 478.76,
    "operatingProfitMargin" : 6.79,
    "operatingProfit" : 74.58,
    "netProfitMargin" : 3.63,
    "netProfit" : 39.87
  }, {
    "date" : "2023-03-31",
    "sales" : 1419.67,
    "salesGrowthYoY" : 4.15,
    "grossProfitMargin" : 42.65,
    "grossProfit" : 605.49,
    "operatingProfitMargin" : 7.44,
    "operatingProfit" : 105.62,
    "netProfitMargin" : 4.37,
    "netProfit" : 62.04
  }, {
    "date" : "2023-06-30",
    "sales" : 1130.54,
    "salesGrowthYoY" : 13.85,
    "grossProfitMargin" : 45.01,
    "grossProfit" : 508.86,
    "operatingProfitMargin" : 6.77,
    "operatingProfit" : 76.54,
    "netProfitMargin" : 5.64,
    "netProfit" : 63.76
  }, {
    "date" : "2023-09-30",
    "sales" : 1114.12,
    "salesGrowthYoY" : -2.35,
    "grossProfitMargin" : 42.62,
    "grossProfit" : 474.84,
    "operatingProfitMargin" : 8.47,
    "operatingProfit" : 94.37,
    "netProfitMargin" : 4.76,
    "netProfit" : 53.03
  }, {
    "date" : "2023-12-31",
    "sales" : 1066.98,
    "salesGrowthYoY" : -2.85,
    "grossProfitMargin" : 48.21,
    "grossProfit" : 514.39,
    "operatingProfitMargin" : 7.65,
    "operatingProfit" : 81.62,
    "netProfitMargin" : 4.14,
    "netProfit" : 44.17
  }, {
    "date" : "2024-03-31",
    "sales" : 1549.76,
    "salesGrowthYoY" : 9.16,
    "grossProfitMargin" : 35.42,
    "grossProfit" : 548.92,
    "operatingProfitMargin" : 7.35,
    "operatingProfit" : 113.91,
    "netProfitMargin" : 4.57,
    "netProfit" : 70.82
  }, {
    "date" : "2024-06-30",
    "sales" : 1215.40,
    "salesGrowthYoY" : 7.51,
    "grossProfitMargin" : 43.42,
    "grossProfit" : 527.73,
    "operatingProfitMargin" : 8.44,
    "operatingProfit" : 102.58,
    "netProfitMargin" : 7.28,
    "netProfit" : 88.48
  }, {
    "date" : "2024-09-30",
    "sales" : 1239.93,
    "salesGrowthYoY" : 11.29,
    "grossProfitMargin" : 43.59,
    "grossProfit" : 540.49,
    "operatingProfitMargin" : 9.22,
    "operatingProfit" : 114.32,
    "netProfitMargin" : 6.73,
    "netProfit" : 83.45
  }, {
    "date" : "2024-12-31",
    "sales" : 1119.20,
    "salesGrowthYoY" : 4.89,
    "grossProfitMargin" : 46.24,
    "grossProfit" : 517.52,
    "operatingProfitMargin" : 8.08,
    "operatingProfit" : 90.43,
    "netProfitMargin" : 5.24,
    "netProfit" : 58.65
  }, {
    "date" : "2025-03-31",
    "sales" : 1443.73,
    "salesGrowthYoY" : -6.84,
    "grossProfitMargin" : 39.64,
    "grossProfit" : 572.29,
    "operatingProfitMargin" : 7.15,
    "operatingProfit" : 103.23,
    "netProfitMargin" : 4.38,
    "netProfit" : 63.24
  }, {
    "date" : "2025-06-30",
    "sales" : 983.80,
    "salesGrowthYoY" : -19.06,
    "grossProfitMargin" : 49.43,
    "grossProfit" : 486.29,
    "operatingProfitMargin" : 7.70,
    "operatingProfit" : 75.75,
    "netProfitMargin" : 8.80,
    "netProfit" : 86.57
  }, {
    "date" : "2025-09-30",
    "sales" : 1243.13,
    "salesGrowthYoY" : 0.26,
    "grossProfitMargin" : 47.07,
    "grossProfit" : 585.14,
    "operatingProfitMargin" : 7.48,
    "operatingProfit" : 92.99,
    "netProfitMargin" : 6.79,
    "netProfit" : 84.41
  }, {
    "date" : "2025-12-31",
    "sales" : 1326.90,
    "salesGrowthYoY" : 18.56,
    "grossProfitMargin" : 46.19,
    "grossProfit" : 612.90,
    "operatingProfitMargin" : 8.01,
    "operatingProfit" : 106.28,
    "netProfitMargin" : 6.41,
    "netProfit" : 85.05
  } ],
  "latestQuarterlyResult" : {
    "date" : "2025-12-31",
    "sales" : 1326.90,
    "salesGrowthYoY" : 18.56,
    "grossProfitMargin" : 46.19,
    "grossProfit" : 612.90,
    "operatingProfitMargin" : 8.01,
    "operatingProfit" : 106.28,
    "netProfitMargin" : 6.41,
    "netProfit" : 85.05
  },
  "companyScore" : {
    "priceHigherThanDma50" : 5.00,
    "priceHigherThanDma100" : 0.00,
    "priceHigherThanDma200" : 0.00,
    "dma50HigherThanDma100" : 0.00,
    "dma50HigherThanDma200" : 0.00,
    "dma100HigherThanDma200" : 0.00,
    "pricePercentageAboveDma50" : 5.00,
    "pricePercentageAboveDma100" : 5.09,
    "pricePercentageAboveDma200" : 5.61,
    "weeklyVolumeHigherThanYearlyVolume" : 0.00,
    "salesGrowthPercentile" : 12.50,
    "operatingProfitMarginPercentile" : 14.29,
    "netProfitMarginPercentile" : 9.05,
    "totalTechnicalScore" : 20.70,
    "totalFundamentalScore" : 35.83,
    "totalScore" : 56.53
  }
}