{
  "metadata" : {
    "screenerCompanyId" : "1906",
    "companyCode" : "IZMO",
    "companyName" : "IZMO",
    "screenerCompanyLink" : "https://www.screener.in/company/IZMO/consolidated/",
    "screenerTechnicalHistoryLink" : "https://www.screener.in/api/company/1906/chart/?q=Price-DMA50-DMA200-Volume&days=365",
    "screenerQuarterlyResultsLink" : "https://www.screener.in/api/company/1906/chart/?q=GPM-OPM-NPM-Quarter+Sales&days=10000",
    "attributes" : {
      "companyCode" : "IZMO",
      "companyName" : "IZMO",
      "marketCap" : 1307.00,
      "peRatio" : 35.20,
      "description" : "Izmo ltd. (founded in 1995) is into the business of interactive marketing solutions. It is the World leader in Automotive Interactive Marketing Solutions.[1]The co. offers hi-tech automotive e-retailing solutions in North America, Europe, and Asia. They offer sales performance coaching, OEM-certified CRM and ILM Solutions, etc.It also owns the world's largest collection of Automotive Images and Animation and has a client base of some of the largest automotive retail groups in the world. izmo.ai platform is for AI solutions for Automotive.[2]"
    },
    "companyScore" : {
      "priceHigherThanDma50" : 5.00,
      "priceHigherThanDma100" : 5.00,
      "priceHigherThanDma200" : 5.00,
      "dma50HigherThanDma100" : 0.00,
      "dma50HigherThanDma200" : 5.00,
      "dma100HigherThanDma200" : 5.00,
      "pricePercentageAboveDma50" : 4.37,
      "pricePercentageAboveDma100" : 4.83,
      "pricePercentageAboveDma200" : 3.72,
      "weeklyVolumeHigherThanYearlyVolume" : 5.00,
      "salesGrowthPercentile" : 5.75,
      "operatingProfitMarginPercentile" : 6.79,
      "netProfitMarginPercentile" : 3.11,
      "totalTechnicalScore" : 42.93,
      "totalFundamentalScore" : 15.64,
      "totalScore" : 58.57
    }
  },
  "attributes" : {
    "companyCode" : "IZMO",
    "companyName" : "IZMO",
    "marketCap" : 1307.00,
    "peRatio" : 35.20,
    "description" : "Izmo ltd. (founded in 1995) is into the business of interactive marketing solutions. It is the World leader in Automotive Interactive Marketing Solutions.[1]The co. offers hi-tech automotive e-retailing solutions in North America, Europe, and Asia. They offer sales performance coaching, OEM-certified CRM and ILM Solutions, etc.It also owns the world's largest collection of Automotive Images and Animation and has a client base of some of the largest automotive retail groups in the world. izmo.ai platform is for AI solutions for Automotive.[2]"
  },
  "technicalHistory" : [ {
    "date" : "2025-02-21",
    "price" : 296.70,
    "dma50" : 430.64,
    "dma100" : null,
    "dma200" : 415.13,
    "volume" : 106814.00
  }, {
    "date" : "2025-02-24",
    "price" : 281.90,
    "dma50" : 424.80,
    "dma100" : null,
    "dma200" : 413.80,
    "volume" : 35801.00
  }, {
    "date" : "2025-02-25",
    "price" : 281.90,
    "dma50" : 419.20,
    "dma100" : null,
    "dma200" : 412.49,
    "volume" : 44703.00
  }, {
    "date" : "2025-02-27",
    "price" : 267.80,
    "dma50" : 413.26,
    "dma100" : null,
    "dma200" : 411.05,
    "volume" : 52916.00
  }, {
    "date" : "2025-02-28",
    "price" : 254.45,
    "dma50" : 407.03,
    "dma100" : null,
    "dma200" : 409.49,
    "volume" : 31139.00
  }, {
    "date" : "2025-03-03",
    "price" : 241.75,
    "dma50" : 400.55,
    "dma100" : null,
    "dma200" : 407.82,
    "volume" : 26017.00
  }, {
    "date" : "2025-03-04",
    "price" : 249.30,
    "dma50" : 394.62,
    "dma100" : null,
    "dma200" : 406.25,
    "volume" : 78811.00
  }, {
    "date" : "2025-03-05",
    "price" : 261.75,
    "dma50" : 389.41,
    "dma100" : null,
    "dma200" : 404.81,
    "volume" : 16812.00
  }, {
    "date" : "2025-03-06",
    "price" : 274.80,
    "dma50" : 384.92,
    "dma100" : null,
    "dma200" : 403.51,
    "volume" : 64329.00
  }, {
    "date" : "2025-03-07",
    "price" : 288.50,
    "dma50" : 381.13,
    "dma100" : null,
    "dma200" : 402.37,
    "volume" : 57658.00
  }, {
    "date" : "2025-03-10",
    "price" : 300.25,
    "dma50" : 377.96,
    "dma100" : null,
    "dma200" : 401.35,
    "volume" : 53783.00
  }, {
    "date" : "2025-03-11",
    "price" : 285.25,
    "dma50" : 374.33,
    "dma100" : null,
    "dma200" : 400.20,
    "volume" : 34659.00
  }, {
    "date" : "2025-03-12",
    "price" : 279.55,
    "dma50" : 370.61,
    "dma100" : null,
    "dma200" : 399.00,
    "volume" : 6600.00
  }, {
    "date" : "2025-03-13",
    "price" : 273.95,
    "dma50" : 366.82,
    "dma100" : null,
    "dma200" : 397.75,
    "volume" : 9157.00
  }, {
    "date" : "2025-03-17",
    "price" : 270.00,
    "dma50" : 363.02,
    "dma100" : null,
    "dma200" : 396.48,
    "volume" : 20224.00
  }, {
    "date" : "2025-03-18",
    "price" : 265.00,
    "dma50" : 359.18,
    "dma100" : null,
    "dma200" : 395.17,
    "volume" : 22779.00
  }, {
    "date" : "2025-03-19",
    "price" : 270.30,
    "dma50" : 355.69,
    "dma100" : null,
    "dma200" : 393.93,
    "volume" : 16808.00
  }, {
    "date" : "2025-03-20",
    "price" : 275.70,
    "dma50" : 352.56,
    "dma100" : null,
    "dma200" : 392.75,
    "volume" : 20898.00
  }, {
    "date" : "2025-03-21",
    "price" : 281.20,
    "dma50" : 349.76,
    "dma100" : null,
    "dma200" : 391.64,
    "volume" : 10008.00
  }, {
    "date" : "2025-03-24",
    "price" : 285.90,
    "dma50" : 347.25,
    "dma100" : null,
    "dma200" : 390.59,
    "volume" : 23344.00
  }, {
    "date" : "2025-03-25",
    "price" : 283.90,
    "dma50" : 344.77,
    "dma100" : null,
    "dma200" : 389.53,
    "volume" : 21633.00
  }, {
    "date" : "2025-03-26",
    "price" : 278.25,
    "dma50" : 342.16,
    "dma100" : null,
    "dma200" : 388.42,
    "volume" : 13194.00
  }, {
    "date" : "2025-03-27",
    "price" : 272.70,
    "dma50" : 339.44,
    "dma100" : null,
    "dma200" : 387.27,
    "volume" : 15295.00
  }, {
    "date" : "2025-03-28",
    "price" : 267.25,
    "dma50" : 336.61,
    "dma100" : null,
    "dma200" : 386.08,
    "volume" : 17602.00
  }, {
    "date" : "2025-04-01",
    "price" : 272.55,
    "dma50" : 334.09,
    "dma100" : null,
    "dma200" : 384.95,
    "volume" : 13200.00
  }, {
    "date" : "2025-04-02",
    "price" : 278.00,
    "dma50" : 331.89,
    "dma100" : null,
    "dma200" : 383.88,
    "volume" : 4285.00
  }, {
    "date" : "2025-04-03",
    "price" : 283.55,
    "dma50" : 330.00,
    "dma100" : null,
    "dma200" : 382.89,
    "volume" : 12928.00
  }, {
    "date" : "2025-04-04",
    "price" : 277.90,
    "dma50" : 327.96,
    "dma100" : null,
    "dma200" : 381.84,
    "volume" : 15402.00
  }, {
    "date" : "2025-04-07",
    "price" : 272.35,
    "dma50" : 325.77,
    "dma100" : null,
    "dma200" : 380.75,
    "volume" : 8562.00
  }, {
    "date" : "2025-04-08",
    "price" : 266.90,
    "dma50" : 323.47,
    "dma100" : null,
    "dma200" : 379.62,
    "volume" : 4016.00
  }, {
    "date" : "2025-04-09",
    "price" : 261.60,
    "dma50" : 321.04,
    "dma100" : null,
    "dma200" : 378.44,
    "volume" : 15750.00
  }, {
    "date" : "2025-04-11",
    "price" : 266.80,
    "dma50" : 318.91,
    "dma100" : null,
    "dma200" : 377.33,
    "volume" : 17633.00
  }, {
    "date" : "2025-04-15",
    "price" : 272.10,
    "dma50" : 317.08,
    "dma100" : null,
    "dma200" : 376.29,
    "volume" : 23987.00
  }, {
    "date" : "2025-04-16",
    "price" : 277.50,
    "dma50" : 315.52,
    "dma100" : null,
    "dma200" : 375.30,
    "volume" : 20563.00
  }, {
    "date" : "2025-04-17",
    "price" : 283.05,
    "dma50" : 314.25,
    "dma100" : null,
    "dma200" : 374.39,
    "volume" : 2060.00
  }, {
    "date" : "2025-04-21",
    "price" : 297.20,
    "dma50" : 313.58,
    "dma100" : null,
    "dma200" : 373.62,
    "volume" : 34978.00
  }, {
    "date" : "2025-04-22",
    "price" : 312.05,
    "dma50" : 313.52,
    "dma100" : null,
    "dma200" : 373.01,
    "volume" : 33325.00
  }, {
    "date" : "2025-04-23",
    "price" : 326.95,
    "dma50" : 314.05,
    "dma100" : null,
    "dma200" : 372.55,
    "volume" : 101893.00
  }, {
    "date" : "2025-04-24",
    "price" : 322.05,
    "dma50" : 314.36,
    "dma100" : null,
    "dma200" : 372.04,
    "volume" : 63452.00
  }, {
    "date" : "2025-04-25",
    "price" : 317.15,
    "dma50" : 314.47,
    "dma100" : null,
    "dma200" : 371.50,
    "volume" : 26292.00
  }, {
    "date" : "2025-04-28",
    "price" : 306.55,
    "dma50" : 314.16,
    "dma100" : null,
    "dma200" : 370.85,
    "volume" : 19620.00
  }, {
    "date" : "2025-04-29",
    "price" : 304.45,
    "dma50" : 313.78,
    "dma100" : null,
    "dma200" : 370.19,
    "volume" : 11247.00
  }, {
    "date" : "2025-04-30",
    "price" : 289.25,
    "dma50" : 312.82,
    "dma100" : null,
    "dma200" : 369.39,
    "volume" : 14120.00
  }, {
    "date" : "2025-05-02",
    "price" : 277.25,
    "dma50" : 311.42,
    "dma100" : null,
    "dma200" : 368.47,
    "volume" : 29604.00
  }, {
    "date" : "2025-05-05",
    "price" : 286.95,
    "dma50" : 310.46,
    "dma100" : null,
    "dma200" : 367.66,
    "volume" : 26368.00
  }, {
    "date" : "2025-05-06",
    "price" : 274.05,
    "dma50" : 309.04,
    "dma100" : null,
    "dma200" : 366.73,
    "volume" : 40383.00
  }, {
    "date" : "2025-05-07",
    "price" : 274.85,
    "dma50" : 307.70,
    "dma100" : null,
    "dma200" : 365.81,
    "volume" : 26155.00
  }, {
    "date" : "2025-05-08",
    "price" : 286.70,
    "dma50" : 306.87,
    "dma100" : null,
    "dma200" : 365.03,
    "volume" : 32949.00
  }, {
    "date" : "2025-05-09",
    "price" : 275.60,
    "dma50" : 305.65,
    "dma100" : null,
    "dma200" : 364.14,
    "volume" : 16785.00
  }, {
    "date" : "2025-05-12",
    "price" : 289.35,
    "dma50" : 305.01,
    "dma100" : null,
    "dma200" : 363.39,
    "volume" : 9770.00
  }, {
    "date" : "2025-05-13",
    "price" : 303.80,
    "dma50" : 304.96,
    "dma100" : null,
    "dma200" : 362.80,
    "volume" : 18729.00
  }, {
    "date" : "2025-05-14",
    "price" : 318.95,
    "dma50" : 305.51,
    "dma100" : null,
    "dma200" : 362.36,
    "volume" : 14177.00
  }, {
    "date" : "2025-05-15",
    "price" : 334.45,
    "dma50" : 306.64,
    "dma100" : null,
    "dma200" : 362.08,
    "volume" : 54937.00
  }, {
    "date" : "2025-05-16",
    "price" : 327.80,
    "dma50" : 307.47,
    "dma100" : null,
    "dma200" : 361.74,
    "volume" : 8253.00
  }, {
    "date" : "2025-05-19",
    "price" : 321.25,
    "dma50" : 308.01,
    "dma100" : null,
    "dma200" : 361.34,
    "volume" : 5782.00
  }, {
    "date" : "2025-05-20",
    "price" : 314.85,
    "dma50" : 308.28,
    "dma100" : null,
    "dma200" : 360.88,
    "volume" : 6901.00
  }, {
    "date" : "2025-05-21",
    "price" : 308.60,
    "dma50" : 308.29,
    "dma100" : null,
    "dma200" : 360.36,
    "volume" : 5126.00
  }, {
    "date" : "2025-05-22",
    "price" : 302.45,
    "dma50" : 308.06,
    "dma100" : null,
    "dma200" : 359.78,
    "volume" : 6195.00
  }, {
    "date" : "2025-05-23",
    "price" : 296.40,
    "dma50" : 307.61,
    "dma100" : null,
    "dma200" : 359.15,
    "volume" : 9308.00
  }, {
    "date" : "2025-05-26",
    "price" : 302.30,
    "dma50" : 307.40,
    "dma100" : null,
    "dma200" : 358.58,
    "volume" : 5495.00
  }, {
    "date" : "2025-05-27",
    "price" : 305.00,
    "dma50" : 307.30,
    "dma100" : null,
    "dma200" : 358.05,
    "volume" : 13126.00
  }, {
    "date" : "2025-05-28",
    "price" : 302.00,
    "dma50" : 307.10,
    "dma100" : null,
    "dma200" : 357.49,
    "volume" : 10186.00
  }, {
    "date" : "2025-05-29",
    "price" : 304.00,
    "dma50" : 306.98,
    "dma100" : null,
    "dma200" : 356.96,
    "volume" : 8606.00
  }, {
    "date" : "2025-05-30",
    "price" : 310.05,
    "dma50" : 307.10,
    "dma100" : null,
    "dma200" : 356.49,
    "volume" : 6776.00
  }, {
    "date" : "2025-06-02",
    "price" : 309.00,
    "dma50" : 307.17,
    "dma100" : null,
    "dma200" : 356.02,
    "volume" : 18968.00
  }, {
    "date" : "2025-06-03",
    "price" : 302.85,
    "dma50" : 307.00,
    "dma100" : null,
    "dma200" : 355.49,
    "volume" : 11209.00
  }, {
    "date" : "2025-06-04",
    "price" : 300.00,
    "dma50" : 306.73,
    "dma100" : null,
    "dma200" : 354.94,
    "volume" : 14072.00
  }, {
    "date" : "2025-06-05",
    "price" : 299.00,
    "dma50" : 306.42,
    "dma100" : null,
    "dma200" : 354.38,
    "volume" : 15332.00
  }, {
    "date" : "2025-06-06",
    "price" : 304.95,
    "dma50" : 306.37,
    "dma100" : null,
    "dma200" : 353.89,
    "volume" : 26845.00
  }, {
    "date" : "2025-06-09",
    "price" : 311.00,
    "dma50" : 306.55,
    "dma100" : null,
    "dma200" : 353.47,
    "volume" : 24215.00
  }, {
    "date" : "2025-06-10",
    "price" : 317.20,
    "dma50" : 306.97,
    "dma100" : null,
    "dma200" : 353.10,
    "volume" : 14257.00
  }, {
    "date" : "2025-06-11",
    "price" : 323.50,
    "dma50" : 307.61,
    "dma100" : null,
    "dma200" : 352.81,
    "volume" : 4197.00
  }, {
    "date" : "2025-06-12",
    "price" : 329.95,
    "dma50" : 308.49,
    "dma100" : null,
    "dma200" : 352.58,
    "volume" : 11214.00
  }, {
    "date" : "2025-06-13",
    "price" : 333.00,
    "dma50" : 309.45,
    "dma100" : null,
    "dma200" : 352.39,
    "volume" : 33398.00
  }, {
    "date" : "2025-06-16",
    "price" : 331.65,
    "dma50" : 310.32,
    "dma100" : null,
    "dma200" : 352.18,
    "volume" : 19949.00
  }, {
    "date" : "2025-06-17",
    "price" : 334.15,
    "dma50" : 311.26,
    "dma100" : null,
    "dma200" : 352.00,
    "volume" : 13356.00
  }, {
    "date" : "2025-06-18",
    "price" : 334.15,
    "dma50" : 312.15,
    "dma100" : null,
    "dma200" : 351.82,
    "volume" : 9923.00
  }, {
    "date" : "2025-06-19",
    "price" : 340.80,
    "dma50" : 313.28,
    "dma100" : null,
    "dma200" : 351.71,
    "volume" : 30838.00
  }, {
    "date" : "2025-06-20",
    "price" : 347.60,
    "dma50" : 314.62,
    "dma100" : null,
    "dma200" : 351.67,
    "volume" : 15318.00
  }, {
    "date" : "2025-06-23",
    "price" : 364.95,
    "dma50" : 316.60,
    "dma100" : null,
    "dma200" : 351.81,
    "volume" : 22934.00
  }, {
    "date" : "2025-06-24",
    "price" : 377.15,
    "dma50" : 318.97,
    "dma100" : null,
    "dma200" : 352.06,
    "volume" : 78866.00
  }, {
    "date" : "2025-06-25",
    "price" : 360.10,
    "dma50" : 320.58,
    "dma100" : null,
    "dma200" : 352.14,
    "volume" : 55042.00
  }, {
    "date" : "2025-06-26",
    "price" : 362.40,
    "dma50" : 322.22,
    "dma100" : null,
    "dma200" : 352.24,
    "volume" : 43845.00
  }, {
    "date" : "2025-06-27",
    "price" : 358.20,
    "dma50" : 323.63,
    "dma100" : null,
    "dma200" : 352.30,
    "volume" : 24695.00
  }, {
    "date" : "2025-06-30",
    "price" : 357.90,
    "dma50" : 324.98,
    "dma100" : null,
    "dma200" : 352.36,
    "volume" : 70573.00
  }, {
    "date" : "2025-07-01",
    "price" : 375.75,
    "dma50" : 326.97,
    "dma100" : null,
    "dma200" : 352.59,
    "volume" : 39489.00
  }, {
    "date" : "2025-07-02",
    "price" : 394.50,
    "dma50" : 329.62,
    "dma100" : null,
    "dma200" : 353.01,
    "volume" : 55774.00
  }, {
    "date" : "2025-07-03",
    "price" : 399.70,
    "dma50" : 332.37,
    "dma100" : null,
    "dma200" : 353.47,
    "volume" : 53565.00
  }, {
    "date" : "2025-07-04",
    "price" : 400.20,
    "dma50" : 335.03,
    "dma100" : null,
    "dma200" : 353.93,
    "volume" : 36643.00
  }, {
    "date" : "2025-07-07",
    "price" : 420.20,
    "dma50" : 338.37,
    "dma100" : null,
    "dma200" : 354.59,
    "volume" : 36079.00
  }, {
    "date" : "2025-07-08",
    "price" : 412.60,
    "dma50" : 341.28,
    "dma100" : null,
    "dma200" : 355.17,
    "volume" : 62288.00
  }, {
    "date" : "2025-07-09",
    "price" : 423.85,
    "dma50" : 344.52,
    "dma100" : null,
    "dma200" : 355.85,
    "volume" : 156099.00
  }, {
    "date" : "2025-07-10",
    "price" : 414.40,
    "dma50" : 347.26,
    "dma100" : null,
    "dma200" : 356.44,
    "volume" : 39791.00
  }, {
    "date" : "2025-07-11",
    "price" : 419.85,
    "dma50" : 350.10,
    "dma100" : null,
    "dma200" : 357.07,
    "volume" : 81909.00
  }, {
    "date" : "2025-07-14",
    "price" : 421.75,
    "dma50" : 352.91,
    "dma100" : null,
    "dma200" : 357.71,
    "volume" : 74130.00
  }, {
    "date" : "2025-07-15",
    "price" : 416.90,
    "dma50" : 355.42,
    "dma100" : null,
    "dma200" : 358.30,
    "volume" : 18434.00
  }, {
    "date" : "2025-07-16",
    "price" : 414.90,
    "dma50" : 357.75,
    "dma100" : null,
    "dma200" : 358.86,
    "volume" : 31805.00
  }, {
    "date" : "2025-07-17",
    "price" : 425.10,
    "dma50" : 360.40,
    "dma100" : null,
    "dma200" : 359.52,
    "volume" : 127260.00
  }, {
    "date" : "2025-07-18",
    "price" : 421.90,
    "dma50" : 362.81,
    "dma100" : null,
    "dma200" : 360.14,
    "volume" : 32422.00
  }, {
    "date" : "2025-07-21",
    "price" : 416.45,
    "dma50" : 364.91,
    "dma100" : null,
    "dma200" : 360.70,
    "volume" : 33904.00
  }, {
    "date" : "2025-07-22",
    "price" : 418.80,
    "dma50" : 367.02,
    "dma100" : 316.92,
    "dma200" : 361.28,
    "volume" : 28164.00
  }, {
    "date" : "2025-07-23",
    "price" : 419.10,
    "dma50" : 369.07,
    "dma100" : 318.30,
    "dma200" : 361.86,
    "volume" : 25265.00
  }, {
    "date" : "2025-07-24",
    "price" : 398.85,
    "dma50" : 370.23,
    "dma100" : 319.46,
    "dma200" : 362.23,
    "volume" : 60729.00
  }, {
    "date" : "2025-07-25",
    "price" : 380.40,
    "dma50" : 370.63,
    "dma100" : 320.59,
    "dma200" : 362.41,
    "volume" : 32160.00
  }, {
    "date" : "2025-07-28",
    "price" : 389.50,
    "dma50" : 371.37,
    "dma100" : 321.94,
    "dma200" : 362.68,
    "volume" : 54372.00
  }, {
    "date" : "2025-07-29",
    "price" : 385.05,
    "dma50" : 371.91,
    "dma100" : 323.37,
    "dma200" : 362.90,
    "volume" : 31058.00
  }, {
    "date" : "2025-07-30",
    "price" : 376.15,
    "dma50" : 372.08,
    "dma100" : 324.64,
    "dma200" : 363.03,
    "volume" : 31555.00
  }, {
    "date" : "2025-07-31",
    "price" : 369.00,
    "dma50" : 371.96,
    "dma100" : 325.72,
    "dma200" : 363.09,
    "volume" : 40867.00
  }, {
    "date" : "2025-08-01",
    "price" : 360.75,
    "dma50" : 371.52,
    "dma100" : 326.57,
    "dma200" : 363.07,
    "volume" : 29362.00
  }, {
    "date" : "2025-08-04",
    "price" : 359.40,
    "dma50" : 371.04,
    "dma100" : 327.28,
    "dma200" : 363.03,
    "volume" : 47209.00
  }, {
    "date" : "2025-08-05",
    "price" : 359.40,
    "dma50" : 370.58,
    "dma100" : 327.88,
    "dma200" : 362.99,
    "volume" : 20911.00
  }, {
    "date" : "2025-08-06",
    "price" : 360.00,
    "dma50" : 370.17,
    "dma100" : 328.62,
    "dma200" : 362.96,
    "volume" : 37297.00
  }, {
    "date" : "2025-08-07",
    "price" : 410.70,
    "dma50" : 371.76,
    "dma100" : 329.93,
    "dma200" : 363.44,
    "volume" : 1386856.00
  }, {
    "date" : "2025-08-08",
    "price" : 378.25,
    "dma50" : 372.01,
    "dma100" : 330.98,
    "dma200" : 363.59,
    "volume" : 262512.00
  }, {
    "date" : "2025-08-11",
    "price" : 401.65,
    "dma50" : 373.18,
    "dma100" : 332.29,
    "dma200" : 363.97,
    "volume" : 178434.00
  }, {
    "date" : "2025-08-12",
    "price" : 405.65,
    "dma50" : 374.45,
    "dma100" : 333.70,
    "dma200" : 364.38,
    "volume" : 260696.00
  }, {
    "date" : "2025-08-13",
    "price" : 409.85,
    "dma50" : 375.84,
    "dma100" : 335.10,
    "dma200" : 364.83,
    "volume" : 138931.00
  }, {
    "date" : "2025-08-14",
    "price" : 385.55,
    "dma50" : 376.22,
    "dma100" : 336.19,
    "dma200" : 365.04,
    "volume" : 134278.00
  }, {
    "date" : "2025-08-18",
    "price" : 405.30,
    "dma50" : 377.36,
    "dma100" : 337.44,
    "dma200" : 365.44,
    "volume" : 193823.00
  }, {
    "date" : "2025-08-19",
    "price" : 408.00,
    "dma50" : 378.56,
    "dma100" : 338.66,
    "dma200" : 365.86,
    "volume" : 51890.00
  }, {
    "date" : "2025-08-20",
    "price" : 408.05,
    "dma50" : 379.72,
    "dma100" : 339.90,
    "dma200" : 366.28,
    "volume" : 31418.00
  }, {
    "date" : "2025-08-21",
    "price" : 489.65,
    "dma50" : 384.03,
    "dma100" : 342.01,
    "dma200" : 367.51,
    "volume" : 473005.00
  }, {
    "date" : "2025-08-22",
    "price" : 587.55,
    "dma50" : 392.01,
    "dma100" : 345.16,
    "dma200" : 369.70,
    "volume" : 2603019.00
  }, {
    "date" : "2025-08-25",
    "price" : 646.30,
    "dma50" : 401.98,
    "dma100" : 348.95,
    "dma200" : 372.45,
    "volume" : 3228505.00
  }, {
    "date" : "2025-08-26",
    "price" : 700.05,
    "dma50" : 413.67,
    "dma100" : 353.23,
    "dma200" : 375.71,
    "volume" : 3343718.00
  }, {
    "date" : "2025-08-28",
    "price" : 706.05,
    "dma50" : 425.14,
    "dma100" : 357.51,
    "dma200" : 379.00,
    "volume" : 1825363.00
  }, {
    "date" : "2025-08-29",
    "price" : 671.35,
    "dma50" : 434.79,
    "dma100" : 361.38,
    "dma200" : 381.91,
    "volume" : 176998.00
  }, {
    "date" : "2025-09-01",
    "price" : 637.80,
    "dma50" : 442.75,
    "dma100" : 364.98,
    "dma200" : 384.45,
    "volume" : 172941.00
  }, {
    "date" : "2025-09-02",
    "price" : 669.65,
    "dma50" : 451.65,
    "dma100" : 368.96,
    "dma200" : 387.29,
    "volume" : 256564.00
  }, {
    "date" : "2025-09-03",
    "price" : 703.10,
    "dma50" : 461.51,
    "dma100" : 373.32,
    "dma200" : 390.43,
    "volume" : 217316.00
  }, {
    "date" : "2025-09-04",
    "price" : 714.15,
    "dma50" : 471.42,
    "dma100" : 377.84,
    "dma200" : 393.65,
    "volume" : 176127.00
  }, {
    "date" : "2025-09-05",
    "price" : 749.85,
    "dma50" : 482.34,
    "dma100" : 382.67,
    "dma200" : 397.20,
    "volume" : 166048.00
  }, {
    "date" : "2025-09-08",
    "price" : 787.30,
    "dma50" : 494.30,
    "dma100" : 387.83,
    "dma200" : 401.08,
    "volume" : 55129.00
  }, {
    "date" : "2025-09-09",
    "price" : 826.65,
    "dma50" : 507.33,
    "dma100" : 393.32,
    "dma200" : 405.31,
    "volume" : 260942.00
  }, {
    "date" : "2025-09-10",
    "price" : 785.35,
    "dma50" : 518.23,
    "dma100" : 398.34,
    "dma200" : 409.10,
    "volume" : 180356.00
  }, {
    "date" : "2025-09-11",
    "price" : 824.55,
    "dma50" : 530.25,
    "dma100" : 403.61,
    "dma200" : 413.23,
    "volume" : 209589.00
  }, {
    "date" : "2025-09-12",
    "price" : 828.15,
    "dma50" : 541.93,
    "dma100" : 408.78,
    "dma200" : 417.36,
    "volume" : 119215.00
  }, {
    "date" : "2025-09-15",
    "price" : 869.55,
    "dma50" : 554.78,
    "dma100" : 414.20,
    "dma200" : 421.86,
    "volume" : 140681.00
  }, {
    "date" : "2025-09-16",
    "price" : 913.00,
    "dma50" : 568.82,
    "dma100" : 420.11,
    "dma200" : 426.75,
    "volume" : 86983.00
  }, {
    "date" : "2025-09-17",
    "price" : 958.65,
    "dma50" : 584.11,
    "dma100" : 426.53,
    "dma200" : 432.04,
    "volume" : 39691.00
  }, {
    "date" : "2025-09-18",
    "price" : 1006.55,
    "dma50" : 600.68,
    "dma100" : 433.53,
    "dma200" : 437.75,
    "volume" : 418613.00
  }, {
    "date" : "2025-09-19",
    "price" : 1056.85,
    "dma50" : 618.57,
    "dma100" : 441.05,
    "dma200" : 443.91,
    "volume" : 211163.00
  }, {
    "date" : "2025-09-22",
    "price" : 1109.65,
    "dma50" : 637.82,
    "dma100" : 449.25,
    "dma200" : 450.54,
    "volume" : 239545.00
  }, {
    "date" : "2025-09-23",
    "price" : 1165.10,
    "dma50" : 658.50,
    "dma100" : 458.13,
    "dma200" : 457.65,
    "volume" : 263767.00
  }, {
    "date" : "2025-09-24",
    "price" : 1223.35,
    "dma50" : 680.65,
    "dma100" : 467.50,
    "dma200" : 465.27,
    "volume" : 99066.00
  }, {
    "date" : "2025-09-25",
    "price" : 1284.50,
    "dma50" : 704.33,
    "dma100" : 477.60,
    "dma200" : 473.42,
    "volume" : 89786.00
  }, {
    "date" : "2025-09-26",
    "price" : 1348.70,
    "dma50" : 729.60,
    "dma100" : 488.34,
    "dma200" : 482.13,
    "volume" : 576412.00
  }, {
    "date" : "2025-09-29",
    "price" : 1281.30,
    "dma50" : 751.24,
    "dma100" : 498.29,
    "dma200" : 490.08,
    "volume" : 226140.00
  }, {
    "date" : "2025-09-30",
    "price" : 1217.25,
    "dma50" : 769.51,
    "dma100" : 507.70,
    "dma200" : 497.32,
    "volume" : 15732.00
  }, {
    "date" : "2025-10-01",
    "price" : 1156.50,
    "dma50" : 784.69,
    "dma100" : 516.37,
    "dma200" : 503.88,
    "volume" : 19343.00
  }, {
    "date" : "2025-10-03",
    "price" : 1098.70,
    "dma50" : 797.00,
    "dma100" : 524.32,
    "dma200" : 509.79,
    "volume" : 29283.00
  }, {
    "date" : "2025-10-06",
    "price" : 1153.60,
    "dma50" : 810.99,
    "dma100" : 532.67,
    "dma200" : 516.20,
    "volume" : 326910.00
  }, {
    "date" : "2025-10-07",
    "price" : 1096.00,
    "dma50" : 822.16,
    "dma100" : 540.28,
    "dma200" : 521.97,
    "volume" : 135316.00
  }, {
    "date" : "2025-10-08",
    "price" : 1041.20,
    "dma50" : 830.75,
    "dma100" : 547.42,
    "dma200" : 527.14,
    "volume" : 83045.00
  }, {
    "date" : "2025-10-09",
    "price" : 989.20,
    "dma50" : 836.97,
    "dma100" : 554.10,
    "dma200" : 531.73,
    "volume" : 25826.00
  }, {
    "date" : "2025-10-10",
    "price" : 1038.30,
    "dma50" : 844.86,
    "dma100" : 561.33,
    "dma200" : 536.77,
    "volume" : 305739.00
  }, {
    "date" : "2025-10-13",
    "price" : 1045.30,
    "dma50" : 852.72,
    "dma100" : 568.70,
    "dma200" : 541.83,
    "volume" : 317978.00
  }, {
    "date" : "2025-10-14",
    "price" : 993.10,
    "dma50" : 858.23,
    "dma100" : 575.61,
    "dma200" : 546.32,
    "volume" : 76430.00
  }, {
    "date" : "2025-10-15",
    "price" : 943.50,
    "dma50" : 861.57,
    "dma100" : 582.08,
    "dma200" : 550.28,
    "volume" : 222136.00
  }, {
    "date" : "2025-10-16",
    "price" : 896.40,
    "dma50" : 862.94,
    "dma100" : 588.02,
    "dma200" : 553.72,
    "volume" : 139708.00
  }, {
    "date" : "2025-10-17",
    "price" : 896.80,
    "dma50" : 864.27,
    "dma100" : 593.94,
    "dma200" : 557.13,
    "volume" : 159529.00
  }, {
    "date" : "2025-10-20",
    "price" : 875.50,
    "dma50" : 864.71,
    "dma100" : 599.67,
    "dma200" : 560.30,
    "volume" : 135728.00
  }, {
    "date" : "2025-10-21",
    "price" : 889.30,
    "dma50" : 865.67,
    "dma100" : 605.52,
    "dma200" : 563.57,
    "volume" : 42166.00
  }, {
    "date" : "2025-10-23",
    "price" : 844.90,
    "dma50" : 864.86,
    "dma100" : 610.87,
    "dma200" : 566.37,
    "volume" : 102683.00
  }, {
    "date" : "2025-10-24",
    "price" : 802.70,
    "dma50" : 862.42,
    "dma100" : 615.81,
    "dma200" : 568.73,
    "volume" : 154613.00
  }, {
    "date" : "2025-10-27",
    "price" : 842.80,
    "dma50" : 861.65,
    "dma100" : 621.21,
    "dma200" : 571.45,
    "volume" : 273519.00
  }, {
    "date" : "2025-10-28",
    "price" : 801.60,
    "dma50" : 859.29,
    "dma100" : 626.22,
    "dma200" : 573.74,
    "volume" : 167977.00
  }, {
    "date" : "2025-10-29",
    "price" : 793.70,
    "dma50" : 856.72,
    "dma100" : 631.17,
    "dma200" : 575.93,
    "volume" : 107759.00
  }, {
    "date" : "2025-10-30",
    "price" : 780.70,
    "dma50" : 853.74,
    "dma100" : 635.93,
    "dma200" : 577.97,
    "volume" : 66330.00
  }, {
    "date" : "2025-10-31",
    "price" : 819.70,
    "dma50" : 852.41,
    "dma100" : 641.02,
    "dma200" : 580.37,
    "volume" : 73080.00
  }, {
    "date" : "2025-11-03",
    "price" : 860.65,
    "dma50" : 852.73,
    "dma100" : 646.45,
    "dma200" : 583.16,
    "volume" : 70338.00
  }, {
    "date" : "2025-11-04",
    "price" : 903.65,
    "dma50" : 854.73,
    "dma100" : 652.25,
    "dma200" : 586.35,
    "volume" : 147448.00
  }, {
    "date" : "2025-11-06",
    "price" : 903.50,
    "dma50" : 856.64,
    "dma100" : 657.99,
    "dma200" : 589.51,
    "volume" : 195167.00
  }, {
    "date" : "2025-11-07",
    "price" : 867.20,
    "dma50" : 857.05,
    "dma100" : 663.33,
    "dma200" : 592.27,
    "volume" : 57504.00
  }, {
    "date" : "2025-11-10",
    "price" : 831.45,
    "dma50" : 856.05,
    "dma100" : 668.33,
    "dma200" : 594.65,
    "volume" : 54683.00
  }, {
    "date" : "2025-11-11",
    "price" : 844.10,
    "dma50" : 855.58,
    "dma100" : 673.43,
    "dma200" : 597.13,
    "volume" : 40223.00
  }, {
    "date" : "2025-11-12",
    "price" : 856.50,
    "dma50" : 855.62,
    "dma100" : 678.65,
    "dma200" : 599.71,
    "volume" : 56787.00
  }, {
    "date" : "2025-11-13",
    "price" : 819.30,
    "dma50" : 854.19,
    "dma100" : 683.44,
    "dma200" : 601.90,
    "volume" : 44528.00
  }, {
    "date" : "2025-11-14",
    "price" : 860.25,
    "dma50" : 854.43,
    "dma100" : 688.56,
    "dma200" : 604.47,
    "volume" : 26486.00
  }, {
    "date" : "2025-11-17",
    "price" : 903.25,
    "dma50" : 856.34,
    "dma100" : 693.95,
    "dma200" : 607.44,
    "volume" : 19966.00
  }, {
    "date" : "2025-11-18",
    "price" : 948.40,
    "dma50" : 859.95,
    "dma100" : 699.66,
    "dma200" : 610.83,
    "volume" : 182463.00
  }, {
    "date" : "2025-11-19",
    "price" : 981.50,
    "dma50" : 864.72,
    "dma100" : 705.87,
    "dma200" : 614.52,
    "volume" : 119963.00
  }, {
    "date" : "2025-11-20",
    "price" : 1002.90,
    "dma50" : 870.14,
    "dma100" : 712.28,
    "dma200" : 618.39,
    "volume" : 62001.00
  }, {
    "date" : "2025-11-21",
    "price" : 952.75,
    "dma50" : 873.38,
    "dma100" : 718.22,
    "dma200" : 621.71,
    "volume" : 74620.00
  }, {
    "date" : "2025-11-24",
    "price" : 905.15,
    "dma50" : 874.63,
    "dma100" : 723.69,
    "dma200" : 624.53,
    "volume" : 37297.00
  }, {
    "date" : "2025-11-25",
    "price" : 882.95,
    "dma50" : 874.95,
    "dma100" : 728.77,
    "dma200" : 627.11,
    "volume" : 42902.00
  }, {
    "date" : "2025-11-26",
    "price" : 915.20,
    "dma50" : 876.53,
    "dma100" : 733.97,
    "dma200" : 629.97,
    "volume" : 37315.00
  }, {
    "date" : "2025-11-27",
    "price" : 879.80,
    "dma50" : 876.66,
    "dma100" : 738.77,
    "dma200" : 632.46,
    "volume" : 33865.00
  }, {
    "date" : "2025-11-28",
    "price" : 897.65,
    "dma50" : 877.48,
    "dma100" : 743.75,
    "dma200" : 635.10,
    "volume" : 41442.00
  }, {
    "date" : "2025-12-01",
    "price" : 907.95,
    "dma50" : 878.68,
    "dma100" : 748.63,
    "dma200" : 637.81,
    "volume" : 41938.00
  }, {
    "date" : "2025-12-02",
    "price" : 898.30,
    "dma50" : 879.45,
    "dma100" : 753.48,
    "dma200" : 640.40,
    "volume" : 41838.00
  }, {
    "date" : "2025-12-03",
    "price" : 907.55,
    "dma50" : 880.55,
    "dma100" : 758.32,
    "dma200" : 643.06,
    "volume" : 80030.00
  }, {
    "date" : "2025-12-04",
    "price" : 899.30,
    "dma50" : 881.28,
    "dma100" : 763.17,
    "dma200" : 645.61,
    "volume" : 38314.00
  }, {
    "date" : "2025-12-05",
    "price" : 865.35,
    "dma50" : 880.66,
    "dma100" : 767.62,
    "dma200" : 647.80,
    "volume" : 37114.00
  }, {
    "date" : "2025-12-08",
    "price" : 795.85,
    "dma50" : 877.33,
    "dma100" : 771.37,
    "dma200" : 649.27,
    "volume" : 140846.00
  }, {
    "date" : "2025-12-09",
    "price" : 875.40,
    "dma50" : 877.26,
    "dma100" : 775.95,
    "dma200" : 651.52,
    "volume" : 175042.00
  }, {
    "date" : "2025-12-10",
    "price" : 855.55,
    "dma50" : 876.41,
    "dma100" : 780.36,
    "dma200" : 653.55,
    "volume" : 92462.00
  }, {
    "date" : "2025-12-11",
    "price" : 876.10,
    "dma50" : 876.39,
    "dma100" : 784.87,
    "dma200" : 655.77,
    "volume" : 49654.00
  }, {
    "date" : "2025-12-12",
    "price" : 852.55,
    "dma50" : 875.46,
    "dma100" : 789.17,
    "dma200" : 657.72,
    "volume" : 39826.00
  }, {
    "date" : "2025-12-15",
    "price" : 835.35,
    "dma50" : 873.89,
    "dma100" : 793.36,
    "dma200" : 659.49,
    "volume" : 33994.00
  }, {
    "date" : "2025-12-16",
    "price" : 818.85,
    "dma50" : 871.73,
    "dma100" : 797.36,
    "dma200" : 661.08,
    "volume" : 37076.00
  }, {
    "date" : "2025-12-17",
    "price" : 810.00,
    "dma50" : 869.31,
    "dma100" : 801.27,
    "dma200" : 662.56,
    "volume" : 48427.00
  }, {
    "date" : "2025-12-18",
    "price" : 800.40,
    "dma50" : 866.60,
    "dma100" : 805.29,
    "dma200" : 663.93,
    "volume" : 58062.00
  }, {
    "date" : "2025-12-19",
    "price" : 794.45,
    "dma50" : 863.77,
    "dma100" : 809.43,
    "dma200" : 665.23,
    "volume" : 57534.00
  }, {
    "date" : "2025-12-22",
    "price" : 873.85,
    "dma50" : 864.17,
    "dma100" : 814.27,
    "dma200" : 667.30,
    "volume" : 169571.00
  }, {
    "date" : "2025-12-23",
    "price" : 838.60,
    "dma50" : 863.17,
    "dma100" : 818.81,
    "dma200" : 669.01,
    "volume" : 215005.00
  }, {
    "date" : "2025-12-24",
    "price" : 831.80,
    "dma50" : 861.94,
    "dma100" : 823.36,
    "dma200" : 670.63,
    "volume" : 143339.00
  }, {
    "date" : "2025-12-26",
    "price" : 810.20,
    "dma50" : 859.91,
    "dma100" : 827.78,
    "dma200" : 672.02,
    "volume" : 75616.00
  }, {
    "date" : "2025-12-29",
    "price" : 808.25,
    "dma50" : 857.88,
    "dma100" : 832.25,
    "dma200" : 673.37,
    "volume" : 101364.00
  }, {
    "date" : "2025-12-30",
    "price" : 813.50,
    "dma50" : 856.14,
    "dma100" : 836.79,
    "dma200" : 674.77,
    "volume" : 54403.00
  }, {
    "date" : "2025-12-31",
    "price" : 812.15,
    "dma50" : 854.42,
    "dma100" : 841.32,
    "dma200" : 676.13,
    "volume" : 45501.00
  }, {
    "date" : "2026-01-01",
    "price" : 808.15,
    "dma50" : 852.60,
    "dma100" : 845.80,
    "dma200" : 677.45,
    "volume" : 37838.00
  }, {
    "date" : "2026-01-02",
    "price" : 819.80,
    "dma50" : 851.32,
    "dma100" : 849.89,
    "dma200" : 678.86,
    "volume" : 62679.00
  }, {
    "date" : "2026-01-05",
    "price" : 801.80,
    "dma50" : 849.37,
    "dma100" : 854.13,
    "dma200" : 680.09,
    "volume" : 74112.00
  }, {
    "date" : "2026-01-06",
    "price" : 798.85,
    "dma50" : 847.39,
    "dma100" : 858.10,
    "dma200" : 681.27,
    "volume" : 39234.00
  }, {
    "date" : "2026-01-07",
    "price" : 791.80,
    "dma50" : 845.21,
    "dma100" : 861.96,
    "dma200" : 682.37,
    "volume" : 66263.00
  }, {
    "date" : "2026-01-08",
    "price" : 754.10,
    "dma50" : 841.64,
    "dma100" : 865.40,
    "dma200" : 683.08,
    "volume" : 183635.00
  }, {
    "date" : "2026-01-09",
    "price" : 710.45,
    "dma50" : 836.50,
    "dma100" : 868.65,
    "dma200" : 683.36,
    "volume" : 203989.00
  }, {
    "date" : "2026-01-12",
    "price" : 734.10,
    "dma50" : 832.48,
    "dma100" : 871.94,
    "dma200" : 683.86,
    "volume" : 261129.00
  }, {
    "date" : "2026-01-13",
    "price" : 717.75,
    "dma50" : 827.98,
    "dma100" : 875.04,
    "dma200" : 684.20,
    "volume" : 97480.00
  }, {
    "date" : "2026-01-14",
    "price" : 708.45,
    "dma50" : 823.29,
    "dma100" : 878.04,
    "dma200" : 684.44,
    "volume" : 41125.00
  }, {
    "date" : "2026-01-16",
    "price" : 704.40,
    "dma50" : 818.63,
    "dma100" : 880.19,
    "dma200" : 684.64,
    "volume" : 48199.00
  }, {
    "date" : "2026-01-19",
    "price" : 689.55,
    "dma50" : 813.57,
    "dma100" : 881.21,
    "dma200" : 684.69,
    "volume" : 58426.00
  }, {
    "date" : "2026-01-20",
    "price" : 657.25,
    "dma50" : 807.44,
    "dma100" : 881.32,
    "dma200" : 684.41,
    "volume" : 91672.00
  }, {
    "date" : "2026-01-21",
    "price" : 660.85,
    "dma50" : 801.69,
    "dma100" : 880.93,
    "dma200" : 684.18,
    "volume" : 103329.00
  }, {
    "date" : "2026-01-22",
    "price" : 654.40,
    "dma50" : 795.91,
    "dma100" : 880.41,
    "dma200" : 683.88,
    "volume" : 45232.00
  }, {
    "date" : "2026-01-23",
    "price" : 630.10,
    "dma50" : 789.41,
    "dma100" : 880.00,
    "dma200" : 683.35,
    "volume" : 58709.00
  }, {
    "date" : "2026-01-27",
    "price" : 617.50,
    "dma50" : 782.67,
    "dma100" : 879.79,
    "dma200" : 682.69,
    "volume" : 128448.00
  }, {
    "date" : "2026-01-28",
    "price" : 603.75,
    "dma50" : 775.65,
    "dma100" : 879.14,
    "dma200" : 681.91,
    "volume" : 117408.00
  }, {
    "date" : "2026-01-29",
    "price" : 597.55,
    "dma50" : 768.67,
    "dma100" : 878.08,
    "dma200" : 681.07,
    "volume" : 135796.00
  }, {
    "date" : "2026-01-30",
    "price" : 599.30,
    "dma50" : 762.03,
    "dma100" : 876.93,
    "dma200" : 680.25,
    "volume" : 115578.00
  }, {
    "date" : "2026-02-01",
    "price" : 573.70,
    "dma50" : 754.64,
    "dma100" : 875.17,
    "dma200" : 679.19,
    "volume" : 113946.00
  }, {
    "date" : "2026-02-02",
    "price" : 623.65,
    "dma50" : 749.50,
    "dma100" : 873.53,
    "dma200" : 678.64,
    "volume" : 164906.00
  }, {
    "date" : "2026-02-03",
    "price" : 686.00,
    "dma50" : 747.01,
    "dma100" : 872.13,
    "dma200" : 678.71,
    "volume" : 174864.00
  }, {
    "date" : "2026-02-04",
    "price" : 718.00,
    "dma50" : 745.88,
    "dma100" : 871.45,
    "dma200" : 679.11,
    "volume" : 205261.00
  }, {
    "date" : "2026-02-05",
    "price" : 710.20,
    "dma50" : 744.48,
    "dma100" : 870.31,
    "dma200" : 679.41,
    "volume" : 141151.00
  }, {
    "date" : "2026-02-06",
    "price" : 841.45,
    "dma50" : 748.28,
    "dma100" : 870.44,
    "dma200" : 681.03,
    "volume" : 2163631.00
  }, {
    "date" : "2026-02-09",
    "price" : 838.95,
    "dma50" : 751.84,
    "dma100" : 870.14,
    "dma200" : 682.60,
    "volume" : 1623804.00
  }, {
    "date" : "2026-02-10",
    "price" : 851.85,
    "dma50" : 755.76,
    "dma100" : 869.53,
    "dma200" : 684.28,
    "volume" : 423548.00
  }, {
    "date" : "2026-02-11",
    "price" : 835.60,
    "dma50" : 758.89,
    "dma100" : 868.30,
    "dma200" : 685.79,
    "volume" : 241522.00
  }, {
    "date" : "2026-02-12",
    "price" : 764.85,
    "dma50" : 759.12,
    "dma100" : 865.88,
    "dma200" : 686.57,
    "volume" : 282565.00
  }, {
    "date" : "2026-02-13",
    "price" : 810.15,
    "dma50" : 761.12,
    "dma100" : 863.41,
    "dma200" : 687.80,
    "volume" : 944146.00
  }, {
    "date" : "2026-02-16",
    "price" : 779.60,
    "dma50" : 761.85,
    "dma100" : 860.11,
    "dma200" : 688.72,
    "volume" : 147259.00
  }, {
    "date" : "2026-02-17",
    "price" : 782.55,
    "dma50" : 762.66,
    "dma100" : 856.29,
    "dma200" : 689.65,
    "volume" : 99258.00
  }, {
    "date" : "2026-02-18",
    "price" : 864.20,
    "dma50" : 766.64,
    "dma100" : 852.69,
    "dma200" : 691.39,
    "volume" : 984860.00
  }, {
    "date" : "2026-02-19",
    "price" : 864.60,
    "dma50" : 770.48,
    "dma100" : 848.49,
    "dma200" : 693.11,
    "volume" : 420678.00
  }, {
    "date" : "2026-02-20",
    "price" : 872.10,
    "dma50" : 774.47,
    "dma100" : 843.73,
    "dma200" : 694.89,
    "volume" : 212959.00
  } ],
  "latestTechnicalAttributes" : {
    "date" : "2026-02-20",
    "price" : 872.10,
    "dma50" : 774.47,
    "dma100" : 843.73,
    "dma200" : 694.89,
    "volume" : 212959.00
  },
  "quarterlyResults" : [ {
    "date" : "2005-03-31",
    "sales" : 2.82,
    "salesGrowthYoY" : null,
    "grossProfitMargin" : 117.38,
    "grossProfit" : 3.31,
    "operatingProfitMargin" : 44.68,
    "operatingProfit" : 1.26,
    "netProfitMargin" : 25.89,
    "netProfit" : 0.73
  }, {
    "date" : "2005-06-30",
    "sales" : 3.03,
    "salesGrowthYoY" : null,
    "grossProfitMargin" : 93.73,
    "grossProfit" : 2.84,
    "operatingProfitMargin" : 42.24,
    "operatingProfit" : 1.28,
    "netProfitMargin" : 25.74,
    "netProfit" : 0.78
  }, {
    "date" : "2005-09-30",
    "sales" : 2.58,
    "salesGrowthYoY" : null,
    "grossProfitMargin" : 128.29,
    "grossProfit" : 3.31,
    "operatingProfitMargin" : 59.30,
    "operatingProfit" : 1.53,
    "netProfitMargin" : 34.50,
    "netProfit" : 0.89
  }, {
    "date" : "2005-12-31",
    "sales" : 3.17,
    "salesGrowthYoY" : null,
    "grossProfitMargin" : 99.05,
    "grossProfit" : 3.14,
    "operatingProfitMargin" : 39.75,
    "operatingProfit" : 1.26,
    "netProfitMargin" : 45.43,
    "netProfit" : 1.44
  }, {
    "date" : "2006-03-31",
    "sales" : 3.43,
    "salesGrowthYoY" : 21.63,
    "grossProfitMargin" : 101.46,
    "grossProfit" : 3.48,
    "operatingProfitMargin" : 39.07,
    "operatingProfit" : 1.34,
    "netProfitMargin" : 38.19,
    "netProfit" : 1.31
  }, {
    "date" : "2006-06-30",
    "sales" : 3.10,
    "salesGrowthYoY" : 2.31,
    "grossProfitMargin" : 107.42,
    "grossProfit" : 3.33,
    "operatingProfitMargin" : 32.90,
    "operatingProfit" : 1.02,
    "netProfitMargin" : 44.19,
    "netProfit" : 1.37
  }, {
    "date" : "2006-09-30",
    "sales" : 4.43,
    "salesGrowthYoY" : 71.71,
    "grossProfitMargin" : 105.42,
    "grossProfit" : 4.67,
    "operatingProfitMargin" : 36.57,
    "operatingProfit" : 1.62,
    "netProfitMargin" : 37.02,
    "netProfit" : 1.64
  }, {
    "date" : "2006-12-31",
    "sales" : 3.93,
    "salesGrowthYoY" : 23.97,
    "grossProfitMargin" : 83.46,
    "grossProfit" : 3.28,
    "operatingProfitMargin" : 37.91,
    "operatingProfit" : 1.49,
    "netProfitMargin" : 37.15,
    "netProfit" : 1.46
  }, {
    "date" : "2007-03-31",
    "sales" : 4.69,
    "salesGrowthYoY" : 36.73,
    "grossProfitMargin" : 100.43,
    "grossProfit" : 4.71,
    "operatingProfitMargin" : 70.58,
    "operatingProfit" : 3.31,
    "netProfitMargin" : 55.65,
    "netProfit" : 2.61
  }, {
    "date" : "2007-06-30",
    "sales" : 4.02,
    "salesGrowthYoY" : 29.68,
    "grossProfitMargin" : 111.44,
    "grossProfit" : 4.48,
    "operatingProfitMargin" : 38.31,
    "operatingProfit" : 1.54,
    "netProfitMargin" : 41.54,
    "netProfit" : 1.67
  }, {
    "date" : "2007-09-30",
    "sales" : 5.26,
    "salesGrowthYoY" : 18.74,
    "grossProfitMargin" : 98.48,
    "grossProfit" : 5.18,
    "operatingProfitMargin" : 23.95,
    "operatingProfit" : 1.26,
    "netProfitMargin" : 35.93,
    "netProfit" : 1.89
  }, {
    "date" : "2007-12-31",
    "sales" : 5.07,
    "salesGrowthYoY" : 29.01,
    "grossProfitMargin" : 98.62,
    "grossProfit" : 5.00,
    "operatingProfitMargin" : 12.62,
    "operatingProfit" : 0.64,
    "netProfitMargin" : 50.89,
    "netProfit" : 2.58
  }, {
    "date" : "2008-03-31",
    "sales" : 5.31,
    "salesGrowthYoY" : 13.22,
    "grossProfitMargin" : 127.31,
    "grossProfit" : 6.76,
    "operatingProfitMargin" : 23.16,
    "operatingProfit" : 1.23,
    "netProfitMargin" : 19.96,
    "netProfit" : 1.06
  }, {
    "date" : "2008-06-30",
    "sales" : 6.54,
    "salesGrowthYoY" : 62.69,
    "grossProfitMargin" : 98.78,
    "grossProfit" : 6.46,
    "operatingProfitMargin" : 23.09,
    "operatingProfit" : 1.51,
    "netProfitMargin" : 81.04,
    "netProfit" : 5.30
  }, {
    "date" : "2008-09-30",
    "sales" : 7.91,
    "salesGrowthYoY" : 50.38,
    "grossProfitMargin" : 104.05,
    "grossProfit" : 8.23,
    "operatingProfitMargin" : 44.25,
    "operatingProfit" : 3.50,
    "netProfitMargin" : 53.48,
    "netProfit" : 4.23
  }, {
    "date" : "2008-12-31",
    "sales" : 8.91,
    "salesGrowthYoY" : 75.74,
    "grossProfitMargin" : 109.20,
    "grossProfit" : 9.73,
    "operatingProfitMargin" : 48.15,
    "operatingProfit" : 4.29,
    "netProfitMargin" : 53.31,
    "netProfit" : 4.75
  }, {
    "date" : "2009-03-31",
    "sales" : 4.98,
    "salesGrowthYoY" : -6.21,
    "grossProfitMargin" : 109.64,
    "grossProfit" : 5.46,
    "operatingProfitMargin" : 5.82,
    "operatingProfit" : 0.29,
    "netProfitMargin" : -7.03,
    "netProfit" : -0.35
  }, {
    "date" : "2009-06-30",
    "sales" : 8.17,
    "salesGrowthYoY" : 24.92,
    "grossProfitMargin" : 104.90,
    "grossProfit" : 8.57,
    "operatingProfitMargin" : 47.74,
    "operatingProfit" : 3.90,
    "netProfitMargin" : 76.13,
    "netProfit" : 6.22
  }, {
    "date" : "2009-09-30",
    "sales" : 6.52,
    "salesGrowthYoY" : -17.57,
    "grossProfitMargin" : 73.62,
    "grossProfit" : 4.80,
    "operatingProfitMargin" : 1.84,
    "operatingProfit" : 0.12,
    "netProfitMargin" : 20.25,
    "netProfit" : 1.32
  }, {
    "date" : "2009-12-31",
    "sales" : 7.70,
    "salesGrowthYoY" : -13.58,
    "grossProfitMargin" : 85.45,
    "grossProfit" : 6.58,
    "operatingProfitMargin" : 8.57,
    "operatingProfit" : 0.66,
    "netProfitMargin" : 20.13,
    "netProfit" : 1.55
  }, {
    "date" : "2010-03-31",
    "sales" : 7.01,
    "salesGrowthYoY" : 40.76,
    "grossProfitMargin" : 106.56,
    "grossProfit" : 7.47,
    "operatingProfitMargin" : 27.25,
    "operatingProfit" : 1.91,
    "netProfitMargin" : 33.95,
    "netProfit" : 2.38
  }, {
    "date" : "2010-06-30",
    "sales" : 5.02,
    "salesGrowthYoY" : -38.56,
    "grossProfitMargin" : 102.19,
    "grossProfit" : 5.13,
    "operatingProfitMargin" : 9.76,
    "operatingProfit" : 0.49,
    "netProfitMargin" : 29.08,
    "netProfit" : 1.46
  }, {
    "date" : "2010-09-30",
    "sales" : 7.29,
    "salesGrowthYoY" : 11.81,
    "grossProfitMargin" : 96.71,
    "grossProfit" : 7.05,
    "operatingProfitMargin" : 12.21,
    "operatingProfit" : 0.89,
    "netProfitMargin" : 14.54,
    "netProfit" : 1.06
  }, {
    "date" : "2010-12-31",
    "sales" : 10.79,
    "salesGrowthYoY" : 40.13,
    "grossProfitMargin" : 96.85,
    "grossProfit" : 10.45,
    "operatingProfitMargin" : 11.21,
    "operatingProfit" : 1.21,
    "netProfitMargin" : 11.86,
    "netProfit" : 1.28
  }, {
    "date" : "2011-03-31",
    "sales" : 18.72,
    "salesGrowthYoY" : 167.05,
    "grossProfitMargin" : 99.04,
    "grossProfit" : 18.54,
    "operatingProfitMargin" : 6.30,
    "operatingProfit" : 1.18,
    "netProfitMargin" : 4.86,
    "netProfit" : 0.91
  }, {
    "date" : "2011-06-30",
    "sales" : 5.40,
    "salesGrowthYoY" : 7.57,
    "grossProfitMargin" : 100.00,
    "grossProfit" : 5.40,
    "operatingProfitMargin" : 11.85,
    "operatingProfit" : 0.64,
    "netProfitMargin" : 17.04,
    "netProfit" : 0.92
  }, {
    "date" : "2011-09-30",
    "sales" : 3.93,
    "salesGrowthYoY" : -46.09,
    "grossProfitMargin" : 98.98,
    "grossProfit" : 3.89,
    "operatingProfitMargin" : 12.72,
    "operatingProfit" : 0.50,
    "netProfitMargin" : 11.96,
    "netProfit" : 0.47
  }, {
    "date" : "2011-12-31",
    "sales" : 4.36,
    "salesGrowthYoY" : -59.59,
    "grossProfitMargin" : 100.00,
    "grossProfit" : 4.36,
    "operatingProfitMargin" : 22.94,
    "operatingProfit" : 1.00,
    "netProfitMargin" : 25.46,
    "netProfit" : 1.11
  }, {
    "date" : "2012-03-31",
    "sales" : 4.12,
    "salesGrowthYoY" : -77.99,
    "grossProfitMargin" : 100.24,
    "grossProfit" : 4.13,
    "operatingProfitMargin" : 18.20,
    "operatingProfit" : 0.75,
    "netProfitMargin" : 9.71,
    "netProfit" : 0.40
  }, {
    "date" : "2012-06-30",
    "sales" : 4.46,
    "salesGrowthYoY" : -17.41,
    "grossProfitMargin" : 100.22,
    "grossProfit" : 4.47,
    "operatingProfitMargin" : 33.41,
    "operatingProfit" : 1.49,
    "netProfitMargin" : 40.36,
    "netProfit" : 1.80
  }, {
    "date" : "2012-09-30",
    "sales" : 4.29,
    "salesGrowthYoY" : 9.16,
    "grossProfitMargin" : 99.77,
    "grossProfit" : 4.28,
    "operatingProfitMargin" : 32.63,
    "operatingProfit" : 1.40,
    "netProfitMargin" : 30.54,
    "netProfit" : 1.31
  }, {
    "date" : "2012-12-31",
    "sales" : 4.66,
    "salesGrowthYoY" : 6.88,
    "grossProfitMargin" : 100.00,
    "grossProfit" : 4.66,
    "operatingProfitMargin" : 37.77,
    "operatingProfit" : 1.76,
    "netProfitMargin" : 36.48,
    "netProfit" : 1.70
  }, {
    "date" : "2013-03-31",
    "sales" : 3.73,
    "salesGrowthYoY" : -9.47,
    "grossProfitMargin" : 100.54,
    "grossProfit" : 3.75,
    "operatingProfitMargin" : 13.40,
    "operatingProfit" : 0.50,
    "netProfitMargin" : 39.14,
    "netProfit" : 1.46
  }, {
    "date" : "2013-06-30",
    "sales" : 3.91,
    "salesGrowthYoY" : -12.33,
    "grossProfitMargin" : 100.00,
    "grossProfit" : 3.91,
    "operatingProfitMargin" : 36.83,
    "operatingProfit" : 1.44,
    "netProfitMargin" : 57.80,
    "netProfit" : 2.26
  }, {
    "date" : "2013-09-30",
    "sales" : 4.58,
    "salesGrowthYoY" : 6.76,
    "grossProfitMargin" : 99.78,
    "grossProfit" : 4.57,
    "operatingProfitMargin" : 47.82,
    "operatingProfit" : 2.19,
    "netProfitMargin" : 53.93,
    "netProfit" : 2.47
  }, {
    "date" : "2013-12-31",
    "sales" : 4.35,
    "salesGrowthYoY" : -6.65,
    "grossProfitMargin" : 100.46,
    "grossProfit" : 4.37,
    "operatingProfitMargin" : 50.57,
    "operatingProfit" : 2.20,
    "netProfitMargin" : 17.70,
    "netProfit" : 0.77
  }, {
    "date" : "2014-03-31",
    "sales" : 2.79,
    "salesGrowthYoY" : -25.20,
    "grossProfitMargin" : 100.00,
    "grossProfit" : 2.79,
    "operatingProfitMargin" : -34.77,
    "operatingProfit" : -0.97,
    "netProfitMargin" : -97.13,
    "netProfit" : -2.71
  }, {
    "date" : "2014-06-30",
    "sales" : 3.46,
    "salesGrowthYoY" : -11.51,
    "grossProfitMargin" : 99.71,
    "grossProfit" : 3.45,
    "operatingProfitMargin" : 14.74,
    "operatingProfit" : 0.51,
    "netProfitMargin" : -10.98,
    "netProfit" : -0.38
  }, {
    "date" : "2014-09-30",
    "sales" : 4.90,
    "salesGrowthYoY" : 6.99,
    "grossProfitMargin" : 100.00,
    "grossProfit" : 4.90,
    "operatingProfitMargin" : 32.65,
    "operatingProfit" : 1.60,
    "netProfitMargin" : 12.65,
    "netProfit" : 0.62
  }, {
    "date" : "2014-12-31",
    "sales" : 5.43,
    "salesGrowthYoY" : 24.83,
    "grossProfitMargin" : 92.63,
    "grossProfit" : 5.03,
    "operatingProfitMargin" : 34.62,
    "operatingProfit" : 1.88,
    "netProfitMargin" : 12.89,
    "netProfit" : 0.70
  }, {
    "date" : "2015-03-31",
    "sales" : 4.64,
    "salesGrowthYoY" : 66.31,
    "grossProfitMargin" : 100.00,
    "grossProfit" : 4.64,
    "operatingProfitMargin" : 32.54,
    "operatingProfit" : 1.51,
    "netProfitMargin" : 0.43,
    "netProfit" : 0.02
  }, {
    "date" : "2015-06-30",
    "sales" : 3.58,
    "salesGrowthYoY" : 3.47,
    "grossProfitMargin" : 98.32,
    "grossProfit" : 3.52,
    "operatingProfitMargin" : 23.74,
    "operatingProfit" : 0.85,
    "netProfitMargin" : -6.42,
    "netProfit" : -0.23
  }, {
    "date" : "2015-09-30",
    "sales" : 4.79,
    "salesGrowthYoY" : -2.24,
    "grossProfitMargin" : 97.29,
    "grossProfit" : 4.66,
    "operatingProfitMargin" : 29.44,
    "operatingProfit" : 1.41,
    "netProfitMargin" : 11.90,
    "netProfit" : 0.57
  }, {
    "date" : "2015-12-31",
    "sales" : 5.58,
    "salesGrowthYoY" : 2.76,
    "grossProfitMargin" : 97.49,
    "grossProfit" : 5.44,
    "operatingProfitMargin" : 36.02,
    "operatingProfit" : 2.01,
    "netProfitMargin" : 17.56,
    "netProfit" : 0.98
  }, {
    "date" : "2016-03-31",
    "sales" : 4.56,
    "salesGrowthYoY" : -1.72,
    "grossProfitMargin" : 93.20,
    "grossProfit" : 4.25,
    "operatingProfitMargin" : -19.30,
    "operatingProfit" : -0.88,
    "netProfitMargin" : -52.19,
    "netProfit" : -2.38
  }, {
    "date" : "2016-06-30",
    "sales" : 5.88,
    "salesGrowthYoY" : 64.25,
    "grossProfitMargin" : 97.62,
    "grossProfit" : 5.74,
    "operatingProfitMargin" : 26.19,
    "operatingProfit" : 1.54,
    "netProfitMargin" : 7.82,
    "netProfit" : 0.46
  }, {
    "date" : "2016-09-30",
    "sales" : 4.78,
    "salesGrowthYoY" : -0.21,
    "grossProfitMargin" : 96.44,
    "grossProfit" : 4.61,
    "operatingProfitMargin" : 15.90,
    "operatingProfit" : 0.76,
    "netProfitMargin" : -5.65,
    "netProfit" : -0.27
  }, {
    "date" : "2016-12-31",
    "sales" : 6.29,
    "salesGrowthYoY" : 12.72,
    "grossProfitMargin" : 96.18,
    "grossProfit" : 6.05,
    "operatingProfitMargin" : 22.89,
    "operatingProfit" : 1.44,
    "netProfitMargin" : 19.08,
    "netProfit" : 1.20
  }, {
    "date" : "2017-03-31",
    "sales" : 4.68,
    "salesGrowthYoY" : 2.63,
    "grossProfitMargin" : 96.37,
    "grossProfit" : 4.51,
    "operatingProfitMargin" : -2.78,
    "operatingProfit" : -0.13,
    "netProfitMargin" : -13.89,
    "netProfit" : -0.65
  }, {
    "date" : "2017-06-30",
    "sales" : 5.06,
    "salesGrowthYoY" : -13.95,
    "grossProfitMargin" : 97.83,
    "grossProfit" : 4.95,
    "operatingProfitMargin" : -3.36,
    "operatingProfit" : -0.17,
    "netProfitMargin" : 9.49,
    "netProfit" : 0.48
  }, {
    "date" : "2017-09-30",
    "sales" : 5.67,
    "salesGrowthYoY" : 18.62,
    "grossProfitMargin" : 96.65,
    "grossProfit" : 5.48,
    "operatingProfitMargin" : 12.35,
    "operatingProfit" : 0.70,
    "netProfitMargin" : 37.92,
    "netProfit" : 2.15
  }, {
    "date" : "2017-12-31",
    "sales" : 6.38,
    "salesGrowthYoY" : 1.43,
    "grossProfitMargin" : 97.81,
    "grossProfit" : 6.24,
    "operatingProfitMargin" : 17.24,
    "operatingProfit" : 1.10,
    "netProfitMargin" : 27.74,
    "netProfit" : 1.77
  }, {
    "date" : "2018-03-31",
    "sales" : 5.49,
    "salesGrowthYoY" : 17.31,
    "grossProfitMargin" : 94.90,
    "grossProfit" : 5.21,
    "operatingProfitMargin" : -34.97,
    "operatingProfit" : -1.92,
    "netProfitMargin" : -62.84,
    "netProfit" : -3.45
  }, {
    "date" : "2018-06-30",
    "sales" : 6.27,
    "salesGrowthYoY" : 23.91,
    "grossProfitMargin" : 97.77,
    "grossProfit" : 6.13,
    "operatingProfitMargin" : 9.57,
    "operatingProfit" : 0.60,
    "netProfitMargin" : 7.34,
    "netProfit" : 0.46
  }, {
    "date" : "2018-09-30",
    "sales" : 7.12,
    "salesGrowthYoY" : 25.57,
    "grossProfitMargin" : 95.51,
    "grossProfit" : 6.80,
    "operatingProfitMargin" : 13.90,
    "operatingProfit" : 0.99,
    "netProfitMargin" : 13.48,
    "netProfit" : 0.96
  }, {
    "date" : "2018-12-31",
    "sales" : 6.72,
    "salesGrowthYoY" : 5.33,
    "grossProfitMargin" : 98.51,
    "grossProfit" : 6.62,
    "operatingProfitMargin" : 14.58,
    "operatingProfit" : 0.98,
    "netProfitMargin" : 1.79,
    "netProfit" : 0.12
  }, {
    "date" : "2019-03-31",
    "sales" : 5.71,
    "salesGrowthYoY" : 4.01,
    "grossProfitMargin" : 97.72,
    "grossProfit" : 5.58,
    "operatingProfitMargin" : -1.23,
    "operatingProfit" : -0.07,
    "netProfitMargin" : -23.99,
    "netProfit" : -1.37
  }, {
    "date" : "2019-06-30",
    "sales" : 5.95,
    "salesGrowthYoY" : -5.10,
    "grossProfitMargin" : 98.15,
    "grossProfit" : 5.84,
    "operatingProfitMargin" : 5.04,
    "operatingProfit" : 0.30,
    "netProfitMargin" : 1.34,
    "netProfit" : 0.08
  }, {
    "date" : "2019-09-30",
    "sales" : 6.52,
    "salesGrowthYoY" : -8.43,
    "grossProfitMargin" : 98.31,
    "grossProfit" : 6.41,
    "operatingProfitMargin" : 7.67,
    "operatingProfit" : 0.50,
    "netProfitMargin" : 0.61,
    "netProfit" : 0.04
  }, {
    "date" : "2019-12-31",
    "sales" : 6.86,
    "salesGrowthYoY" : 2.08,
    "grossProfitMargin" : 98.10,
    "grossProfit" : 6.73,
    "operatingProfitMargin" : 10.79,
    "operatingProfit" : 0.74,
    "netProfitMargin" : 5.54,
    "netProfit" : 0.38
  }, {
    "date" : "2020-03-31",
    "sales" : 5.70,
    "salesGrowthYoY" : -0.18,
    "grossProfitMargin" : 98.77,
    "grossProfit" : 5.63,
    "operatingProfitMargin" : 2.81,
    "operatingProfit" : 0.16,
    "netProfitMargin" : -7.89,
    "netProfit" : -0.45
  }, {
    "date" : "2020-06-30",
    "sales" : 5.37,
    "salesGrowthYoY" : -9.75,
    "grossProfitMargin" : 97.02,
    "grossProfit" : 5.21,
    "operatingProfitMargin" : -8.75,
    "operatingProfit" : -0.47,
    "netProfitMargin" : -8.94,
    "netProfit" : -0.48
  }, {
    "date" : "2020-09-30",
    "sales" : 6.28,
    "salesGrowthYoY" : -3.68,
    "grossProfitMargin" : 94.43,
    "grossProfit" : 5.93,
    "operatingProfitMargin" : -4.62,
    "operatingProfit" : -0.29,
    "netProfitMargin" : -5.25,
    "netProfit" : -0.33
  }, {
    "date" : "2020-12-31",
    "sales" : 7.35,
    "salesGrowthYoY" : 7.14,
    "grossProfitMargin" : 87.89,
    "grossProfit" : 6.46,
    "operatingProfitMargin" : 3.67,
    "operatingProfit" : 0.27,
    "netProfitMargin" : 1.22,
    "netProfit" : 0.09
  }, {
    "date" : "2021-03-31",
    "sales" : 8.30,
    "salesGrowthYoY" : 45.61,
    "grossProfitMargin" : 90.48,
    "grossProfit" : 7.51,
    "operatingProfitMargin" : 16.02,
    "operatingProfit" : 1.33,
    "netProfitMargin" : 9.64,
    "netProfit" : 0.80
  }, {
    "date" : "2021-06-30",
    "sales" : 6.04,
    "salesGrowthYoY" : 12.48,
    "grossProfitMargin" : 98.34,
    "grossProfit" : 5.94,
    "operatingProfitMargin" : -9.60,
    "operatingProfit" : -0.58,
    "netProfitMargin" : -7.12,
    "netProfit" : -0.43
  }, {
    "date" : "2021-09-30",
    "sales" : 6.90,
    "salesGrowthYoY" : 9.87,
    "grossProfitMargin" : 97.25,
    "grossProfit" : 6.71,
    "operatingProfitMargin" : -0.14,
    "operatingProfit" : -0.01,
    "netProfitMargin" : -4.64,
    "netProfit" : -0.32
  }, {
    "date" : "2021-12-31",
    "sales" : 7.83,
    "salesGrowthYoY" : 6.53,
    "grossProfitMargin" : 99.11,
    "grossProfit" : 7.76,
    "operatingProfitMargin" : 5.36,
    "operatingProfit" : 0.42,
    "netProfitMargin" : 2.43,
    "netProfit" : 0.19
  }, {
    "date" : "2022-03-31",
    "sales" : 9.02,
    "salesGrowthYoY" : 8.67,
    "grossProfitMargin" : 95.01,
    "grossProfit" : 8.57,
    "operatingProfitMargin" : 6.65,
    "operatingProfit" : 0.60,
    "netProfitMargin" : 7.32,
    "netProfit" : 0.66
  }, {
    "date" : "2022-06-30",
    "sales" : 8.43,
    "salesGrowthYoY" : 39.57,
    "grossProfitMargin" : 98.93,
    "grossProfit" : 8.34,
    "operatingProfitMargin" : 2.02,
    "operatingProfit" : 0.17,
    "netProfitMargin" : 0.59,
    "netProfit" : 0.05
  }, {
    "date" : "2022-09-30",
    "sales" : 8.71,
    "salesGrowthYoY" : 26.23,
    "grossProfitMargin" : 96.79,
    "grossProfit" : 8.43,
    "operatingProfitMargin" : 4.59,
    "operatingProfit" : 0.40,
    "netProfitMargin" : 0.57,
    "netProfit" : 0.05
  }, {
    "date" : "2022-12-31",
    "sales" : 8.27,
    "salesGrowthYoY" : 5.62,
    "grossProfitMargin" : 98.43,
    "grossProfit" : 8.14,
    "operatingProfitMargin" : 2.30,
    "operatingProfit" : 0.19,
    "netProfitMargin" : 0.73,
    "netProfit" : 0.06
  }, {
    "date" : "2023-03-31",
    "sales" : 9.17,
    "salesGrowthYoY" : 1.66,
    "grossProfitMargin" : 98.58,
    "grossProfit" : 9.04,
    "operatingProfitMargin" : 5.45,
    "operatingProfit" : 0.50,
    "netProfitMargin" : 0.11,
    "netProfit" : 0.01
  }, {
    "date" : "2023-06-30",
    "sales" : 9.37,
    "salesGrowthYoY" : 11.15,
    "grossProfitMargin" : 98.19,
    "grossProfit" : 9.20,
    "operatingProfitMargin" : 2.67,
    "operatingProfit" : 0.25,
    "netProfitMargin" : 0.75,
    "netProfit" : 0.07
  }, {
    "date" : "2023-09-30",
    "sales" : 10.53,
    "salesGrowthYoY" : 20.90,
    "grossProfitMargin" : 86.99,
    "grossProfit" : 9.16,
    "operatingProfitMargin" : 4.65,
    "operatingProfit" : 0.49,
    "netProfitMargin" : 0.19,
    "netProfit" : 0.02
  }, {
    "date" : "2023-12-31",
    "sales" : 11.24,
    "salesGrowthYoY" : 35.91,
    "grossProfitMargin" : 88.61,
    "grossProfit" : 9.96,
    "operatingProfitMargin" : 2.22,
    "operatingProfit" : 0.25,
    "netProfitMargin" : 0.80,
    "netProfit" : 0.09
  }, {
    "date" : "2024-03-31",
    "sales" : 11.47,
    "salesGrowthYoY" : 25.08,
    "grossProfitMargin" : 88.75,
    "grossProfit" : 10.18,
    "operatingProfitMargin" : 4.71,
    "operatingProfit" : 0.54,
    "netProfitMargin" : 0.17,
    "netProfit" : 0.02
  }, {
    "date" : "2024-06-30",
    "sales" : 10.93,
    "salesGrowthYoY" : 16.65,
    "grossProfitMargin" : 91.40,
    "grossProfit" : 9.99,
    "operatingProfitMargin" : 2.29,
    "operatingProfit" : 0.25,
    "netProfitMargin" : 0.73,
    "netProfit" : 0.08
  }, {
    "date" : "2024-09-30",
    "sales" : 12.07,
    "salesGrowthYoY" : 14.62,
    "grossProfitMargin" : 96.60,
    "grossProfit" : 11.66,
    "operatingProfitMargin" : 4.72,
    "operatingProfit" : 0.57,
    "netProfitMargin" : 215.91,
    "netProfit" : 26.06
  }, {
    "date" : "2024-12-31",
    "sales" : 11.65,
    "salesGrowthYoY" : 3.65,
    "grossProfitMargin" : 98.63,
    "grossProfit" : 11.49,
    "operatingProfitMargin" : 0.17,
    "operatingProfit" : 0.02,
    "netProfitMargin" : 0.86,
    "netProfit" : 0.10
  }, {
    "date" : "2025-03-31",
    "sales" : 12.21,
    "salesGrowthYoY" : 6.45,
    "grossProfitMargin" : 98.85,
    "grossProfit" : 12.07,
    "operatingProfitMargin" : 1.15,
    "operatingProfit" : 0.14,
    "netProfitMargin" : 1.56,
    "netProfit" : 0.19
  }, {
    "date" : "2025-06-30",
    "sales" : 11.00,
    "salesGrowthYoY" : 0.64,
    "grossProfitMargin" : 98.91,
    "grossProfit" : 10.88,
    "operatingProfitMargin" : 3.91,
    "operatingProfit" : 0.43,
    "netProfitMargin" : 2.45,
    "netProfit" : 0.27
  }, {
    "date" : "2025-09-30",
    "sales" : 11.24,
    "salesGrowthYoY" : -6.88,
    "grossProfitMargin" : 98.67,
    "grossProfit" : 11.09,
    "operatingProfitMargin" : 0.44,
    "operatingProfit" : 0.05,
    "netProfitMargin" : 2.22,
    "netProfit" : 0.25
  }, {
    "date" : "2025-12-31",
    "sales" : 10.77,
    "salesGrowthYoY" : -7.55,
    "grossProfitMargin" : 98.89,
    "grossProfit" : 10.65,
    "operatingProfitMargin" : 0.84,
    "operatingProfit" : 0.09,
    "netProfitMargin" : 0.19,
    "netProfit" : 0.02
  } ],
  "latestQuarterlyResult" : {
    "date" : "2025-12-31",
    "sales" : 10.77,
    "salesGrowthYoY" : -7.55,
    "grossProfitMargin" : 98.89,
    "grossProfit" : 10.65,
    "operatingProfitMargin" : 0.84,
    "operatingProfit" : 0.09,
    "netProfitMargin" : 0.19,
    "netProfit" : 0.02
  },
  "companyScore" : {
    "priceHigherThanDma50" : 5.00,
    "priceHigherThanDma100" : 5.00,
    "priceHigherThanDma200" : 5.00,
    "dma50HigherThanDma100" : 0.00,
    "dma50HigherThanDma200" : 5.00,
    "dma100HigherThanDma200" : 5.00,
    "pricePercentageAboveDma50" : 4.37,
    "pricePercentageAboveDma100" : 4.83,
    "pricePercentageAboveDma200" : 3.72,
    "weeklyVolumeHigherThanYearlyVolume" : 5.00,
    "salesGrowthPercentile" : 5.75,
    "operatingProfitMarginPercentile" : 6.79,
    "netProfitMarginPercentile" : 3.11,
    "totalTechnicalScore" : 42.93,
    "totalFundamentalScore" : 15.64,
    "totalScore" : 58.57
  }
}