{
  "metadata" : {
    "screenerCompanyId" : "1567",
    "companyCode" : "JAGRAN",
    "companyName" : "Jagran Prakashan",
    "screenerCompanyLink" : "https://www.screener.in/company/JAGRAN/consolidated/",
    "screenerTechnicalHistoryLink" : "https://www.screener.in/api/company/1567/chart/?q=Price-DMA50-DMA200-Volume&days=365",
    "screenerQuarterlyResultsLink" : "https://www.screener.in/api/company/1567/chart/?q=GPM-OPM-NPM-Quarter+Sales&days=10000",
    "attributes" : {
      "companyCode" : "JAGRAN",
      "companyName" : "Jagran Prakashan",
      "marketCap" : 1508.00,
      "peRatio" : 8.73,
      "description" : "Jagran Prakashan Ltd is a media conglomerate with interests spanning across printing and publication of newspapers & magazines, FM radio, digital, outdoor advertising and promotional marketing, event management and activation business.[1]"
    },
    "companyScore" : {
      "priceHigherThanDma50" : 0.00,
      "priceHigherThanDma100" : 0.00,
      "priceHigherThanDma200" : 0.00,
      "dma50HigherThanDma100" : 0.00,
      "dma50HigherThanDma200" : 0.00,
      "dma100HigherThanDma200" : 0.00,
      "pricePercentageAboveDma50" : 5.08,
      "pricePercentageAboveDma100" : 5.14,
      "pricePercentageAboveDma200" : 5.29,
      "weeklyVolumeHigherThanYearlyVolume" : 0.00,
      "salesGrowthPercentile" : 12.31,
      "operatingProfitMarginPercentile" : 11.04,
      "netProfitMarginPercentile" : 7.31,
      "totalTechnicalScore" : 15.51,
      "totalFundamentalScore" : 30.65,
      "totalScore" : 46.16
    }
  },
  "attributes" : {
    "companyCode" : "JAGRAN",
    "companyName" : "Jagran Prakashan",
    "marketCap" : 1508.00,
    "peRatio" : 8.73,
    "description" : "Jagran Prakashan Ltd is a media conglomerate with interests spanning across printing and publication of newspapers & magazines, FM radio, digital, outdoor advertising and promotional marketing, event management and activation business.[1]"
  },
  "technicalHistory" : [ {
    "date" : "2024-12-19",
    "price" : 84.03,
    "dma50" : 87.69,
    "dma100" : null,
    "dma200" : 92.68,
    "volume" : 114024.00
  }, {
    "date" : "2024-12-20",
    "price" : 83.08,
    "dma50" : 87.51,
    "dma100" : null,
    "dma200" : 92.58,
    "volume" : 178906.00
  }, {
    "date" : "2024-12-23",
    "price" : 83.34,
    "dma50" : 87.35,
    "dma100" : null,
    "dma200" : 92.49,
    "volume" : 102636.00
  }, {
    "date" : "2024-12-24",
    "price" : 83.09,
    "dma50" : 87.18,
    "dma100" : null,
    "dma200" : 92.40,
    "volume" : 88213.00
  }, {
    "date" : "2024-12-26",
    "price" : 83.85,
    "dma50" : 87.05,
    "dma100" : null,
    "dma200" : 92.31,
    "volume" : 103873.00
  }, {
    "date" : "2024-12-27",
    "price" : 83.44,
    "dma50" : 86.91,
    "dma100" : null,
    "dma200" : 92.22,
    "volume" : 49675.00
  }, {
    "date" : "2024-12-30",
    "price" : 83.34,
    "dma50" : 86.77,
    "dma100" : null,
    "dma200" : 92.14,
    "volume" : 66540.00
  }, {
    "date" : "2024-12-31",
    "price" : 83.11,
    "dma50" : 86.62,
    "dma100" : null,
    "dma200" : 92.05,
    "volume" : 66431.00
  }, {
    "date" : "2025-01-01",
    "price" : 83.36,
    "dma50" : 86.50,
    "dma100" : null,
    "dma200" : 91.96,
    "volume" : 83082.00
  }, {
    "date" : "2025-01-02",
    "price" : 83.54,
    "dma50" : 86.38,
    "dma100" : null,
    "dma200" : 91.88,
    "volume" : 94792.00
  }, {
    "date" : "2025-01-03",
    "price" : 83.97,
    "dma50" : 86.29,
    "dma100" : null,
    "dma200" : 91.80,
    "volume" : 94575.00
  }, {
    "date" : "2025-01-06",
    "price" : 81.45,
    "dma50" : 86.10,
    "dma100" : null,
    "dma200" : 91.69,
    "volume" : 292854.00
  }, {
    "date" : "2025-01-07",
    "price" : 81.95,
    "dma50" : 85.93,
    "dma100" : null,
    "dma200" : 91.60,
    "volume" : 53530.00
  }, {
    "date" : "2025-01-08",
    "price" : 82.51,
    "dma50" : 85.80,
    "dma100" : null,
    "dma200" : 91.51,
    "volume" : 140035.00
  }, {
    "date" : "2025-01-09",
    "price" : 81.75,
    "dma50" : 85.64,
    "dma100" : null,
    "dma200" : 91.41,
    "volume" : 92474.00
  }, {
    "date" : "2025-01-10",
    "price" : 79.57,
    "dma50" : 85.40,
    "dma100" : null,
    "dma200" : 91.29,
    "volume" : 295805.00
  }, {
    "date" : "2025-01-13",
    "price" : 78.33,
    "dma50" : 85.13,
    "dma100" : null,
    "dma200" : 91.16,
    "volume" : 222257.00
  }, {
    "date" : "2025-01-14",
    "price" : 79.50,
    "dma50" : 84.90,
    "dma100" : null,
    "dma200" : 91.05,
    "volume" : 106708.00
  }, {
    "date" : "2025-01-15",
    "price" : 81.08,
    "dma50" : 84.75,
    "dma100" : null,
    "dma200" : 90.95,
    "volume" : 83096.00
  }, {
    "date" : "2025-01-16",
    "price" : 79.49,
    "dma50" : 84.55,
    "dma100" : null,
    "dma200" : 90.83,
    "volume" : 161024.00
  }, {
    "date" : "2025-01-17",
    "price" : 79.84,
    "dma50" : 84.36,
    "dma100" : null,
    "dma200" : 90.72,
    "volume" : 99035.00
  }, {
    "date" : "2025-01-20",
    "price" : 80.57,
    "dma50" : 84.21,
    "dma100" : null,
    "dma200" : 90.62,
    "volume" : 115222.00
  }, {
    "date" : "2025-01-21",
    "price" : 79.74,
    "dma50" : 84.04,
    "dma100" : null,
    "dma200" : 90.52,
    "volume" : 71644.00
  }, {
    "date" : "2025-01-22",
    "price" : 78.92,
    "dma50" : 83.84,
    "dma100" : null,
    "dma200" : 90.40,
    "volume" : 189222.00
  }, {
    "date" : "2025-01-23",
    "price" : 78.64,
    "dma50" : 83.63,
    "dma100" : null,
    "dma200" : 90.28,
    "volume" : 91896.00
  }, {
    "date" : "2025-01-24",
    "price" : 78.45,
    "dma50" : 83.43,
    "dma100" : null,
    "dma200" : 90.17,
    "volume" : 59546.00
  }, {
    "date" : "2025-01-27",
    "price" : 76.08,
    "dma50" : 83.14,
    "dma100" : null,
    "dma200" : 90.03,
    "volume" : 143164.00
  }, {
    "date" : "2025-01-28",
    "price" : 74.68,
    "dma50" : 82.81,
    "dma100" : null,
    "dma200" : 89.87,
    "volume" : 149729.00
  }, {
    "date" : "2025-01-29",
    "price" : 76.02,
    "dma50" : 82.55,
    "dma100" : null,
    "dma200" : 89.73,
    "volume" : 110320.00
  }, {
    "date" : "2025-01-30",
    "price" : 75.10,
    "dma50" : 82.25,
    "dma100" : null,
    "dma200" : 89.59,
    "volume" : 115547.00
  }, {
    "date" : "2025-01-31",
    "price" : 77.16,
    "dma50" : 82.05,
    "dma100" : null,
    "dma200" : 89.47,
    "volume" : 131110.00
  }, {
    "date" : "2025-02-01",
    "price" : 75.93,
    "dma50" : 81.81,
    "dma100" : null,
    "dma200" : 89.33,
    "volume" : 79678.00
  }, {
    "date" : "2025-02-03",
    "price" : 75.57,
    "dma50" : 81.57,
    "dma100" : null,
    "dma200" : 89.19,
    "volume" : 68336.00
  }, {
    "date" : "2025-02-04",
    "price" : 77.06,
    "dma50" : 81.39,
    "dma100" : null,
    "dma200" : 89.07,
    "volume" : 98087.00
  }, {
    "date" : "2025-02-05",
    "price" : 77.55,
    "dma50" : 81.24,
    "dma100" : null,
    "dma200" : 88.96,
    "volume" : 118021.00
  }, {
    "date" : "2025-02-06",
    "price" : 75.93,
    "dma50" : 81.03,
    "dma100" : null,
    "dma200" : 88.83,
    "volume" : 128493.00
  }, {
    "date" : "2025-02-07",
    "price" : 74.84,
    "dma50" : 80.79,
    "dma100" : null,
    "dma200" : 88.69,
    "volume" : 218032.00
  }, {
    "date" : "2025-02-10",
    "price" : 73.58,
    "dma50" : 80.51,
    "dma100" : null,
    "dma200" : 88.54,
    "volume" : 154746.00
  }, {
    "date" : "2025-02-11",
    "price" : 71.81,
    "dma50" : 80.17,
    "dma100" : null,
    "dma200" : 88.37,
    "volume" : 134888.00
  }, {
    "date" : "2025-02-12",
    "price" : 70.37,
    "dma50" : 79.78,
    "dma100" : null,
    "dma200" : 88.19,
    "volume" : 334708.00
  }, {
    "date" : "2025-02-13",
    "price" : 70.46,
    "dma50" : 79.42,
    "dma100" : null,
    "dma200" : 88.02,
    "volume" : 158031.00
  }, {
    "date" : "2025-02-14",
    "price" : 71.40,
    "dma50" : 79.10,
    "dma100" : null,
    "dma200" : 87.85,
    "volume" : 157553.00
  }, {
    "date" : "2025-02-17",
    "price" : 72.17,
    "dma50" : 78.83,
    "dma100" : null,
    "dma200" : 87.70,
    "volume" : 186410.00
  }, {
    "date" : "2025-02-18",
    "price" : 70.78,
    "dma50" : 78.51,
    "dma100" : null,
    "dma200" : 87.53,
    "volume" : 159044.00
  }, {
    "date" : "2025-02-19",
    "price" : 71.04,
    "dma50" : 78.22,
    "dma100" : null,
    "dma200" : 87.36,
    "volume" : 181464.00
  }, {
    "date" : "2025-02-20",
    "price" : 70.98,
    "dma50" : 77.94,
    "dma100" : null,
    "dma200" : 87.20,
    "volume" : 239253.00
  }, {
    "date" : "2025-02-21",
    "price" : 71.38,
    "dma50" : 77.68,
    "dma100" : null,
    "dma200" : 87.04,
    "volume" : 150699.00
  }, {
    "date" : "2025-02-24",
    "price" : 70.83,
    "dma50" : 77.41,
    "dma100" : null,
    "dma200" : 86.88,
    "volume" : 146801.00
  }, {
    "date" : "2025-02-25",
    "price" : 71.06,
    "dma50" : 77.16,
    "dma100" : null,
    "dma200" : 86.72,
    "volume" : 176254.00
  }, {
    "date" : "2025-02-27",
    "price" : 69.64,
    "dma50" : 76.87,
    "dma100" : null,
    "dma200" : 86.55,
    "volume" : 138347.00
  }, {
    "date" : "2025-02-28",
    "price" : 67.30,
    "dma50" : 76.49,
    "dma100" : null,
    "dma200" : 86.36,
    "volume" : 293730.00
  }, {
    "date" : "2025-03-03",
    "price" : 66.19,
    "dma50" : 76.09,
    "dma100" : null,
    "dma200" : 86.16,
    "volume" : 257534.00
  }, {
    "date" : "2025-03-04",
    "price" : 68.08,
    "dma50" : 75.77,
    "dma100" : null,
    "dma200" : 85.98,
    "volume" : 647279.00
  }, {
    "date" : "2025-03-05",
    "price" : 71.30,
    "dma50" : 75.60,
    "dma100" : null,
    "dma200" : 85.84,
    "volume" : 435031.00
  }, {
    "date" : "2025-03-06",
    "price" : 70.96,
    "dma50" : 75.42,
    "dma100" : null,
    "dma200" : 85.69,
    "volume" : 327124.00
  }, {
    "date" : "2025-03-07",
    "price" : 71.66,
    "dma50" : 75.27,
    "dma100" : null,
    "dma200" : 85.55,
    "volume" : 240187.00
  }, {
    "date" : "2025-03-10",
    "price" : 70.89,
    "dma50" : 75.10,
    "dma100" : null,
    "dma200" : 85.40,
    "volume" : 286502.00
  }, {
    "date" : "2025-03-11",
    "price" : 70.59,
    "dma50" : 74.92,
    "dma100" : null,
    "dma200" : 85.26,
    "volume" : 181271.00
  }, {
    "date" : "2025-03-12",
    "price" : 69.48,
    "dma50" : 74.71,
    "dma100" : null,
    "dma200" : 85.10,
    "volume" : 430662.00
  }, {
    "date" : "2025-03-13",
    "price" : 69.17,
    "dma50" : 74.49,
    "dma100" : null,
    "dma200" : 84.94,
    "volume" : 426793.00
  }, {
    "date" : "2025-03-17",
    "price" : 67.89,
    "dma50" : 74.23,
    "dma100" : null,
    "dma200" : 84.77,
    "volume" : 417695.00
  }, {
    "date" : "2025-03-18",
    "price" : 68.84,
    "dma50" : 74.02,
    "dma100" : null,
    "dma200" : 84.61,
    "volume" : 443396.00
  }, {
    "date" : "2025-03-19",
    "price" : 70.67,
    "dma50" : 73.89,
    "dma100" : null,
    "dma200" : 84.47,
    "volume" : 539564.00
  }, {
    "date" : "2025-03-20",
    "price" : 70.65,
    "dma50" : 73.76,
    "dma100" : null,
    "dma200" : 84.34,
    "volume" : 1388433.00
  }, {
    "date" : "2025-03-21",
    "price" : 71.01,
    "dma50" : 73.65,
    "dma100" : null,
    "dma200" : 84.20,
    "volume" : 823432.00
  }, {
    "date" : "2025-03-24",
    "price" : 71.06,
    "dma50" : 73.55,
    "dma100" : null,
    "dma200" : 84.07,
    "volume" : 609910.00
  }, {
    "date" : "2025-03-25",
    "price" : 70.18,
    "dma50" : 73.42,
    "dma100" : null,
    "dma200" : 83.93,
    "volume" : 719376.00
  }, {
    "date" : "2025-03-26",
    "price" : 69.36,
    "dma50" : 73.26,
    "dma100" : null,
    "dma200" : 83.79,
    "volume" : 832498.00
  }, {
    "date" : "2025-03-27",
    "price" : 68.24,
    "dma50" : 73.06,
    "dma100" : null,
    "dma200" : 83.63,
    "volume" : 470543.00
  }, {
    "date" : "2025-03-28",
    "price" : 68.95,
    "dma50" : 72.90,
    "dma100" : null,
    "dma200" : 83.49,
    "volume" : 617000.00
  }, {
    "date" : "2025-04-01",
    "price" : 69.71,
    "dma50" : 72.78,
    "dma100" : null,
    "dma200" : 83.35,
    "volume" : 285200.00
  }, {
    "date" : "2025-04-02",
    "price" : 69.96,
    "dma50" : 72.67,
    "dma100" : null,
    "dma200" : 83.22,
    "volume" : 186776.00
  }, {
    "date" : "2025-04-03",
    "price" : 69.97,
    "dma50" : 72.56,
    "dma100" : null,
    "dma200" : 83.09,
    "volume" : 250801.00
  }, {
    "date" : "2025-04-04",
    "price" : 69.44,
    "dma50" : 72.44,
    "dma100" : null,
    "dma200" : 82.95,
    "volume" : 120937.00
  }, {
    "date" : "2025-04-07",
    "price" : 68.71,
    "dma50" : 72.29,
    "dma100" : null,
    "dma200" : 82.81,
    "volume" : 276272.00
  }, {
    "date" : "2025-04-08",
    "price" : 69.54,
    "dma50" : 72.18,
    "dma100" : null,
    "dma200" : 82.68,
    "volume" : 140538.00
  }, {
    "date" : "2025-04-09",
    "price" : 69.75,
    "dma50" : 72.09,
    "dma100" : null,
    "dma200" : 82.55,
    "volume" : 139922.00
  }, {
    "date" : "2025-04-11",
    "price" : 69.98,
    "dma50" : 72.01,
    "dma100" : null,
    "dma200" : 82.42,
    "volume" : 132016.00
  }, {
    "date" : "2025-04-15",
    "price" : 72.90,
    "dma50" : 72.04,
    "dma100" : null,
    "dma200" : 82.33,
    "volume" : 296014.00
  }, {
    "date" : "2025-04-16",
    "price" : 79.09,
    "dma50" : 72.32,
    "dma100" : null,
    "dma200" : 82.30,
    "volume" : 1463790.00
  }, {
    "date" : "2025-04-17",
    "price" : 76.33,
    "dma50" : 72.48,
    "dma100" : null,
    "dma200" : 82.24,
    "volume" : 816583.00
  }, {
    "date" : "2025-04-21",
    "price" : 75.97,
    "dma50" : 72.61,
    "dma100" : null,
    "dma200" : 82.17,
    "volume" : 348363.00
  }, {
    "date" : "2025-04-22",
    "price" : 76.62,
    "dma50" : 72.77,
    "dma100" : null,
    "dma200" : 82.12,
    "volume" : 416514.00
  }, {
    "date" : "2025-04-23",
    "price" : 76.99,
    "dma50" : 72.93,
    "dma100" : null,
    "dma200" : 82.07,
    "volume" : 217066.00
  }, {
    "date" : "2025-04-24",
    "price" : 76.34,
    "dma50" : 73.07,
    "dma100" : null,
    "dma200" : 82.01,
    "volume" : 183502.00
  }, {
    "date" : "2025-04-25",
    "price" : 73.43,
    "dma50" : 73.08,
    "dma100" : null,
    "dma200" : 81.93,
    "volume" : 335873.00
  }, {
    "date" : "2025-04-28",
    "price" : 74.27,
    "dma50" : 73.13,
    "dma100" : null,
    "dma200" : 81.85,
    "volume" : 245788.00
  }, {
    "date" : "2025-04-29",
    "price" : 73.76,
    "dma50" : 73.15,
    "dma100" : null,
    "dma200" : 81.77,
    "volume" : 188780.00
  }, {
    "date" : "2025-04-30",
    "price" : 72.88,
    "dma50" : 73.14,
    "dma100" : null,
    "dma200" : 81.68,
    "volume" : 175038.00
  }, {
    "date" : "2025-05-02",
    "price" : 71.96,
    "dma50" : 73.10,
    "dma100" : null,
    "dma200" : 81.58,
    "volume" : 176028.00
  }, {
    "date" : "2025-05-05",
    "price" : 72.42,
    "dma50" : 73.07,
    "dma100" : null,
    "dma200" : 81.49,
    "volume" : 170107.00
  }, {
    "date" : "2025-05-06",
    "price" : 71.05,
    "dma50" : 72.99,
    "dma100" : null,
    "dma200" : 81.39,
    "volume" : 103564.00
  }, {
    "date" : "2025-05-07",
    "price" : 70.43,
    "dma50" : 72.89,
    "dma100" : null,
    "dma200" : 81.28,
    "volume" : 274524.00
  }, {
    "date" : "2025-05-08",
    "price" : 69.86,
    "dma50" : 72.77,
    "dma100" : null,
    "dma200" : 81.17,
    "volume" : 202753.00
  }, {
    "date" : "2025-05-09",
    "price" : 68.50,
    "dma50" : 72.60,
    "dma100" : null,
    "dma200" : 81.04,
    "volume" : 260115.00
  }, {
    "date" : "2025-05-12",
    "price" : 71.02,
    "dma50" : 72.54,
    "dma100" : null,
    "dma200" : 80.94,
    "volume" : 239316.00
  }, {
    "date" : "2025-05-13",
    "price" : 71.03,
    "dma50" : 72.48,
    "dma100" : null,
    "dma200" : 80.84,
    "volume" : 194732.00
  }, {
    "date" : "2025-05-14",
    "price" : 73.23,
    "dma50" : 72.51,
    "dma100" : null,
    "dma200" : 80.77,
    "volume" : 313364.00
  }, {
    "date" : "2025-05-15",
    "price" : 74.32,
    "dma50" : 72.58,
    "dma100" : null,
    "dma200" : 80.70,
    "volume" : 222969.00
  }, {
    "date" : "2025-05-16",
    "price" : 75.07,
    "dma50" : 72.68,
    "dma100" : null,
    "dma200" : 80.65,
    "volume" : 214105.00
  }, {
    "date" : "2025-05-19",
    "price" : 75.31,
    "dma50" : 72.78,
    "dma100" : 74.40,
    "dma200" : 80.59,
    "volume" : 240675.00
  }, {
    "date" : "2025-05-20",
    "price" : 74.65,
    "dma50" : 72.86,
    "dma100" : 74.31,
    "dma200" : 80.53,
    "volume" : 288894.00
  }, {
    "date" : "2025-05-21",
    "price" : 74.46,
    "dma50" : 72.92,
    "dma100" : 74.22,
    "dma200" : 80.47,
    "volume" : 177953.00
  }, {
    "date" : "2025-05-22",
    "price" : 74.71,
    "dma50" : 72.99,
    "dma100" : 74.14,
    "dma200" : 80.42,
    "volume" : 117021.00
  }, {
    "date" : "2025-05-23",
    "price" : 75.41,
    "dma50" : 73.08,
    "dma100" : 74.06,
    "dma200" : 80.37,
    "volume" : 204716.00
  }, {
    "date" : "2025-05-26",
    "price" : 78.34,
    "dma50" : 73.29,
    "dma100" : 74.00,
    "dma200" : 80.35,
    "volume" : 1742507.00
  }, {
    "date" : "2025-05-27",
    "price" : 80.01,
    "dma50" : 73.55,
    "dma100" : 73.97,
    "dma200" : 80.34,
    "volume" : 1223546.00
  }, {
    "date" : "2025-05-28",
    "price" : 82.93,
    "dma50" : 73.92,
    "dma100" : 73.97,
    "dma200" : 80.37,
    "volume" : 1616802.00
  }, {
    "date" : "2025-05-29",
    "price" : 83.10,
    "dma50" : 74.28,
    "dma100" : 73.97,
    "dma200" : 80.39,
    "volume" : 2492323.00
  }, {
    "date" : "2025-05-30",
    "price" : 76.25,
    "dma50" : 74.36,
    "dma100" : 73.89,
    "dma200" : 80.35,
    "volume" : 971775.00
  }, {
    "date" : "2025-06-02",
    "price" : 73.18,
    "dma50" : 74.31,
    "dma100" : 73.79,
    "dma200" : 80.28,
    "volume" : 737548.00
  }, {
    "date" : "2025-06-03",
    "price" : 72.09,
    "dma50" : 74.23,
    "dma100" : 73.69,
    "dma200" : 80.20,
    "volume" : 308509.00
  }, {
    "date" : "2025-06-04",
    "price" : 73.32,
    "dma50" : 74.19,
    "dma100" : 73.61,
    "dma200" : 80.13,
    "volume" : 475130.00
  }, {
    "date" : "2025-06-05",
    "price" : 73.77,
    "dma50" : 74.17,
    "dma100" : 73.52,
    "dma200" : 80.07,
    "volume" : 231067.00
  }, {
    "date" : "2025-06-06",
    "price" : 73.09,
    "dma50" : 74.13,
    "dma100" : 73.43,
    "dma200" : 80.00,
    "volume" : 360144.00
  }, {
    "date" : "2025-06-09",
    "price" : 72.98,
    "dma50" : 74.09,
    "dma100" : 73.37,
    "dma200" : 79.93,
    "volume" : 342287.00
  }, {
    "date" : "2025-06-10",
    "price" : 71.88,
    "dma50" : 74.00,
    "dma100" : 73.30,
    "dma200" : 79.85,
    "volume" : 617955.00
  }, {
    "date" : "2025-06-11",
    "price" : 72.40,
    "dma50" : 73.94,
    "dma100" : 73.23,
    "dma200" : 79.78,
    "volume" : 292391.00
  }, {
    "date" : "2025-06-12",
    "price" : 72.11,
    "dma50" : 73.87,
    "dma100" : 73.14,
    "dma200" : 79.70,
    "volume" : 294715.00
  }, {
    "date" : "2025-06-13",
    "price" : 71.40,
    "dma50" : 73.77,
    "dma100" : 73.06,
    "dma200" : 79.62,
    "volume" : 200836.00
  }, {
    "date" : "2025-06-16",
    "price" : 71.53,
    "dma50" : 73.68,
    "dma100" : 72.98,
    "dma200" : 79.54,
    "volume" : 153267.00
  }, {
    "date" : "2025-06-17",
    "price" : 72.10,
    "dma50" : 73.62,
    "dma100" : 72.89,
    "dma200" : 79.46,
    "volume" : 431072.00
  }, {
    "date" : "2025-06-18",
    "price" : 71.97,
    "dma50" : 73.55,
    "dma100" : 72.81,
    "dma200" : 79.39,
    "volume" : 162320.00
  }, {
    "date" : "2025-06-19",
    "price" : 71.08,
    "dma50" : 73.46,
    "dma100" : 72.74,
    "dma200" : 79.31,
    "volume" : 214074.00
  }, {
    "date" : "2025-06-20",
    "price" : 71.51,
    "dma50" : 73.38,
    "dma100" : 72.66,
    "dma200" : 79.23,
    "volume" : 144454.00
  }, {
    "date" : "2025-06-23",
    "price" : 70.73,
    "dma50" : 73.28,
    "dma100" : 72.59,
    "dma200" : 79.14,
    "volume" : 207396.00
  }, {
    "date" : "2025-06-24",
    "price" : 71.22,
    "dma50" : 73.20,
    "dma100" : 72.54,
    "dma200" : 79.06,
    "volume" : 136967.00
  }, {
    "date" : "2025-06-25",
    "price" : 72.36,
    "dma50" : 73.16,
    "dma100" : 72.52,
    "dma200" : 79.00,
    "volume" : 174193.00
  }, {
    "date" : "2025-06-26",
    "price" : 71.92,
    "dma50" : 73.11,
    "dma100" : 72.47,
    "dma200" : 78.93,
    "volume" : 160650.00
  }, {
    "date" : "2025-06-27",
    "price" : 71.57,
    "dma50" : 73.05,
    "dma100" : 72.44,
    "dma200" : 78.85,
    "volume" : 183985.00
  }, {
    "date" : "2025-06-30",
    "price" : 72.23,
    "dma50" : 73.02,
    "dma100" : 72.39,
    "dma200" : 78.79,
    "volume" : 180933.00
  }, {
    "date" : "2025-07-01",
    "price" : 72.27,
    "dma50" : 72.99,
    "dma100" : 72.35,
    "dma200" : 78.72,
    "volume" : 113343.00
  }, {
    "date" : "2025-07-02",
    "price" : 72.01,
    "dma50" : 72.95,
    "dma100" : 72.32,
    "dma200" : 78.66,
    "volume" : 210780.00
  }, {
    "date" : "2025-07-03",
    "price" : 71.59,
    "dma50" : 72.90,
    "dma100" : 72.26,
    "dma200" : 78.59,
    "volume" : 189578.00
  }, {
    "date" : "2025-07-04",
    "price" : 72.13,
    "dma50" : 72.87,
    "dma100" : 72.21,
    "dma200" : 78.52,
    "volume" : 106114.00
  }, {
    "date" : "2025-07-07",
    "price" : 72.12,
    "dma50" : 72.84,
    "dma100" : 72.17,
    "dma200" : 78.46,
    "volume" : 106995.00
  }, {
    "date" : "2025-07-08",
    "price" : 71.12,
    "dma50" : 72.77,
    "dma100" : 72.13,
    "dma200" : 78.38,
    "volume" : 149569.00
  }, {
    "date" : "2025-07-09",
    "price" : 71.41,
    "dma50" : 72.72,
    "dma100" : 72.11,
    "dma200" : 78.32,
    "volume" : 158808.00
  }, {
    "date" : "2025-07-10",
    "price" : 71.22,
    "dma50" : 72.66,
    "dma100" : 72.11,
    "dma200" : 78.24,
    "volume" : 111510.00
  }, {
    "date" : "2025-07-11",
    "price" : 71.32,
    "dma50" : 72.61,
    "dma100" : 72.12,
    "dma200" : 78.18,
    "volume" : 145160.00
  }, {
    "date" : "2025-07-14",
    "price" : 71.16,
    "dma50" : 72.55,
    "dma100" : 72.12,
    "dma200" : 78.11,
    "volume" : 200512.00
  }, {
    "date" : "2025-07-15",
    "price" : 72.13,
    "dma50" : 72.53,
    "dma100" : 72.13,
    "dma200" : 78.05,
    "volume" : 321719.00
  }, {
    "date" : "2025-07-16",
    "price" : 72.22,
    "dma50" : 72.52,
    "dma100" : 72.13,
    "dma200" : 77.99,
    "volume" : 201098.00
  }, {
    "date" : "2025-07-17",
    "price" : 71.96,
    "dma50" : 72.50,
    "dma100" : 72.14,
    "dma200" : 77.93,
    "volume" : 147548.00
  }, {
    "date" : "2025-07-18",
    "price" : 74.77,
    "dma50" : 72.59,
    "dma100" : 72.18,
    "dma200" : 77.90,
    "volume" : 983112.00
  }, {
    "date" : "2025-07-21",
    "price" : 74.60,
    "dma50" : 72.67,
    "dma100" : 72.22,
    "dma200" : 77.86,
    "volume" : 312176.00
  }, {
    "date" : "2025-07-22",
    "price" : 73.82,
    "dma50" : 72.71,
    "dma100" : 72.24,
    "dma200" : 77.82,
    "volume" : 117754.00
  }, {
    "date" : "2025-07-23",
    "price" : 74.42,
    "dma50" : 72.78,
    "dma100" : 72.28,
    "dma200" : 77.79,
    "volume" : 153640.00
  }, {
    "date" : "2025-07-24",
    "price" : 73.47,
    "dma50" : 72.81,
    "dma100" : 72.30,
    "dma200" : 77.75,
    "volume" : 109344.00
  }, {
    "date" : "2025-07-25",
    "price" : 71.41,
    "dma50" : 72.75,
    "dma100" : 72.32,
    "dma200" : 77.68,
    "volume" : 241774.00
  }, {
    "date" : "2025-07-28",
    "price" : 71.00,
    "dma50" : 72.68,
    "dma100" : 72.35,
    "dma200" : 77.62,
    "volume" : 167040.00
  }, {
    "date" : "2025-07-29",
    "price" : 72.11,
    "dma50" : 72.66,
    "dma100" : 72.41,
    "dma200" : 77.56,
    "volume" : 155178.00
  }, {
    "date" : "2025-07-30",
    "price" : 74.04,
    "dma50" : 72.72,
    "dma100" : 72.47,
    "dma200" : 77.53,
    "volume" : 663540.00
  }, {
    "date" : "2025-07-31",
    "price" : 72.99,
    "dma50" : 72.73,
    "dma100" : 72.49,
    "dma200" : 77.48,
    "volume" : 183675.00
  }, {
    "date" : "2025-08-01",
    "price" : 73.04,
    "dma50" : 72.74,
    "dma100" : 72.51,
    "dma200" : 77.44,
    "volume" : 191079.00
  }, {
    "date" : "2025-08-04",
    "price" : 74.41,
    "dma50" : 72.80,
    "dma100" : 72.54,
    "dma200" : 77.41,
    "volume" : 313086.00
  }, {
    "date" : "2025-08-05",
    "price" : 73.13,
    "dma50" : 72.82,
    "dma100" : 72.56,
    "dma200" : 77.37,
    "volume" : 231293.00
  }, {
    "date" : "2025-08-06",
    "price" : 72.39,
    "dma50" : 72.80,
    "dma100" : 72.58,
    "dma200" : 77.32,
    "volume" : 136818.00
  }, {
    "date" : "2025-08-07",
    "price" : 72.18,
    "dma50" : 72.78,
    "dma100" : 72.61,
    "dma200" : 77.27,
    "volume" : 133849.00
  }, {
    "date" : "2025-08-08",
    "price" : 72.52,
    "dma50" : 72.77,
    "dma100" : 72.64,
    "dma200" : 77.22,
    "volume" : 128945.00
  }, {
    "date" : "2025-08-11",
    "price" : 72.52,
    "dma50" : 72.76,
    "dma100" : 72.69,
    "dma200" : 77.17,
    "volume" : 101528.00
  }, {
    "date" : "2025-08-12",
    "price" : 72.99,
    "dma50" : 72.77,
    "dma100" : 72.73,
    "dma200" : 77.13,
    "volume" : 86120.00
  }, {
    "date" : "2025-08-13",
    "price" : 72.49,
    "dma50" : 72.75,
    "dma100" : 72.75,
    "dma200" : 77.08,
    "volume" : 129706.00
  }, {
    "date" : "2025-08-14",
    "price" : 71.91,
    "dma50" : 72.72,
    "dma100" : 72.76,
    "dma200" : 77.03,
    "volume" : 63956.00
  }, {
    "date" : "2025-08-18",
    "price" : 72.27,
    "dma50" : 72.70,
    "dma100" : 72.77,
    "dma200" : 76.98,
    "volume" : 69369.00
  }, {
    "date" : "2025-08-19",
    "price" : 73.04,
    "dma50" : 72.72,
    "dma100" : 72.79,
    "dma200" : 76.95,
    "volume" : 84167.00
  }, {
    "date" : "2025-08-20",
    "price" : 72.98,
    "dma50" : 72.73,
    "dma100" : 72.82,
    "dma200" : 76.91,
    "volume" : 103369.00
  }, {
    "date" : "2025-08-21",
    "price" : 72.89,
    "dma50" : 72.73,
    "dma100" : 72.85,
    "dma200" : 76.87,
    "volume" : 104769.00
  }, {
    "date" : "2025-08-22",
    "price" : 72.62,
    "dma50" : 72.73,
    "dma100" : 72.90,
    "dma200" : 76.82,
    "volume" : 70098.00
  }, {
    "date" : "2025-08-25",
    "price" : 72.61,
    "dma50" : 72.72,
    "dma100" : 72.93,
    "dma200" : 76.78,
    "volume" : 173900.00
  }, {
    "date" : "2025-08-26",
    "price" : 71.77,
    "dma50" : 72.69,
    "dma100" : 72.95,
    "dma200" : 76.73,
    "volume" : 103417.00
  }, {
    "date" : "2025-08-28",
    "price" : 70.87,
    "dma50" : 72.62,
    "dma100" : 72.96,
    "dma200" : 76.67,
    "volume" : 219800.00
  }, {
    "date" : "2025-08-29",
    "price" : 71.77,
    "dma50" : 72.58,
    "dma100" : 72.98,
    "dma200" : 76.62,
    "volume" : 121371.00
  }, {
    "date" : "2025-09-01",
    "price" : 71.57,
    "dma50" : 72.54,
    "dma100" : 73.00,
    "dma200" : 76.57,
    "volume" : 79575.00
  }, {
    "date" : "2025-09-02",
    "price" : 72.00,
    "dma50" : 72.52,
    "dma100" : 73.04,
    "dma200" : 76.53,
    "volume" : 140239.00
  }, {
    "date" : "2025-09-03",
    "price" : 71.92,
    "dma50" : 72.50,
    "dma100" : 73.06,
    "dma200" : 76.48,
    "volume" : 92948.00
  }, {
    "date" : "2025-09-04",
    "price" : 71.77,
    "dma50" : 72.47,
    "dma100" : 73.08,
    "dma200" : 76.44,
    "volume" : 87891.00
  }, {
    "date" : "2025-09-05",
    "price" : 71.78,
    "dma50" : 72.44,
    "dma100" : 73.10,
    "dma200" : 76.39,
    "volume" : 71617.00
  }, {
    "date" : "2025-09-08",
    "price" : 71.47,
    "dma50" : 72.40,
    "dma100" : 73.08,
    "dma200" : 76.34,
    "volume" : 87509.00
  }, {
    "date" : "2025-09-09",
    "price" : 71.56,
    "dma50" : 72.37,
    "dma100" : 73.01,
    "dma200" : 76.29,
    "volume" : 120061.00
  }, {
    "date" : "2025-09-10",
    "price" : 71.66,
    "dma50" : 72.34,
    "dma100" : 72.96,
    "dma200" : 76.25,
    "volume" : 125830.00
  }, {
    "date" : "2025-09-11",
    "price" : 71.83,
    "dma50" : 72.32,
    "dma100" : 72.92,
    "dma200" : 76.20,
    "volume" : 135902.00
  }, {
    "date" : "2025-09-12",
    "price" : 71.81,
    "dma50" : 72.30,
    "dma100" : 72.87,
    "dma200" : 76.16,
    "volume" : 139823.00
  }, {
    "date" : "2025-09-15",
    "price" : 71.93,
    "dma50" : 72.29,
    "dma100" : 72.82,
    "dma200" : 76.12,
    "volume" : 105117.00
  }, {
    "date" : "2025-09-16",
    "price" : 71.92,
    "dma50" : 72.27,
    "dma100" : 72.78,
    "dma200" : 76.08,
    "volume" : 123073.00
  }, {
    "date" : "2025-09-17",
    "price" : 72.10,
    "dma50" : 72.27,
    "dma100" : 72.76,
    "dma200" : 76.04,
    "volume" : 157425.00
  }, {
    "date" : "2025-09-18",
    "price" : 72.18,
    "dma50" : 72.26,
    "dma100" : 72.74,
    "dma200" : 76.00,
    "volume" : 119923.00
  }, {
    "date" : "2025-09-19",
    "price" : 71.96,
    "dma50" : 72.25,
    "dma100" : 72.73,
    "dma200" : 75.96,
    "volume" : 141830.00
  }, {
    "date" : "2025-09-22",
    "price" : 71.90,
    "dma50" : 72.24,
    "dma100" : 72.72,
    "dma200" : 75.92,
    "volume" : 123450.00
  }, {
    "date" : "2025-09-23",
    "price" : 71.59,
    "dma50" : 72.21,
    "dma100" : 72.71,
    "dma200" : 75.87,
    "volume" : 70628.00
  }, {
    "date" : "2025-09-24",
    "price" : 71.35,
    "dma50" : 72.18,
    "dma100" : 72.70,
    "dma200" : 75.83,
    "volume" : 100782.00
  }, {
    "date" : "2025-09-25",
    "price" : 71.10,
    "dma50" : 72.14,
    "dma100" : 72.70,
    "dma200" : 75.78,
    "volume" : 86804.00
  }, {
    "date" : "2025-09-26",
    "price" : 70.78,
    "dma50" : 72.08,
    "dma100" : 72.71,
    "dma200" : 75.73,
    "volume" : 119247.00
  }, {
    "date" : "2025-09-29",
    "price" : 70.86,
    "dma50" : 72.04,
    "dma100" : 72.72,
    "dma200" : 75.68,
    "volume" : 72514.00
  }, {
    "date" : "2025-09-30",
    "price" : 71.93,
    "dma50" : 72.03,
    "dma100" : 72.75,
    "dma200" : 75.65,
    "volume" : 108352.00
  }, {
    "date" : "2025-10-01",
    "price" : 71.50,
    "dma50" : 72.01,
    "dma100" : 72.75,
    "dma200" : 75.61,
    "volume" : 89865.00
  }, {
    "date" : "2025-10-03",
    "price" : 72.12,
    "dma50" : 72.01,
    "dma100" : 72.77,
    "dma200" : 75.57,
    "volume" : 96426.00
  }, {
    "date" : "2025-10-06",
    "price" : 71.96,
    "dma50" : 72.01,
    "dma100" : 72.75,
    "dma200" : 75.53,
    "volume" : 61571.00
  }, {
    "date" : "2025-10-07",
    "price" : 72.24,
    "dma50" : 72.02,
    "dma100" : 72.73,
    "dma200" : 75.50,
    "volume" : 74513.00
  }, {
    "date" : "2025-10-08",
    "price" : 71.89,
    "dma50" : 72.02,
    "dma100" : 72.70,
    "dma200" : 75.47,
    "volume" : 91505.00
  }, {
    "date" : "2025-10-09",
    "price" : 71.69,
    "dma50" : 72.00,
    "dma100" : 72.66,
    "dma200" : 75.43,
    "volume" : 44460.00
  }, {
    "date" : "2025-10-10",
    "price" : 71.79,
    "dma50" : 72.00,
    "dma100" : 72.64,
    "dma200" : 75.39,
    "volume" : 64615.00
  }, {
    "date" : "2025-10-13",
    "price" : 71.76,
    "dma50" : 71.99,
    "dma100" : 72.61,
    "dma200" : 75.36,
    "volume" : 45040.00
  }, {
    "date" : "2025-10-14",
    "price" : 71.30,
    "dma50" : 71.96,
    "dma100" : 72.57,
    "dma200" : 75.32,
    "volume" : 98374.00
  }, {
    "date" : "2025-10-15",
    "price" : 71.43,
    "dma50" : 71.94,
    "dma100" : 72.53,
    "dma200" : 75.28,
    "volume" : 101078.00
  }, {
    "date" : "2025-10-16",
    "price" : 70.81,
    "dma50" : 71.89,
    "dma100" : 72.46,
    "dma200" : 75.23,
    "volume" : 138703.00
  }, {
    "date" : "2025-10-17",
    "price" : 71.20,
    "dma50" : 71.87,
    "dma100" : 72.37,
    "dma200" : 75.19,
    "volume" : 68336.00
  }, {
    "date" : "2025-10-20",
    "price" : 71.10,
    "dma50" : 71.84,
    "dma100" : 72.25,
    "dma200" : 75.15,
    "volume" : 70751.00
  }, {
    "date" : "2025-10-21",
    "price" : 71.84,
    "dma50" : 71.84,
    "dma100" : 72.14,
    "dma200" : 75.12,
    "volume" : 43864.00
  }, {
    "date" : "2025-10-23",
    "price" : 71.96,
    "dma50" : 71.84,
    "dma100" : 72.10,
    "dma200" : 75.09,
    "volume" : 139280.00
  }, {
    "date" : "2025-10-24",
    "price" : 71.57,
    "dma50" : 71.83,
    "dma100" : 72.08,
    "dma200" : 75.05,
    "volume" : 58879.00
  }, {
    "date" : "2025-10-27",
    "price" : 73.47,
    "dma50" : 71.90,
    "dma100" : 72.09,
    "dma200" : 75.04,
    "volume" : 493518.00
  }, {
    "date" : "2025-10-28",
    "price" : 72.69,
    "dma50" : 71.93,
    "dma100" : 72.09,
    "dma200" : 75.01,
    "volume" : 253642.00
  }, {
    "date" : "2025-10-29",
    "price" : 72.53,
    "dma50" : 71.95,
    "dma100" : 72.08,
    "dma200" : 74.99,
    "volume" : 109608.00
  }, {
    "date" : "2025-10-30",
    "price" : 72.99,
    "dma50" : 71.99,
    "dma100" : 72.07,
    "dma200" : 74.97,
    "volume" : 88333.00
  }, {
    "date" : "2025-10-31",
    "price" : 72.68,
    "dma50" : 72.02,
    "dma100" : 72.07,
    "dma200" : 74.95,
    "volume" : 62672.00
  }, {
    "date" : "2025-11-03",
    "price" : 72.51,
    "dma50" : 72.04,
    "dma100" : 72.08,
    "dma200" : 74.92,
    "volume" : 85457.00
  }, {
    "date" : "2025-11-04",
    "price" : 72.25,
    "dma50" : 72.05,
    "dma100" : 72.08,
    "dma200" : 74.90,
    "volume" : 72282.00
  }, {
    "date" : "2025-11-06",
    "price" : 70.36,
    "dma50" : 71.98,
    "dma100" : 72.06,
    "dma200" : 74.85,
    "volume" : 356516.00
  }, {
    "date" : "2025-11-07",
    "price" : 70.47,
    "dma50" : 71.92,
    "dma100" : 72.05,
    "dma200" : 74.81,
    "volume" : 235662.00
  }, {
    "date" : "2025-11-10",
    "price" : 70.09,
    "dma50" : 71.85,
    "dma100" : 72.04,
    "dma200" : 74.76,
    "volume" : 508255.00
  }, {
    "date" : "2025-11-11",
    "price" : 70.77,
    "dma50" : 71.81,
    "dma100" : 72.02,
    "dma200" : 74.72,
    "volume" : 89361.00
  }, {
    "date" : "2025-11-12",
    "price" : 70.03,
    "dma50" : 71.74,
    "dma100" : 72.00,
    "dma200" : 74.67,
    "volume" : 214239.00
  }, {
    "date" : "2025-11-13",
    "price" : 69.91,
    "dma50" : 71.66,
    "dma100" : 71.99,
    "dma200" : 74.63,
    "volume" : 106476.00
  }, {
    "date" : "2025-11-14",
    "price" : 69.84,
    "dma50" : 71.59,
    "dma100" : 71.97,
    "dma200" : 74.58,
    "volume" : 90445.00
  }, {
    "date" : "2025-11-17",
    "price" : 69.95,
    "dma50" : 71.53,
    "dma100" : 71.97,
    "dma200" : 74.53,
    "volume" : 88178.00
  }, {
    "date" : "2025-11-18",
    "price" : 69.88,
    "dma50" : 71.46,
    "dma100" : 71.95,
    "dma200" : 74.49,
    "volume" : 151550.00
  }, {
    "date" : "2025-11-19",
    "price" : 69.98,
    "dma50" : 71.41,
    "dma100" : 71.93,
    "dma200" : 74.44,
    "volume" : 101221.00
  }, {
    "date" : "2025-11-20",
    "price" : 69.88,
    "dma50" : 71.35,
    "dma100" : 71.91,
    "dma200" : 74.40,
    "volume" : 102402.00
  }, {
    "date" : "2025-11-21",
    "price" : 69.93,
    "dma50" : 71.29,
    "dma100" : 71.89,
    "dma200" : 74.35,
    "volume" : 102943.00
  }, {
    "date" : "2025-11-24",
    "price" : 69.75,
    "dma50" : 71.23,
    "dma100" : 71.87,
    "dma200" : 74.31,
    "volume" : 115998.00
  }, {
    "date" : "2025-11-25",
    "price" : 69.55,
    "dma50" : 71.16,
    "dma100" : 71.84,
    "dma200" : 74.26,
    "volume" : 49555.00
  }, {
    "date" : "2025-11-26",
    "price" : 69.96,
    "dma50" : 71.12,
    "dma100" : 71.82,
    "dma200" : 74.22,
    "volume" : 96368.00
  }, {
    "date" : "2025-11-27",
    "price" : 69.91,
    "dma50" : 71.07,
    "dma100" : 71.80,
    "dma200" : 74.17,
    "volume" : 67565.00
  }, {
    "date" : "2025-11-28",
    "price" : 69.97,
    "dma50" : 71.03,
    "dma100" : 71.78,
    "dma200" : 74.13,
    "volume" : 63676.00
  }, {
    "date" : "2025-12-01",
    "price" : 69.83,
    "dma50" : 70.98,
    "dma100" : 71.76,
    "dma200" : 74.09,
    "volume" : 68927.00
  }, {
    "date" : "2025-12-02",
    "price" : 69.93,
    "dma50" : 70.94,
    "dma100" : 71.75,
    "dma200" : 74.05,
    "volume" : 98028.00
  }, {
    "date" : "2025-12-03",
    "price" : 70.31,
    "dma50" : 70.91,
    "dma100" : 71.74,
    "dma200" : 74.01,
    "volume" : 99978.00
  }, {
    "date" : "2025-12-04",
    "price" : 70.31,
    "dma50" : 70.89,
    "dma100" : 71.73,
    "dma200" : 73.97,
    "volume" : 108764.00
  }, {
    "date" : "2025-12-05",
    "price" : 70.16,
    "dma50" : 70.86,
    "dma100" : 71.72,
    "dma200" : 73.93,
    "volume" : 61015.00
  }, {
    "date" : "2025-12-08",
    "price" : 69.45,
    "dma50" : 70.81,
    "dma100" : 71.70,
    "dma200" : 73.89,
    "volume" : 111159.00
  }, {
    "date" : "2025-12-09",
    "price" : 69.61,
    "dma50" : 70.76,
    "dma100" : 71.67,
    "dma200" : 73.85,
    "volume" : 125421.00
  }, {
    "date" : "2025-12-10",
    "price" : 70.04,
    "dma50" : 70.73,
    "dma100" : 71.65,
    "dma200" : 73.81,
    "volume" : 79300.00
  }, {
    "date" : "2025-12-11",
    "price" : 69.67,
    "dma50" : 70.69,
    "dma100" : 71.63,
    "dma200" : 73.77,
    "volume" : 43453.00
  }, {
    "date" : "2025-12-12",
    "price" : 70.11,
    "dma50" : 70.67,
    "dma100" : 71.58,
    "dma200" : 73.73,
    "volume" : 57921.00
  }, {
    "date" : "2025-12-15",
    "price" : 70.15,
    "dma50" : 70.65,
    "dma100" : 71.54,
    "dma200" : 73.70,
    "volume" : 95951.00
  }, {
    "date" : "2025-12-16",
    "price" : 69.70,
    "dma50" : 70.61,
    "dma100" : 71.50,
    "dma200" : 73.66,
    "volume" : 52515.00
  }, {
    "date" : "2025-12-17",
    "price" : 69.64,
    "dma50" : 70.57,
    "dma100" : 71.45,
    "dma200" : 73.62,
    "volume" : 40111.00
  }, {
    "date" : "2025-12-18",
    "price" : 69.37,
    "dma50" : 70.52,
    "dma100" : 71.41,
    "dma200" : 73.57,
    "volume" : 80760.00
  } ],
  "latestTechnicalAttributes" : {
    "date" : "2025-12-18",
    "price" : 69.37,
    "dma50" : 70.52,
    "dma100" : 71.41,
    "dma200" : 73.57,
    "volume" : 80760.00
  },
  "quarterlyResults" : [ {
    "date" : "2005-06-30",
    "sales" : 114.06,
    "salesGrowthYoY" : null,
    "grossProfitMargin" : 50.75,
    "grossProfit" : 57.89,
    "operatingProfitMargin" : 11.11,
    "operatingProfit" : 12.67,
    "netProfitMargin" : 3.76,
    "netProfit" : 4.29
  }, {
    "date" : "2005-09-30",
    "sales" : 112.58,
    "salesGrowthYoY" : null,
    "grossProfitMargin" : 52.63,
    "grossProfit" : 59.25,
    "operatingProfitMargin" : 15.27,
    "operatingProfit" : 17.19,
    "netProfitMargin" : 8.24,
    "netProfit" : 9.28
  }, {
    "date" : "2005-12-31",
    "sales" : 124.25,
    "salesGrowthYoY" : null,
    "grossProfitMargin" : 52.19,
    "grossProfit" : 64.85,
    "operatingProfitMargin" : 13.68,
    "operatingProfit" : 17.00,
    "netProfitMargin" : 5.84,
    "netProfit" : 7.26
  }, {
    "date" : "2006-03-31",
    "sales" : 128.33,
    "salesGrowthYoY" : null,
    "grossProfitMargin" : 57.73,
    "grossProfit" : 74.08,
    "operatingProfitMargin" : 18.30,
    "operatingProfit" : 23.48,
    "netProfitMargin" : 9.89,
    "netProfit" : 12.69
  }, {
    "date" : "2006-06-30",
    "sales" : 136.39,
    "salesGrowthYoY" : 19.58,
    "grossProfitMargin" : 61.72,
    "grossProfit" : 84.18,
    "operatingProfitMargin" : 24.77,
    "operatingProfit" : 33.78,
    "netProfitMargin" : 16.79,
    "netProfit" : 22.90
  }, {
    "date" : "2006-09-30",
    "sales" : 143.57,
    "salesGrowthYoY" : 27.53,
    "grossProfitMargin" : 60.17,
    "grossProfit" : 86.39,
    "operatingProfitMargin" : 19.69,
    "operatingProfit" : 28.27,
    "netProfitMargin" : 12.22,
    "netProfit" : 17.54
  }, {
    "date" : "2006-12-31",
    "sales" : 154.57,
    "salesGrowthYoY" : 24.40,
    "grossProfitMargin" : 58.80,
    "grossProfit" : 90.89,
    "operatingProfitMargin" : 18.43,
    "operatingProfit" : 28.49,
    "netProfitMargin" : 11.45,
    "netProfit" : 17.70
  }, {
    "date" : "2007-03-31",
    "sales" : 163.66,
    "salesGrowthYoY" : 27.53,
    "grossProfitMargin" : 62.56,
    "grossProfit" : 102.39,
    "operatingProfitMargin" : 16.72,
    "operatingProfit" : 27.36,
    "netProfitMargin" : 11.05,
    "netProfit" : 18.08
  }, {
    "date" : "2007-06-30",
    "sales" : 183.42,
    "salesGrowthYoY" : 34.48,
    "grossProfitMargin" : 65.21,
    "grossProfit" : 119.61,
    "operatingProfitMargin" : 28.05,
    "operatingProfit" : 51.45,
    "netProfitMargin" : 18.92,
    "netProfit" : 34.70
  }, {
    "date" : "2007-09-30",
    "sales" : 177.17,
    "salesGrowthYoY" : 23.40,
    "grossProfitMargin" : 62.49,
    "grossProfit" : 110.71,
    "operatingProfitMargin" : 22.03,
    "operatingProfit" : 39.03,
    "netProfitMargin" : 12.42,
    "netProfit" : 22.00
  }, {
    "date" : "2007-12-31",
    "sales" : 199.03,
    "salesGrowthYoY" : 28.76,
    "grossProfitMargin" : 63.89,
    "grossProfit" : 127.16,
    "operatingProfitMargin" : 21.74,
    "operatingProfit" : 43.27,
    "netProfitMargin" : 13.02,
    "netProfit" : 25.91
  }, {
    "date" : "2008-03-31",
    "sales" : 190.01,
    "salesGrowthYoY" : 16.10,
    "grossProfitMargin" : 63.37,
    "grossProfit" : 120.41,
    "operatingProfitMargin" : 15.80,
    "operatingProfit" : 30.02,
    "netProfitMargin" : 8.13,
    "netProfit" : 15.45
  }, {
    "date" : "2008-06-30",
    "sales" : 206.48,
    "salesGrowthYoY" : 12.57,
    "grossProfitMargin" : 64.62,
    "grossProfit" : 133.43,
    "operatingProfitMargin" : 24.04,
    "operatingProfit" : 49.64,
    "netProfitMargin" : 15.33,
    "netProfit" : 31.65
  }, {
    "date" : "2008-09-30",
    "sales" : 208.63,
    "salesGrowthYoY" : 17.76,
    "grossProfitMargin" : 58.74,
    "grossProfit" : 122.55,
    "operatingProfitMargin" : 18.21,
    "operatingProfit" : 37.99,
    "netProfitMargin" : 10.88,
    "netProfit" : 22.70
  }, {
    "date" : "2008-12-31",
    "sales" : 207.01,
    "salesGrowthYoY" : 4.01,
    "grossProfitMargin" : 57.52,
    "grossProfit" : 119.07,
    "operatingProfitMargin" : 14.52,
    "operatingProfit" : 30.06,
    "netProfitMargin" : 7.47,
    "netProfit" : 15.46
  }, {
    "date" : "2009-03-31",
    "sales" : 201.25,
    "salesGrowthYoY" : 5.92,
    "grossProfitMargin" : 64.83,
    "grossProfit" : 130.47,
    "operatingProfitMargin" : 19.38,
    "operatingProfit" : 39.00,
    "netProfitMargin" : 10.84,
    "netProfit" : 21.82
  }, {
    "date" : "2009-06-30",
    "sales" : 231.87,
    "salesGrowthYoY" : 12.30,
    "grossProfitMargin" : 69.75,
    "grossProfit" : 161.73,
    "operatingProfitMargin" : 30.41,
    "operatingProfit" : 70.51,
    "netProfitMargin" : 21.35,
    "netProfit" : 49.50
  }, {
    "date" : "2009-09-30",
    "sales" : 246.82,
    "salesGrowthYoY" : 18.31,
    "grossProfitMargin" : 72.30,
    "grossProfit" : 178.45,
    "operatingProfitMargin" : 33.72,
    "operatingProfit" : 83.23,
    "netProfitMargin" : 20.37,
    "netProfit" : 50.28
  }, {
    "date" : "2009-12-31",
    "sales" : 226.91,
    "salesGrowthYoY" : 9.61,
    "grossProfitMargin" : 70.31,
    "grossProfit" : 159.54,
    "operatingProfitMargin" : 28.77,
    "operatingProfit" : 65.28,
    "netProfitMargin" : 17.51,
    "netProfit" : 39.73
  }, {
    "date" : "2010-03-31",
    "sales" : 236.28,
    "salesGrowthYoY" : 17.41,
    "grossProfitMargin" : 71.32,
    "grossProfit" : 168.51,
    "operatingProfitMargin" : 26.77,
    "operatingProfit" : 63.25,
    "netProfitMargin" : 15.40,
    "netProfit" : 36.39
  }, {
    "date" : "2010-06-30",
    "sales" : 269.82,
    "salesGrowthYoY" : 16.37,
    "grossProfitMargin" : 71.96,
    "grossProfit" : 194.16,
    "operatingProfitMargin" : 33.42,
    "operatingProfit" : 90.17,
    "netProfitMargin" : 20.61,
    "netProfit" : 55.61
  }, {
    "date" : "2010-09-30",
    "sales" : 276.85,
    "salesGrowthYoY" : 12.17,
    "grossProfitMargin" : 71.06,
    "grossProfit" : 196.73,
    "operatingProfitMargin" : 32.06,
    "operatingProfit" : 88.76,
    "netProfitMargin" : 20.05,
    "netProfit" : 55.51
  }, {
    "date" : "2010-12-31",
    "sales" : 286.03,
    "salesGrowthYoY" : 26.05,
    "grossProfitMargin" : 69.81,
    "grossProfit" : 199.68,
    "operatingProfitMargin" : 31.37,
    "operatingProfit" : 89.73,
    "netProfitMargin" : 18.40,
    "netProfit" : 52.63
  }, {
    "date" : "2011-03-31",
    "sales" : 282.62,
    "salesGrowthYoY" : 19.61,
    "grossProfitMargin" : 67.76,
    "grossProfit" : 191.50,
    "operatingProfitMargin" : 25.27,
    "operatingProfit" : 71.42,
    "netProfitMargin" : 14.89,
    "netProfit" : 42.08
  }, {
    "date" : "2011-06-30",
    "sales" : 304.65,
    "salesGrowthYoY" : 12.91,
    "grossProfitMargin" : 67.53,
    "grossProfit" : 205.73,
    "operatingProfitMargin" : 27.13,
    "operatingProfit" : 82.65,
    "netProfitMargin" : 16.32,
    "netProfit" : 49.72
  }, {
    "date" : "2011-09-30",
    "sales" : 305.40,
    "salesGrowthYoY" : 10.31,
    "grossProfitMargin" : 64.79,
    "grossProfit" : 197.87,
    "operatingProfitMargin" : 25.88,
    "operatingProfit" : 79.04,
    "netProfitMargin" : 14.99,
    "netProfit" : 45.78
  }, {
    "date" : "2011-12-31",
    "sales" : 324.03,
    "salesGrowthYoY" : 13.29,
    "grossProfitMargin" : 64.98,
    "grossProfit" : 210.55,
    "operatingProfitMargin" : 26.27,
    "operatingProfit" : 85.12,
    "netProfitMargin" : 12.75,
    "netProfit" : 41.31
  }, {
    "date" : "2012-03-31",
    "sales" : 310.41,
    "salesGrowthYoY" : 9.83,
    "grossProfitMargin" : 65.14,
    "grossProfit" : 202.20,
    "operatingProfitMargin" : 21.23,
    "operatingProfit" : 65.90,
    "netProfitMargin" : 13.80,
    "netProfit" : 42.84
  }, {
    "date" : "2012-06-30",
    "sales" : 317.52,
    "salesGrowthYoY" : 4.22,
    "grossProfitMargin" : 64.27,
    "grossProfit" : 204.07,
    "operatingProfitMargin" : 24.82,
    "operatingProfit" : 78.81,
    "netProfitMargin" : 17.55,
    "netProfit" : 55.72
  }, {
    "date" : "2012-09-30",
    "sales" : 322.11,
    "salesGrowthYoY" : 5.47,
    "grossProfitMargin" : 65.58,
    "grossProfit" : 211.24,
    "operatingProfitMargin" : 24.27,
    "operatingProfit" : 78.18,
    "netProfitMargin" : 21.56,
    "netProfit" : 69.45
  }, {
    "date" : "2012-12-31",
    "sales" : 348.91,
    "salesGrowthYoY" : 7.68,
    "grossProfitMargin" : 66.21,
    "grossProfit" : 231.01,
    "operatingProfitMargin" : 26.11,
    "operatingProfit" : 91.10,
    "netProfitMargin" : 18.88,
    "netProfit" : 65.87
  }, {
    "date" : "2013-03-31",
    "sales" : 342.84,
    "salesGrowthYoY" : 10.45,
    "grossProfitMargin" : 63.84,
    "grossProfit" : 218.87,
    "operatingProfitMargin" : 15.76,
    "operatingProfit" : 54.03,
    "netProfitMargin" : 11.73,
    "netProfit" : 40.22
  }, {
    "date" : "2013-06-30",
    "sales" : 384.73,
    "salesGrowthYoY" : 21.17,
    "grossProfitMargin" : 65.59,
    "grossProfit" : 252.34,
    "operatingProfitMargin" : 26.33,
    "operatingProfit" : 101.30,
    "netProfitMargin" : 15.42,
    "netProfit" : 59.33
  }, {
    "date" : "2013-09-30",
    "sales" : 385.35,
    "salesGrowthYoY" : 19.63,
    "grossProfitMargin" : 64.10,
    "grossProfit" : 247.01,
    "operatingProfitMargin" : 23.63,
    "operatingProfit" : 91.06,
    "netProfitMargin" : 12.19,
    "netProfit" : 46.97
  }, {
    "date" : "2013-12-31",
    "sales" : 427.44,
    "salesGrowthYoY" : 22.51,
    "grossProfitMargin" : 64.23,
    "grossProfit" : 274.54,
    "operatingProfitMargin" : 25.50,
    "operatingProfit" : 109.00,
    "netProfitMargin" : 16.04,
    "netProfit" : 68.56
  }, {
    "date" : "2014-03-31",
    "sales" : 391.51,
    "salesGrowthYoY" : 14.20,
    "grossProfitMargin" : 62.34,
    "grossProfit" : 244.07,
    "operatingProfitMargin" : 20.35,
    "operatingProfit" : 79.67,
    "netProfitMargin" : 16.63,
    "netProfit" : 65.11
  }, {
    "date" : "2014-06-30",
    "sales" : 413.54,
    "salesGrowthYoY" : 7.49,
    "grossProfitMargin" : 62.86,
    "grossProfit" : 259.95,
    "operatingProfitMargin" : 25.60,
    "operatingProfit" : 105.87,
    "netProfitMargin" : 13.54,
    "netProfit" : 55.99
  }, {
    "date" : "2014-09-30",
    "sales" : 410.37,
    "salesGrowthYoY" : 6.49,
    "grossProfitMargin" : 62.93,
    "grossProfit" : 258.25,
    "operatingProfitMargin" : 25.18,
    "operatingProfit" : 103.33,
    "netProfitMargin" : 13.06,
    "netProfit" : 53.59
  }, {
    "date" : "2014-12-31",
    "sales" : 440.63,
    "salesGrowthYoY" : 3.09,
    "grossProfitMargin" : 65.76,
    "grossProfit" : 289.76,
    "operatingProfitMargin" : 28.62,
    "operatingProfit" : 126.11,
    "netProfitMargin" : 14.05,
    "netProfit" : 61.91
  }, {
    "date" : "2015-03-31",
    "sales" : 397.18,
    "salesGrowthYoY" : 1.45,
    "grossProfitMargin" : 65.59,
    "grossProfit" : 260.51,
    "operatingProfitMargin" : 26.04,
    "operatingProfit" : 103.43,
    "netProfitMargin" : 12.51,
    "netProfit" : 49.69
  }, {
    "date" : "2015-06-30",
    "sales" : 436.03,
    "salesGrowthYoY" : 5.44,
    "grossProfitMargin" : 65.84,
    "grossProfit" : 287.08,
    "operatingProfitMargin" : 28.27,
    "operatingProfit" : 123.27,
    "netProfitMargin" : 15.60,
    "netProfit" : 68.02
  }, {
    "date" : "2015-09-30",
    "sales" : 431.88,
    "salesGrowthYoY" : 5.24,
    "grossProfitMargin" : 65.75,
    "grossProfit" : 283.96,
    "operatingProfitMargin" : 28.73,
    "operatingProfit" : 124.08,
    "netProfitMargin" : 15.29,
    "netProfit" : 66.03
  }, {
    "date" : "2015-12-31",
    "sales" : 474.22,
    "salesGrowthYoY" : 7.62,
    "grossProfitMargin" : 67.41,
    "grossProfit" : 319.67,
    "operatingProfitMargin" : 29.54,
    "operatingProfit" : 140.08,
    "netProfitMargin" : 14.97,
    "netProfit" : 70.99
  }, {
    "date" : "2016-03-31",
    "sales" : 436.75,
    "salesGrowthYoY" : 9.96,
    "grossProfitMargin" : 65.53,
    "grossProfit" : 286.20,
    "operatingProfitMargin" : 25.61,
    "operatingProfit" : 111.85,
    "netProfitMargin" : 14.80,
    "netProfit" : 64.64
  }, {
    "date" : "2016-06-30",
    "sales" : 473.42,
    "salesGrowthYoY" : 8.58,
    "grossProfitMargin" : 65.66,
    "grossProfit" : 310.85,
    "operatingProfitMargin" : 27.61,
    "operatingProfit" : 130.71,
    "netProfitMargin" : 16.23,
    "netProfit" : 76.84
  }, {
    "date" : "2016-09-30",
    "sales" : 459.01,
    "salesGrowthYoY" : 6.28,
    "grossProfitMargin" : 66.37,
    "grossProfit" : 304.64,
    "operatingProfitMargin" : 26.45,
    "operatingProfit" : 121.41,
    "netProfitMargin" : 16.17,
    "netProfit" : 74.22
  }, {
    "date" : "2016-12-31",
    "sales" : 500.50,
    "salesGrowthYoY" : 5.54,
    "grossProfitMargin" : 68.22,
    "grossProfit" : 341.44,
    "operatingProfitMargin" : 30.96,
    "operatingProfit" : 154.95,
    "netProfitMargin" : 17.81,
    "netProfit" : 89.14
  }, {
    "date" : "2017-03-31",
    "sales" : 467.14,
    "salesGrowthYoY" : 6.96,
    "grossProfitMargin" : 68.23,
    "grossProfit" : 318.73,
    "operatingProfitMargin" : 25.54,
    "operatingProfit" : 119.31,
    "netProfitMargin" : 16.25,
    "netProfit" : 75.91
  }, {
    "date" : "2017-06-30",
    "sales" : 491.84,
    "salesGrowthYoY" : 3.89,
    "grossProfitMargin" : 66.83,
    "grossProfit" : 328.70,
    "operatingProfitMargin" : 27.00,
    "operatingProfit" : 132.80,
    "netProfitMargin" : 15.90,
    "netProfit" : 78.20
  }, {
    "date" : "2017-09-30",
    "sales" : 464.51,
    "salesGrowthYoY" : 1.20,
    "grossProfitMargin" : 65.87,
    "grossProfit" : 305.97,
    "operatingProfitMargin" : 23.80,
    "operatingProfit" : 110.55,
    "netProfitMargin" : 13.21,
    "netProfit" : 61.36
  }, {
    "date" : "2017-12-31",
    "sales" : 495.50,
    "salesGrowthYoY" : -1.00,
    "grossProfitMargin" : 67.32,
    "grossProfit" : 333.57,
    "operatingProfitMargin" : 27.48,
    "operatingProfit" : 136.16,
    "netProfitMargin" : 15.62,
    "netProfit" : 77.40
  }, {
    "date" : "2018-03-31",
    "sales" : 446.10,
    "salesGrowthYoY" : -4.50,
    "grossProfitMargin" : 65.63,
    "grossProfit" : 292.78,
    "operatingProfitMargin" : 19.92,
    "operatingProfit" : 88.86,
    "netProfitMargin" : 11.00,
    "netProfit" : 49.07
  }, {
    "date" : "2018-06-30",
    "sales" : 500.26,
    "salesGrowthYoY" : 1.71,
    "grossProfitMargin" : 66.14,
    "grossProfit" : 330.87,
    "operatingProfitMargin" : 26.52,
    "operatingProfit" : 132.67,
    "netProfitMargin" : 15.16,
    "netProfit" : 75.84
  }, {
    "date" : "2018-09-30",
    "sales" : 451.71,
    "salesGrowthYoY" : -2.76,
    "grossProfitMargin" : 61.44,
    "grossProfit" : 277.53,
    "operatingProfitMargin" : 15.51,
    "operatingProfit" : 70.06,
    "netProfitMargin" : 7.50,
    "netProfit" : 33.88
  }, {
    "date" : "2018-12-31",
    "sales" : 501.87,
    "salesGrowthYoY" : 1.29,
    "grossProfitMargin" : 62.79,
    "grossProfit" : 315.12,
    "operatingProfitMargin" : 20.27,
    "operatingProfit" : 101.73,
    "netProfitMargin" : 11.21,
    "netProfit" : 56.26
  }, {
    "date" : "2019-03-31",
    "sales" : 486.03,
    "salesGrowthYoY" : 8.95,
    "grossProfitMargin" : 64.49,
    "grossProfit" : 313.44,
    "operatingProfitMargin" : 21.14,
    "operatingProfit" : 102.75,
    "netProfitMargin" : 11.10,
    "netProfit" : 53.95
  }, {
    "date" : "2019-06-30",
    "sales" : 488.78,
    "salesGrowthYoY" : -2.29,
    "grossProfitMargin" : 65.45,
    "grossProfit" : 319.91,
    "operatingProfitMargin" : 23.53,
    "operatingProfit" : 115.01,
    "netProfitMargin" : 12.16,
    "netProfit" : 59.44
  }, {
    "date" : "2019-09-30",
    "sales" : 433.10,
    "salesGrowthYoY" : -4.12,
    "grossProfitMargin" : 64.29,
    "grossProfit" : 278.44,
    "operatingProfitMargin" : 16.24,
    "operatingProfit" : 70.34,
    "netProfitMargin" : 22.30,
    "netProfit" : 96.58
  }, {
    "date" : "2019-12-31",
    "sales" : 465.91,
    "salesGrowthYoY" : -7.17,
    "grossProfitMargin" : 70.23,
    "grossProfit" : 327.21,
    "operatingProfitMargin" : 27.02,
    "operatingProfit" : 125.89,
    "netProfitMargin" : 16.79,
    "netProfit" : 78.23
  }, {
    "date" : "2020-03-31",
    "sales" : 384.45,
    "salesGrowthYoY" : -20.90,
    "grossProfitMargin" : 69.10,
    "grossProfit" : 265.65,
    "operatingProfitMargin" : 16.57,
    "operatingProfit" : 63.70,
    "netProfitMargin" : 7.29,
    "netProfit" : 28.03
  }, {
    "date" : "2020-06-30",
    "sales" : 174.46,
    "salesGrowthYoY" : -64.31,
    "grossProfitMargin" : 66.10,
    "grossProfit" : 115.32,
    "operatingProfitMargin" : -6.24,
    "operatingProfit" : -10.89,
    "netProfitMargin" : -11.05,
    "netProfit" : -19.28
  }, {
    "date" : "2020-09-30",
    "sales" : 252.76,
    "salesGrowthYoY" : -41.64,
    "grossProfitMargin" : 72.16,
    "grossProfit" : 182.39,
    "operatingProfitMargin" : 20.36,
    "operatingProfit" : 51.46,
    "netProfitMargin" : 10.41,
    "netProfit" : 26.31
  }, {
    "date" : "2020-12-31",
    "sales" : 351.80,
    "salesGrowthYoY" : -24.49,
    "grossProfitMargin" : 76.27,
    "grossProfit" : 268.32,
    "operatingProfitMargin" : 35.77,
    "operatingProfit" : 125.84,
    "netProfitMargin" : 24.49,
    "netProfit" : 86.16
  }, {
    "date" : "2021-03-31",
    "sales" : 354.35,
    "salesGrowthYoY" : -7.83,
    "grossProfitMargin" : 75.39,
    "grossProfit" : 267.14,
    "operatingProfitMargin" : 24.81,
    "operatingProfit" : 87.91,
    "netProfitMargin" : 13.74,
    "netProfit" : 48.69
  }, {
    "date" : "2021-06-30",
    "sales" : 242.64,
    "salesGrowthYoY" : 39.08,
    "grossProfitMargin" : 66.82,
    "grossProfit" : 162.13,
    "operatingProfitMargin" : 9.67,
    "operatingProfit" : 23.46,
    "netProfitMargin" : 5.92,
    "netProfit" : 14.36
  }, {
    "date" : "2021-09-30",
    "sales" : 347.06,
    "salesGrowthYoY" : 37.31,
    "grossProfitMargin" : 72.12,
    "grossProfit" : 250.30,
    "operatingProfitMargin" : 28.32,
    "operatingProfit" : 98.29,
    "netProfitMargin" : 19.33,
    "netProfit" : 67.09
  }, {
    "date" : "2021-12-31",
    "sales" : 445.16,
    "salesGrowthYoY" : 26.54,
    "grossProfitMargin" : 72.77,
    "grossProfit" : 323.94,
    "operatingProfitMargin" : 33.76,
    "operatingProfit" : 150.29,
    "netProfitMargin" : 22.97,
    "netProfit" : 102.25
  }, {
    "date" : "2022-03-31",
    "sales" : 366.38,
    "salesGrowthYoY" : 3.39,
    "grossProfitMargin" : 69.95,
    "grossProfit" : 256.28,
    "operatingProfitMargin" : 23.14,
    "operatingProfit" : 84.78,
    "netProfitMargin" : 16.49,
    "netProfit" : 60.42
  }, {
    "date" : "2022-06-30",
    "sales" : 393.66,
    "salesGrowthYoY" : 62.24,
    "grossProfitMargin" : 66.40,
    "grossProfit" : 261.39,
    "operatingProfitMargin" : 18.50,
    "operatingProfit" : 72.83,
    "netProfitMargin" : 11.45,
    "netProfit" : 45.07
  }, {
    "date" : "2022-09-30",
    "sales" : 391.65,
    "salesGrowthYoY" : 12.85,
    "grossProfitMargin" : 66.60,
    "grossProfit" : 260.84,
    "operatingProfitMargin" : 20.96,
    "operatingProfit" : 82.09,
    "netProfitMargin" : 14.15,
    "netProfit" : 55.42
  }, {
    "date" : "2022-12-31",
    "sales" : 416.87,
    "salesGrowthYoY" : -6.36,
    "grossProfitMargin" : 64.85,
    "grossProfit" : 270.34,
    "operatingProfitMargin" : 17.13,
    "operatingProfit" : 71.41,
    "netProfitMargin" : 12.00,
    "netProfit" : 50.02
  }, {
    "date" : "2023-03-31",
    "sales" : 391.72,
    "salesGrowthYoY" : 6.92,
    "grossProfitMargin" : 66.89,
    "grossProfit" : 262.02,
    "operatingProfitMargin" : 17.75,
    "operatingProfit" : 69.53,
    "netProfitMargin" : 19.96,
    "netProfit" : 78.19
  }, {
    "date" : "2023-06-30",
    "sales" : 385.56,
    "salesGrowthYoY" : -2.06,
    "grossProfitMargin" : 66.44,
    "grossProfit" : 256.17,
    "operatingProfitMargin" : 16.11,
    "operatingProfit" : 62.11,
    "netProfitMargin" : 12.31,
    "netProfit" : 47.46
  }, {
    "date" : "2023-09-30",
    "sales" : 390.59,
    "salesGrowthYoY" : -0.27,
    "grossProfitMargin" : 70.10,
    "grossProfit" : 273.80,
    "operatingProfitMargin" : 16.52,
    "operatingProfit" : 64.53,
    "netProfitMargin" : 11.48,
    "netProfit" : 44.84
  }, {
    "date" : "2023-12-31",
    "sales" : 434.10,
    "salesGrowthYoY" : 4.13,
    "grossProfitMargin" : 72.37,
    "grossProfit" : 314.16,
    "operatingProfitMargin" : 21.51,
    "operatingProfit" : 93.37,
    "netProfitMargin" : 17.04,
    "netProfit" : 73.97
  }, {
    "date" : "2024-03-31",
    "sales" : 430.42,
    "salesGrowthYoY" : 9.88,
    "grossProfitMargin" : 75.82,
    "grossProfit" : 326.34,
    "operatingProfitMargin" : 25.54,
    "operatingProfit" : 109.93,
    "netProfitMargin" : 18.17,
    "netProfit" : 78.21
  }, {
    "date" : "2024-06-30",
    "sales" : 370.45,
    "salesGrowthYoY" : -3.92,
    "grossProfitMargin" : 74.50,
    "grossProfit" : 275.99,
    "operatingProfitMargin" : 15.68,
    "operatingProfit" : 58.09,
    "netProfitMargin" : 11.87,
    "netProfit" : 43.97
  }, {
    "date" : "2024-09-30",
    "sales" : 375.76,
    "salesGrowthYoY" : -3.80,
    "grossProfitMargin" : 75.21,
    "grossProfit" : 282.61,
    "operatingProfitMargin" : 17.10,
    "operatingProfit" : 64.25,
    "netProfitMargin" : 12.61,
    "netProfit" : 47.38
  }, {
    "date" : "2024-12-31",
    "sales" : 433.01,
    "salesGrowthYoY" : -0.25,
    "grossProfitMargin" : 73.34,
    "grossProfit" : 317.57,
    "operatingProfitMargin" : 18.26,
    "operatingProfit" : 79.07,
    "netProfitMargin" : 13.78,
    "netProfit" : 59.67
  }, {
    "date" : "2025-03-31",
    "sales" : 410.63,
    "salesGrowthYoY" : -4.60,
    "grossProfitMargin" : 74.72,
    "grossProfit" : 306.82,
    "operatingProfitMargin" : 17.35,
    "operatingProfit" : 71.24,
    "netProfitMargin" : 14.63,
    "netProfit" : 60.08
  }, {
    "date" : "2025-06-30",
    "sales" : 398.13,
    "salesGrowthYoY" : 7.47,
    "grossProfitMargin" : 73.94,
    "grossProfit" : 294.38,
    "operatingProfitMargin" : 16.25,
    "operatingProfit" : 64.70,
    "netProfitMargin" : 17.92,
    "netProfit" : 71.34
  }, {
    "date" : "2025-09-30",
    "sales" : 413.77,
    "salesGrowthYoY" : 10.12,
    "grossProfitMargin" : 74.64,
    "grossProfit" : 308.84,
    "operatingProfitMargin" : 16.94,
    "operatingProfit" : 70.09,
    "netProfitMargin" : 14.92,
    "netProfit" : 61.73
  } ],
  "latestQuarterlyResult" : {
    "date" : "2025-09-30",
    "sales" : 413.77,
    "salesGrowthYoY" : 10.12,
    "grossProfitMargin" : 74.64,
    "grossProfit" : 308.84,
    "operatingProfitMargin" : 16.94,
    "operatingProfit" : 70.09,
    "netProfitMargin" : 14.92,
    "netProfit" : 61.73
  },
  "companyScore" : {
    "priceHigherThanDma50" : 0.00,
    "priceHigherThanDma100" : 0.00,
    "priceHigherThanDma200" : 0.00,
    "dma50HigherThanDma100" : 0.00,
    "dma50HigherThanDma200" : 0.00,
    "dma100HigherThanDma200" : 0.00,
    "pricePercentageAboveDma50" : 5.08,
    "pricePercentageAboveDma100" : 5.14,
    "pricePercentageAboveDma200" : 5.29,
    "weeklyVolumeHigherThanYearlyVolume" : 0.00,
    "salesGrowthPercentile" : 12.31,
    "operatingProfitMarginPercentile" : 11.04,
    "netProfitMarginPercentile" : 7.31,
    "totalTechnicalScore" : 15.51,
    "totalFundamentalScore" : 30.65,
    "totalScore" : 46.16
  }
}