{
  "metadata" : {
    "screenerCompanyId" : "1585",
    "companyCode" : "JAMNAAUTO",
    "companyName" : "Jamna Auto Inds.",
    "screenerCompanyLink" : "https://www.screener.in/company/JAMNAAUTO/consolidated/",
    "screenerTechnicalHistoryLink" : "https://www.screener.in/api/company/1585/chart/?q=Price-DMA50-DMA200-Volume&days=365",
    "screenerQuarterlyResultsLink" : "https://www.screener.in/api/company/1585/chart/?q=GPM-OPM-NPM-Quarter+Sales&days=10000",
    "attributes" : {
      "companyCode" : "JAMNAAUTO",
      "companyName" : "Jamna Auto Inds.",
      "marketCap" : 5907.00,
      "peRatio" : 29.20,
      "description" : "Incorporated in 1965, Jamna Auto Industries Limited manufactures conventional leaf springs, parabolic leaf springs, air suspensions and lift axles, predominantly for Commercial Vehicles.[1]"
    },
    "companyScore" : {
      "priceHigherThanDma50" : 5.00,
      "priceHigherThanDma100" : 5.00,
      "priceHigherThanDma200" : 5.00,
      "dma50HigherThanDma100" : 5.00,
      "dma50HigherThanDma200" : 5.00,
      "dma100HigherThanDma200" : 5.00,
      "pricePercentageAboveDma50" : 4.13,
      "pricePercentageAboveDma100" : 3.56,
      "pricePercentageAboveDma200" : 3.30,
      "weeklyVolumeHigherThanYearlyVolume" : 5.00,
      "salesGrowthPercentile" : 11.25,
      "operatingProfitMarginPercentile" : 20.00,
      "netProfitMarginPercentile" : 9.76,
      "totalTechnicalScore" : 46.00,
      "totalFundamentalScore" : 41.01,
      "totalScore" : 87.01
    }
  },
  "attributes" : {
    "companyCode" : "JAMNAAUTO",
    "companyName" : "Jamna Auto Inds.",
    "marketCap" : 5907.00,
    "peRatio" : 29.20,
    "description" : "Incorporated in 1965, Jamna Auto Industries Limited manufactures conventional leaf springs, parabolic leaf springs, air suspensions and lift axles, predominantly for Commercial Vehicles.[1]"
  },
  "technicalHistory" : [ {
    "date" : "2025-02-18",
    "price" : 76.94,
    "dma50" : 92.80,
    "dma100" : null,
    "dma200" : 108.02,
    "volume" : 4116603.00
  }, {
    "date" : "2025-02-19",
    "price" : 78.19,
    "dma50" : 92.22,
    "dma100" : null,
    "dma200" : 107.72,
    "volume" : 1584007.00
  }, {
    "date" : "2025-02-20",
    "price" : 77.80,
    "dma50" : 91.66,
    "dma100" : null,
    "dma200" : 107.42,
    "volume" : 2601256.00
  }, {
    "date" : "2025-02-21",
    "price" : 76.49,
    "dma50" : 91.06,
    "dma100" : null,
    "dma200" : 107.12,
    "volume" : 1796040.00
  }, {
    "date" : "2025-02-24",
    "price" : 76.01,
    "dma50" : 90.47,
    "dma100" : null,
    "dma200" : 106.81,
    "volume" : 1471308.00
  }, {
    "date" : "2025-02-25",
    "price" : 76.53,
    "dma50" : 89.93,
    "dma100" : null,
    "dma200" : 106.51,
    "volume" : 1117272.00
  }, {
    "date" : "2025-02-27",
    "price" : 75.21,
    "dma50" : 89.35,
    "dma100" : null,
    "dma200" : 106.19,
    "volume" : 1529834.00
  }, {
    "date" : "2025-02-28",
    "price" : 71.19,
    "dma50" : 88.64,
    "dma100" : null,
    "dma200" : 105.85,
    "volume" : 5667755.00
  }, {
    "date" : "2025-03-03",
    "price" : 71.45,
    "dma50" : 87.96,
    "dma100" : null,
    "dma200" : 105.50,
    "volume" : 2244391.00
  }, {
    "date" : "2025-03-04",
    "price" : 70.85,
    "dma50" : 87.29,
    "dma100" : null,
    "dma200" : 105.16,
    "volume" : 1642532.00
  }, {
    "date" : "2025-03-05",
    "price" : 74.28,
    "dma50" : 86.78,
    "dma100" : null,
    "dma200" : 104.85,
    "volume" : 1523333.00
  }, {
    "date" : "2025-03-06",
    "price" : 74.48,
    "dma50" : 86.30,
    "dma100" : null,
    "dma200" : 104.55,
    "volume" : 1228437.00
  }, {
    "date" : "2025-03-07",
    "price" : 74.96,
    "dma50" : 85.85,
    "dma100" : null,
    "dma200" : 104.25,
    "volume" : 1158037.00
  }, {
    "date" : "2025-03-10",
    "price" : 72.08,
    "dma50" : 85.31,
    "dma100" : null,
    "dma200" : 103.93,
    "volume" : 1482450.00
  }, {
    "date" : "2025-03-11",
    "price" : 72.28,
    "dma50" : 84.80,
    "dma100" : null,
    "dma200" : 103.62,
    "volume" : 1201355.00
  }, {
    "date" : "2025-03-12",
    "price" : 71.54,
    "dma50" : 84.28,
    "dma100" : null,
    "dma200" : 103.30,
    "volume" : 1123091.00
  }, {
    "date" : "2025-03-13",
    "price" : 71.18,
    "dma50" : 83.77,
    "dma100" : null,
    "dma200" : 102.98,
    "volume" : 1162240.00
  }, {
    "date" : "2025-03-17",
    "price" : 71.26,
    "dma50" : 83.28,
    "dma100" : null,
    "dma200" : 102.67,
    "volume" : 1607512.00
  }, {
    "date" : "2025-03-18",
    "price" : 74.20,
    "dma50" : 82.92,
    "dma100" : null,
    "dma200" : 102.38,
    "volume" : 1912310.00
  }, {
    "date" : "2025-03-19",
    "price" : 76.58,
    "dma50" : 82.67,
    "dma100" : null,
    "dma200" : 102.13,
    "volume" : 2262922.00
  }, {
    "date" : "2025-03-20",
    "price" : 77.60,
    "dma50" : 82.47,
    "dma100" : null,
    "dma200" : 101.88,
    "volume" : 2083801.00
  }, {
    "date" : "2025-03-21",
    "price" : 79.08,
    "dma50" : 82.34,
    "dma100" : null,
    "dma200" : 101.65,
    "volume" : 2110296.00
  }, {
    "date" : "2025-03-24",
    "price" : 78.94,
    "dma50" : 82.21,
    "dma100" : null,
    "dma200" : 101.43,
    "volume" : 1748075.00
  }, {
    "date" : "2025-03-25",
    "price" : 77.41,
    "dma50" : 82.02,
    "dma100" : null,
    "dma200" : 101.19,
    "volume" : 1888459.00
  }, {
    "date" : "2025-03-26",
    "price" : 76.12,
    "dma50" : 81.79,
    "dma100" : null,
    "dma200" : 100.94,
    "volume" : 1970636.00
  }, {
    "date" : "2025-03-27",
    "price" : 77.04,
    "dma50" : 81.60,
    "dma100" : null,
    "dma200" : 100.70,
    "volume" : 3323180.00
  }, {
    "date" : "2025-03-28",
    "price" : 75.37,
    "dma50" : 81.36,
    "dma100" : null,
    "dma200" : 100.45,
    "volume" : 2278252.00
  }, {
    "date" : "2025-04-01",
    "price" : 75.86,
    "dma50" : 81.14,
    "dma100" : null,
    "dma200" : 100.21,
    "volume" : 841864.00
  }, {
    "date" : "2025-04-02",
    "price" : 75.41,
    "dma50" : 80.92,
    "dma100" : null,
    "dma200" : 99.96,
    "volume" : 1457162.00
  }, {
    "date" : "2025-04-03",
    "price" : 76.83,
    "dma50" : 80.76,
    "dma100" : null,
    "dma200" : 99.73,
    "volume" : 821311.00
  }, {
    "date" : "2025-04-04",
    "price" : 74.97,
    "dma50" : 80.53,
    "dma100" : null,
    "dma200" : 99.48,
    "volume" : 1749539.00
  }, {
    "date" : "2025-04-07",
    "price" : 71.75,
    "dma50" : 80.19,
    "dma100" : null,
    "dma200" : 99.21,
    "volume" : 2221033.00
  }, {
    "date" : "2025-04-08",
    "price" : 72.28,
    "dma50" : 79.88,
    "dma100" : null,
    "dma200" : 98.94,
    "volume" : 1287548.00
  }, {
    "date" : "2025-04-09",
    "price" : 71.75,
    "dma50" : 79.56,
    "dma100" : null,
    "dma200" : 98.67,
    "volume" : 1233383.00
  }, {
    "date" : "2025-04-11",
    "price" : 72.16,
    "dma50" : 79.27,
    "dma100" : null,
    "dma200" : 98.40,
    "volume" : 1002605.00
  }, {
    "date" : "2025-04-15",
    "price" : 75.60,
    "dma50" : 79.12,
    "dma100" : null,
    "dma200" : 98.18,
    "volume" : 923074.00
  }, {
    "date" : "2025-04-16",
    "price" : 76.83,
    "dma50" : 79.03,
    "dma100" : null,
    "dma200" : 97.96,
    "volume" : 709464.00
  }, {
    "date" : "2025-04-17",
    "price" : 77.37,
    "dma50" : 78.97,
    "dma100" : null,
    "dma200" : 97.76,
    "volume" : 664368.00
  }, {
    "date" : "2025-04-21",
    "price" : 78.69,
    "dma50" : 78.96,
    "dma100" : null,
    "dma200" : 97.57,
    "volume" : 828353.00
  }, {
    "date" : "2025-04-22",
    "price" : 83.50,
    "dma50" : 79.14,
    "dma100" : null,
    "dma200" : 97.43,
    "volume" : 3702038.00
  }, {
    "date" : "2025-04-23",
    "price" : 85.30,
    "dma50" : 79.38,
    "dma100" : null,
    "dma200" : 97.31,
    "volume" : 6193564.00
  }, {
    "date" : "2025-04-24",
    "price" : 84.36,
    "dma50" : 79.57,
    "dma100" : null,
    "dma200" : 97.18,
    "volume" : 2117503.00
  }, {
    "date" : "2025-04-25",
    "price" : 83.36,
    "dma50" : 79.72,
    "dma100" : null,
    "dma200" : 97.04,
    "volume" : 2437842.00
  }, {
    "date" : "2025-04-28",
    "price" : 83.01,
    "dma50" : 79.85,
    "dma100" : null,
    "dma200" : 96.90,
    "volume" : 957962.00
  }, {
    "date" : "2025-04-29",
    "price" : 82.17,
    "dma50" : 79.94,
    "dma100" : null,
    "dma200" : 96.76,
    "volume" : 1092770.00
  }, {
    "date" : "2025-04-30",
    "price" : 80.10,
    "dma50" : 79.95,
    "dma100" : null,
    "dma200" : 96.59,
    "volume" : 820917.00
  }, {
    "date" : "2025-05-02",
    "price" : 80.52,
    "dma50" : 79.97,
    "dma100" : null,
    "dma200" : 96.43,
    "volume" : 789793.00
  }, {
    "date" : "2025-05-05",
    "price" : 81.26,
    "dma50" : 80.02,
    "dma100" : null,
    "dma200" : 96.28,
    "volume" : 465013.00
  }, {
    "date" : "2025-05-06",
    "price" : 81.21,
    "dma50" : 80.07,
    "dma100" : null,
    "dma200" : 96.13,
    "volume" : 1048738.00
  }, {
    "date" : "2025-05-07",
    "price" : 81.01,
    "dma50" : 80.10,
    "dma100" : null,
    "dma200" : 95.98,
    "volume" : 750250.00
  }, {
    "date" : "2025-05-08",
    "price" : 81.16,
    "dma50" : 80.15,
    "dma100" : null,
    "dma200" : 95.83,
    "volume" : 844799.00
  }, {
    "date" : "2025-05-09",
    "price" : 82.96,
    "dma50" : 80.26,
    "dma100" : null,
    "dma200" : 95.70,
    "volume" : 1694428.00
  }, {
    "date" : "2025-05-12",
    "price" : 84.16,
    "dma50" : 80.41,
    "dma100" : null,
    "dma200" : 95.59,
    "volume" : 1067955.00
  }, {
    "date" : "2025-05-13",
    "price" : 86.54,
    "dma50" : 80.65,
    "dma100" : null,
    "dma200" : 95.50,
    "volume" : 1332661.00
  }, {
    "date" : "2025-05-14",
    "price" : 86.80,
    "dma50" : 80.89,
    "dma100" : null,
    "dma200" : 95.41,
    "volume" : 698113.00
  }, {
    "date" : "2025-05-15",
    "price" : 86.58,
    "dma50" : 81.11,
    "dma100" : null,
    "dma200" : 95.32,
    "volume" : 1025301.00
  }, {
    "date" : "2025-05-16",
    "price" : 87.67,
    "dma50" : 81.37,
    "dma100" : null,
    "dma200" : 95.25,
    "volume" : 1715040.00
  }, {
    "date" : "2025-05-19",
    "price" : 90.19,
    "dma50" : 81.72,
    "dma100" : null,
    "dma200" : 95.20,
    "volume" : 1753437.00
  }, {
    "date" : "2025-05-20",
    "price" : 88.70,
    "dma50" : 81.99,
    "dma100" : null,
    "dma200" : 95.13,
    "volume" : 1824744.00
  }, {
    "date" : "2025-05-21",
    "price" : 89.87,
    "dma50" : 82.30,
    "dma100" : null,
    "dma200" : 95.08,
    "volume" : 1022765.00
  }, {
    "date" : "2025-05-22",
    "price" : 89.85,
    "dma50" : 82.60,
    "dma100" : null,
    "dma200" : 95.03,
    "volume" : 675312.00
  }, {
    "date" : "2025-05-23",
    "price" : 90.56,
    "dma50" : 82.91,
    "dma100" : null,
    "dma200" : 94.98,
    "volume" : 939698.00
  }, {
    "date" : "2025-05-26",
    "price" : 92.33,
    "dma50" : 83.28,
    "dma100" : null,
    "dma200" : 94.96,
    "volume" : 1019194.00
  }, {
    "date" : "2025-05-27",
    "price" : 92.38,
    "dma50" : 83.63,
    "dma100" : null,
    "dma200" : 94.93,
    "volume" : 958159.00
  }, {
    "date" : "2025-05-28",
    "price" : 93.07,
    "dma50" : 84.00,
    "dma100" : null,
    "dma200" : 94.91,
    "volume" : 882811.00
  }, {
    "date" : "2025-05-29",
    "price" : 92.45,
    "dma50" : 84.34,
    "dma100" : null,
    "dma200" : 94.89,
    "volume" : 667683.00
  }, {
    "date" : "2025-05-30",
    "price" : 92.29,
    "dma50" : 84.65,
    "dma100" : null,
    "dma200" : 94.86,
    "volume" : 840249.00
  }, {
    "date" : "2025-06-02",
    "price" : 89.95,
    "dma50" : 84.86,
    "dma100" : null,
    "dma200" : 94.81,
    "volume" : 1320607.00
  }, {
    "date" : "2025-06-03",
    "price" : 88.65,
    "dma50" : 85.00,
    "dma100" : null,
    "dma200" : 94.75,
    "volume" : 606304.00
  }, {
    "date" : "2025-06-04",
    "price" : 87.96,
    "dma50" : 85.12,
    "dma100" : null,
    "dma200" : 94.69,
    "volume" : 941521.00
  }, {
    "date" : "2025-06-05",
    "price" : 88.43,
    "dma50" : 85.25,
    "dma100" : null,
    "dma200" : 94.62,
    "volume" : 452939.00
  }, {
    "date" : "2025-06-06",
    "price" : 88.80,
    "dma50" : 85.39,
    "dma100" : null,
    "dma200" : 94.57,
    "volume" : 495460.00
  }, {
    "date" : "2025-06-09",
    "price" : 91.76,
    "dma50" : 85.64,
    "dma100" : null,
    "dma200" : 94.54,
    "volume" : 1242393.00
  }, {
    "date" : "2025-06-10",
    "price" : 91.66,
    "dma50" : 85.88,
    "dma100" : null,
    "dma200" : 94.51,
    "volume" : 1226435.00
  }, {
    "date" : "2025-06-11",
    "price" : 91.66,
    "dma50" : 86.10,
    "dma100" : null,
    "dma200" : 94.48,
    "volume" : 1037016.00
  }, {
    "date" : "2025-06-12",
    "price" : 90.11,
    "dma50" : 86.26,
    "dma100" : null,
    "dma200" : 94.44,
    "volume" : 646396.00
  }, {
    "date" : "2025-06-13",
    "price" : 89.05,
    "dma50" : 86.37,
    "dma100" : null,
    "dma200" : 94.38,
    "volume" : 456006.00
  }, {
    "date" : "2025-06-16",
    "price" : 88.51,
    "dma50" : 86.45,
    "dma100" : null,
    "dma200" : 94.33,
    "volume" : 706425.00
  }, {
    "date" : "2025-06-17",
    "price" : 87.44,
    "dma50" : 86.49,
    "dma100" : null,
    "dma200" : 94.26,
    "volume" : 541012.00
  }, {
    "date" : "2025-06-18",
    "price" : 91.90,
    "dma50" : 86.70,
    "dma100" : null,
    "dma200" : 94.23,
    "volume" : 5213823.00
  }, {
    "date" : "2025-06-19",
    "price" : 88.76,
    "dma50" : 86.78,
    "dma100" : null,
    "dma200" : 94.18,
    "volume" : 1682441.00
  }, {
    "date" : "2025-06-20",
    "price" : 89.29,
    "dma50" : 86.88,
    "dma100" : null,
    "dma200" : 94.13,
    "volume" : 702461.00
  }, {
    "date" : "2025-06-23",
    "price" : 89.15,
    "dma50" : 86.97,
    "dma100" : null,
    "dma200" : 94.08,
    "volume" : 516012.00
  }, {
    "date" : "2025-06-24",
    "price" : 90.17,
    "dma50" : 87.10,
    "dma100" : null,
    "dma200" : 94.04,
    "volume" : 982224.00
  }, {
    "date" : "2025-06-25",
    "price" : 94.32,
    "dma50" : 87.38,
    "dma100" : null,
    "dma200" : 94.04,
    "volume" : 3484113.00
  }, {
    "date" : "2025-06-26",
    "price" : 93.99,
    "dma50" : 87.64,
    "dma100" : null,
    "dma200" : 94.04,
    "volume" : 1532304.00
  }, {
    "date" : "2025-06-27",
    "price" : 95.09,
    "dma50" : 87.93,
    "dma100" : null,
    "dma200" : 94.05,
    "volume" : 2744915.00
  }, {
    "date" : "2025-06-30",
    "price" : 94.71,
    "dma50" : 88.20,
    "dma100" : null,
    "dma200" : 94.06,
    "volume" : 1522160.00
  }, {
    "date" : "2025-07-01",
    "price" : 95.20,
    "dma50" : 88.47,
    "dma100" : null,
    "dma200" : 94.07,
    "volume" : 1069695.00
  }, {
    "date" : "2025-07-02",
    "price" : 94.80,
    "dma50" : 88.72,
    "dma100" : null,
    "dma200" : 94.08,
    "volume" : 793871.00
  }, {
    "date" : "2025-07-03",
    "price" : 95.92,
    "dma50" : 89.00,
    "dma100" : null,
    "dma200" : 94.10,
    "volume" : 1245792.00
  }, {
    "date" : "2025-07-04",
    "price" : 94.69,
    "dma50" : 89.23,
    "dma100" : null,
    "dma200" : 94.10,
    "volume" : 890130.00
  }, {
    "date" : "2025-07-07",
    "price" : 93.23,
    "dma50" : 89.38,
    "dma100" : null,
    "dma200" : 94.10,
    "volume" : 828530.00
  }, {
    "date" : "2025-07-08",
    "price" : 93.23,
    "dma50" : 89.53,
    "dma100" : null,
    "dma200" : 94.09,
    "volume" : 686060.00
  }, {
    "date" : "2025-07-09",
    "price" : 95.61,
    "dma50" : 89.77,
    "dma100" : null,
    "dma200" : 94.10,
    "volume" : 2715504.00
  }, {
    "date" : "2025-07-10",
    "price" : 96.29,
    "dma50" : 90.03,
    "dma100" : null,
    "dma200" : 94.12,
    "volume" : 1492270.00
  }, {
    "date" : "2025-07-11",
    "price" : 94.42,
    "dma50" : 90.20,
    "dma100" : null,
    "dma200" : 94.13,
    "volume" : 796457.00
  }, {
    "date" : "2025-07-14",
    "price" : 93.52,
    "dma50" : 90.33,
    "dma100" : null,
    "dma200" : 94.12,
    "volume" : 805626.00
  }, {
    "date" : "2025-07-15",
    "price" : 95.30,
    "dma50" : 90.52,
    "dma100" : null,
    "dma200" : 94.13,
    "volume" : 1304472.00
  }, {
    "date" : "2025-07-16",
    "price" : 96.27,
    "dma50" : 90.75,
    "dma100" : null,
    "dma200" : 94.15,
    "volume" : 918809.00
  }, {
    "date" : "2025-07-17",
    "price" : 96.78,
    "dma50" : 90.99,
    "dma100" : 83.98,
    "dma200" : 94.18,
    "volume" : 2126899.00
  }, {
    "date" : "2025-07-18",
    "price" : 94.58,
    "dma50" : 91.13,
    "dma100" : 84.14,
    "dma200" : 94.18,
    "volume" : 1160880.00
  }, {
    "date" : "2025-07-21",
    "price" : 95.96,
    "dma50" : 91.32,
    "dma100" : 84.32,
    "dma200" : 94.20,
    "volume" : 963757.00
  }, {
    "date" : "2025-07-22",
    "price" : 96.51,
    "dma50" : 91.52,
    "dma100" : 84.52,
    "dma200" : 94.22,
    "volume" : 752564.00
  }, {
    "date" : "2025-07-23",
    "price" : 96.28,
    "dma50" : 91.71,
    "dma100" : 84.72,
    "dma200" : 94.24,
    "volume" : 584085.00
  }, {
    "date" : "2025-07-24",
    "price" : 95.37,
    "dma50" : 91.85,
    "dma100" : 84.91,
    "dma200" : 94.26,
    "volume" : 791265.00
  }, {
    "date" : "2025-07-25",
    "price" : 93.39,
    "dma50" : 91.91,
    "dma100" : 85.09,
    "dma200" : 94.25,
    "volume" : 788784.00
  }, {
    "date" : "2025-07-28",
    "price" : 90.40,
    "dma50" : 91.85,
    "dma100" : 85.29,
    "dma200" : 94.21,
    "volume" : 837322.00
  }, {
    "date" : "2025-07-29",
    "price" : 93.88,
    "dma50" : 91.93,
    "dma100" : 85.51,
    "dma200" : 94.21,
    "volume" : 1438839.00
  }, {
    "date" : "2025-07-30",
    "price" : 93.32,
    "dma50" : 91.99,
    "dma100" : 85.74,
    "dma200" : 94.20,
    "volume" : 768480.00
  }, {
    "date" : "2025-07-31",
    "price" : 91.73,
    "dma50" : 91.98,
    "dma100" : 85.91,
    "dma200" : 94.17,
    "volume" : 499948.00
  }, {
    "date" : "2025-08-01",
    "price" : 90.68,
    "dma50" : 91.93,
    "dma100" : 86.07,
    "dma200" : 94.14,
    "volume" : 574467.00
  }, {
    "date" : "2025-08-04",
    "price" : 90.80,
    "dma50" : 91.88,
    "dma100" : 86.23,
    "dma200" : 94.10,
    "volume" : 526412.00
  }, {
    "date" : "2025-08-05",
    "price" : 90.31,
    "dma50" : 91.82,
    "dma100" : 86.41,
    "dma200" : 94.07,
    "volume" : 465255.00
  }, {
    "date" : "2025-08-06",
    "price" : 89.24,
    "dma50" : 91.72,
    "dma100" : 86.58,
    "dma200" : 94.02,
    "volume" : 339848.00
  }, {
    "date" : "2025-08-07",
    "price" : 89.29,
    "dma50" : 91.62,
    "dma100" : 86.76,
    "dma200" : 93.97,
    "volume" : 469984.00
  }, {
    "date" : "2025-08-08",
    "price" : 88.96,
    "dma50" : 91.52,
    "dma100" : 86.94,
    "dma200" : 93.92,
    "volume" : 365836.00
  }, {
    "date" : "2025-08-11",
    "price" : 89.23,
    "dma50" : 91.43,
    "dma100" : 87.12,
    "dma200" : 93.87,
    "volume" : 347503.00
  }, {
    "date" : "2025-08-12",
    "price" : 90.97,
    "dma50" : 91.41,
    "dma100" : 87.29,
    "dma200" : 93.85,
    "volume" : 491723.00
  }, {
    "date" : "2025-08-13",
    "price" : 90.03,
    "dma50" : 91.36,
    "dma100" : 87.42,
    "dma200" : 93.81,
    "volume" : 412129.00
  }, {
    "date" : "2025-08-14",
    "price" : 90.61,
    "dma50" : 91.33,
    "dma100" : 87.55,
    "dma200" : 93.78,
    "volume" : 1219428.00
  }, {
    "date" : "2025-08-18",
    "price" : 92.96,
    "dma50" : 91.39,
    "dma100" : 87.69,
    "dma200" : 93.77,
    "volume" : 1548886.00
  }, {
    "date" : "2025-08-19",
    "price" : 102.92,
    "dma50" : 91.84,
    "dma100" : 87.93,
    "dma200" : 93.86,
    "volume" : 85219704.00
  }, {
    "date" : "2025-08-20",
    "price" : 106.54,
    "dma50" : 92.42,
    "dma100" : 88.22,
    "dma200" : 93.99,
    "volume" : 45946706.00
  }, {
    "date" : "2025-08-21",
    "price" : 101.55,
    "dma50" : 92.78,
    "dma100" : 88.47,
    "dma200" : 94.06,
    "volume" : 7942705.00
  }, {
    "date" : "2025-08-22",
    "price" : 102.19,
    "dma50" : 93.15,
    "dma100" : 88.73,
    "dma200" : 94.14,
    "volume" : 3138125.00
  }, {
    "date" : "2025-08-25",
    "price" : 102.81,
    "dma50" : 93.53,
    "dma100" : 89.00,
    "dma200" : 94.23,
    "volume" : 5021797.00
  }, {
    "date" : "2025-08-26",
    "price" : 100.72,
    "dma50" : 93.81,
    "dma100" : 89.25,
    "dma200" : 94.29,
    "volume" : 1514265.00
  }, {
    "date" : "2025-08-28",
    "price" : 101.19,
    "dma50" : 94.10,
    "dma100" : 89.51,
    "dma200" : 94.36,
    "volume" : 3195675.00
  }, {
    "date" : "2025-08-29",
    "price" : 103.76,
    "dma50" : 94.48,
    "dma100" : 89.78,
    "dma200" : 94.45,
    "volume" : 6374317.00
  }, {
    "date" : "2025-09-01",
    "price" : 105.94,
    "dma50" : 94.93,
    "dma100" : 90.09,
    "dma200" : 94.57,
    "volume" : 5275555.00
  }, {
    "date" : "2025-09-02",
    "price" : 107.88,
    "dma50" : 95.43,
    "dma100" : 90.45,
    "dma200" : 94.70,
    "volume" : 10571803.00
  }, {
    "date" : "2025-09-03",
    "price" : 108.86,
    "dma50" : 95.96,
    "dma100" : 90.81,
    "dma200" : 94.84,
    "volume" : 2403884.00
  }, {
    "date" : "2025-09-04",
    "price" : 106.06,
    "dma50" : 96.36,
    "dma100" : 91.16,
    "dma200" : 94.95,
    "volume" : 4164613.00
  }, {
    "date" : "2025-09-05",
    "price" : 107.73,
    "dma50" : 96.80,
    "dma100" : 91.51,
    "dma200" : 95.08,
    "volume" : 2399830.00
  }, {
    "date" : "2025-09-08",
    "price" : 106.46,
    "dma50" : 97.18,
    "dma100" : 91.82,
    "dma200" : 95.19,
    "volume" : 1813352.00
  }, {
    "date" : "2025-09-09",
    "price" : 109.90,
    "dma50" : 97.68,
    "dma100" : 92.15,
    "dma200" : 95.34,
    "volume" : 13197644.00
  }, {
    "date" : "2025-09-10",
    "price" : 108.19,
    "dma50" : 98.09,
    "dma100" : 92.46,
    "dma200" : 95.47,
    "volume" : 2549543.00
  }, {
    "date" : "2025-09-11",
    "price" : 107.48,
    "dma50" : 98.46,
    "dma100" : 92.75,
    "dma200" : 95.59,
    "volume" : 1712872.00
  }, {
    "date" : "2025-09-12",
    "price" : 108.04,
    "dma50" : 98.84,
    "dma100" : 92.99,
    "dma200" : 95.71,
    "volume" : 1999255.00
  }, {
    "date" : "2025-09-15",
    "price" : 108.66,
    "dma50" : 99.22,
    "dma100" : 93.23,
    "dma200" : 95.84,
    "volume" : 1713083.00
  }, {
    "date" : "2025-09-16",
    "price" : 108.12,
    "dma50" : 99.57,
    "dma100" : 93.46,
    "dma200" : 95.96,
    "volume" : 1185045.00
  }, {
    "date" : "2025-09-17",
    "price" : 108.88,
    "dma50" : 99.94,
    "dma100" : 93.72,
    "dma200" : 96.09,
    "volume" : 3467256.00
  }, {
    "date" : "2025-09-18",
    "price" : 107.70,
    "dma50" : 100.24,
    "dma100" : 93.97,
    "dma200" : 96.21,
    "volume" : 1389082.00
  }, {
    "date" : "2025-09-19",
    "price" : 107.86,
    "dma50" : 100.54,
    "dma100" : 94.22,
    "dma200" : 96.32,
    "volume" : 1274992.00
  }, {
    "date" : "2025-09-22",
    "price" : 104.73,
    "dma50" : 100.70,
    "dma100" : 94.47,
    "dma200" : 96.41,
    "volume" : 1486026.00
  }, {
    "date" : "2025-09-23",
    "price" : 107.31,
    "dma50" : 100.96,
    "dma100" : 94.74,
    "dma200" : 96.51,
    "volume" : 4303809.00
  }, {
    "date" : "2025-09-24",
    "price" : 105.22,
    "dma50" : 101.13,
    "dma100" : 94.98,
    "dma200" : 96.60,
    "volume" : 1341017.00
  }, {
    "date" : "2025-09-25",
    "price" : 102.57,
    "dma50" : 101.19,
    "dma100" : 95.19,
    "dma200" : 96.66,
    "volume" : 1297380.00
  }, {
    "date" : "2025-09-26",
    "price" : 103.19,
    "dma50" : 101.26,
    "dma100" : 95.41,
    "dma200" : 96.73,
    "volume" : 2331410.00
  }, {
    "date" : "2025-09-29",
    "price" : 101.88,
    "dma50" : 101.29,
    "dma100" : 95.62,
    "dma200" : 96.78,
    "volume" : 914872.00
  }, {
    "date" : "2025-09-30",
    "price" : 100.63,
    "dma50" : 101.26,
    "dma100" : 95.80,
    "dma200" : 96.82,
    "volume" : 1214607.00
  }, {
    "date" : "2025-10-01",
    "price" : 100.92,
    "dma50" : 101.25,
    "dma100" : 95.96,
    "dma200" : 96.86,
    "volume" : 897257.00
  }, {
    "date" : "2025-10-03",
    "price" : 101.48,
    "dma50" : 101.26,
    "dma100" : 96.11,
    "dma200" : 96.90,
    "volume" : 901447.00
  }, {
    "date" : "2025-10-06",
    "price" : 99.29,
    "dma50" : 101.18,
    "dma100" : 96.24,
    "dma200" : 96.93,
    "volume" : 1063975.00
  }, {
    "date" : "2025-10-07",
    "price" : 98.08,
    "dma50" : 101.06,
    "dma100" : 96.35,
    "dma200" : 96.94,
    "volume" : 907150.00
  }, {
    "date" : "2025-10-08",
    "price" : 96.95,
    "dma50" : 100.90,
    "dma100" : 96.44,
    "dma200" : 96.94,
    "volume" : 1020836.00
  }, {
    "date" : "2025-10-09",
    "price" : 96.74,
    "dma50" : 100.74,
    "dma100" : 96.51,
    "dma200" : 96.94,
    "volume" : 983260.00
  }, {
    "date" : "2025-10-10",
    "price" : 97.23,
    "dma50" : 100.60,
    "dma100" : 96.60,
    "dma200" : 96.94,
    "volume" : 572101.00
  }, {
    "date" : "2025-10-13",
    "price" : 96.71,
    "dma50" : 100.45,
    "dma100" : 96.66,
    "dma200" : 96.94,
    "volume" : 641177.00
  }, {
    "date" : "2025-10-14",
    "price" : 94.00,
    "dma50" : 100.19,
    "dma100" : 96.71,
    "dma200" : 96.91,
    "volume" : 917664.00
  }, {
    "date" : "2025-10-15",
    "price" : 95.14,
    "dma50" : 99.99,
    "dma100" : 96.75,
    "dma200" : 96.89,
    "volume" : 643108.00
  }, {
    "date" : "2025-10-16",
    "price" : 95.19,
    "dma50" : 99.81,
    "dma100" : 96.78,
    "dma200" : 96.87,
    "volume" : 566638.00
  }, {
    "date" : "2025-10-17",
    "price" : 93.51,
    "dma50" : 99.56,
    "dma100" : 96.79,
    "dma200" : 96.84,
    "volume" : 627938.00
  }, {
    "date" : "2025-10-20",
    "price" : 94.96,
    "dma50" : 99.38,
    "dma100" : 96.81,
    "dma200" : 96.82,
    "volume" : 839110.00
  }, {
    "date" : "2025-10-21",
    "price" : 96.12,
    "dma50" : 99.25,
    "dma100" : 96.85,
    "dma200" : 96.81,
    "volume" : 212961.00
  }, {
    "date" : "2025-10-23",
    "price" : 95.16,
    "dma50" : 99.09,
    "dma100" : 96.88,
    "dma200" : 96.80,
    "volume" : 464120.00
  }, {
    "date" : "2025-10-24",
    "price" : 94.44,
    "dma50" : 98.91,
    "dma100" : 96.92,
    "dma200" : 96.77,
    "volume" : 348385.00
  }, {
    "date" : "2025-10-27",
    "price" : 94.74,
    "dma50" : 98.74,
    "dma100" : 96.98,
    "dma200" : 96.75,
    "volume" : 566950.00
  }, {
    "date" : "2025-10-28",
    "price" : 95.05,
    "dma50" : 98.60,
    "dma100" : 97.05,
    "dma200" : 96.74,
    "volume" : 488750.00
  }, {
    "date" : "2025-10-29",
    "price" : 96.18,
    "dma50" : 98.50,
    "dma100" : 97.13,
    "dma200" : 96.73,
    "volume" : 471568.00
  }, {
    "date" : "2025-10-30",
    "price" : 95.13,
    "dma50" : 98.37,
    "dma100" : 97.19,
    "dma200" : 96.71,
    "volume" : 470258.00
  }, {
    "date" : "2025-10-31",
    "price" : 94.56,
    "dma50" : 98.22,
    "dma100" : 97.22,
    "dma200" : 96.69,
    "volume" : 334365.00
  }, {
    "date" : "2025-11-03",
    "price" : 94.01,
    "dma50" : 98.06,
    "dma100" : 97.24,
    "dma200" : 96.67,
    "volume" : 341802.00
  }, {
    "date" : "2025-11-04",
    "price" : 93.26,
    "dma50" : 97.87,
    "dma100" : 97.26,
    "dma200" : 96.63,
    "volume" : 480880.00
  }, {
    "date" : "2025-11-06",
    "price" : 91.21,
    "dma50" : 97.61,
    "dma100" : 97.27,
    "dma200" : 96.58,
    "volume" : 648246.00
  }, {
    "date" : "2025-11-07",
    "price" : 93.40,
    "dma50" : 97.44,
    "dma100" : 97.32,
    "dma200" : 96.55,
    "volume" : 1701684.00
  }, {
    "date" : "2025-11-10",
    "price" : 95.66,
    "dma50" : 97.37,
    "dma100" : 97.39,
    "dma200" : 96.54,
    "volume" : 787001.00
  }, {
    "date" : "2025-11-11",
    "price" : 98.05,
    "dma50" : 97.40,
    "dma100" : 97.49,
    "dma200" : 96.55,
    "volume" : 1212067.00
  }, {
    "date" : "2025-11-12",
    "price" : 102.83,
    "dma50" : 97.61,
    "dma100" : 97.60,
    "dma200" : 96.62,
    "volume" : 4364278.00
  }, {
    "date" : "2025-11-13",
    "price" : 105.19,
    "dma50" : 97.91,
    "dma100" : 97.77,
    "dma200" : 96.70,
    "volume" : 4180964.00
  }, {
    "date" : "2025-11-14",
    "price" : 109.10,
    "dma50" : 98.35,
    "dma100" : 97.96,
    "dma200" : 96.82,
    "volume" : 4161980.00
  }, {
    "date" : "2025-11-17",
    "price" : 110.34,
    "dma50" : 98.82,
    "dma100" : 98.18,
    "dma200" : 96.96,
    "volume" : 2970107.00
  }, {
    "date" : "2025-11-18",
    "price" : 109.54,
    "dma50" : 99.24,
    "dma100" : 98.37,
    "dma200" : 97.08,
    "volume" : 1951987.00
  }, {
    "date" : "2025-11-19",
    "price" : 110.03,
    "dma50" : 99.66,
    "dma100" : 98.53,
    "dma200" : 97.21,
    "volume" : 1649905.00
  }, {
    "date" : "2025-11-20",
    "price" : 109.94,
    "dma50" : 100.07,
    "dma100" : 98.69,
    "dma200" : 97.34,
    "volume" : 1479840.00
  }, {
    "date" : "2025-11-21",
    "price" : 105.57,
    "dma50" : 100.28,
    "dma100" : 98.79,
    "dma200" : 97.42,
    "volume" : 1121852.00
  }, {
    "date" : "2025-11-24",
    "price" : 104.17,
    "dma50" : 100.43,
    "dma100" : 98.89,
    "dma200" : 97.49,
    "volume" : 765286.00
  }, {
    "date" : "2025-11-25",
    "price" : 104.00,
    "dma50" : 100.57,
    "dma100" : 98.97,
    "dma200" : 97.55,
    "volume" : 560742.00
  }, {
    "date" : "2025-11-26",
    "price" : 109.57,
    "dma50" : 100.93,
    "dma100" : 99.12,
    "dma200" : 97.67,
    "volume" : 2644386.00
  }, {
    "date" : "2025-11-27",
    "price" : 114.25,
    "dma50" : 101.45,
    "dma100" : 99.31,
    "dma200" : 97.84,
    "volume" : 9339100.00
  }, {
    "date" : "2025-11-28",
    "price" : 114.57,
    "dma50" : 101.96,
    "dma100" : 99.50,
    "dma200" : 98.00,
    "volume" : 5516834.00
  }, {
    "date" : "2025-12-01",
    "price" : 116.74,
    "dma50" : 102.54,
    "dma100" : 99.74,
    "dma200" : 98.19,
    "volume" : 2897652.00
  }, {
    "date" : "2025-12-02",
    "price" : 122.38,
    "dma50" : 103.32,
    "dma100" : 100.03,
    "dma200" : 98.43,
    "volume" : 13025313.00
  }, {
    "date" : "2025-12-03",
    "price" : 121.69,
    "dma50" : 104.04,
    "dma100" : 100.29,
    "dma200" : 98.66,
    "volume" : 5279982.00
  }, {
    "date" : "2025-12-04",
    "price" : 122.78,
    "dma50" : 104.78,
    "dma100" : 100.56,
    "dma200" : 98.90,
    "volume" : 4175210.00
  }, {
    "date" : "2025-12-05",
    "price" : 122.10,
    "dma50" : 105.46,
    "dma100" : 100.83,
    "dma200" : 99.13,
    "volume" : 1988053.00
  }, {
    "date" : "2025-12-08",
    "price" : 116.84,
    "dma50" : 105.90,
    "dma100" : 101.07,
    "dma200" : 99.31,
    "volume" : 2450083.00
  }, {
    "date" : "2025-12-09",
    "price" : 122.47,
    "dma50" : 106.55,
    "dma100" : 101.34,
    "dma200" : 99.54,
    "volume" : 11291018.00
  }, {
    "date" : "2025-12-10",
    "price" : 122.62,
    "dma50" : 107.18,
    "dma100" : 101.60,
    "dma200" : 99.77,
    "volume" : 2751690.00
  }, {
    "date" : "2025-12-11",
    "price" : 125.53,
    "dma50" : 107.90,
    "dma100" : 101.89,
    "dma200" : 100.03,
    "volume" : 5280887.00
  }, {
    "date" : "2025-12-12",
    "price" : 124.79,
    "dma50" : 108.56,
    "dma100" : 102.19,
    "dma200" : 100.27,
    "volume" : 5323528.00
  }, {
    "date" : "2025-12-15",
    "price" : 126.38,
    "dma50" : 109.26,
    "dma100" : 102.50,
    "dma200" : 100.53,
    "volume" : 2412136.00
  }, {
    "date" : "2025-12-16",
    "price" : 127.60,
    "dma50" : 109.98,
    "dma100" : 102.81,
    "dma200" : 100.80,
    "volume" : 5231988.00
  }, {
    "date" : "2025-12-17",
    "price" : 128.23,
    "dma50" : 110.70,
    "dma100" : 103.13,
    "dma200" : 101.07,
    "volume" : 3295981.00
  }, {
    "date" : "2025-12-18",
    "price" : 125.60,
    "dma50" : 111.28,
    "dma100" : 103.43,
    "dma200" : 101.32,
    "volume" : 3350744.00
  }, {
    "date" : "2025-12-19",
    "price" : 125.90,
    "dma50" : 111.85,
    "dma100" : 103.75,
    "dma200" : 101.56,
    "volume" : 2422537.00
  }, {
    "date" : "2025-12-22",
    "price" : 127.21,
    "dma50" : 112.46,
    "dma100" : 104.12,
    "dma200" : 101.82,
    "volume" : 2208026.00
  }, {
    "date" : "2025-12-23",
    "price" : 128.86,
    "dma50" : 113.10,
    "dma100" : 104.47,
    "dma200" : 102.09,
    "volume" : 2275516.00
  }, {
    "date" : "2025-12-24",
    "price" : 126.06,
    "dma50" : 113.61,
    "dma100" : 104.80,
    "dma200" : 102.33,
    "volume" : 1606443.00
  }, {
    "date" : "2025-12-26",
    "price" : 125.87,
    "dma50" : 114.09,
    "dma100" : 105.14,
    "dma200" : 102.56,
    "volume" : 2055006.00
  }, {
    "date" : "2025-12-29",
    "price" : 124.72,
    "dma50" : 114.51,
    "dma100" : 105.48,
    "dma200" : 102.78,
    "volume" : 1514838.00
  }, {
    "date" : "2025-12-30",
    "price" : 124.47,
    "dma50" : 114.90,
    "dma100" : 105.82,
    "dma200" : 103.00,
    "volume" : 1122451.00
  }, {
    "date" : "2025-12-31",
    "price" : 126.58,
    "dma50" : 115.36,
    "dma100" : 106.18,
    "dma200" : 103.23,
    "volume" : 1662356.00
  }, {
    "date" : "2026-01-01",
    "price" : 126.52,
    "dma50" : 115.79,
    "dma100" : 106.55,
    "dma200" : 103.46,
    "volume" : 1718651.00
  }, {
    "date" : "2026-01-02",
    "price" : 132.57,
    "dma50" : 116.45,
    "dma100" : 106.99,
    "dma200" : 103.75,
    "volume" : 10438878.00
  }, {
    "date" : "2026-01-05",
    "price" : 133.79,
    "dma50" : 117.13,
    "dma100" : 107.43,
    "dma200" : 104.05,
    "volume" : 4480759.00
  }, {
    "date" : "2026-01-06",
    "price" : 135.63,
    "dma50" : 117.86,
    "dma100" : 107.90,
    "dma200" : 104.37,
    "volume" : 3115633.00
  }, {
    "date" : "2026-01-07",
    "price" : 132.13,
    "dma50" : 118.42,
    "dma100" : 108.31,
    "dma200" : 104.64,
    "volume" : 2937156.00
  }, {
    "date" : "2026-01-08",
    "price" : 128.31,
    "dma50" : 118.80,
    "dma100" : 108.69,
    "dma200" : 104.88,
    "volume" : 2297452.00
  }, {
    "date" : "2026-01-09",
    "price" : 128.49,
    "dma50" : 119.18,
    "dma100" : 109.07,
    "dma200" : 105.11,
    "volume" : 3377908.00
  }, {
    "date" : "2026-01-12",
    "price" : 126.01,
    "dma50" : 119.45,
    "dma100" : 109.40,
    "dma200" : 105.32,
    "volume" : 2452016.00
  }, {
    "date" : "2026-01-13",
    "price" : 133.52,
    "dma50" : 120.00,
    "dma100" : 109.71,
    "dma200" : 105.60,
    "volume" : 5076076.00
  }, {
    "date" : "2026-01-14",
    "price" : 126.68,
    "dma50" : 120.27,
    "dma100" : 109.91,
    "dma200" : 105.81,
    "volume" : 2655769.00
  }, {
    "date" : "2026-01-16",
    "price" : 127.89,
    "dma50" : 120.56,
    "dma100" : 110.17,
    "dma200" : 106.03,
    "volume" : 3002146.00
  }, {
    "date" : "2026-01-19",
    "price" : 122.26,
    "dma50" : 120.63,
    "dma100" : 110.37,
    "dma200" : 106.19,
    "volume" : 2028945.00
  }, {
    "date" : "2026-01-20",
    "price" : 116.99,
    "dma50" : 120.49,
    "dma100" : 110.51,
    "dma200" : 106.30,
    "volume" : 2108034.00
  }, {
    "date" : "2026-01-21",
    "price" : 116.28,
    "dma50" : 120.32,
    "dma100" : 110.67,
    "dma200" : 106.40,
    "volume" : 2494432.00
  }, {
    "date" : "2026-01-22",
    "price" : 119.36,
    "dma50" : 120.29,
    "dma100" : 110.85,
    "dma200" : 106.53,
    "volume" : 1407958.00
  }, {
    "date" : "2026-01-23",
    "price" : 116.43,
    "dma50" : 120.13,
    "dma100" : 110.98,
    "dma200" : 106.63,
    "volume" : 1317794.00
  }, {
    "date" : "2026-01-27",
    "price" : 115.88,
    "dma50" : 119.97,
    "dma100" : 111.08,
    "dma200" : 106.72,
    "volume" : 1557381.00
  }, {
    "date" : "2026-01-28",
    "price" : 120.73,
    "dma50" : 120.00,
    "dma100" : 111.21,
    "dma200" : 106.86,
    "volume" : 1031208.00
  }, {
    "date" : "2026-01-29",
    "price" : 117.31,
    "dma50" : 119.89,
    "dma100" : 111.29,
    "dma200" : 106.96,
    "volume" : 904664.00
  }, {
    "date" : "2026-01-30",
    "price" : 124.36,
    "dma50" : 120.07,
    "dma100" : 111.47,
    "dma200" : 107.13,
    "volume" : 5558729.00
  }, {
    "date" : "2026-02-01",
    "price" : 125.96,
    "dma50" : 120.30,
    "dma100" : 111.66,
    "dma200" : 107.32,
    "volume" : 1688862.00
  }, {
    "date" : "2026-02-02",
    "price" : 122.00,
    "dma50" : 120.36,
    "dma100" : 111.81,
    "dma200" : 107.47,
    "volume" : 1433477.00
  }, {
    "date" : "2026-02-03",
    "price" : 126.46,
    "dma50" : 120.60,
    "dma100" : 111.98,
    "dma200" : 107.66,
    "volume" : 2041969.00
  }, {
    "date" : "2026-02-04",
    "price" : 130.23,
    "dma50" : 120.98,
    "dma100" : 112.20,
    "dma200" : 107.88,
    "volume" : 3292233.00
  }, {
    "date" : "2026-02-05",
    "price" : 130.42,
    "dma50" : 121.35,
    "dma100" : 112.43,
    "dma200" : 108.11,
    "volume" : 1605649.00
  }, {
    "date" : "2026-02-06",
    "price" : 127.10,
    "dma50" : 121.58,
    "dma100" : 112.62,
    "dma200" : 108.30,
    "volume" : 1372302.00
  }, {
    "date" : "2026-02-09",
    "price" : 135.14,
    "dma50" : 122.11,
    "dma100" : 112.88,
    "dma200" : 108.56,
    "volume" : 4406108.00
  }, {
    "date" : "2026-02-10",
    "price" : 134.61,
    "dma50" : 122.60,
    "dma100" : 113.15,
    "dma200" : 108.82,
    "volume" : 2288455.00
  }, {
    "date" : "2026-02-11",
    "price" : 136.26,
    "dma50" : 123.13,
    "dma100" : 113.42,
    "dma200" : 109.09,
    "volume" : 4702380.00
  }, {
    "date" : "2026-02-12",
    "price" : 136.98,
    "dma50" : 123.68,
    "dma100" : 113.71,
    "dma200" : 109.37,
    "volume" : 5516759.00
  }, {
    "date" : "2026-02-13",
    "price" : 135.38,
    "dma50" : 124.14,
    "dma100" : 113.99,
    "dma200" : 109.63,
    "volume" : 28176998.00
  }, {
    "date" : "2026-02-16",
    "price" : 145.18,
    "dma50" : 124.96,
    "dma100" : 114.39,
    "dma200" : 109.98,
    "volume" : 39520536.00
  }, {
    "date" : "2026-02-17",
    "price" : 147.79,
    "dma50" : 125.86,
    "dma100" : 114.80,
    "dma200" : 110.36,
    "volume" : 9870485.00
  } ],
  "latestTechnicalAttributes" : {
    "date" : "2026-02-17",
    "price" : 147.79,
    "dma50" : 125.86,
    "dma100" : 114.80,
    "dma200" : 110.36,
    "volume" : 9870485.00
  },
  "quarterlyResults" : [ {
    "date" : "2005-03-31",
    "sales" : 51.47,
    "salesGrowthYoY" : null,
    "grossProfitMargin" : 29.65,
    "grossProfit" : 15.26,
    "operatingProfitMargin" : 12.10,
    "operatingProfit" : 6.23,
    "netProfitMargin" : 3.75,
    "netProfit" : 1.93
  }, {
    "date" : "2005-06-30",
    "sales" : 40.30,
    "salesGrowthYoY" : null,
    "grossProfitMargin" : 29.03,
    "grossProfit" : 11.70,
    "operatingProfitMargin" : 8.41,
    "operatingProfit" : 3.39,
    "netProfitMargin" : 0.22,
    "netProfit" : 0.09
  }, {
    "date" : "2005-09-30",
    "sales" : 44.96,
    "salesGrowthYoY" : null,
    "grossProfitMargin" : 28.69,
    "grossProfit" : 12.90,
    "operatingProfitMargin" : 9.39,
    "operatingProfit" : 4.22,
    "netProfitMargin" : 2.18,
    "netProfit" : 0.98
  }, {
    "date" : "2005-12-31",
    "sales" : 44.74,
    "salesGrowthYoY" : null,
    "grossProfitMargin" : 29.84,
    "grossProfit" : 13.35,
    "operatingProfitMargin" : 11.15,
    "operatingProfit" : 4.99,
    "netProfitMargin" : 3.73,
    "netProfit" : 1.67
  }, {
    "date" : "2006-03-31",
    "sales" : 51.31,
    "salesGrowthYoY" : -0.31,
    "grossProfitMargin" : 29.88,
    "grossProfit" : 15.33,
    "operatingProfitMargin" : 10.08,
    "operatingProfit" : 5.17,
    "netProfitMargin" : 3.63,
    "netProfit" : 1.86
  }, {
    "date" : "2006-06-30",
    "sales" : 54.20,
    "salesGrowthYoY" : 34.49,
    "grossProfitMargin" : 30.17,
    "grossProfit" : 16.35,
    "operatingProfitMargin" : 10.13,
    "operatingProfit" : 5.49,
    "netProfitMargin" : 4.28,
    "netProfit" : 2.32
  }, {
    "date" : "2006-09-30",
    "sales" : 62.99,
    "salesGrowthYoY" : 40.10,
    "grossProfitMargin" : 31.10,
    "grossProfit" : 19.59,
    "operatingProfitMargin" : 10.57,
    "operatingProfit" : 6.66,
    "netProfitMargin" : 4.35,
    "netProfit" : 2.74
  }, {
    "date" : "2006-12-31",
    "sales" : 75.64,
    "salesGrowthYoY" : 69.07,
    "grossProfitMargin" : 31.72,
    "grossProfit" : 23.99,
    "operatingProfitMargin" : 9.47,
    "operatingProfit" : 7.16,
    "netProfitMargin" : 5.46,
    "netProfit" : 4.13
  }, {
    "date" : "2007-03-31",
    "sales" : 86.59,
    "salesGrowthYoY" : 68.76,
    "grossProfitMargin" : 31.52,
    "grossProfit" : 27.29,
    "operatingProfitMargin" : -3.49,
    "operatingProfit" : -3.02,
    "netProfitMargin" : -8.78,
    "netProfit" : -7.60
  }, {
    "date" : "2007-06-30",
    "sales" : 70.90,
    "salesGrowthYoY" : 30.81,
    "grossProfitMargin" : 33.20,
    "grossProfit" : 23.54,
    "operatingProfitMargin" : 11.59,
    "operatingProfit" : 8.22,
    "netProfitMargin" : 4.50,
    "netProfit" : 3.19
  }, {
    "date" : "2007-09-30",
    "sales" : 69.77,
    "salesGrowthYoY" : 10.76,
    "grossProfitMargin" : 34.47,
    "grossProfit" : 24.05,
    "operatingProfitMargin" : 11.22,
    "operatingProfit" : 7.83,
    "netProfitMargin" : 4.74,
    "netProfit" : 3.31
  }, {
    "date" : "2007-12-31",
    "sales" : 134.88,
    "salesGrowthYoY" : 78.32,
    "grossProfitMargin" : 34.65,
    "grossProfit" : 46.74,
    "operatingProfitMargin" : 10.91,
    "operatingProfit" : 14.72,
    "netProfitMargin" : 3.37,
    "netProfit" : 4.55
  }, {
    "date" : "2008-03-31",
    "sales" : 161.58,
    "salesGrowthYoY" : 86.60,
    "grossProfitMargin" : 35.41,
    "grossProfit" : 57.22,
    "operatingProfitMargin" : 12.12,
    "operatingProfit" : 19.58,
    "netProfitMargin" : 4.74,
    "netProfit" : 7.66
  }, {
    "date" : "2008-06-30",
    "sales" : 160.65,
    "salesGrowthYoY" : 126.59,
    "grossProfitMargin" : 32.75,
    "grossProfit" : 52.61,
    "operatingProfitMargin" : 10.38,
    "operatingProfit" : 16.68,
    "netProfitMargin" : 2.12,
    "netProfit" : 3.41
  }, {
    "date" : "2008-09-30",
    "sales" : 138.08,
    "salesGrowthYoY" : 97.91,
    "grossProfitMargin" : 29.72,
    "grossProfit" : 41.04,
    "operatingProfitMargin" : 7.50,
    "operatingProfit" : 10.36,
    "netProfitMargin" : 0.71,
    "netProfit" : 0.98
  }, {
    "date" : "2008-12-31",
    "sales" : 70.62,
    "salesGrowthYoY" : -47.64,
    "grossProfitMargin" : 21.91,
    "grossProfit" : 15.47,
    "operatingProfitMargin" : -4.72,
    "operatingProfit" : -3.33,
    "netProfitMargin" : -14.00,
    "netProfit" : -9.89
  }, {
    "date" : "2009-03-31",
    "sales" : 94.91,
    "salesGrowthYoY" : -41.26,
    "grossProfitMargin" : 16.14,
    "grossProfit" : 15.32,
    "operatingProfitMargin" : -7.26,
    "operatingProfit" : -6.89,
    "netProfitMargin" : -13.20,
    "netProfit" : -12.53
  }, {
    "date" : "2009-06-30",
    "sales" : 92.94,
    "salesGrowthYoY" : -42.15,
    "grossProfitMargin" : 25.94,
    "grossProfit" : 24.11,
    "operatingProfitMargin" : 6.17,
    "operatingProfit" : 5.73,
    "netProfitMargin" : -2.36,
    "netProfit" : -2.19
  }, {
    "date" : "2009-09-30",
    "sales" : 138.59,
    "salesGrowthYoY" : 0.37,
    "grossProfitMargin" : 26.82,
    "grossProfit" : 37.17,
    "operatingProfitMargin" : 7.17,
    "operatingProfit" : 9.94,
    "netProfitMargin" : 1.05,
    "netProfit" : 1.46
  }, {
    "date" : "2009-12-31",
    "sales" : 145.09,
    "salesGrowthYoY" : 105.45,
    "grossProfitMargin" : 27.65,
    "grossProfit" : 40.12,
    "operatingProfitMargin" : 7.66,
    "operatingProfit" : 11.11,
    "netProfitMargin" : 3.16,
    "netProfit" : 4.58
  }, {
    "date" : "2010-03-31",
    "sales" : 181.15,
    "salesGrowthYoY" : 90.87,
    "grossProfitMargin" : 22.62,
    "grossProfit" : 40.98,
    "operatingProfitMargin" : 9.24,
    "operatingProfit" : 16.74,
    "netProfitMargin" : 6.36,
    "netProfit" : 11.52
  }, {
    "date" : "2010-06-30",
    "sales" : 172.27,
    "salesGrowthYoY" : 85.36,
    "grossProfitMargin" : 29.75,
    "grossProfit" : 51.25,
    "operatingProfitMargin" : 10.44,
    "operatingProfit" : 17.98,
    "netProfitMargin" : 3.33,
    "netProfit" : 5.74
  }, {
    "date" : "2010-09-30",
    "sales" : 195.64,
    "salesGrowthYoY" : 41.16,
    "grossProfitMargin" : 26.88,
    "grossProfit" : 52.59,
    "operatingProfitMargin" : 9.70,
    "operatingProfit" : 18.98,
    "netProfitMargin" : 7.08,
    "netProfit" : 13.85
  }, {
    "date" : "2010-12-31",
    "sales" : 200.73,
    "salesGrowthYoY" : 38.35,
    "grossProfitMargin" : 26.59,
    "grossProfit" : 53.37,
    "operatingProfitMargin" : 8.60,
    "operatingProfit" : 17.26,
    "netProfitMargin" : 1.56,
    "netProfit" : 3.13
  }, {
    "date" : "2011-03-31",
    "sales" : 242.31,
    "salesGrowthYoY" : 33.76,
    "grossProfitMargin" : 20.49,
    "grossProfit" : 49.65,
    "operatingProfitMargin" : 7.64,
    "operatingProfit" : 18.51,
    "netProfitMargin" : 4.37,
    "netProfit" : 10.59
  }, {
    "date" : "2011-06-30",
    "sales" : 210.08,
    "salesGrowthYoY" : 21.95,
    "grossProfitMargin" : 19.35,
    "grossProfit" : 40.65,
    "operatingProfitMargin" : 8.43,
    "operatingProfit" : 17.71,
    "netProfitMargin" : 2.86,
    "netProfit" : 6.01
  }, {
    "date" : "2011-09-30",
    "sales" : 221.82,
    "salesGrowthYoY" : 13.38,
    "grossProfitMargin" : 21.33,
    "grossProfit" : 47.31,
    "operatingProfitMargin" : 6.52,
    "operatingProfit" : 14.46,
    "netProfitMargin" : 8.94,
    "netProfit" : 19.83
  }, {
    "date" : "2011-12-31",
    "sales" : 231.08,
    "salesGrowthYoY" : 15.12,
    "grossProfitMargin" : 20.83,
    "grossProfit" : 48.13,
    "operatingProfitMargin" : 6.03,
    "operatingProfit" : 13.93,
    "netProfitMargin" : 3.28,
    "netProfit" : 7.58
  }, {
    "date" : "2012-03-31",
    "sales" : 292.85,
    "salesGrowthYoY" : 20.86,
    "grossProfitMargin" : 21.39,
    "grossProfit" : 62.64,
    "operatingProfitMargin" : 6.34,
    "operatingProfit" : 18.57,
    "netProfitMargin" : 3.95,
    "netProfit" : 11.57
  }, {
    "date" : "2012-06-30",
    "sales" : 213.44,
    "salesGrowthYoY" : 1.60,
    "grossProfitMargin" : 25.72,
    "grossProfit" : 54.90,
    "operatingProfitMargin" : 8.51,
    "operatingProfit" : 18.16,
    "netProfitMargin" : 4.74,
    "netProfit" : 10.12
  }, {
    "date" : "2012-09-30",
    "sales" : 232.19,
    "salesGrowthYoY" : 4.67,
    "grossProfitMargin" : 21.86,
    "grossProfit" : 50.76,
    "operatingProfitMargin" : 7.28,
    "operatingProfit" : 16.90,
    "netProfitMargin" : 4.48,
    "netProfit" : 10.40
  }, {
    "date" : "2012-12-31",
    "sales" : 189.45,
    "salesGrowthYoY" : -18.02,
    "grossProfitMargin" : 21.30,
    "grossProfit" : 40.35,
    "operatingProfitMargin" : 5.26,
    "operatingProfit" : 9.97,
    "netProfitMargin" : 1.67,
    "netProfit" : 3.16
  }, {
    "date" : "2013-03-31",
    "sales" : 205.15,
    "salesGrowthYoY" : -29.95,
    "grossProfitMargin" : 21.94,
    "grossProfit" : 45.01,
    "operatingProfitMargin" : 6.45,
    "operatingProfit" : 13.23,
    "netProfitMargin" : 2.67,
    "netProfit" : 5.48
  }, {
    "date" : "2013-06-30",
    "sales" : 198.58,
    "salesGrowthYoY" : -6.96,
    "grossProfitMargin" : 25.18,
    "grossProfit" : 50.00,
    "operatingProfitMargin" : 7.57,
    "operatingProfit" : 15.03,
    "netProfitMargin" : 2.76,
    "netProfit" : 5.48
  }, {
    "date" : "2013-09-30",
    "sales" : 157.13,
    "salesGrowthYoY" : -32.33,
    "grossProfitMargin" : 22.01,
    "grossProfit" : 34.58,
    "operatingProfitMargin" : 2.97,
    "operatingProfit" : 4.67,
    "netProfitMargin" : -0.43,
    "netProfit" : -0.68
  }, {
    "date" : "2013-12-31",
    "sales" : 146.02,
    "salesGrowthYoY" : -22.92,
    "grossProfitMargin" : 15.90,
    "grossProfit" : 23.22,
    "operatingProfitMargin" : -1.84,
    "operatingProfit" : -2.69,
    "netProfitMargin" : -5.10,
    "netProfit" : -7.45
  }, {
    "date" : "2014-03-31",
    "sales" : 215.34,
    "salesGrowthYoY" : 4.97,
    "grossProfitMargin" : 18.64,
    "grossProfit" : 40.14,
    "operatingProfitMargin" : 5.03,
    "operatingProfit" : 10.83,
    "netProfitMargin" : 1.33,
    "netProfit" : 2.86
  }, {
    "date" : "2014-06-30",
    "sales" : 210.08,
    "salesGrowthYoY" : 5.79,
    "grossProfitMargin" : 20.92,
    "grossProfit" : 43.95,
    "operatingProfitMargin" : 5.37,
    "operatingProfit" : 11.28,
    "netProfitMargin" : 2.48,
    "netProfit" : 5.21
  }, {
    "date" : "2014-09-30",
    "sales" : 233.03,
    "salesGrowthYoY" : 48.30,
    "grossProfitMargin" : 20.19,
    "grossProfit" : 47.05,
    "operatingProfitMargin" : 4.10,
    "operatingProfit" : 9.55,
    "netProfitMargin" : 1.45,
    "netProfit" : 3.38
  }, {
    "date" : "2014-12-31",
    "sales" : 234.17,
    "salesGrowthYoY" : 60.37,
    "grossProfitMargin" : 22.12,
    "grossProfit" : 51.80,
    "operatingProfitMargin" : 6.24,
    "operatingProfit" : 14.61,
    "netProfitMargin" : 2.43,
    "netProfit" : 5.69
  }, {
    "date" : "2015-03-31",
    "sales" : 301.92,
    "salesGrowthYoY" : 40.21,
    "grossProfitMargin" : 19.33,
    "grossProfit" : 58.36,
    "operatingProfitMargin" : 8.66,
    "operatingProfit" : 26.15,
    "netProfitMargin" : 5.02,
    "netProfit" : 15.16
  }, {
    "date" : "2015-06-30",
    "sales" : 254.22,
    "salesGrowthYoY" : 21.01,
    "grossProfitMargin" : 23.31,
    "grossProfit" : 59.26,
    "operatingProfitMargin" : 6.84,
    "operatingProfit" : 17.39,
    "netProfitMargin" : 5.48,
    "netProfit" : 13.93
  }, {
    "date" : "2015-09-30",
    "sales" : 275.37,
    "salesGrowthYoY" : 18.17,
    "grossProfitMargin" : 25.50,
    "grossProfit" : 70.22,
    "operatingProfitMargin" : 8.45,
    "operatingProfit" : 23.27,
    "netProfitMargin" : 5.54,
    "netProfit" : 15.26
  }, {
    "date" : "2015-12-31",
    "sales" : 241.26,
    "salesGrowthYoY" : 3.03,
    "grossProfitMargin" : 31.72,
    "grossProfit" : 76.53,
    "operatingProfitMargin" : 9.26,
    "operatingProfit" : 22.34,
    "netProfitMargin" : 6.21,
    "netProfit" : 14.98
  }, {
    "date" : "2016-03-31",
    "sales" : 320.70,
    "salesGrowthYoY" : 6.22,
    "grossProfitMargin" : 32.89,
    "grossProfit" : 105.48,
    "operatingProfitMargin" : 14.24,
    "operatingProfit" : 45.67,
    "netProfitMargin" : 8.77,
    "netProfit" : 28.13
  }, {
    "date" : "2016-06-30",
    "sales" : 292.94,
    "salesGrowthYoY" : 15.23,
    "grossProfitMargin" : 33.66,
    "grossProfit" : 98.60,
    "operatingProfitMargin" : 14.92,
    "operatingProfit" : 43.71,
    "netProfitMargin" : 9.26,
    "netProfit" : 27.13
  }, {
    "date" : "2016-09-30",
    "sales" : 245.59,
    "salesGrowthYoY" : -10.81,
    "grossProfitMargin" : 36.06,
    "grossProfit" : 88.56,
    "operatingProfitMargin" : 12.38,
    "operatingProfit" : 30.40,
    "netProfitMargin" : 8.65,
    "netProfit" : 21.24
  }, {
    "date" : "2016-12-31",
    "sales" : 245.02,
    "salesGrowthYoY" : 1.56,
    "grossProfitMargin" : 33.70,
    "grossProfit" : 82.57,
    "operatingProfitMargin" : 11.75,
    "operatingProfit" : 28.79,
    "netProfitMargin" : 8.86,
    "netProfit" : 21.71
  }, {
    "date" : "2017-03-31",
    "sales" : 301.93,
    "salesGrowthYoY" : -5.85,
    "grossProfitMargin" : 34.97,
    "grossProfit" : 105.58,
    "operatingProfitMargin" : 14.71,
    "operatingProfit" : 44.41,
    "netProfitMargin" : 11.25,
    "netProfit" : 33.97
  }, {
    "date" : "2017-06-30",
    "sales" : 236.60,
    "salesGrowthYoY" : -19.23,
    "grossProfitMargin" : 40.83,
    "grossProfit" : 96.60,
    "operatingProfitMargin" : 11.14,
    "operatingProfit" : 26.36,
    "netProfitMargin" : 7.49,
    "netProfit" : 17.72
  }, {
    "date" : "2017-09-30",
    "sales" : 361.22,
    "salesGrowthYoY" : 47.08,
    "grossProfitMargin" : 35.96,
    "grossProfit" : 129.89,
    "operatingProfitMargin" : 11.17,
    "operatingProfit" : 40.35,
    "netProfitMargin" : 8.19,
    "netProfit" : 29.58
  }, {
    "date" : "2017-12-31",
    "sales" : 440.68,
    "salesGrowthYoY" : 79.85,
    "grossProfitMargin" : 34.92,
    "grossProfit" : 153.89,
    "operatingProfitMargin" : 11.14,
    "operatingProfit" : 49.09,
    "netProfitMargin" : 7.30,
    "netProfit" : 32.17
  }, {
    "date" : "2018-03-31",
    "sales" : 560.75,
    "salesGrowthYoY" : 85.72,
    "grossProfitMargin" : 34.32,
    "grossProfit" : 192.45,
    "operatingProfitMargin" : 13.22,
    "operatingProfit" : 74.13,
    "netProfitMargin" : 8.19,
    "netProfit" : 45.93
  }, {
    "date" : "2018-06-30",
    "sales" : 548.69,
    "salesGrowthYoY" : 131.91,
    "grossProfitMargin" : 33.89,
    "grossProfit" : 185.95,
    "operatingProfitMargin" : 11.30,
    "operatingProfit" : 62.00,
    "netProfitMargin" : 7.47,
    "netProfit" : 40.99
  }, {
    "date" : "2018-09-30",
    "sales" : 523.60,
    "salesGrowthYoY" : 44.95,
    "grossProfitMargin" : 33.43,
    "grossProfit" : 175.04,
    "operatingProfitMargin" : 9.72,
    "operatingProfit" : 50.89,
    "netProfitMargin" : 6.81,
    "netProfit" : 35.66
  }, {
    "date" : "2018-12-31",
    "sales" : 505.24,
    "salesGrowthYoY" : 14.65,
    "grossProfitMargin" : 38.25,
    "grossProfit" : 193.25,
    "operatingProfitMargin" : 13.05,
    "operatingProfit" : 65.93,
    "netProfitMargin" : 6.17,
    "netProfit" : 31.17
  }, {
    "date" : "2019-03-31",
    "sales" : 472.88,
    "salesGrowthYoY" : -15.67,
    "grossProfitMargin" : 33.83,
    "grossProfit" : 159.98,
    "operatingProfitMargin" : 11.20,
    "operatingProfit" : 52.96,
    "netProfitMargin" : 6.76,
    "netProfit" : 31.97
  }, {
    "date" : "2019-06-30",
    "sales" : 415.54,
    "salesGrowthYoY" : -24.27,
    "grossProfitMargin" : 33.92,
    "grossProfit" : 140.95,
    "operatingProfitMargin" : 9.78,
    "operatingProfit" : 40.64,
    "netProfitMargin" : 5.00,
    "netProfit" : 20.78
  }, {
    "date" : "2019-09-30",
    "sales" : 217.49,
    "salesGrowthYoY" : -58.46,
    "grossProfitMargin" : 36.38,
    "grossProfit" : 79.12,
    "operatingProfitMargin" : 7.43,
    "operatingProfit" : 16.16,
    "netProfitMargin" : 2.49,
    "netProfit" : 5.42
  }, {
    "date" : "2019-12-31",
    "sales" : 215.24,
    "salesGrowthYoY" : -57.40,
    "grossProfitMargin" : 37.62,
    "grossProfit" : 80.97,
    "operatingProfitMargin" : 8.64,
    "operatingProfit" : 18.60,
    "netProfitMargin" : 5.01,
    "netProfit" : 10.78
  }, {
    "date" : "2020-03-31",
    "sales" : 210.55,
    "salesGrowthYoY" : -55.47,
    "grossProfitMargin" : 42.09,
    "grossProfit" : 88.62,
    "operatingProfitMargin" : 11.80,
    "operatingProfit" : 24.84,
    "netProfitMargin" : 5.21,
    "netProfit" : 10.97
  }, {
    "date" : "2020-06-30",
    "sales" : 62.93,
    "salesGrowthYoY" : -84.86,
    "grossProfitMargin" : 45.49,
    "grossProfit" : 28.63,
    "operatingProfitMargin" : -11.00,
    "operatingProfit" : -6.92,
    "netProfitMargin" : -18.99,
    "netProfit" : -11.95
  }, {
    "date" : "2020-09-30",
    "sales" : 184.47,
    "salesGrowthYoY" : -15.18,
    "grossProfitMargin" : 40.71,
    "grossProfit" : 75.10,
    "operatingProfitMargin" : 8.81,
    "operatingProfit" : 16.25,
    "netProfitMargin" : 5.11,
    "netProfit" : 9.43
  }, {
    "date" : "2020-12-31",
    "sales" : 333.05,
    "salesGrowthYoY" : 54.73,
    "grossProfitMargin" : 39.02,
    "grossProfit" : 129.96,
    "operatingProfitMargin" : 14.30,
    "operatingProfit" : 47.63,
    "netProfitMargin" : 9.22,
    "netProfit" : 30.71
  }, {
    "date" : "2021-03-31",
    "sales" : 472.25,
    "salesGrowthYoY" : 124.29,
    "grossProfitMargin" : 36.84,
    "grossProfit" : 173.98,
    "operatingProfitMargin" : 14.88,
    "operatingProfit" : 70.27,
    "netProfitMargin" : 10.27,
    "netProfit" : 48.50
  }, {
    "date" : "2021-06-30",
    "sales" : 290.37,
    "salesGrowthYoY" : 361.42,
    "grossProfitMargin" : 36.38,
    "grossProfit" : 105.64,
    "operatingProfitMargin" : 11.32,
    "operatingProfit" : 32.87,
    "netProfitMargin" : 6.69,
    "netProfit" : 19.43
  }, {
    "date" : "2021-09-30",
    "sales" : 328.01,
    "salesGrowthYoY" : 77.81,
    "grossProfitMargin" : 37.65,
    "grossProfit" : 123.50,
    "operatingProfitMargin" : 12.21,
    "operatingProfit" : 40.05,
    "netProfitMargin" : 7.51,
    "netProfit" : 24.63
  }, {
    "date" : "2021-12-31",
    "sales" : 436.97,
    "salesGrowthYoY" : 31.20,
    "grossProfitMargin" : 33.58,
    "grossProfit" : 146.73,
    "operatingProfitMargin" : 12.47,
    "operatingProfit" : 54.49,
    "netProfitMargin" : 7.85,
    "netProfit" : 34.30
  }, {
    "date" : "2022-03-31",
    "sales" : 593.69,
    "salesGrowthYoY" : 25.72,
    "grossProfitMargin" : 31.52,
    "grossProfit" : 187.13,
    "operatingProfitMargin" : 13.25,
    "operatingProfit" : 78.66,
    "netProfitMargin" : 8.78,
    "netProfit" : 52.13
  }, {
    "date" : "2022-06-30",
    "sales" : 535.34,
    "salesGrowthYoY" : 84.36,
    "grossProfitMargin" : 33.77,
    "grossProfit" : 180.78,
    "operatingProfitMargin" : 10.28,
    "operatingProfit" : 55.03,
    "netProfitMargin" : 6.50,
    "netProfit" : 34.80
  }, {
    "date" : "2022-09-30",
    "sales" : 530.68,
    "salesGrowthYoY" : 61.79,
    "grossProfitMargin" : 31.71,
    "grossProfit" : 168.28,
    "operatingProfitMargin" : 9.87,
    "operatingProfit" : 52.38,
    "netProfitMargin" : 6.87,
    "netProfit" : 36.46
  }, {
    "date" : "2022-12-31",
    "sales" : 560.48,
    "salesGrowthYoY" : 28.27,
    "grossProfitMargin" : 33.27,
    "grossProfit" : 186.47,
    "operatingProfitMargin" : 10.12,
    "operatingProfit" : 56.72,
    "netProfitMargin" : 6.34,
    "netProfit" : 35.53
  }, {
    "date" : "2023-03-31",
    "sales" : 605.33,
    "salesGrowthYoY" : 1.96,
    "grossProfitMargin" : 33.55,
    "grossProfit" : 203.09,
    "operatingProfitMargin" : 12.44,
    "operatingProfit" : 75.30,
    "netProfitMargin" : 8.42,
    "netProfit" : 50.97
  }, {
    "date" : "2023-06-30",
    "sales" : 559.36,
    "salesGrowthYoY" : 4.49,
    "grossProfitMargin" : 34.65,
    "grossProfit" : 193.82,
    "operatingProfitMargin" : 12.41,
    "operatingProfit" : 69.42,
    "netProfitMargin" : 8.24,
    "netProfit" : 46.09
  }, {
    "date" : "2023-09-30",
    "sales" : 588.25,
    "salesGrowthYoY" : 10.85,
    "grossProfitMargin" : 36.08,
    "grossProfit" : 212.24,
    "operatingProfitMargin" : 13.13,
    "operatingProfit" : 77.24,
    "netProfitMargin" : 14.43,
    "netProfit" : 84.88
  }, {
    "date" : "2023-12-31",
    "sales" : 593.26,
    "salesGrowthYoY" : 5.85,
    "grossProfitMargin" : 37.17,
    "grossProfit" : 220.51,
    "operatingProfitMargin" : 13.74,
    "operatingProfit" : 81.51,
    "netProfitMargin" : 9.20,
    "netProfit" : 54.58
  }, {
    "date" : "2024-03-31",
    "sales" : 620.09,
    "salesGrowthYoY" : 2.44,
    "grossProfitMargin" : 36.28,
    "grossProfit" : 224.97,
    "operatingProfitMargin" : 15.03,
    "operatingProfit" : 93.20,
    "netProfitMargin" : 10.38,
    "netProfit" : 64.37
  }, {
    "date" : "2024-06-30",
    "sales" : 542.32,
    "salesGrowthYoY" : -3.05,
    "grossProfitMargin" : 37.04,
    "grossProfit" : 200.88,
    "operatingProfitMargin" : 13.48,
    "operatingProfit" : 73.10,
    "netProfitMargin" : 9.22,
    "netProfit" : 50.00
  }, {
    "date" : "2024-09-30",
    "sales" : 502.16,
    "salesGrowthYoY" : -14.63,
    "grossProfitMargin" : 37.40,
    "grossProfit" : 187.81,
    "operatingProfitMargin" : 13.20,
    "operatingProfit" : 66.29,
    "netProfitMargin" : 9.14,
    "netProfit" : 45.90
  }, {
    "date" : "2024-12-31",
    "sales" : 547.17,
    "salesGrowthYoY" : -7.77,
    "grossProfitMargin" : 39.38,
    "grossProfit" : 215.48,
    "operatingProfitMargin" : 14.78,
    "operatingProfit" : 80.87,
    "netProfitMargin" : 9.92,
    "netProfit" : 54.28
  }, {
    "date" : "2025-03-31",
    "sales" : 620.20,
    "salesGrowthYoY" : 0.02,
    "grossProfitMargin" : 36.63,
    "grossProfit" : 227.18,
    "operatingProfitMargin" : 13.54,
    "operatingProfit" : 83.98,
    "netProfitMargin" : 9.82,
    "netProfit" : 60.90
  }, {
    "date" : "2025-06-30",
    "sales" : 560.28,
    "salesGrowthYoY" : 3.31,
    "grossProfitMargin" : 37.82,
    "grossProfit" : 211.90,
    "operatingProfitMargin" : 13.56,
    "operatingProfit" : 75.97,
    "netProfitMargin" : 9.53,
    "netProfit" : 53.39
  }, {
    "date" : "2025-09-30",
    "sales" : 511.35,
    "salesGrowthYoY" : 1.83,
    "grossProfitMargin" : 38.05,
    "grossProfit" : 194.57,
    "operatingProfitMargin" : 13.20,
    "operatingProfit" : 67.50,
    "netProfitMargin" : 9.11,
    "netProfit" : 46.58
  }, {
    "date" : "2025-12-31",
    "sales" : 650.34,
    "salesGrowthYoY" : 18.86,
    "grossProfitMargin" : 38.90,
    "grossProfit" : 252.98,
    "operatingProfitMargin" : 16.61,
    "operatingProfit" : 108.02,
    "netProfitMargin" : 11.13,
    "netProfit" : 72.38
  } ],
  "latestQuarterlyResult" : {
    "date" : "2025-12-31",
    "sales" : 650.34,
    "salesGrowthYoY" : 18.86,
    "grossProfitMargin" : 38.90,
    "grossProfit" : 252.98,
    "operatingProfitMargin" : 16.61,
    "operatingProfit" : 108.02,
    "netProfitMargin" : 11.13,
    "netProfit" : 72.38
  },
  "companyScore" : {
    "priceHigherThanDma50" : 5.00,
    "priceHigherThanDma100" : 5.00,
    "priceHigherThanDma200" : 5.00,
    "dma50HigherThanDma100" : 5.00,
    "dma50HigherThanDma200" : 5.00,
    "dma100HigherThanDma200" : 5.00,
    "pricePercentageAboveDma50" : 4.13,
    "pricePercentageAboveDma100" : 3.56,
    "pricePercentageAboveDma200" : 3.30,
    "weeklyVolumeHigherThanYearlyVolume" : 5.00,
    "salesGrowthPercentile" : 11.25,
    "operatingProfitMarginPercentile" : 20.00,
    "netProfitMarginPercentile" : 9.76,
    "totalTechnicalScore" : 46.00,
    "totalFundamentalScore" : 41.01,
    "totalScore" : 87.01
  }
}