{
  "metadata" : {
    "screenerCompanyId" : "1599",
    "companyCode" : "JAYKAY",
    "companyName" : "Jaykay Enter.",
    "screenerCompanyLink" : "https://www.screener.in/company/JAYKAY/consolidated/",
    "screenerTechnicalHistoryLink" : "https://www.screener.in/api/company/1599/chart/?q=Price-DMA50-DMA200-Volume&days=365",
    "screenerQuarterlyResultsLink" : "https://www.screener.in/api/company/1599/chart/?q=GPM-OPM-NPM-Quarter+Sales&days=10000",
    "attributes" : {
      "companyCode" : "JAYKAY",
      "companyName" : "Jaykay Enter.",
      "marketCap" : 2032.00,
      "peRatio" : 67.60,
      "description" : "Incorporated in 1961, Jaykay Enterprises Ltd is in the business of additive manufacturing, prototyping, 3D printing etc.[1]"
    },
    "companyScore" : {
      "priceHigherThanDma50" : 0.00,
      "priceHigherThanDma100" : 0.00,
      "priceHigherThanDma200" : 0.00,
      "dma50HigherThanDma100" : 0.00,
      "dma50HigherThanDma200" : 5.00,
      "dma100HigherThanDma200" : 5.00,
      "pricePercentageAboveDma50" : 5.96,
      "pricePercentageAboveDma100" : 6.06,
      "pricePercentageAboveDma200" : 5.58,
      "weeklyVolumeHigherThanYearlyVolume" : 0.00,
      "salesGrowthPercentile" : 2.03,
      "operatingProfitMarginPercentile" : 19.13,
      "netProfitMarginPercentile" : 5.66,
      "totalTechnicalScore" : 27.61,
      "totalFundamentalScore" : 26.81,
      "totalScore" : 54.42
    }
  },
  "attributes" : {
    "companyCode" : "JAYKAY",
    "companyName" : "Jaykay Enter.",
    "marketCap" : 2032.00,
    "peRatio" : 67.60,
    "description" : "Incorporated in 1961, Jaykay Enterprises Ltd is in the business of additive manufacturing, prototyping, 3D printing etc.[1]"
  },
  "technicalHistory" : [ {
    "date" : "2025-01-21",
    "price" : 149.30,
    "dma50" : 125.85,
    "dma100" : null,
    "dma200" : 104.75,
    "volume" : 478708.00
  }, {
    "date" : "2025-01-22",
    "price" : 150.70,
    "dma50" : 126.82,
    "dma100" : null,
    "dma200" : 105.20,
    "volume" : 288771.00
  }, {
    "date" : "2025-01-23",
    "price" : 159.05,
    "dma50" : 128.09,
    "dma100" : null,
    "dma200" : 105.74,
    "volume" : 217183.00
  }, {
    "date" : "2025-01-24",
    "price" : 166.80,
    "dma50" : 129.61,
    "dma100" : null,
    "dma200" : 106.35,
    "volume" : 399032.00
  }, {
    "date" : "2025-01-27",
    "price" : 158.50,
    "dma50" : 130.74,
    "dma100" : null,
    "dma200" : 106.87,
    "volume" : 263281.00
  }, {
    "date" : "2025-01-28",
    "price" : 152.00,
    "dma50" : 131.57,
    "dma100" : null,
    "dma200" : 107.32,
    "volume" : 167762.00
  }, {
    "date" : "2025-01-29",
    "price" : 156.65,
    "dma50" : 132.56,
    "dma100" : null,
    "dma200" : 107.81,
    "volume" : 127914.00
  }, {
    "date" : "2025-01-30",
    "price" : 157.05,
    "dma50" : 133.52,
    "dma100" : null,
    "dma200" : 108.30,
    "volume" : 99803.00
  }, {
    "date" : "2025-01-31",
    "price" : 160.90,
    "dma50" : 134.59,
    "dma100" : null,
    "dma200" : 108.82,
    "volume" : 216653.00
  }, {
    "date" : "2025-02-01",
    "price" : 168.45,
    "dma50" : 135.92,
    "dma100" : null,
    "dma200" : 109.41,
    "volume" : 337496.00
  }, {
    "date" : "2025-02-03",
    "price" : 168.65,
    "dma50" : 137.20,
    "dma100" : null,
    "dma200" : 110.00,
    "volume" : 116168.00
  }, {
    "date" : "2025-02-04",
    "price" : 170.15,
    "dma50" : 138.49,
    "dma100" : null,
    "dma200" : 110.60,
    "volume" : 153646.00
  }, {
    "date" : "2025-02-05",
    "price" : 165.65,
    "dma50" : 139.56,
    "dma100" : null,
    "dma200" : 111.15,
    "volume" : 117727.00
  }, {
    "date" : "2025-02-06",
    "price" : 172.20,
    "dma50" : 140.84,
    "dma100" : null,
    "dma200" : 111.76,
    "volume" : 199918.00
  }, {
    "date" : "2025-02-07",
    "price" : 173.30,
    "dma50" : 142.11,
    "dma100" : null,
    "dma200" : 112.37,
    "volume" : 149095.00
  }, {
    "date" : "2025-02-10",
    "price" : 173.50,
    "dma50" : 143.34,
    "dma100" : null,
    "dma200" : 112.98,
    "volume" : 260637.00
  }, {
    "date" : "2025-02-11",
    "price" : 158.80,
    "dma50" : 143.95,
    "dma100" : null,
    "dma200" : 113.43,
    "volume" : 398951.00
  }, {
    "date" : "2025-02-12",
    "price" : 162.25,
    "dma50" : 144.67,
    "dma100" : null,
    "dma200" : 113.92,
    "volume" : 212931.00
  }, {
    "date" : "2025-02-13",
    "price" : 155.60,
    "dma50" : 145.10,
    "dma100" : null,
    "dma200" : 114.33,
    "volume" : 108155.00
  }, {
    "date" : "2025-02-14",
    "price" : 152.10,
    "dma50" : 145.37,
    "dma100" : null,
    "dma200" : 114.71,
    "volume" : 167755.00
  }, {
    "date" : "2025-02-17",
    "price" : 144.85,
    "dma50" : 145.35,
    "dma100" : null,
    "dma200" : 115.01,
    "volume" : 241680.00
  }, {
    "date" : "2025-02-18",
    "price" : 131.40,
    "dma50" : 144.80,
    "dma100" : null,
    "dma200" : 115.17,
    "volume" : 180091.00
  }, {
    "date" : "2025-02-19",
    "price" : 139.50,
    "dma50" : 144.60,
    "dma100" : null,
    "dma200" : 115.41,
    "volume" : 425730.00
  }, {
    "date" : "2025-02-20",
    "price" : 146.90,
    "dma50" : 144.69,
    "dma100" : null,
    "dma200" : 115.73,
    "volume" : 134430.00
  }, {
    "date" : "2025-02-21",
    "price" : 142.20,
    "dma50" : 144.59,
    "dma100" : null,
    "dma200" : 115.99,
    "volume" : 67159.00
  }, {
    "date" : "2025-02-24",
    "price" : 138.10,
    "dma50" : 144.33,
    "dma100" : null,
    "dma200" : 116.21,
    "volume" : 72158.00
  }, {
    "date" : "2025-02-25",
    "price" : 134.90,
    "dma50" : 143.96,
    "dma100" : null,
    "dma200" : 116.40,
    "volume" : 49778.00
  }, {
    "date" : "2025-02-27",
    "price" : 128.60,
    "dma50" : 143.36,
    "dma100" : null,
    "dma200" : 116.52,
    "volume" : 63649.00
  }, {
    "date" : "2025-02-28",
    "price" : 120.60,
    "dma50" : 142.47,
    "dma100" : null,
    "dma200" : 116.56,
    "volume" : 159227.00
  }, {
    "date" : "2025-03-03",
    "price" : 116.00,
    "dma50" : 141.43,
    "dma100" : null,
    "dma200" : 116.55,
    "volume" : 166452.00
  }, {
    "date" : "2025-03-04",
    "price" : 116.45,
    "dma50" : 140.45,
    "dma100" : null,
    "dma200" : 116.55,
    "volume" : 96928.00
  }, {
    "date" : "2025-03-05",
    "price" : 120.40,
    "dma50" : 139.66,
    "dma100" : null,
    "dma200" : 116.59,
    "volume" : 171885.00
  }, {
    "date" : "2025-03-06",
    "price" : 126.20,
    "dma50" : 139.14,
    "dma100" : null,
    "dma200" : 116.69,
    "volume" : 167608.00
  }, {
    "date" : "2025-03-07",
    "price" : 129.60,
    "dma50" : 138.76,
    "dma100" : null,
    "dma200" : 116.81,
    "volume" : 141823.00
  }, {
    "date" : "2025-03-10",
    "price" : 123.15,
    "dma50" : 138.15,
    "dma100" : null,
    "dma200" : 116.88,
    "volume" : 83812.00
  }, {
    "date" : "2025-03-11",
    "price" : 120.35,
    "dma50" : 137.45,
    "dma100" : null,
    "dma200" : 116.91,
    "volume" : 85755.00
  }, {
    "date" : "2025-03-12",
    "price" : 119.95,
    "dma50" : 136.77,
    "dma100" : null,
    "dma200" : 116.94,
    "volume" : 64082.00
  }, {
    "date" : "2025-03-13",
    "price" : 124.45,
    "dma50" : 136.28,
    "dma100" : null,
    "dma200" : 117.02,
    "volume" : 181513.00
  }, {
    "date" : "2025-03-17",
    "price" : 123.95,
    "dma50" : 135.80,
    "dma100" : null,
    "dma200" : 117.09,
    "volume" : 112797.00
  }, {
    "date" : "2025-03-18",
    "price" : 126.50,
    "dma50" : 135.43,
    "dma100" : null,
    "dma200" : 117.18,
    "volume" : 77741.00
  }, {
    "date" : "2025-03-19",
    "price" : 129.30,
    "dma50" : 135.19,
    "dma100" : null,
    "dma200" : 117.30,
    "volume" : 137322.00
  }, {
    "date" : "2025-03-20",
    "price" : 130.05,
    "dma50" : 134.99,
    "dma100" : null,
    "dma200" : 117.43,
    "volume" : 71133.00
  }, {
    "date" : "2025-03-21",
    "price" : 135.50,
    "dma50" : 135.01,
    "dma100" : null,
    "dma200" : 117.61,
    "volume" : 186085.00
  }, {
    "date" : "2025-03-24",
    "price" : 137.90,
    "dma50" : 135.13,
    "dma100" : null,
    "dma200" : 117.81,
    "volume" : 81343.00
  }, {
    "date" : "2025-03-25",
    "price" : 131.05,
    "dma50" : 134.97,
    "dma100" : null,
    "dma200" : 117.94,
    "volume" : 108607.00
  }, {
    "date" : "2025-03-26",
    "price" : 125.45,
    "dma50" : 134.59,
    "dma100" : null,
    "dma200" : 118.02,
    "volume" : 93487.00
  }, {
    "date" : "2025-03-27",
    "price" : 122.35,
    "dma50" : 134.11,
    "dma100" : null,
    "dma200" : 118.06,
    "volume" : 233715.00
  }, {
    "date" : "2025-03-28",
    "price" : 125.55,
    "dma50" : 133.78,
    "dma100" : null,
    "dma200" : 118.13,
    "volume" : 80066.00
  }, {
    "date" : "2025-04-01",
    "price" : 129.85,
    "dma50" : 133.62,
    "dma100" : null,
    "dma200" : 118.25,
    "volume" : 31012.00
  }, {
    "date" : "2025-04-02",
    "price" : 132.10,
    "dma50" : 133.56,
    "dma100" : null,
    "dma200" : 118.39,
    "volume" : 57388.00
  }, {
    "date" : "2025-04-03",
    "price" : 132.60,
    "dma50" : 133.53,
    "dma100" : null,
    "dma200" : 118.53,
    "volume" : 46939.00
  }, {
    "date" : "2025-04-04",
    "price" : 129.85,
    "dma50" : 133.38,
    "dma100" : null,
    "dma200" : 118.64,
    "volume" : 36196.00
  }, {
    "date" : "2025-04-07",
    "price" : 126.60,
    "dma50" : 133.12,
    "dma100" : null,
    "dma200" : 118.72,
    "volume" : 79957.00
  }, {
    "date" : "2025-04-08",
    "price" : 129.75,
    "dma50" : 132.98,
    "dma100" : null,
    "dma200" : 118.83,
    "volume" : 37509.00
  }, {
    "date" : "2025-04-09",
    "price" : 127.55,
    "dma50" : 132.77,
    "dma100" : null,
    "dma200" : 118.92,
    "volume" : 19363.00
  }, {
    "date" : "2025-04-11",
    "price" : 129.90,
    "dma50" : 132.66,
    "dma100" : null,
    "dma200" : 119.03,
    "volume" : 37889.00
  }, {
    "date" : "2025-04-15",
    "price" : 136.90,
    "dma50" : 132.82,
    "dma100" : null,
    "dma200" : 119.20,
    "volume" : 123819.00
  }, {
    "date" : "2025-04-16",
    "price" : 150.55,
    "dma50" : 133.52,
    "dma100" : null,
    "dma200" : 119.52,
    "volume" : 200388.00
  }, {
    "date" : "2025-04-17",
    "price" : 159.70,
    "dma50" : 134.55,
    "dma100" : null,
    "dma200" : 119.92,
    "volume" : 321785.00
  }, {
    "date" : "2025-04-21",
    "price" : 158.30,
    "dma50" : 135.48,
    "dma100" : null,
    "dma200" : 120.30,
    "volume" : 85416.00
  }, {
    "date" : "2025-04-22",
    "price" : 162.20,
    "dma50" : 136.53,
    "dma100" : null,
    "dma200" : 120.72,
    "volume" : 291105.00
  }, {
    "date" : "2025-04-23",
    "price" : 171.30,
    "dma50" : 137.89,
    "dma100" : null,
    "dma200" : 121.22,
    "volume" : 372529.00
  }, {
    "date" : "2025-04-24",
    "price" : 172.35,
    "dma50" : 139.24,
    "dma100" : null,
    "dma200" : 121.73,
    "volume" : 221270.00
  }, {
    "date" : "2025-04-25",
    "price" : 161.00,
    "dma50" : 140.09,
    "dma100" : null,
    "dma200" : 122.12,
    "volume" : 190818.00
  }, {
    "date" : "2025-04-28",
    "price" : 165.20,
    "dma50" : 141.08,
    "dma100" : null,
    "dma200" : 122.55,
    "volume" : 178975.00
  }, {
    "date" : "2025-04-29",
    "price" : 163.20,
    "dma50" : 141.95,
    "dma100" : null,
    "dma200" : 122.95,
    "volume" : 98536.00
  }, {
    "date" : "2025-04-30",
    "price" : 163.15,
    "dma50" : 142.78,
    "dma100" : null,
    "dma200" : 123.35,
    "volume" : 323158.00
  }, {
    "date" : "2025-05-02",
    "price" : 159.15,
    "dma50" : 143.42,
    "dma100" : null,
    "dma200" : 123.71,
    "volume" : 81578.00
  }, {
    "date" : "2025-05-05",
    "price" : 154.65,
    "dma50" : 143.86,
    "dma100" : null,
    "dma200" : 124.02,
    "volume" : 65484.00
  }, {
    "date" : "2025-05-06",
    "price" : 141.75,
    "dma50" : 143.78,
    "dma100" : null,
    "dma200" : 124.19,
    "volume" : 212178.00
  }, {
    "date" : "2025-05-07",
    "price" : 146.15,
    "dma50" : 143.87,
    "dma100" : null,
    "dma200" : 124.41,
    "volume" : 224023.00
  }, {
    "date" : "2025-05-08",
    "price" : 140.40,
    "dma50" : 143.73,
    "dma100" : null,
    "dma200" : 124.57,
    "volume" : 114005.00
  }, {
    "date" : "2025-05-09",
    "price" : 143.15,
    "dma50" : 143.71,
    "dma100" : null,
    "dma200" : 124.75,
    "volume" : 125498.00
  }, {
    "date" : "2025-05-12",
    "price" : 157.05,
    "dma50" : 144.23,
    "dma100" : null,
    "dma200" : 125.08,
    "volume" : 330821.00
  }, {
    "date" : "2025-05-13",
    "price" : 169.00,
    "dma50" : 145.21,
    "dma100" : null,
    "dma200" : 125.51,
    "volume" : 678177.00
  }, {
    "date" : "2025-05-14",
    "price" : 171.85,
    "dma50" : 146.25,
    "dma100" : null,
    "dma200" : 125.97,
    "volume" : 356202.00
  }, {
    "date" : "2025-05-15",
    "price" : 169.25,
    "dma50" : 147.15,
    "dma100" : null,
    "dma200" : 126.40,
    "volume" : 246918.00
  }, {
    "date" : "2025-05-16",
    "price" : 174.70,
    "dma50" : 148.23,
    "dma100" : null,
    "dma200" : 126.88,
    "volume" : 522662.00
  }, {
    "date" : "2025-05-19",
    "price" : 171.10,
    "dma50" : 149.13,
    "dma100" : null,
    "dma200" : 127.32,
    "volume" : 241234.00
  }, {
    "date" : "2025-05-20",
    "price" : 164.20,
    "dma50" : 149.72,
    "dma100" : null,
    "dma200" : 127.69,
    "volume" : 155116.00
  }, {
    "date" : "2025-05-21",
    "price" : 167.55,
    "dma50" : 150.42,
    "dma100" : null,
    "dma200" : 128.09,
    "volume" : 196544.00
  }, {
    "date" : "2025-05-22",
    "price" : 169.05,
    "dma50" : 151.15,
    "dma100" : null,
    "dma200" : 128.50,
    "volume" : 94942.00
  }, {
    "date" : "2025-05-23",
    "price" : 169.25,
    "dma50" : 151.86,
    "dma100" : null,
    "dma200" : 128.90,
    "volume" : 193471.00
  }, {
    "date" : "2025-05-26",
    "price" : 166.35,
    "dma50" : 152.43,
    "dma100" : null,
    "dma200" : 129.27,
    "volume" : 133116.00
  }, {
    "date" : "2025-05-27",
    "price" : 165.50,
    "dma50" : 152.94,
    "dma100" : null,
    "dma200" : 129.63,
    "volume" : 124071.00
  }, {
    "date" : "2025-05-28",
    "price" : 165.40,
    "dma50" : 153.43,
    "dma100" : null,
    "dma200" : 129.99,
    "volume" : 93448.00
  }, {
    "date" : "2025-05-29",
    "price" : 159.05,
    "dma50" : 153.65,
    "dma100" : null,
    "dma200" : 130.28,
    "volume" : 227615.00
  }, {
    "date" : "2025-05-30",
    "price" : 151.65,
    "dma50" : 153.57,
    "dma100" : null,
    "dma200" : 130.49,
    "volume" : 507136.00
  }, {
    "date" : "2025-06-02",
    "price" : 164.55,
    "dma50" : 154.00,
    "dma100" : null,
    "dma200" : 130.83,
    "volume" : 296947.00
  }, {
    "date" : "2025-06-03",
    "price" : 160.95,
    "dma50" : 154.27,
    "dma100" : null,
    "dma200" : 131.13,
    "volume" : 256778.00
  }, {
    "date" : "2025-06-04",
    "price" : 162.60,
    "dma50" : 154.60,
    "dma100" : null,
    "dma200" : 131.44,
    "volume" : 118836.00
  }, {
    "date" : "2025-06-05",
    "price" : 164.55,
    "dma50" : 154.99,
    "dma100" : null,
    "dma200" : 131.77,
    "volume" : 141756.00
  }, {
    "date" : "2025-06-06",
    "price" : 169.55,
    "dma50" : 155.56,
    "dma100" : null,
    "dma200" : 132.15,
    "volume" : 488844.00
  }, {
    "date" : "2025-06-09",
    "price" : 170.95,
    "dma50" : 156.17,
    "dma100" : null,
    "dma200" : 132.54,
    "volume" : 290331.00
  }, {
    "date" : "2025-06-10",
    "price" : 166.80,
    "dma50" : 156.58,
    "dma100" : null,
    "dma200" : 132.88,
    "volume" : 213786.00
  }, {
    "date" : "2025-06-11",
    "price" : 164.55,
    "dma50" : 156.89,
    "dma100" : null,
    "dma200" : 133.19,
    "volume" : 209597.00
  }, {
    "date" : "2025-06-12",
    "price" : 160.35,
    "dma50" : 157.03,
    "dma100" : null,
    "dma200" : 133.46,
    "volume" : 123160.00
  }, {
    "date" : "2025-06-13",
    "price" : 161.60,
    "dma50" : 157.21,
    "dma100" : null,
    "dma200" : 133.74,
    "volume" : 117546.00
  }, {
    "date" : "2025-06-16",
    "price" : 158.35,
    "dma50" : 157.25,
    "dma100" : null,
    "dma200" : 133.99,
    "volume" : 98123.00
  }, {
    "date" : "2025-06-17",
    "price" : 153.35,
    "dma50" : 157.10,
    "dma100" : null,
    "dma200" : 134.18,
    "volume" : 147338.00
  }, {
    "date" : "2025-06-18",
    "price" : 158.00,
    "dma50" : 157.14,
    "dma100" : 149.88,
    "dma200" : 134.42,
    "volume" : 248754.00
  }, {
    "date" : "2025-06-19",
    "price" : 152.65,
    "dma50" : 156.96,
    "dma100" : 149.90,
    "dma200" : 134.60,
    "volume" : 123234.00
  }, {
    "date" : "2025-06-20",
    "price" : 144.20,
    "dma50" : 156.46,
    "dma100" : 149.75,
    "dma200" : 134.69,
    "volume" : 786487.00
  }, {
    "date" : "2025-06-23",
    "price" : 144.20,
    "dma50" : 155.98,
    "dma100" : 149.52,
    "dma200" : 134.79,
    "volume" : 146078.00
  }, {
    "date" : "2025-06-24",
    "price" : 149.85,
    "dma50" : 155.74,
    "dma100" : 149.44,
    "dma200" : 134.94,
    "volume" : 152256.00
  }, {
    "date" : "2025-06-25",
    "price" : 151.75,
    "dma50" : 155.58,
    "dma100" : 149.44,
    "dma200" : 135.10,
    "volume" : 70723.00
  }, {
    "date" : "2025-06-26",
    "price" : 151.45,
    "dma50" : 155.42,
    "dma100" : 149.38,
    "dma200" : 135.27,
    "volume" : 51950.00
  }, {
    "date" : "2025-06-27",
    "price" : 149.15,
    "dma50" : 155.17,
    "dma100" : 149.30,
    "dma200" : 135.41,
    "volume" : 99977.00
  }, {
    "date" : "2025-06-30",
    "price" : 148.40,
    "dma50" : 154.91,
    "dma100" : 149.18,
    "dma200" : 135.53,
    "volume" : 53901.00
  }, {
    "date" : "2025-07-01",
    "price" : 147.70,
    "dma50" : 154.63,
    "dma100" : 148.97,
    "dma200" : 135.66,
    "volume" : 65403.00
  }, {
    "date" : "2025-07-02",
    "price" : 146.65,
    "dma50" : 154.31,
    "dma100" : 148.75,
    "dma200" : 135.77,
    "volume" : 75460.00
  }, {
    "date" : "2025-07-03",
    "price" : 147.40,
    "dma50" : 154.04,
    "dma100" : 148.52,
    "dma200" : 135.88,
    "volume" : 47765.00
  }, {
    "date" : "2025-07-04",
    "price" : 157.50,
    "dma50" : 154.18,
    "dma100" : 148.44,
    "dma200" : 136.10,
    "volume" : 310885.00
  }, {
    "date" : "2025-07-07",
    "price" : 152.80,
    "dma50" : 154.12,
    "dma100" : 148.25,
    "dma200" : 136.26,
    "volume" : 72141.00
  }, {
    "date" : "2025-07-08",
    "price" : 151.45,
    "dma50" : 154.02,
    "dma100" : 148.03,
    "dma200" : 136.41,
    "volume" : 26516.00
  }, {
    "date" : "2025-07-09",
    "price" : 148.65,
    "dma50" : 153.81,
    "dma100" : 147.78,
    "dma200" : 136.54,
    "volume" : 95649.00
  }, {
    "date" : "2025-07-10",
    "price" : 150.35,
    "dma50" : 153.67,
    "dma100" : 147.70,
    "dma200" : 136.67,
    "volume" : 48752.00
  }, {
    "date" : "2025-07-11",
    "price" : 147.20,
    "dma50" : 153.42,
    "dma100" : 147.55,
    "dma200" : 136.78,
    "volume" : 38322.00
  }, {
    "date" : "2025-07-14",
    "price" : 145.05,
    "dma50" : 153.09,
    "dma100" : 147.44,
    "dma200" : 136.86,
    "volume" : 84279.00
  }, {
    "date" : "2025-07-15",
    "price" : 144.85,
    "dma50" : 152.77,
    "dma100" : 147.37,
    "dma200" : 136.94,
    "volume" : 80445.00
  }, {
    "date" : "2025-07-16",
    "price" : 144.55,
    "dma50" : 152.45,
    "dma100" : 147.37,
    "dma200" : 137.02,
    "volume" : 85194.00
  }, {
    "date" : "2025-07-17",
    "price" : 146.30,
    "dma50" : 152.20,
    "dma100" : 147.51,
    "dma200" : 137.11,
    "volume" : 120718.00
  }, {
    "date" : "2025-07-18",
    "price" : 144.90,
    "dma50" : 151.92,
    "dma100" : 147.57,
    "dma200" : 137.18,
    "volume" : 92930.00
  }, {
    "date" : "2025-07-21",
    "price" : 143.95,
    "dma50" : 151.61,
    "dma100" : 147.54,
    "dma200" : 137.25,
    "volume" : 126441.00
  }, {
    "date" : "2025-07-22",
    "price" : 141.65,
    "dma50" : 151.22,
    "dma100" : 147.53,
    "dma200" : 137.30,
    "volume" : 75988.00
  }, {
    "date" : "2025-07-23",
    "price" : 141.75,
    "dma50" : 150.84,
    "dma100" : 147.57,
    "dma200" : 137.34,
    "volume" : 42012.00
  }, {
    "date" : "2025-07-24",
    "price" : 141.40,
    "dma50" : 150.47,
    "dma100" : 147.64,
    "dma200" : 137.38,
    "volume" : 82050.00
  }, {
    "date" : "2025-07-25",
    "price" : 138.85,
    "dma50" : 150.02,
    "dma100" : 147.74,
    "dma200" : 137.40,
    "volume" : 26896.00
  }, {
    "date" : "2025-07-28",
    "price" : 137.15,
    "dma50" : 149.51,
    "dma100" : 147.90,
    "dma200" : 137.39,
    "volume" : 38732.00
  }, {
    "date" : "2025-07-29",
    "price" : 138.25,
    "dma50" : 149.07,
    "dma100" : 148.13,
    "dma200" : 137.40,
    "volume" : 82013.00
  }, {
    "date" : "2025-07-30",
    "price" : 137.25,
    "dma50" : 148.61,
    "dma100" : 148.33,
    "dma200" : 137.40,
    "volume" : 38789.00
  }, {
    "date" : "2025-07-31",
    "price" : 135.70,
    "dma50" : 148.10,
    "dma100" : 148.49,
    "dma200" : 137.38,
    "volume" : 86750.00
  }, {
    "date" : "2025-08-01",
    "price" : 135.65,
    "dma50" : 147.61,
    "dma100" : 148.58,
    "dma200" : 137.37,
    "volume" : 53372.00
  }, {
    "date" : "2025-08-04",
    "price" : 131.70,
    "dma50" : 146.99,
    "dma100" : 148.60,
    "dma200" : 137.31,
    "volume" : 102099.00
  }, {
    "date" : "2025-08-05",
    "price" : 133.30,
    "dma50" : 146.45,
    "dma100" : 148.70,
    "dma200" : 137.27,
    "volume" : 24706.00
  }, {
    "date" : "2025-08-06",
    "price" : 133.00,
    "dma50" : 145.92,
    "dma100" : 148.83,
    "dma200" : 137.23,
    "volume" : 21578.00
  }, {
    "date" : "2025-08-07",
    "price" : 132.05,
    "dma50" : 145.38,
    "dma100" : 148.95,
    "dma200" : 137.18,
    "volume" : 55016.00
  }, {
    "date" : "2025-08-08",
    "price" : 140.30,
    "dma50" : 145.18,
    "dma100" : 149.11,
    "dma200" : 137.21,
    "volume" : 180260.00
  }, {
    "date" : "2025-08-11",
    "price" : 152.00,
    "dma50" : 145.45,
    "dma100" : 149.39,
    "dma200" : 137.35,
    "volume" : 703673.00
  }, {
    "date" : "2025-08-12",
    "price" : 153.00,
    "dma50" : 145.75,
    "dma100" : 149.65,
    "dma200" : 137.51,
    "volume" : 207630.00
  }, {
    "date" : "2025-08-13",
    "price" : 148.80,
    "dma50" : 145.86,
    "dma100" : 149.85,
    "dma200" : 137.62,
    "volume" : 106808.00
  }, {
    "date" : "2025-08-14",
    "price" : 151.30,
    "dma50" : 146.08,
    "dma100" : 150.06,
    "dma200" : 137.76,
    "volume" : 146006.00
  }, {
    "date" : "2025-08-18",
    "price" : 151.45,
    "dma50" : 146.29,
    "dma100" : 150.22,
    "dma200" : 137.89,
    "volume" : 125657.00
  }, {
    "date" : "2025-08-19",
    "price" : 151.00,
    "dma50" : 146.47,
    "dma100" : 150.35,
    "dma200" : 138.02,
    "volume" : 48249.00
  }, {
    "date" : "2025-08-20",
    "price" : 148.60,
    "dma50" : 146.56,
    "dma100" : 150.53,
    "dma200" : 138.13,
    "volume" : 27562.00
  }, {
    "date" : "2025-08-21",
    "price" : 146.90,
    "dma50" : 146.57,
    "dma100" : 150.74,
    "dma200" : 138.22,
    "volume" : 52432.00
  }, {
    "date" : "2025-08-22",
    "price" : 151.50,
    "dma50" : 146.76,
    "dma100" : 151.03,
    "dma200" : 138.35,
    "volume" : 218104.00
  }, {
    "date" : "2025-08-25",
    "price" : 151.70,
    "dma50" : 146.96,
    "dma100" : 151.30,
    "dma200" : 138.48,
    "volume" : 79840.00
  }, {
    "date" : "2025-08-26",
    "price" : 149.80,
    "dma50" : 147.07,
    "dma100" : 151.50,
    "dma200" : 138.59,
    "volume" : 67037.00
  }, {
    "date" : "2025-08-28",
    "price" : 149.10,
    "dma50" : 147.15,
    "dma100" : 151.67,
    "dma200" : 138.70,
    "volume" : 104425.00
  }, {
    "date" : "2025-08-29",
    "price" : 147.20,
    "dma50" : 147.15,
    "dma100" : 151.81,
    "dma200" : 138.78,
    "volume" : 41890.00
  }, {
    "date" : "2025-09-01",
    "price" : 149.00,
    "dma50" : 147.22,
    "dma100" : 152.00,
    "dma200" : 138.89,
    "volume" : 57402.00
  }, {
    "date" : "2025-09-02",
    "price" : 150.60,
    "dma50" : 147.36,
    "dma100" : 152.24,
    "dma200" : 139.00,
    "volume" : 70602.00
  }, {
    "date" : "2025-09-03",
    "price" : 150.50,
    "dma50" : 147.48,
    "dma100" : 152.45,
    "dma200" : 139.12,
    "volume" : 91001.00
  }, {
    "date" : "2025-09-04",
    "price" : 148.70,
    "dma50" : 147.53,
    "dma100" : 152.66,
    "dma200" : 139.21,
    "volume" : 26427.00
  }, {
    "date" : "2025-09-05",
    "price" : 145.20,
    "dma50" : 147.44,
    "dma100" : 152.81,
    "dma200" : 139.27,
    "volume" : 122242.00
  }, {
    "date" : "2025-09-08",
    "price" : 146.80,
    "dma50" : 147.41,
    "dma100" : 152.91,
    "dma200" : 139.35,
    "volume" : 53741.00
  }, {
    "date" : "2025-09-09",
    "price" : 147.55,
    "dma50" : 147.42,
    "dma100" : 152.88,
    "dma200" : 139.43,
    "volume" : 60825.00
  }, {
    "date" : "2025-09-10",
    "price" : 154.25,
    "dma50" : 147.68,
    "dma100" : 152.83,
    "dma200" : 139.58,
    "volume" : 336654.00
  }, {
    "date" : "2025-09-11",
    "price" : 158.15,
    "dma50" : 148.09,
    "dma100" : 152.83,
    "dma200" : 139.76,
    "volume" : 348335.00
  }, {
    "date" : "2025-09-12",
    "price" : 153.60,
    "dma50" : 148.31,
    "dma100" : 152.74,
    "dma200" : 139.90,
    "volume" : 192151.00
  }, {
    "date" : "2025-09-15",
    "price" : 155.50,
    "dma50" : 148.59,
    "dma100" : 152.58,
    "dma200" : 140.05,
    "volume" : 107369.00
  }, {
    "date" : "2025-09-16",
    "price" : 157.55,
    "dma50" : 148.94,
    "dma100" : 152.44,
    "dma200" : 140.23,
    "volume" : 128901.00
  }, {
    "date" : "2025-09-17",
    "price" : 160.90,
    "dma50" : 149.41,
    "dma100" : 152.43,
    "dma200" : 140.43,
    "volume" : 179162.00
  }, {
    "date" : "2025-09-18",
    "price" : 184.35,
    "dma50" : 150.78,
    "dma100" : 152.63,
    "dma200" : 140.87,
    "volume" : 1783137.00
  }, {
    "date" : "2025-09-19",
    "price" : 193.85,
    "dma50" : 152.47,
    "dma100" : 152.93,
    "dma200" : 141.40,
    "volume" : 1890651.00
  }, {
    "date" : "2025-09-22",
    "price" : 187.80,
    "dma50" : 153.86,
    "dma100" : 153.18,
    "dma200" : 141.86,
    "volume" : 618776.00
  }, {
    "date" : "2025-09-23",
    "price" : 197.05,
    "dma50" : 155.55,
    "dma100" : 153.56,
    "dma200" : 142.41,
    "volume" : 436234.00
  }, {
    "date" : "2025-09-24",
    "price" : 201.45,
    "dma50" : 157.35,
    "dma100" : 154.03,
    "dma200" : 143.00,
    "volume" : 782923.00
  }, {
    "date" : "2025-09-25",
    "price" : 212.85,
    "dma50" : 159.53,
    "dma100" : 154.74,
    "dma200" : 143.69,
    "volume" : 1030593.00
  }, {
    "date" : "2025-09-26",
    "price" : 214.65,
    "dma50" : 161.69,
    "dma100" : 155.42,
    "dma200" : 144.40,
    "volume" : 762958.00
  }, {
    "date" : "2025-09-29",
    "price" : 225.25,
    "dma50" : 164.18,
    "dma100" : 156.27,
    "dma200" : 145.20,
    "volume" : 970072.00
  }, {
    "date" : "2025-09-30",
    "price" : 230.25,
    "dma50" : 166.77,
    "dma100" : 157.14,
    "dma200" : 146.05,
    "volume" : 585824.00
  }, {
    "date" : "2025-10-01",
    "price" : 236.10,
    "dma50" : 169.49,
    "dma100" : 157.93,
    "dma200" : 146.94,
    "volume" : 596161.00
  }, {
    "date" : "2025-10-03",
    "price" : 230.90,
    "dma50" : 171.90,
    "dma100" : 158.55,
    "dma200" : 147.78,
    "volume" : 560703.00
  }, {
    "date" : "2025-10-06",
    "price" : 225.55,
    "dma50" : 174.00,
    "dma100" : 159.09,
    "dma200" : 148.55,
    "volume" : 196843.00
  }, {
    "date" : "2025-10-07",
    "price" : 215.45,
    "dma50" : 175.63,
    "dma100" : 159.55,
    "dma200" : 149.22,
    "volume" : 265145.00
  }, {
    "date" : "2025-10-08",
    "price" : 218.85,
    "dma50" : 177.32,
    "dma100" : 159.99,
    "dma200" : 149.91,
    "volume" : 223983.00
  }, {
    "date" : "2025-10-09",
    "price" : 230.35,
    "dma50" : 179.40,
    "dma100" : 160.58,
    "dma200" : 150.71,
    "volume" : 461483.00
  }, {
    "date" : "2025-10-10",
    "price" : 231.10,
    "dma50" : 181.43,
    "dma100" : 161.25,
    "dma200" : 151.51,
    "volume" : 632371.00
  }, {
    "date" : "2025-10-13",
    "price" : 228.05,
    "dma50" : 183.26,
    "dma100" : 161.86,
    "dma200" : 152.27,
    "volume" : 155674.00
  }, {
    "date" : "2025-10-14",
    "price" : 219.10,
    "dma50" : 184.66,
    "dma100" : 162.36,
    "dma200" : 152.94,
    "volume" : 168771.00
  }, {
    "date" : "2025-10-15",
    "price" : 218.85,
    "dma50" : 186.00,
    "dma100" : 162.85,
    "dma200" : 153.59,
    "volume" : 139187.00
  }, {
    "date" : "2025-10-16",
    "price" : 218.05,
    "dma50" : 187.26,
    "dma100" : 163.37,
    "dma200" : 154.24,
    "volume" : 138954.00
  }, {
    "date" : "2025-10-17",
    "price" : 217.90,
    "dma50" : 188.46,
    "dma100" : 163.90,
    "dma200" : 154.87,
    "volume" : 107549.00
  }, {
    "date" : "2025-10-20",
    "price" : 223.90,
    "dma50" : 189.85,
    "dma100" : 164.48,
    "dma200" : 155.56,
    "volume" : 149433.00
  }, {
    "date" : "2025-10-21",
    "price" : 231.15,
    "dma50" : 191.47,
    "dma100" : 165.20,
    "dma200" : 156.31,
    "volume" : 288982.00
  }, {
    "date" : "2025-10-23",
    "price" : 229.60,
    "dma50" : 192.97,
    "dma100" : 165.98,
    "dma200" : 157.04,
    "volume" : 241326.00
  }, {
    "date" : "2025-10-24",
    "price" : 229.60,
    "dma50" : 194.40,
    "dma100" : 166.63,
    "dma200" : 157.76,
    "volume" : 151009.00
  }, {
    "date" : "2025-10-27",
    "price" : 222.80,
    "dma50" : 195.52,
    "dma100" : 167.25,
    "dma200" : 158.41,
    "volume" : 162447.00
  }, {
    "date" : "2025-10-28",
    "price" : 225.40,
    "dma50" : 196.69,
    "dma100" : 167.88,
    "dma200" : 159.07,
    "volume" : 105066.00
  }, {
    "date" : "2025-10-29",
    "price" : 226.70,
    "dma50" : 197.87,
    "dma100" : 168.50,
    "dma200" : 159.75,
    "volume" : 152824.00
  }, {
    "date" : "2025-10-30",
    "price" : 224.55,
    "dma50" : 198.91,
    "dma100" : 169.05,
    "dma200" : 160.39,
    "volume" : 86518.00
  }, {
    "date" : "2025-10-31",
    "price" : 226.70,
    "dma50" : 200.00,
    "dma100" : 169.61,
    "dma200" : 161.05,
    "volume" : 120740.00
  }, {
    "date" : "2025-11-03",
    "price" : 232.20,
    "dma50" : 201.26,
    "dma100" : 170.26,
    "dma200" : 161.76,
    "volume" : 220105.00
  }, {
    "date" : "2025-11-04",
    "price" : 235.15,
    "dma50" : 202.59,
    "dma100" : 170.97,
    "dma200" : 162.49,
    "volume" : 558698.00
  }, {
    "date" : "2025-11-06",
    "price" : 223.95,
    "dma50" : 203.43,
    "dma100" : 171.60,
    "dma200" : 163.10,
    "volume" : 241589.00
  }, {
    "date" : "2025-11-07",
    "price" : 223.70,
    "dma50" : 204.23,
    "dma100" : 172.22,
    "dma200" : 163.70,
    "volume" : 130021.00
  }, {
    "date" : "2025-11-10",
    "price" : 222.75,
    "dma50" : 204.95,
    "dma100" : 172.87,
    "dma200" : 164.29,
    "volume" : 126217.00
  }, {
    "date" : "2025-11-11",
    "price" : 226.20,
    "dma50" : 205.79,
    "dma100" : 173.60,
    "dma200" : 164.91,
    "volume" : 158859.00
  }, {
    "date" : "2025-11-12",
    "price" : 220.85,
    "dma50" : 206.38,
    "dma100" : 174.23,
    "dma200" : 165.46,
    "volume" : 378591.00
  }, {
    "date" : "2025-11-13",
    "price" : 215.30,
    "dma50" : 206.73,
    "dma100" : 174.85,
    "dma200" : 165.96,
    "volume" : 209960.00
  }, {
    "date" : "2025-11-14",
    "price" : 210.75,
    "dma50" : 206.88,
    "dma100" : 175.52,
    "dma200" : 166.40,
    "volume" : 173640.00
  }, {
    "date" : "2025-11-17",
    "price" : 214.00,
    "dma50" : 207.16,
    "dma100" : 176.22,
    "dma200" : 166.88,
    "volume" : 123622.00
  }, {
    "date" : "2025-11-18",
    "price" : 215.80,
    "dma50" : 207.50,
    "dma100" : 176.88,
    "dma200" : 167.37,
    "volume" : 84808.00
  }, {
    "date" : "2025-11-19",
    "price" : 215.75,
    "dma50" : 207.83,
    "dma100" : 177.52,
    "dma200" : 167.85,
    "volume" : 100171.00
  }, {
    "date" : "2025-11-20",
    "price" : 213.35,
    "dma50" : 208.04,
    "dma100" : 178.13,
    "dma200" : 168.30,
    "volume" : 72775.00
  }, {
    "date" : "2025-11-21",
    "price" : 204.60,
    "dma50" : 207.91,
    "dma100" : 178.69,
    "dma200" : 168.66,
    "volume" : 202173.00
  }, {
    "date" : "2025-11-24",
    "price" : 193.25,
    "dma50" : 207.33,
    "dma100" : 179.14,
    "dma200" : 168.91,
    "volume" : 165423.00
  }, {
    "date" : "2025-11-25",
    "price" : 185.75,
    "dma50" : 206.49,
    "dma100" : 179.52,
    "dma200" : 169.07,
    "volume" : 234300.00
  }, {
    "date" : "2025-11-26",
    "price" : 189.50,
    "dma50" : 205.82,
    "dma100" : 179.95,
    "dma200" : 169.28,
    "volume" : 273550.00
  }, {
    "date" : "2025-11-27",
    "price" : 194.55,
    "dma50" : 205.38,
    "dma100" : 180.42,
    "dma200" : 169.53,
    "volume" : 58580.00
  }, {
    "date" : "2025-11-28",
    "price" : 203.25,
    "dma50" : 205.29,
    "dma100" : 180.87,
    "dma200" : 169.86,
    "volume" : 161754.00
  }, {
    "date" : "2025-12-01",
    "price" : 214.10,
    "dma50" : 205.64,
    "dma100" : 181.49,
    "dma200" : 170.30,
    "volume" : 296449.00
  }, {
    "date" : "2025-12-02",
    "price" : 218.35,
    "dma50" : 206.14,
    "dma100" : 182.16,
    "dma200" : 170.78,
    "volume" : 221082.00
  }, {
    "date" : "2025-12-03",
    "price" : 211.80,
    "dma50" : 206.36,
    "dma100" : 182.79,
    "dma200" : 171.19,
    "volume" : 218915.00
  }, {
    "date" : "2025-12-04",
    "price" : 210.90,
    "dma50" : 206.54,
    "dma100" : 183.39,
    "dma200" : 171.58,
    "volume" : 159853.00
  }, {
    "date" : "2025-12-05",
    "price" : 203.30,
    "dma50" : 206.41,
    "dma100" : 183.95,
    "dma200" : 171.90,
    "volume" : 131866.00
  }, {
    "date" : "2025-12-08",
    "price" : 195.10,
    "dma50" : 205.97,
    "dma100" : 184.46,
    "dma200" : 172.13,
    "volume" : 290309.00
  }, {
    "date" : "2025-12-09",
    "price" : 201.75,
    "dma50" : 205.80,
    "dma100" : 185.02,
    "dma200" : 172.43,
    "volume" : 175444.00
  }, {
    "date" : "2025-12-10",
    "price" : 198.15,
    "dma50" : 205.50,
    "dma100" : 185.56,
    "dma200" : 172.68,
    "volume" : 125350.00
  }, {
    "date" : "2025-12-11",
    "price" : 194.55,
    "dma50" : 205.07,
    "dma100" : 186.04,
    "dma200" : 172.90,
    "volume" : 87771.00
  }, {
    "date" : "2025-12-12",
    "price" : 206.50,
    "dma50" : 205.13,
    "dma100" : 186.66,
    "dma200" : 173.23,
    "volume" : 283318.00
  }, {
    "date" : "2025-12-15",
    "price" : 200.20,
    "dma50" : 204.94,
    "dma100" : 187.22,
    "dma200" : 173.50,
    "volume" : 104233.00
  }, {
    "date" : "2025-12-16",
    "price" : 204.60,
    "dma50" : 204.92,
    "dma100" : 187.85,
    "dma200" : 173.81,
    "volume" : 301415.00
  }, {
    "date" : "2025-12-17",
    "price" : 197.20,
    "dma50" : 204.62,
    "dma100" : 188.41,
    "dma200" : 174.04,
    "volume" : 252785.00
  }, {
    "date" : "2025-12-18",
    "price" : 199.95,
    "dma50" : 204.44,
    "dma100" : 188.99,
    "dma200" : 174.30,
    "volume" : 281514.00
  }, {
    "date" : "2025-12-19",
    "price" : 201.80,
    "dma50" : 204.33,
    "dma100" : 189.62,
    "dma200" : 174.58,
    "volume" : 122789.00
  }, {
    "date" : "2025-12-22",
    "price" : 203.60,
    "dma50" : 204.30,
    "dma100" : 190.28,
    "dma200" : 174.86,
    "volume" : 132511.00
  }, {
    "date" : "2025-12-23",
    "price" : 199.50,
    "dma50" : 204.12,
    "dma100" : 190.90,
    "dma200" : 175.11,
    "volume" : 85675.00
  }, {
    "date" : "2025-12-24",
    "price" : 198.35,
    "dma50" : 203.89,
    "dma100" : 191.51,
    "dma200" : 175.34,
    "volume" : 97744.00
  }, {
    "date" : "2025-12-26",
    "price" : 196.85,
    "dma50" : 203.61,
    "dma100" : 192.12,
    "dma200" : 175.55,
    "volume" : 89327.00
  }, {
    "date" : "2025-12-29",
    "price" : 194.85,
    "dma50" : 203.27,
    "dma100" : 192.71,
    "dma200" : 175.75,
    "volume" : 118020.00
  }, {
    "date" : "2025-12-30",
    "price" : 195.25,
    "dma50" : 202.96,
    "dma100" : 193.35,
    "dma200" : 175.94,
    "volume" : 135381.00
  }, {
    "date" : "2025-12-31",
    "price" : 195.30,
    "dma50" : 202.66,
    "dma100" : 193.97,
    "dma200" : 176.13,
    "volume" : 52218.00
  }, {
    "date" : "2026-01-01",
    "price" : 187.35,
    "dma50" : 202.06,
    "dma100" : 194.51,
    "dma200" : 176.25,
    "volume" : 185289.00
  }, {
    "date" : "2026-01-02",
    "price" : 191.50,
    "dma50" : 201.64,
    "dma100" : 195.11,
    "dma200" : 176.40,
    "volume" : 168370.00
  }, {
    "date" : "2026-01-05",
    "price" : 197.70,
    "dma50" : 201.49,
    "dma100" : 195.68,
    "dma200" : 176.61,
    "volume" : 476839.00
  }, {
    "date" : "2026-01-06",
    "price" : 193.65,
    "dma50" : 201.18,
    "dma100" : 196.10,
    "dma200" : 176.78,
    "volume" : 93322.00
  }, {
    "date" : "2026-01-07",
    "price" : 191.35,
    "dma50" : 200.79,
    "dma100" : 196.48,
    "dma200" : 176.92,
    "volume" : 114273.00
  }, {
    "date" : "2026-01-08",
    "price" : 189.90,
    "dma50" : 200.37,
    "dma100" : 196.89,
    "dma200" : 177.05,
    "volume" : 316261.00
  }, {
    "date" : "2026-01-09",
    "price" : 183.50,
    "dma50" : 199.71,
    "dma100" : 197.21,
    "dma200" : 177.12,
    "volume" : 405423.00
  }, {
    "date" : "2026-01-12",
    "price" : 174.15,
    "dma50" : 198.70,
    "dma100" : 197.44,
    "dma200" : 177.09,
    "volume" : 303882.00
  }, {
    "date" : "2026-01-13",
    "price" : 176.35,
    "dma50" : 197.83,
    "dma100" : 197.69,
    "dma200" : 177.08,
    "volume" : 131757.00
  }, {
    "date" : "2026-01-14",
    "price" : 176.10,
    "dma50" : 196.97,
    "dma100" : 197.97,
    "dma200" : 177.07,
    "volume" : 55159.00
  }, {
    "date" : "2026-01-16",
    "price" : 172.60,
    "dma50" : 196.02,
    "dma100" : 198.22,
    "dma200" : 177.03,
    "volume" : 115097.00
  }, {
    "date" : "2026-01-19",
    "price" : 166.60,
    "dma50" : 194.86,
    "dma100" : 198.38,
    "dma200" : 176.92,
    "volume" : 153456.00
  }, {
    "date" : "2026-01-20",
    "price" : 156.20,
    "dma50" : 193.35,
    "dma100" : 198.42,
    "dma200" : 176.72,
    "volume" : 263271.00
  } ],
  "latestTechnicalAttributes" : {
    "date" : "2026-01-20",
    "price" : 156.20,
    "dma50" : 193.35,
    "dma100" : 198.42,
    "dma200" : 176.72,
    "volume" : 263271.00
  },
  "quarterlyResults" : [ {
    "date" : "2005-03-31",
    "sales" : 11.40,
    "salesGrowthYoY" : null,
    "grossProfitMargin" : -13.16,
    "grossProfit" : -1.50,
    "operatingProfitMargin" : -146.58,
    "operatingProfit" : -16.71,
    "netProfitMargin" : -169.30,
    "netProfit" : -19.30
  }, {
    "date" : "2005-06-30",
    "sales" : 0.00,
    "salesGrowthYoY" : null,
    "grossProfitMargin" : 0.00,
    "grossProfit" : 0.00,
    "operatingProfitMargin" : 0.00,
    "operatingProfit" : 0.00,
    "netProfitMargin" : 0.00,
    "netProfit" : 0.00
  }, {
    "date" : "2005-09-30",
    "sales" : 0.04,
    "salesGrowthYoY" : null,
    "grossProfitMargin" : 100.00,
    "grossProfit" : 0.04,
    "operatingProfitMargin" : -3325.00,
    "operatingProfit" : -1.33,
    "netProfitMargin" : -4725.00,
    "netProfit" : -1.89
  }, {
    "date" : "2005-12-31",
    "sales" : 0.00,
    "salesGrowthYoY" : null,
    "grossProfitMargin" : 0.00,
    "grossProfit" : 0.00,
    "operatingProfitMargin" : 0.00,
    "operatingProfit" : 0.00,
    "netProfitMargin" : 0.00,
    "netProfit" : 0.00
  }, {
    "date" : "2006-03-31",
    "sales" : 0.00,
    "salesGrowthYoY" : -100.00,
    "grossProfitMargin" : 0.00,
    "grossProfit" : 0.00,
    "operatingProfitMargin" : 0.00,
    "operatingProfit" : 0.00,
    "netProfitMargin" : 0.00,
    "netProfit" : 0.00
  }, {
    "date" : "2006-06-30",
    "sales" : 0.00,
    "salesGrowthYoY" : 0.00,
    "grossProfitMargin" : 0.00,
    "grossProfit" : 0.00,
    "operatingProfitMargin" : 0.00,
    "operatingProfit" : 0.00,
    "netProfitMargin" : 0.00,
    "netProfit" : 0.00
  }, {
    "date" : "2006-09-30",
    "sales" : 0.10,
    "salesGrowthYoY" : 150.00,
    "grossProfitMargin" : 100.00,
    "grossProfit" : 0.10,
    "operatingProfitMargin" : -1100.00,
    "operatingProfit" : -1.10,
    "netProfitMargin" : 3090.00,
    "netProfit" : 3.09
  }, {
    "date" : "2006-12-31",
    "sales" : 0.00,
    "salesGrowthYoY" : 0.00,
    "grossProfitMargin" : 0.00,
    "grossProfit" : 0.00,
    "operatingProfitMargin" : 0.00,
    "operatingProfit" : 0.00,
    "netProfitMargin" : 0.00,
    "netProfit" : 0.00
  }, {
    "date" : "2007-03-31",
    "sales" : 0.00,
    "salesGrowthYoY" : 0.00,
    "grossProfitMargin" : 0.00,
    "grossProfit" : 0.00,
    "operatingProfitMargin" : 0.00,
    "operatingProfit" : 0.00,
    "netProfitMargin" : 0.00,
    "netProfit" : 0.00
  }, {
    "date" : "2007-06-30",
    "sales" : 0.00,
    "salesGrowthYoY" : 0.00,
    "grossProfitMargin" : 0.00,
    "grossProfit" : 0.00,
    "operatingProfitMargin" : 0.00,
    "operatingProfit" : 0.00,
    "netProfitMargin" : 0.00,
    "netProfit" : 0.00
  }, {
    "date" : "2007-09-30",
    "sales" : 0.85,
    "salesGrowthYoY" : 750.00,
    "grossProfitMargin" : 10.59,
    "grossProfit" : 0.09,
    "operatingProfitMargin" : -134.12,
    "operatingProfit" : -1.14,
    "netProfitMargin" : -36.47,
    "netProfit" : -0.31
  }, {
    "date" : "2007-12-31",
    "sales" : 0.86,
    "salesGrowthYoY" : 100.00,
    "grossProfitMargin" : 5.81,
    "grossProfit" : 0.05,
    "operatingProfitMargin" : -109.30,
    "operatingProfit" : -0.94,
    "netProfitMargin" : -13.95,
    "netProfit" : -0.12
  }, {
    "date" : "2008-03-31",
    "sales" : 0.00,
    "salesGrowthYoY" : 0.00,
    "grossProfitMargin" : 0.00,
    "grossProfit" : 0.00,
    "operatingProfitMargin" : 0.00,
    "operatingProfit" : 0.00,
    "netProfitMargin" : 0.00,
    "netProfit" : 0.00
  }, {
    "date" : "2008-06-30",
    "sales" : 0.00,
    "salesGrowthYoY" : 0.00,
    "grossProfitMargin" : 0.00,
    "grossProfit" : 0.00,
    "operatingProfitMargin" : 0.00,
    "operatingProfit" : 0.00,
    "netProfitMargin" : 0.00,
    "netProfit" : 0.00
  }, {
    "date" : "2008-09-30",
    "sales" : 0.00,
    "salesGrowthYoY" : -100.00,
    "grossProfitMargin" : 0.00,
    "grossProfit" : 0.00,
    "operatingProfitMargin" : 0.00,
    "operatingProfit" : 0.00,
    "netProfitMargin" : 0.00,
    "netProfit" : 0.00
  }, {
    "date" : "2008-12-31",
    "sales" : 0.00,
    "salesGrowthYoY" : -100.00,
    "grossProfitMargin" : 0.00,
    "grossProfit" : 0.00,
    "operatingProfitMargin" : 0.00,
    "operatingProfit" : 0.00,
    "netProfitMargin" : 0.00,
    "netProfit" : 0.00
  }, {
    "date" : "2009-03-31",
    "sales" : 0.00,
    "salesGrowthYoY" : 0.00,
    "grossProfitMargin" : 0.00,
    "grossProfit" : 0.00,
    "operatingProfitMargin" : 0.00,
    "operatingProfit" : 0.00,
    "netProfitMargin" : 0.00,
    "netProfit" : 0.00
  }, {
    "date" : "2009-06-30",
    "sales" : 0.00,
    "salesGrowthYoY" : 0.00,
    "grossProfitMargin" : 0.00,
    "grossProfit" : 0.00,
    "operatingProfitMargin" : 0.00,
    "operatingProfit" : 0.00,
    "netProfitMargin" : 0.00,
    "netProfit" : 0.00
  }, {
    "date" : "2009-09-30",
    "sales" : 0.08,
    "salesGrowthYoY" : 100.00,
    "grossProfitMargin" : 100.00,
    "grossProfit" : 0.08,
    "operatingProfitMargin" : -1112.50,
    "operatingProfit" : -0.89,
    "netProfitMargin" : 462.50,
    "netProfit" : 0.37
  }, {
    "date" : "2009-12-31",
    "sales" : 0.08,
    "salesGrowthYoY" : 100.00,
    "grossProfitMargin" : 100.00,
    "grossProfit" : 0.08,
    "operatingProfitMargin" : -1337.50,
    "operatingProfit" : -1.07,
    "netProfitMargin" : -112.50,
    "netProfit" : -0.09
  }, {
    "date" : "2010-03-31",
    "sales" : 0.13,
    "salesGrowthYoY" : 100.00,
    "grossProfitMargin" : 100.00,
    "grossProfit" : 0.13,
    "operatingProfitMargin" : -661.54,
    "operatingProfit" : -0.86,
    "netProfitMargin" : 1192.31,
    "netProfit" : 1.55
  }, {
    "date" : "2010-06-30",
    "sales" : 0.08,
    "salesGrowthYoY" : 100.00,
    "grossProfitMargin" : 100.00,
    "grossProfit" : 0.08,
    "operatingProfitMargin" : -1175.00,
    "operatingProfit" : -0.94,
    "netProfitMargin" : -187.50,
    "netProfit" : -0.15
  }, {
    "date" : "2010-09-30",
    "sales" : 0.08,
    "salesGrowthYoY" : 0.00,
    "grossProfitMargin" : 100.00,
    "grossProfit" : 0.08,
    "operatingProfitMargin" : -1250.00,
    "operatingProfit" : -1.00,
    "netProfitMargin" : -37.50,
    "netProfit" : -0.03
  }, {
    "date" : "2010-12-31",
    "sales" : 0.08,
    "salesGrowthYoY" : 0.00,
    "grossProfitMargin" : 100.00,
    "grossProfit" : 0.08,
    "operatingProfitMargin" : -1162.50,
    "operatingProfit" : -0.93,
    "netProfitMargin" : 125.00,
    "netProfit" : 0.10
  }, {
    "date" : "2011-03-31",
    "sales" : 0.09,
    "salesGrowthYoY" : -30.77,
    "grossProfitMargin" : 100.00,
    "grossProfit" : 0.09,
    "operatingProfitMargin" : -977.78,
    "operatingProfit" : -0.88,
    "netProfitMargin" : 44.44,
    "netProfit" : 0.04
  }, {
    "date" : "2011-06-30",
    "sales" : 0.08,
    "salesGrowthYoY" : 0.00,
    "grossProfitMargin" : 100.00,
    "grossProfit" : 0.08,
    "operatingProfitMargin" : -987.50,
    "operatingProfit" : -0.79,
    "netProfitMargin" : 700.00,
    "netProfit" : 0.56
  }, {
    "date" : "2011-09-30",
    "sales" : 0.13,
    "salesGrowthYoY" : 62.50,
    "grossProfitMargin" : 100.00,
    "grossProfit" : 0.13,
    "operatingProfitMargin" : -800.00,
    "operatingProfit" : -1.04,
    "netProfitMargin" : 107.69,
    "netProfit" : 0.14
  }, {
    "date" : "2011-12-31",
    "sales" : 0.11,
    "salesGrowthYoY" : 37.50,
    "grossProfitMargin" : 100.00,
    "grossProfit" : 0.11,
    "operatingProfitMargin" : -681.82,
    "operatingProfit" : -0.75,
    "netProfitMargin" : 236.36,
    "netProfit" : 0.26
  }, {
    "date" : "2012-03-31",
    "sales" : 0.11,
    "salesGrowthYoY" : 22.22,
    "grossProfitMargin" : 100.00,
    "grossProfit" : 0.11,
    "operatingProfitMargin" : -818.18,
    "operatingProfit" : -0.90,
    "netProfitMargin" : 3618.18,
    "netProfit" : 3.98
  }, {
    "date" : "2012-06-30",
    "sales" : 0.10,
    "salesGrowthYoY" : 25.00,
    "grossProfitMargin" : 100.00,
    "grossProfit" : 0.10,
    "operatingProfitMargin" : -720.00,
    "operatingProfit" : -0.72,
    "netProfitMargin" : 3660.00,
    "netProfit" : 3.66
  }, {
    "date" : "2012-09-30",
    "sales" : 0.11,
    "salesGrowthYoY" : -15.38,
    "grossProfitMargin" : 100.00,
    "grossProfit" : 0.11,
    "operatingProfitMargin" : -681.82,
    "operatingProfit" : -0.75,
    "netProfitMargin" : 2109.09,
    "netProfit" : 2.32
  }, {
    "date" : "2012-12-31",
    "sales" : 0.11,
    "salesGrowthYoY" : 0.00,
    "grossProfitMargin" : 100.00,
    "grossProfit" : 0.11,
    "operatingProfitMargin" : -709.09,
    "operatingProfit" : -0.78,
    "netProfitMargin" : 290.91,
    "netProfit" : 0.32
  }, {
    "date" : "2013-03-31",
    "sales" : 0.11,
    "salesGrowthYoY" : 0.00,
    "grossProfitMargin" : 100.00,
    "grossProfit" : 0.11,
    "operatingProfitMargin" : -1145.45,
    "operatingProfit" : -1.26,
    "netProfitMargin" : -172.73,
    "netProfit" : -0.19
  }, {
    "date" : "2013-06-30",
    "sales" : 0.11,
    "salesGrowthYoY" : 10.00,
    "grossProfitMargin" : 100.00,
    "grossProfit" : 0.11,
    "operatingProfitMargin" : -763.64,
    "operatingProfit" : -0.84,
    "netProfitMargin" : 281.82,
    "netProfit" : 0.31
  }, {
    "date" : "2013-09-30",
    "sales" : 0.11,
    "salesGrowthYoY" : 0.00,
    "grossProfitMargin" : 100.00,
    "grossProfit" : 0.11,
    "operatingProfitMargin" : -754.55,
    "operatingProfit" : -0.83,
    "netProfitMargin" : 336.36,
    "netProfit" : 0.37
  }, {
    "date" : "2013-12-31",
    "sales" : 0.11,
    "salesGrowthYoY" : 0.00,
    "grossProfitMargin" : 100.00,
    "grossProfit" : 0.11,
    "operatingProfitMargin" : -763.64,
    "operatingProfit" : -0.84,
    "netProfitMargin" : 236.36,
    "netProfit" : 0.26
  }, {
    "date" : "2014-03-31",
    "sales" : 0.11,
    "salesGrowthYoY" : 0.00,
    "grossProfitMargin" : 36.36,
    "grossProfit" : 0.04,
    "operatingProfitMargin" : -363.64,
    "operatingProfit" : -0.40,
    "netProfitMargin" : 472.73,
    "netProfit" : 0.52
  }, {
    "date" : "2014-06-30",
    "sales" : 0.11,
    "salesGrowthYoY" : 0.00,
    "grossProfitMargin" : 100.00,
    "grossProfit" : 0.11,
    "operatingProfitMargin" : -809.09,
    "operatingProfit" : -0.89,
    "netProfitMargin" : 554.55,
    "netProfit" : 0.61
  }, {
    "date" : "2014-09-30",
    "sales" : 0.08,
    "salesGrowthYoY" : -27.27,
    "grossProfitMargin" : 0.00,
    "grossProfit" : 0.00,
    "operatingProfitMargin" : -1137.50,
    "operatingProfit" : -0.91,
    "netProfitMargin" : 425.00,
    "netProfit" : 0.34
  }, {
    "date" : "2014-12-31",
    "sales" : 0.08,
    "salesGrowthYoY" : -27.27,
    "grossProfitMargin" : 100.00,
    "grossProfit" : 0.08,
    "operatingProfitMargin" : -1475.00,
    "operatingProfit" : -1.18,
    "netProfitMargin" : 12.50,
    "netProfit" : 0.01
  }, {
    "date" : "2015-03-31",
    "sales" : 0.08,
    "salesGrowthYoY" : -27.27,
    "grossProfitMargin" : 100.00,
    "grossProfit" : 0.08,
    "operatingProfitMargin" : -1375.00,
    "operatingProfit" : -1.10,
    "netProfitMargin" : -125.00,
    "netProfit" : -0.10
  }, {
    "date" : "2015-06-30",
    "sales" : 0.08,
    "salesGrowthYoY" : -27.27,
    "grossProfitMargin" : -25.00,
    "grossProfit" : -0.02,
    "operatingProfitMargin" : -1100.00,
    "operatingProfit" : -0.88,
    "netProfitMargin" : 375.00,
    "netProfit" : 0.30
  }, {
    "date" : "2015-09-30",
    "sales" : 0.08,
    "salesGrowthYoY" : 0.00,
    "grossProfitMargin" : -150.00,
    "grossProfit" : -0.12,
    "operatingProfitMargin" : -1275.00,
    "operatingProfit" : -1.02,
    "netProfitMargin" : 312.50,
    "netProfit" : 0.25
  }, {
    "date" : "2015-12-31",
    "sales" : 0.08,
    "salesGrowthYoY" : 0.00,
    "grossProfitMargin" : 0.00,
    "grossProfit" : 0.00,
    "operatingProfitMargin" : -1237.50,
    "operatingProfit" : -0.99,
    "netProfitMargin" : 625.00,
    "netProfit" : 0.50
  }, {
    "date" : "2016-03-31",
    "sales" : 0.08,
    "salesGrowthYoY" : 0.00,
    "grossProfitMargin" : -12.50,
    "grossProfit" : -0.01,
    "operatingProfitMargin" : -1375.00,
    "operatingProfit" : -1.10,
    "netProfitMargin" : 75.00,
    "netProfit" : 0.06
  }, {
    "date" : "2016-06-30",
    "sales" : 0.08,
    "salesGrowthYoY" : 0.00,
    "grossProfitMargin" : 100.00,
    "grossProfit" : 0.08,
    "operatingProfitMargin" : -1200.00,
    "operatingProfit" : -0.96,
    "netProfitMargin" : 625.00,
    "netProfit" : 0.50
  }, {
    "date" : "2016-09-30",
    "sales" : 0.08,
    "salesGrowthYoY" : 0.00,
    "grossProfitMargin" : 100.00,
    "grossProfit" : 0.08,
    "operatingProfitMargin" : -1312.50,
    "operatingProfit" : -1.05,
    "netProfitMargin" : 225.00,
    "netProfit" : 0.18
  }, {
    "date" : "2016-12-31",
    "sales" : 0.07,
    "salesGrowthYoY" : -12.50,
    "grossProfitMargin" : 100.00,
    "grossProfit" : 0.07,
    "operatingProfitMargin" : -1271.43,
    "operatingProfit" : -0.89,
    "netProfitMargin" : 571.43,
    "netProfit" : 0.40
  }, {
    "date" : "2017-03-31",
    "sales" : 0.08,
    "salesGrowthYoY" : 0.00,
    "grossProfitMargin" : 100.00,
    "grossProfit" : 0.08,
    "operatingProfitMargin" : -1575.00,
    "operatingProfit" : -1.26,
    "netProfitMargin" : 275.00,
    "netProfit" : 0.22
  }, {
    "date" : "2017-06-30",
    "sales" : 0.08,
    "salesGrowthYoY" : 0.00,
    "grossProfitMargin" : 100.00,
    "grossProfit" : 0.08,
    "operatingProfitMargin" : -1350.00,
    "operatingProfit" : -1.08,
    "netProfitMargin" : 450.00,
    "netProfit" : 0.36
  }, {
    "date" : "2017-09-30",
    "sales" : 0.08,
    "salesGrowthYoY" : 0.00,
    "grossProfitMargin" : 100.00,
    "grossProfit" : 0.08,
    "operatingProfitMargin" : -1475.00,
    "operatingProfit" : -1.18,
    "netProfitMargin" : 150.00,
    "netProfit" : 0.12
  }, {
    "date" : "2017-12-31",
    "sales" : 0.08,
    "salesGrowthYoY" : 14.29,
    "grossProfitMargin" : 100.00,
    "grossProfit" : 0.08,
    "operatingProfitMargin" : -1100.00,
    "operatingProfit" : -0.88,
    "netProfitMargin" : 562.50,
    "netProfit" : 0.45
  }, {
    "date" : "2018-03-31",
    "sales" : 0.08,
    "salesGrowthYoY" : 0.00,
    "grossProfitMargin" : 100.00,
    "grossProfit" : 0.08,
    "operatingProfitMargin" : -1912.50,
    "operatingProfit" : -1.53,
    "netProfitMargin" : 137.50,
    "netProfit" : 0.11
  }, {
    "date" : "2018-06-30",
    "sales" : 0.08,
    "salesGrowthYoY" : 0.00,
    "grossProfitMargin" : 100.00,
    "grossProfit" : 0.08,
    "operatingProfitMargin" : -1450.00,
    "operatingProfit" : -1.16,
    "netProfitMargin" : 350.00,
    "netProfit" : 0.28
  }, {
    "date" : "2018-09-30",
    "sales" : 0.08,
    "salesGrowthYoY" : 0.00,
    "grossProfitMargin" : 100.00,
    "grossProfit" : 0.08,
    "operatingProfitMargin" : -1700.00,
    "operatingProfit" : -1.36,
    "netProfitMargin" : 337.50,
    "netProfit" : 0.27
  }, {
    "date" : "2018-12-31",
    "sales" : 0.08,
    "salesGrowthYoY" : 0.00,
    "grossProfitMargin" : 100.00,
    "grossProfit" : 0.08,
    "operatingProfitMargin" : -1450.00,
    "operatingProfit" : -1.16,
    "netProfitMargin" : 337.50,
    "netProfit" : 0.27
  }, {
    "date" : "2019-03-31",
    "sales" : 0.08,
    "salesGrowthYoY" : 0.00,
    "grossProfitMargin" : 100.00,
    "grossProfit" : 0.08,
    "operatingProfitMargin" : -1662.50,
    "operatingProfit" : -1.33,
    "netProfitMargin" : -150.00,
    "netProfit" : -0.12
  }, {
    "date" : "2019-06-30",
    "sales" : 0.08,
    "salesGrowthYoY" : 0.00,
    "grossProfitMargin" : 100.00,
    "grossProfit" : 0.08,
    "operatingProfitMargin" : -1375.00,
    "operatingProfit" : -1.10,
    "netProfitMargin" : 137.50,
    "netProfit" : 0.11
  }, {
    "date" : "2019-09-30",
    "sales" : 0.08,
    "salesGrowthYoY" : 0.00,
    "grossProfitMargin" : 100.00,
    "grossProfit" : 0.08,
    "operatingProfitMargin" : -1600.00,
    "operatingProfit" : -1.28,
    "netProfitMargin" : 25.00,
    "netProfit" : 0.02
  }, {
    "date" : "2019-12-31",
    "sales" : 0.08,
    "salesGrowthYoY" : 0.00,
    "grossProfitMargin" : 100.00,
    "grossProfit" : 0.08,
    "operatingProfitMargin" : -1637.50,
    "operatingProfit" : -1.31,
    "netProfitMargin" : -150.00,
    "netProfit" : -0.12
  }, {
    "date" : "2020-03-31",
    "sales" : 0.08,
    "salesGrowthYoY" : 0.00,
    "grossProfitMargin" : 100.00,
    "grossProfit" : 0.08,
    "operatingProfitMargin" : -1912.50,
    "operatingProfit" : -1.53,
    "netProfitMargin" : -562.50,
    "netProfit" : -0.45
  }, {
    "date" : "2020-06-30",
    "sales" : 0.08,
    "salesGrowthYoY" : 0.00,
    "grossProfitMargin" : 100.00,
    "grossProfit" : 0.08,
    "operatingProfitMargin" : -1325.00,
    "operatingProfit" : -1.06,
    "netProfitMargin" : 37.50,
    "netProfit" : 0.03
  }, {
    "date" : "2020-09-30",
    "sales" : 0.08,
    "salesGrowthYoY" : 0.00,
    "grossProfitMargin" : 100.00,
    "grossProfit" : 0.08,
    "operatingProfitMargin" : -1337.50,
    "operatingProfit" : -1.07,
    "netProfitMargin" : 112.50,
    "netProfit" : 0.09
  }, {
    "date" : "2020-12-31",
    "sales" : 0.08,
    "salesGrowthYoY" : 0.00,
    "grossProfitMargin" : 100.00,
    "grossProfit" : 0.08,
    "operatingProfitMargin" : -1787.50,
    "operatingProfit" : -1.43,
    "netProfitMargin" : -562.50,
    "netProfit" : -0.45
  }, {
    "date" : "2021-03-31",
    "sales" : 0.08,
    "salesGrowthYoY" : 0.00,
    "grossProfitMargin" : 100.00,
    "grossProfit" : 0.08,
    "operatingProfitMargin" : -1712.50,
    "operatingProfit" : -1.37,
    "netProfitMargin" : 20737.50,
    "netProfit" : 16.59
  }, {
    "date" : "2021-06-30",
    "sales" : 0.08,
    "salesGrowthYoY" : 0.00,
    "grossProfitMargin" : 100.00,
    "grossProfit" : 0.08,
    "operatingProfitMargin" : -1137.50,
    "operatingProfit" : -0.91,
    "netProfitMargin" : 12.50,
    "netProfit" : 0.01
  }, {
    "date" : "2021-09-30",
    "sales" : 0.08,
    "salesGrowthYoY" : 0.00,
    "grossProfitMargin" : 100.00,
    "grossProfit" : 0.08,
    "operatingProfitMargin" : -2137.50,
    "operatingProfit" : -1.71,
    "netProfitMargin" : -900.00,
    "netProfit" : -0.72
  }, {
    "date" : "2021-12-31",
    "sales" : 0.00,
    "salesGrowthYoY" : -100.00,
    "grossProfitMargin" : 0.00,
    "grossProfit" : 0.00,
    "operatingProfitMargin" : 0.00,
    "operatingProfit" : 0.00,
    "netProfitMargin" : 0.00,
    "netProfit" : 0.00
  }, {
    "date" : "2022-03-31",
    "sales" : 0.00,
    "salesGrowthYoY" : -100.00,
    "grossProfitMargin" : 0.00,
    "grossProfit" : 0.00,
    "operatingProfitMargin" : 0.00,
    "operatingProfit" : 0.00,
    "netProfitMargin" : 0.00,
    "netProfit" : 0.00
  }, {
    "date" : "2022-06-30",
    "sales" : 0.00,
    "salesGrowthYoY" : -100.00,
    "grossProfitMargin" : 0.00,
    "grossProfit" : 0.00,
    "operatingProfitMargin" : 0.00,
    "operatingProfit" : 0.00,
    "netProfitMargin" : 0.00,
    "netProfit" : 0.00
  }, {
    "date" : "2022-09-30",
    "sales" : 0.00,
    "salesGrowthYoY" : -100.00,
    "grossProfitMargin" : 0.00,
    "grossProfit" : 0.00,
    "operatingProfitMargin" : 0.00,
    "operatingProfit" : 0.00,
    "netProfitMargin" : 0.00,
    "netProfit" : 0.00
  }, {
    "date" : "2022-12-31",
    "sales" : 0.00,
    "salesGrowthYoY" : 0.00,
    "grossProfitMargin" : 0.00,
    "grossProfit" : 0.00,
    "operatingProfitMargin" : 0.00,
    "operatingProfit" : 0.00,
    "netProfitMargin" : 0.00,
    "netProfit" : 0.00
  }, {
    "date" : "2023-03-31",
    "sales" : 0.30,
    "salesGrowthYoY" : 100.00,
    "grossProfitMargin" : 100.00,
    "grossProfit" : 0.30,
    "operatingProfitMargin" : -443.33,
    "operatingProfit" : -1.33,
    "netProfitMargin" : 33.33,
    "netProfit" : 0.10
  }, {
    "date" : "2023-06-30",
    "sales" : 0.30,
    "salesGrowthYoY" : 100.00,
    "grossProfitMargin" : 100.00,
    "grossProfit" : 0.30,
    "operatingProfitMargin" : -260.00,
    "operatingProfit" : -0.78,
    "netProfitMargin" : 70.00,
    "netProfit" : 0.21
  }, {
    "date" : "2023-09-30",
    "sales" : 0.30,
    "salesGrowthYoY" : 100.00,
    "grossProfitMargin" : 100.00,
    "grossProfit" : 0.30,
    "operatingProfitMargin" : -403.33,
    "operatingProfit" : -1.21,
    "netProfitMargin" : 830.00,
    "netProfit" : 2.49
  }, {
    "date" : "2023-12-31",
    "sales" : 0.33,
    "salesGrowthYoY" : 100.00,
    "grossProfitMargin" : 93.94,
    "grossProfit" : 0.31,
    "operatingProfitMargin" : -348.48,
    "operatingProfit" : -1.15,
    "netProfitMargin" : 942.42,
    "netProfit" : 3.11
  }, {
    "date" : "2024-03-31",
    "sales" : 1.00,
    "salesGrowthYoY" : 233.33,
    "grossProfitMargin" : 78.00,
    "grossProfit" : 0.78,
    "operatingProfitMargin" : -122.00,
    "operatingProfit" : -1.22,
    "netProfitMargin" : 712.00,
    "netProfit" : 7.12
  }, {
    "date" : "2024-06-30",
    "sales" : 0.43,
    "salesGrowthYoY" : 43.33,
    "grossProfitMargin" : 74.42,
    "grossProfit" : 0.32,
    "operatingProfitMargin" : -304.65,
    "operatingProfit" : -1.31,
    "netProfitMargin" : 1355.81,
    "netProfit" : 5.83
  }, {
    "date" : "2024-09-30",
    "sales" : 1.19,
    "salesGrowthYoY" : 296.67,
    "grossProfitMargin" : 171.43,
    "grossProfit" : 2.04,
    "operatingProfitMargin" : -31.09,
    "operatingProfit" : -0.37,
    "netProfitMargin" : 255.46,
    "netProfit" : 3.04
  }, {
    "date" : "2024-12-31",
    "sales" : 2.09,
    "salesGrowthYoY" : 533.33,
    "grossProfitMargin" : 89.47,
    "grossProfit" : 1.87,
    "operatingProfitMargin" : -33.01,
    "operatingProfit" : -0.69,
    "netProfitMargin" : 173.68,
    "netProfit" : 3.63
  }, {
    "date" : "2025-03-31",
    "sales" : 2.21,
    "salesGrowthYoY" : 121.00,
    "grossProfitMargin" : 95.02,
    "grossProfit" : 2.10,
    "operatingProfitMargin" : -19.00,
    "operatingProfit" : -0.42,
    "netProfitMargin" : 7.69,
    "netProfit" : 0.17
  }, {
    "date" : "2025-06-30",
    "sales" : 0.51,
    "salesGrowthYoY" : 18.60,
    "grossProfitMargin" : -92.16,
    "grossProfit" : -0.47,
    "operatingProfitMargin" : -427.45,
    "operatingProfit" : -2.18,
    "netProfitMargin" : 3007.84,
    "netProfit" : 15.34
  }, {
    "date" : "2025-09-30",
    "sales" : 0.73,
    "salesGrowthYoY" : -38.66,
    "grossProfitMargin" : 113.70,
    "grossProfit" : 0.83,
    "operatingProfitMargin" : -145.21,
    "operatingProfit" : -1.06,
    "netProfitMargin" : 138.36,
    "netProfit" : 1.01
  } ],
  "latestQuarterlyResult" : {
    "date" : "2025-09-30",
    "sales" : 0.73,
    "salesGrowthYoY" : -38.66,
    "grossProfitMargin" : 113.70,
    "grossProfit" : 0.83,
    "operatingProfitMargin" : -145.21,
    "operatingProfit" : -1.06,
    "netProfitMargin" : 138.36,
    "netProfit" : 1.01
  },
  "companyScore" : {
    "priceHigherThanDma50" : 0.00,
    "priceHigherThanDma100" : 0.00,
    "priceHigherThanDma200" : 0.00,
    "dma50HigherThanDma100" : 0.00,
    "dma50HigherThanDma200" : 5.00,
    "dma100HigherThanDma200" : 5.00,
    "pricePercentageAboveDma50" : 5.96,
    "pricePercentageAboveDma100" : 6.06,
    "pricePercentageAboveDma200" : 5.58,
    "weeklyVolumeHigherThanYearlyVolume" : 0.00,
    "salesGrowthPercentile" : 2.03,
    "operatingProfitMarginPercentile" : 19.13,
    "netProfitMarginPercentile" : 5.66,
    "totalTechnicalScore" : 27.61,
    "totalFundamentalScore" : 26.81,
    "totalScore" : 54.42
  }
}