{
  "metadata" : {
    "screenerCompanyId" : "1596",
    "companyCode" : "JAYNECOIND",
    "companyName" : "Jayaswal Neco",
    "screenerCompanyLink" : "https://www.screener.in/company/JAYNECOIND/",
    "screenerTechnicalHistoryLink" : "https://www.screener.in/api/company/1596/chart/?q=Price-DMA50-DMA200-Volume&days=365",
    "screenerQuarterlyResultsLink" : "https://www.screener.in/api/company/1596/chart/?q=GPM-OPM-NPM-Quarter+Sales&days=10000",
    "attributes" : {
      "companyCode" : "JAYNECOIND",
      "companyName" : "Jayaswal Neco",
      "marketCap" : 8757.00,
      "peRatio" : 23.20,
      "description" : "Jayaswal Neco Industries Limited (JNIL) is the flagship company of NECO Group of Industries. Started in 1976 as a small-scale Iron Foundry unit, Jayaswal Neco Industries Limited (Foundry Division) is now a producer of Iron & steel castings. The Company is engaged in the manufacturing and supply of billets, rolled products, pig iron & skull, sponge iron, pellet, steel, and Iron & steel castings.[1]"
    },
    "companyScore" : {
      "priceHigherThanDma50" : 5.00,
      "priceHigherThanDma100" : 5.00,
      "priceHigherThanDma200" : 5.00,
      "dma50HigherThanDma100" : 5.00,
      "dma50HigherThanDma200" : 5.00,
      "dma100HigherThanDma200" : 5.00,
      "pricePercentageAboveDma50" : 4.16,
      "pricePercentageAboveDma100" : 3.71,
      "pricePercentageAboveDma200" : 2.68,
      "weeklyVolumeHigherThanYearlyVolume" : 0.00,
      "salesGrowthPercentile" : 18.23,
      "operatingProfitMarginPercentile" : 17.11,
      "netProfitMarginPercentile" : 8.67,
      "totalTechnicalScore" : 40.55,
      "totalFundamentalScore" : 44.01,
      "totalScore" : 84.56
    }
  },
  "attributes" : {
    "companyCode" : "JAYNECOIND",
    "companyName" : "Jayaswal Neco",
    "marketCap" : 8757.00,
    "peRatio" : 23.20,
    "description" : "Jayaswal Neco Industries Limited (JNIL) is the flagship company of NECO Group of Industries. Started in 1976 as a small-scale Iron Foundry unit, Jayaswal Neco Industries Limited (Foundry Division) is now a producer of Iron & steel castings. The Company is engaged in the manufacturing and supply of billets, rolled products, pig iron & skull, sponge iron, pellet, steel, and Iron & steel castings.[1]"
  },
  "technicalHistory" : [ {
    "date" : "2025-01-08",
    "price" : 41.59,
    "dma50" : 42.04,
    "dma100" : null,
    "dma200" : 44.69,
    "volume" : 120922.00
  }, {
    "date" : "2025-01-09",
    "price" : 40.33,
    "dma50" : 41.98,
    "dma100" : null,
    "dma200" : 44.65,
    "volume" : 104884.00
  }, {
    "date" : "2025-01-10",
    "price" : 40.13,
    "dma50" : 41.90,
    "dma100" : null,
    "dma200" : 44.60,
    "volume" : 195485.00
  }, {
    "date" : "2025-01-13",
    "price" : 38.07,
    "dma50" : 41.75,
    "dma100" : null,
    "dma200" : 44.54,
    "volume" : 253492.00
  }, {
    "date" : "2025-01-14",
    "price" : 38.87,
    "dma50" : 41.64,
    "dma100" : null,
    "dma200" : 44.48,
    "volume" : 108113.00
  }, {
    "date" : "2025-01-15",
    "price" : 38.15,
    "dma50" : 41.50,
    "dma100" : null,
    "dma200" : 44.42,
    "volume" : 194299.00
  }, {
    "date" : "2025-01-16",
    "price" : 38.27,
    "dma50" : 41.38,
    "dma100" : null,
    "dma200" : 44.36,
    "volume" : 131118.00
  }, {
    "date" : "2025-01-17",
    "price" : 38.17,
    "dma50" : 41.25,
    "dma100" : null,
    "dma200" : 44.29,
    "volume" : 113653.00
  }, {
    "date" : "2025-01-20",
    "price" : 39.58,
    "dma50" : 41.19,
    "dma100" : null,
    "dma200" : 44.25,
    "volume" : 118511.00
  }, {
    "date" : "2025-01-21",
    "price" : 39.19,
    "dma50" : 41.11,
    "dma100" : null,
    "dma200" : 44.20,
    "volume" : 141319.00
  }, {
    "date" : "2025-01-22",
    "price" : 37.98,
    "dma50" : 40.98,
    "dma100" : null,
    "dma200" : 44.14,
    "volume" : 254745.00
  }, {
    "date" : "2025-01-23",
    "price" : 39.46,
    "dma50" : 40.92,
    "dma100" : null,
    "dma200" : 44.09,
    "volume" : 492648.00
  }, {
    "date" : "2025-01-24",
    "price" : 38.50,
    "dma50" : 40.83,
    "dma100" : null,
    "dma200" : 44.03,
    "volume" : 163602.00
  }, {
    "date" : "2025-01-27",
    "price" : 36.99,
    "dma50" : 40.68,
    "dma100" : null,
    "dma200" : 43.96,
    "volume" : 162849.00
  }, {
    "date" : "2025-01-28",
    "price" : 37.29,
    "dma50" : 40.55,
    "dma100" : null,
    "dma200" : 43.90,
    "volume" : 199383.00
  }, {
    "date" : "2025-01-29",
    "price" : 36.57,
    "dma50" : 40.39,
    "dma100" : null,
    "dma200" : 43.82,
    "volume" : 112311.00
  }, {
    "date" : "2025-01-30",
    "price" : 36.53,
    "dma50" : 40.24,
    "dma100" : null,
    "dma200" : 43.75,
    "volume" : 140028.00
  }, {
    "date" : "2025-01-31",
    "price" : 38.08,
    "dma50" : 40.15,
    "dma100" : null,
    "dma200" : 43.69,
    "volume" : 219041.00
  }, {
    "date" : "2025-02-01",
    "price" : 36.99,
    "dma50" : 40.03,
    "dma100" : null,
    "dma200" : 43.63,
    "volume" : 77048.00
  }, {
    "date" : "2025-02-03",
    "price" : 36.87,
    "dma50" : 39.91,
    "dma100" : null,
    "dma200" : 43.56,
    "volume" : 39571.00
  }, {
    "date" : "2025-02-04",
    "price" : 37.24,
    "dma50" : 39.80,
    "dma100" : null,
    "dma200" : 43.50,
    "volume" : 99279.00
  }, {
    "date" : "2025-02-05",
    "price" : 38.56,
    "dma50" : 39.75,
    "dma100" : null,
    "dma200" : 43.45,
    "volume" : 163085.00
  }, {
    "date" : "2025-02-06",
    "price" : 37.84,
    "dma50" : 39.68,
    "dma100" : null,
    "dma200" : 43.39,
    "volume" : 79303.00
  }, {
    "date" : "2025-02-07",
    "price" : 38.12,
    "dma50" : 39.62,
    "dma100" : null,
    "dma200" : 43.34,
    "volume" : 94927.00
  }, {
    "date" : "2025-02-10",
    "price" : 37.08,
    "dma50" : 39.52,
    "dma100" : null,
    "dma200" : 43.28,
    "volume" : 35851.00
  }, {
    "date" : "2025-02-11",
    "price" : 36.12,
    "dma50" : 39.38,
    "dma100" : null,
    "dma200" : 43.21,
    "volume" : 107067.00
  }, {
    "date" : "2025-02-12",
    "price" : 35.84,
    "dma50" : 39.24,
    "dma100" : null,
    "dma200" : 43.13,
    "volume" : 136778.00
  }, {
    "date" : "2025-02-13",
    "price" : 35.78,
    "dma50" : 39.11,
    "dma100" : null,
    "dma200" : 43.06,
    "volume" : 88505.00
  }, {
    "date" : "2025-02-14",
    "price" : 34.30,
    "dma50" : 38.92,
    "dma100" : null,
    "dma200" : 42.97,
    "volume" : 222294.00
  }, {
    "date" : "2025-02-17",
    "price" : 33.47,
    "dma50" : 38.71,
    "dma100" : null,
    "dma200" : 42.88,
    "volume" : 173649.00
  }, {
    "date" : "2025-02-18",
    "price" : 32.93,
    "dma50" : 38.48,
    "dma100" : null,
    "dma200" : 42.78,
    "volume" : 198524.00
  }, {
    "date" : "2025-02-19",
    "price" : 33.56,
    "dma50" : 38.29,
    "dma100" : null,
    "dma200" : 42.69,
    "volume" : 83854.00
  }, {
    "date" : "2025-02-20",
    "price" : 35.30,
    "dma50" : 38.17,
    "dma100" : null,
    "dma200" : 42.61,
    "volume" : 134575.00
  }, {
    "date" : "2025-02-21",
    "price" : 34.19,
    "dma50" : 38.01,
    "dma100" : null,
    "dma200" : 42.53,
    "volume" : 175483.00
  }, {
    "date" : "2025-02-24",
    "price" : 33.79,
    "dma50" : 37.85,
    "dma100" : null,
    "dma200" : 42.44,
    "volume" : 84610.00
  }, {
    "date" : "2025-02-25",
    "price" : 33.24,
    "dma50" : 37.67,
    "dma100" : null,
    "dma200" : 42.35,
    "volume" : 133437.00
  }, {
    "date" : "2025-02-27",
    "price" : 33.39,
    "dma50" : 37.50,
    "dma100" : null,
    "dma200" : 42.26,
    "volume" : 82668.00
  }, {
    "date" : "2025-02-28",
    "price" : 31.55,
    "dma50" : 37.27,
    "dma100" : null,
    "dma200" : 42.16,
    "volume" : 184012.00
  }, {
    "date" : "2025-03-03",
    "price" : 29.12,
    "dma50" : 36.95,
    "dma100" : null,
    "dma200" : 42.03,
    "volume" : 386384.00
  }, {
    "date" : "2025-03-04",
    "price" : 29.05,
    "dma50" : 36.64,
    "dma100" : null,
    "dma200" : 41.90,
    "volume" : 231570.00
  }, {
    "date" : "2025-03-05",
    "price" : 31.91,
    "dma50" : 36.45,
    "dma100" : null,
    "dma200" : 41.80,
    "volume" : 295376.00
  }, {
    "date" : "2025-03-06",
    "price" : 34.57,
    "dma50" : 36.38,
    "dma100" : null,
    "dma200" : 41.73,
    "volume" : 482075.00
  }, {
    "date" : "2025-03-07",
    "price" : 35.70,
    "dma50" : 36.35,
    "dma100" : null,
    "dma200" : 41.67,
    "volume" : 274584.00
  }, {
    "date" : "2025-03-10",
    "price" : 33.17,
    "dma50" : 36.23,
    "dma100" : null,
    "dma200" : 41.58,
    "volume" : 155467.00
  }, {
    "date" : "2025-03-11",
    "price" : 30.94,
    "dma50" : 36.02,
    "dma100" : null,
    "dma200" : 41.48,
    "volume" : 253271.00
  }, {
    "date" : "2025-03-12",
    "price" : 31.08,
    "dma50" : 35.83,
    "dma100" : null,
    "dma200" : 41.37,
    "volume" : 345034.00
  }, {
    "date" : "2025-03-13",
    "price" : 30.84,
    "dma50" : 35.63,
    "dma100" : null,
    "dma200" : 41.27,
    "volume" : 155271.00
  }, {
    "date" : "2025-03-17",
    "price" : 29.44,
    "dma50" : 35.39,
    "dma100" : null,
    "dma200" : 41.15,
    "volume" : 325181.00
  }, {
    "date" : "2025-03-18",
    "price" : 30.40,
    "dma50" : 35.19,
    "dma100" : null,
    "dma200" : 41.04,
    "volume" : 419139.00
  }, {
    "date" : "2025-03-19",
    "price" : 32.28,
    "dma50" : 35.08,
    "dma100" : null,
    "dma200" : 40.96,
    "volume" : 460036.00
  }, {
    "date" : "2025-03-20",
    "price" : 31.74,
    "dma50" : 34.95,
    "dma100" : null,
    "dma200" : 40.86,
    "volume" : 183377.00
  }, {
    "date" : "2025-03-21",
    "price" : 32.05,
    "dma50" : 34.83,
    "dma100" : null,
    "dma200" : 40.78,
    "volume" : 222430.00
  }, {
    "date" : "2025-03-24",
    "price" : 34.10,
    "dma50" : 34.80,
    "dma100" : null,
    "dma200" : 40.71,
    "volume" : 402993.00
  }, {
    "date" : "2025-03-25",
    "price" : 32.29,
    "dma50" : 34.71,
    "dma100" : null,
    "dma200" : 40.63,
    "volume" : 391871.00
  }, {
    "date" : "2025-03-26",
    "price" : 31.00,
    "dma50" : 34.56,
    "dma100" : null,
    "dma200" : 40.53,
    "volume" : 249559.00
  }, {
    "date" : "2025-03-27",
    "price" : 30.22,
    "dma50" : 34.39,
    "dma100" : null,
    "dma200" : 40.43,
    "volume" : 533175.00
  }, {
    "date" : "2025-03-28",
    "price" : 29.94,
    "dma50" : 34.22,
    "dma100" : null,
    "dma200" : 40.32,
    "volume" : 579057.00
  }, {
    "date" : "2025-04-01",
    "price" : 32.21,
    "dma50" : 34.14,
    "dma100" : null,
    "dma200" : 40.24,
    "volume" : 244080.00
  }, {
    "date" : "2025-04-02",
    "price" : 32.24,
    "dma50" : 34.06,
    "dma100" : null,
    "dma200" : 40.16,
    "volume" : 366765.00
  }, {
    "date" : "2025-04-03",
    "price" : 33.37,
    "dma50" : 34.04,
    "dma100" : null,
    "dma200" : 40.10,
    "volume" : 201458.00
  }, {
    "date" : "2025-04-04",
    "price" : 32.17,
    "dma50" : 33.96,
    "dma100" : null,
    "dma200" : 40.02,
    "volume" : 97127.00
  }, {
    "date" : "2025-04-07",
    "price" : 30.73,
    "dma50" : 33.84,
    "dma100" : null,
    "dma200" : 39.92,
    "volume" : 204005.00
  }, {
    "date" : "2025-04-08",
    "price" : 31.44,
    "dma50" : 33.74,
    "dma100" : null,
    "dma200" : 39.84,
    "volume" : 90748.00
  }, {
    "date" : "2025-04-09",
    "price" : 30.52,
    "dma50" : 33.62,
    "dma100" : null,
    "dma200" : 39.75,
    "volume" : 122417.00
  }, {
    "date" : "2025-04-11",
    "price" : 30.43,
    "dma50" : 33.49,
    "dma100" : null,
    "dma200" : 39.65,
    "volume" : 190393.00
  }, {
    "date" : "2025-04-15",
    "price" : 32.56,
    "dma50" : 33.45,
    "dma100" : null,
    "dma200" : 39.58,
    "volume" : 211795.00
  }, {
    "date" : "2025-04-16",
    "price" : 33.41,
    "dma50" : 33.45,
    "dma100" : null,
    "dma200" : 39.52,
    "volume" : 153405.00
  }, {
    "date" : "2025-04-17",
    "price" : 33.89,
    "dma50" : 33.47,
    "dma100" : null,
    "dma200" : 39.47,
    "volume" : 229133.00
  }, {
    "date" : "2025-04-21",
    "price" : 35.29,
    "dma50" : 33.54,
    "dma100" : null,
    "dma200" : 39.42,
    "volume" : 160655.00
  }, {
    "date" : "2025-04-22",
    "price" : 37.03,
    "dma50" : 33.68,
    "dma100" : null,
    "dma200" : 39.40,
    "volume" : 370090.00
  }, {
    "date" : "2025-04-23",
    "price" : 36.11,
    "dma50" : 33.77,
    "dma100" : null,
    "dma200" : 39.37,
    "volume" : 125238.00
  }, {
    "date" : "2025-04-24",
    "price" : 36.20,
    "dma50" : 33.87,
    "dma100" : null,
    "dma200" : 39.34,
    "volume" : 353987.00
  }, {
    "date" : "2025-04-25",
    "price" : 35.31,
    "dma50" : 33.92,
    "dma100" : null,
    "dma200" : 39.30,
    "volume" : 250723.00
  }, {
    "date" : "2025-04-28",
    "price" : 42.37,
    "dma50" : 34.26,
    "dma100" : null,
    "dma200" : 39.33,
    "volume" : 1118912.00
  }, {
    "date" : "2025-04-29",
    "price" : 44.10,
    "dma50" : 34.64,
    "dma100" : null,
    "dma200" : 39.37,
    "volume" : 5437223.00
  }, {
    "date" : "2025-04-30",
    "price" : 41.09,
    "dma50" : 34.89,
    "dma100" : null,
    "dma200" : 39.39,
    "volume" : 906245.00
  }, {
    "date" : "2025-05-02",
    "price" : 40.79,
    "dma50" : 35.13,
    "dma100" : null,
    "dma200" : 39.41,
    "volume" : 732043.00
  }, {
    "date" : "2025-05-05",
    "price" : 40.86,
    "dma50" : 35.35,
    "dma100" : null,
    "dma200" : 39.42,
    "volume" : 256097.00
  }, {
    "date" : "2025-05-06",
    "price" : 39.19,
    "dma50" : 35.50,
    "dma100" : null,
    "dma200" : 39.42,
    "volume" : 378043.00
  }, {
    "date" : "2025-05-07",
    "price" : 39.73,
    "dma50" : 35.67,
    "dma100" : null,
    "dma200" : 39.42,
    "volume" : 335755.00
  }, {
    "date" : "2025-05-08",
    "price" : 38.43,
    "dma50" : 35.78,
    "dma100" : null,
    "dma200" : 39.41,
    "volume" : 297783.00
  }, {
    "date" : "2025-05-09",
    "price" : 38.13,
    "dma50" : 35.87,
    "dma100" : null,
    "dma200" : 39.40,
    "volume" : 202683.00
  }, {
    "date" : "2025-05-12",
    "price" : 40.31,
    "dma50" : 36.04,
    "dma100" : null,
    "dma200" : 39.41,
    "volume" : 303377.00
  }, {
    "date" : "2025-05-13",
    "price" : 41.42,
    "dma50" : 36.25,
    "dma100" : null,
    "dma200" : 39.43,
    "volume" : 391111.00
  }, {
    "date" : "2025-05-14",
    "price" : 43.28,
    "dma50" : 36.53,
    "dma100" : null,
    "dma200" : 39.47,
    "volume" : 339862.00
  }, {
    "date" : "2025-05-15",
    "price" : 43.42,
    "dma50" : 36.80,
    "dma100" : null,
    "dma200" : 39.51,
    "volume" : 259521.00
  }, {
    "date" : "2025-05-16",
    "price" : 45.34,
    "dma50" : 37.13,
    "dma100" : null,
    "dma200" : 39.56,
    "volume" : 651161.00
  }, {
    "date" : "2025-05-19",
    "price" : 43.92,
    "dma50" : 37.40,
    "dma100" : null,
    "dma200" : 39.61,
    "volume" : 396559.00
  }, {
    "date" : "2025-05-20",
    "price" : 39.95,
    "dma50" : 37.50,
    "dma100" : null,
    "dma200" : 39.61,
    "volume" : 827347.00
  }, {
    "date" : "2025-05-21",
    "price" : 40.01,
    "dma50" : 37.60,
    "dma100" : null,
    "dma200" : 39.61,
    "volume" : 644988.00
  }, {
    "date" : "2025-05-22",
    "price" : 40.20,
    "dma50" : 37.70,
    "dma100" : null,
    "dma200" : 39.62,
    "volume" : 206414.00
  }, {
    "date" : "2025-05-23",
    "price" : 40.11,
    "dma50" : 37.79,
    "dma100" : null,
    "dma200" : 39.62,
    "volume" : 378145.00
  }, {
    "date" : "2025-05-26",
    "price" : 39.97,
    "dma50" : 37.88,
    "dma100" : null,
    "dma200" : 39.63,
    "volume" : 526172.00
  }, {
    "date" : "2025-05-27",
    "price" : 39.92,
    "dma50" : 37.96,
    "dma100" : null,
    "dma200" : 39.63,
    "volume" : 247603.00
  }, {
    "date" : "2025-05-28",
    "price" : 39.76,
    "dma50" : 38.03,
    "dma100" : null,
    "dma200" : 39.63,
    "volume" : 262609.00
  }, {
    "date" : "2025-05-29",
    "price" : 39.83,
    "dma50" : 38.10,
    "dma100" : null,
    "dma200" : 39.63,
    "volume" : 354199.00
  }, {
    "date" : "2025-05-30",
    "price" : 40.55,
    "dma50" : 38.20,
    "dma100" : null,
    "dma200" : 39.64,
    "volume" : 3444083.00
  }, {
    "date" : "2025-06-02",
    "price" : 39.95,
    "dma50" : 38.27,
    "dma100" : null,
    "dma200" : 39.65,
    "volume" : 519337.00
  }, {
    "date" : "2025-06-03",
    "price" : 39.91,
    "dma50" : 38.33,
    "dma100" : null,
    "dma200" : 39.65,
    "volume" : 222058.00
  }, {
    "date" : "2025-06-04",
    "price" : 39.81,
    "dma50" : 38.39,
    "dma100" : null,
    "dma200" : 39.65,
    "volume" : 329096.00
  }, {
    "date" : "2025-06-05",
    "price" : 41.42,
    "dma50" : 38.51,
    "dma100" : 36.35,
    "dma200" : 39.67,
    "volume" : 2017786.00
  }, {
    "date" : "2025-06-06",
    "price" : 41.06,
    "dma50" : 38.61,
    "dma100" : 36.36,
    "dma200" : 39.68,
    "volume" : 722083.00
  }, {
    "date" : "2025-06-09",
    "price" : 41.78,
    "dma50" : 38.73,
    "dma100" : 36.37,
    "dma200" : 39.70,
    "volume" : 597486.00
  }, {
    "date" : "2025-06-10",
    "price" : 40.22,
    "dma50" : 38.79,
    "dma100" : 36.39,
    "dma200" : 39.71,
    "volume" : 763824.00
  }, {
    "date" : "2025-06-11",
    "price" : 39.93,
    "dma50" : 38.83,
    "dma100" : 36.40,
    "dma200" : 39.71,
    "volume" : 972437.00
  }, {
    "date" : "2025-06-12",
    "price" : 39.85,
    "dma50" : 38.87,
    "dma100" : 36.42,
    "dma200" : 39.71,
    "volume" : 399759.00
  }, {
    "date" : "2025-06-13",
    "price" : 39.37,
    "dma50" : 38.89,
    "dma100" : 36.43,
    "dma200" : 39.71,
    "volume" : 358401.00
  }, {
    "date" : "2025-06-16",
    "price" : 39.73,
    "dma50" : 38.93,
    "dma100" : 36.45,
    "dma200" : 39.71,
    "volume" : 219971.00
  }, {
    "date" : "2025-06-17",
    "price" : 39.18,
    "dma50" : 38.94,
    "dma100" : 36.44,
    "dma200" : 39.70,
    "volume" : 176632.00
  }, {
    "date" : "2025-06-18",
    "price" : 39.53,
    "dma50" : 38.96,
    "dma100" : 36.45,
    "dma200" : 39.70,
    "volume" : 127015.00
  }, {
    "date" : "2025-06-19",
    "price" : 38.94,
    "dma50" : 38.96,
    "dma100" : 36.46,
    "dma200" : 39.69,
    "volume" : 267187.00
  }, {
    "date" : "2025-06-20",
    "price" : 38.72,
    "dma50" : 38.95,
    "dma100" : 36.45,
    "dma200" : 39.68,
    "volume" : 241916.00
  }, {
    "date" : "2025-06-23",
    "price" : 38.44,
    "dma50" : 38.93,
    "dma100" : 36.45,
    "dma200" : 39.67,
    "volume" : 180320.00
  }, {
    "date" : "2025-06-24",
    "price" : 39.55,
    "dma50" : 38.95,
    "dma100" : 36.47,
    "dma200" : 39.67,
    "volume" : 372086.00
  }, {
    "date" : "2025-06-25",
    "price" : 39.94,
    "dma50" : 38.99,
    "dma100" : 36.50,
    "dma200" : 39.67,
    "volume" : 262901.00
  }, {
    "date" : "2025-06-26",
    "price" : 39.88,
    "dma50" : 39.03,
    "dma100" : 36.53,
    "dma200" : 39.68,
    "volume" : 173659.00
  }, {
    "date" : "2025-06-27",
    "price" : 38.22,
    "dma50" : 39.00,
    "dma100" : 36.55,
    "dma200" : 39.66,
    "volume" : 995460.00
  }, {
    "date" : "2025-06-30",
    "price" : 37.95,
    "dma50" : 38.96,
    "dma100" : 36.55,
    "dma200" : 39.64,
    "volume" : 428978.00
  }, {
    "date" : "2025-07-01",
    "price" : 35.29,
    "dma50" : 38.81,
    "dma100" : 36.53,
    "dma200" : 39.60,
    "volume" : 8659586.00
  }, {
    "date" : "2025-07-02",
    "price" : 38.00,
    "dma50" : 38.78,
    "dma100" : 36.54,
    "dma200" : 39.58,
    "volume" : 4110272.00
  }, {
    "date" : "2025-07-03",
    "price" : 38.92,
    "dma50" : 38.79,
    "dma100" : 36.56,
    "dma200" : 39.58,
    "volume" : 1198865.00
  }, {
    "date" : "2025-07-04",
    "price" : 39.43,
    "dma50" : 38.81,
    "dma100" : 36.57,
    "dma200" : 39.58,
    "volume" : 1048374.00
  }, {
    "date" : "2025-07-07",
    "price" : 39.57,
    "dma50" : 38.84,
    "dma100" : 36.59,
    "dma200" : 39.58,
    "volume" : 423727.00
  }, {
    "date" : "2025-07-08",
    "price" : 38.81,
    "dma50" : 38.84,
    "dma100" : 36.59,
    "dma200" : 39.57,
    "volume" : 225260.00
  }, {
    "date" : "2025-07-09",
    "price" : 38.50,
    "dma50" : 38.83,
    "dma100" : 36.61,
    "dma200" : 39.56,
    "volume" : 153350.00
  }, {
    "date" : "2025-07-10",
    "price" : 38.30,
    "dma50" : 38.81,
    "dma100" : 36.63,
    "dma200" : 39.55,
    "volume" : 275236.00
  }, {
    "date" : "2025-07-11",
    "price" : 38.03,
    "dma50" : 38.77,
    "dma100" : 36.65,
    "dma200" : 39.53,
    "volume" : 410369.00
  }, {
    "date" : "2025-07-14",
    "price" : 42.72,
    "dma50" : 38.93,
    "dma100" : 36.72,
    "dma200" : 39.56,
    "volume" : 6835532.00
  }, {
    "date" : "2025-07-15",
    "price" : 48.50,
    "dma50" : 39.30,
    "dma100" : 36.86,
    "dma200" : 39.65,
    "volume" : 13942048.00
  }, {
    "date" : "2025-07-16",
    "price" : 51.17,
    "dma50" : 39.77,
    "dma100" : 37.04,
    "dma200" : 39.77,
    "volume" : 8841078.00
  }, {
    "date" : "2025-07-17",
    "price" : 41.50,
    "dma50" : 39.84,
    "dma100" : 37.13,
    "dma200" : 39.78,
    "volume" : 16737680.00
  }, {
    "date" : "2025-07-18",
    "price" : 40.19,
    "dma50" : 39.85,
    "dma100" : 37.19,
    "dma200" : 39.79,
    "volume" : 11851539.00
  }, {
    "date" : "2025-07-21",
    "price" : 37.62,
    "dma50" : 39.76,
    "dma100" : 37.22,
    "dma200" : 39.77,
    "volume" : 21170076.00
  }, {
    "date" : "2025-07-22",
    "price" : 35.82,
    "dma50" : 39.61,
    "dma100" : 37.23,
    "dma200" : 39.73,
    "volume" : 20717838.00
  }, {
    "date" : "2025-07-23",
    "price" : 42.98,
    "dma50" : 39.74,
    "dma100" : 37.32,
    "dma200" : 39.76,
    "volume" : 82773259.00
  }, {
    "date" : "2025-07-24",
    "price" : 45.77,
    "dma50" : 39.98,
    "dma100" : 37.45,
    "dma200" : 39.82,
    "volume" : 392564080.00
  }, {
    "date" : "2025-07-25",
    "price" : 42.06,
    "dma50" : 40.06,
    "dma100" : 37.54,
    "dma200" : 39.84,
    "volume" : 172727650.00
  }, {
    "date" : "2025-07-28",
    "price" : 41.19,
    "dma50" : 40.10,
    "dma100" : 37.63,
    "dma200" : 39.85,
    "volume" : 127953415.00
  }, {
    "date" : "2025-07-29",
    "price" : 49.42,
    "dma50" : 40.47,
    "dma100" : 37.83,
    "dma200" : 39.95,
    "volume" : 189044600.00
  }, {
    "date" : "2025-07-30",
    "price" : 50.82,
    "dma50" : 40.88,
    "dma100" : 38.05,
    "dma200" : 40.06,
    "volume" : 225452494.00
  }, {
    "date" : "2025-07-31",
    "price" : 52.61,
    "dma50" : 41.34,
    "dma100" : 38.26,
    "dma200" : 40.18,
    "volume" : 208048797.00
  }, {
    "date" : "2025-08-01",
    "price" : 48.95,
    "dma50" : 41.63,
    "dma100" : 38.40,
    "dma200" : 40.27,
    "volume" : 249015833.00
  }, {
    "date" : "2025-08-04",
    "price" : 51.96,
    "dma50" : 42.04,
    "dma100" : 38.57,
    "dma200" : 40.39,
    "volume" : 144678172.00
  }, {
    "date" : "2025-08-05",
    "price" : 54.73,
    "dma50" : 42.54,
    "dma100" : 38.78,
    "dma200" : 40.53,
    "volume" : 179432036.00
  }, {
    "date" : "2025-08-06",
    "price" : 54.06,
    "dma50" : 42.99,
    "dma100" : 39.01,
    "dma200" : 40.66,
    "volume" : 101342097.00
  }, {
    "date" : "2025-08-07",
    "price" : 52.71,
    "dma50" : 43.37,
    "dma100" : 39.23,
    "dma200" : 40.78,
    "volume" : 50959822.00
  }, {
    "date" : "2025-08-08",
    "price" : 53.39,
    "dma50" : 43.76,
    "dma100" : 39.45,
    "dma200" : 40.91,
    "volume" : 35514333.00
  }, {
    "date" : "2025-08-11",
    "price" : 54.05,
    "dma50" : 44.17,
    "dma100" : 39.70,
    "dma200" : 41.04,
    "volume" : 39582287.00
  }, {
    "date" : "2025-08-12",
    "price" : 59.99,
    "dma50" : 44.79,
    "dma100" : 40.00,
    "dma200" : 41.23,
    "volume" : 159869837.00
  }, {
    "date" : "2025-08-13",
    "price" : 58.36,
    "dma50" : 45.32,
    "dma100" : 40.26,
    "dma200" : 41.40,
    "volume" : 143263730.00
  }, {
    "date" : "2025-08-14",
    "price" : 57.44,
    "dma50" : 45.79,
    "dma100" : 40.51,
    "dma200" : 41.56,
    "volume" : 42039460.00
  }, {
    "date" : "2025-08-18",
    "price" : 57.54,
    "dma50" : 46.25,
    "dma100" : 40.77,
    "dma200" : 41.72,
    "volume" : 24555351.00
  }, {
    "date" : "2025-08-19",
    "price" : 63.29,
    "dma50" : 46.92,
    "dma100" : 41.06,
    "dma200" : 41.93,
    "volume" : 53437807.00
  }, {
    "date" : "2025-08-20",
    "price" : 63.39,
    "dma50" : 47.57,
    "dma100" : 41.37,
    "dma200" : 42.15,
    "volume" : 75614056.00
  }, {
    "date" : "2025-08-21",
    "price" : 62.53,
    "dma50" : 48.16,
    "dma100" : 41.69,
    "dma200" : 42.35,
    "volume" : 18084668.00
  }, {
    "date" : "2025-08-22",
    "price" : 60.80,
    "dma50" : 48.65,
    "dma100" : 41.99,
    "dma200" : 42.53,
    "volume" : 41447486.00
  }, {
    "date" : "2025-08-25",
    "price" : 59.83,
    "dma50" : 49.09,
    "dma100" : 42.29,
    "dma200" : 42.70,
    "volume" : 25313972.00
  }, {
    "date" : "2025-08-26",
    "price" : 58.82,
    "dma50" : 49.47,
    "dma100" : 42.56,
    "dma200" : 42.86,
    "volume" : 37511954.00
  }, {
    "date" : "2025-08-28",
    "price" : 58.87,
    "dma50" : 49.84,
    "dma100" : 42.82,
    "dma200" : 43.02,
    "volume" : 21142867.00
  }, {
    "date" : "2025-08-29",
    "price" : 57.77,
    "dma50" : 50.15,
    "dma100" : 43.07,
    "dma200" : 43.17,
    "volume" : 15211782.00
  }, {
    "date" : "2025-09-01",
    "price" : 57.57,
    "dma50" : 50.44,
    "dma100" : 43.32,
    "dma200" : 43.31,
    "volume" : 19149842.00
  }, {
    "date" : "2025-09-02",
    "price" : 59.06,
    "dma50" : 50.78,
    "dma100" : 43.61,
    "dma200" : 43.47,
    "volume" : 40411785.00
  }, {
    "date" : "2025-09-03",
    "price" : 59.94,
    "dma50" : 51.14,
    "dma100" : 43.89,
    "dma200" : 43.63,
    "volume" : 24442934.00
  }, {
    "date" : "2025-09-04",
    "price" : 59.27,
    "dma50" : 51.46,
    "dma100" : 44.18,
    "dma200" : 43.79,
    "volume" : 26718108.00
  }, {
    "date" : "2025-09-05",
    "price" : 60.95,
    "dma50" : 51.83,
    "dma100" : 44.48,
    "dma200" : 43.96,
    "volume" : 35778631.00
  }, {
    "date" : "2025-09-08",
    "price" : 62.62,
    "dma50" : 52.25,
    "dma100" : 44.78,
    "dma200" : 44.15,
    "volume" : 46422004.00
  }, {
    "date" : "2025-09-09",
    "price" : 62.71,
    "dma50" : 52.66,
    "dma100" : 45.08,
    "dma200" : 44.33,
    "volume" : 27049399.00
  }, {
    "date" : "2025-09-10",
    "price" : 63.14,
    "dma50" : 53.07,
    "dma100" : 45.37,
    "dma200" : 44.52,
    "volume" : 12570121.00
  }, {
    "date" : "2025-09-11",
    "price" : 66.99,
    "dma50" : 53.62,
    "dma100" : 45.69,
    "dma200" : 44.74,
    "volume" : 61665335.00
  }, {
    "date" : "2025-09-12",
    "price" : 66.15,
    "dma50" : 54.11,
    "dma100" : 45.98,
    "dma200" : 44.95,
    "volume" : 34724172.00
  }, {
    "date" : "2025-09-15",
    "price" : 69.45,
    "dma50" : 54.71,
    "dma100" : 46.31,
    "dma200" : 45.20,
    "volume" : 30790390.00
  }, {
    "date" : "2025-09-16",
    "price" : 71.78,
    "dma50" : 55.38,
    "dma100" : 46.67,
    "dma200" : 45.46,
    "volume" : 22077418.00
  }, {
    "date" : "2025-09-17",
    "price" : 71.50,
    "dma50" : 56.01,
    "dma100" : 47.03,
    "dma200" : 45.72,
    "volume" : 15027377.00
  }, {
    "date" : "2025-09-18",
    "price" : 73.82,
    "dma50" : 56.71,
    "dma100" : 47.34,
    "dma200" : 46.00,
    "volume" : 25172064.00
  }, {
    "date" : "2025-09-19",
    "price" : 69.58,
    "dma50" : 57.22,
    "dma100" : 47.60,
    "dma200" : 46.24,
    "volume" : 22148757.00
  }, {
    "date" : "2025-09-22",
    "price" : 70.68,
    "dma50" : 57.74,
    "dma100" : 47.89,
    "dma200" : 46.48,
    "volume" : 16198060.00
  }, {
    "date" : "2025-09-23",
    "price" : 71.06,
    "dma50" : 58.27,
    "dma100" : 48.20,
    "dma200" : 46.72,
    "volume" : 14417883.00
  }, {
    "date" : "2025-09-24",
    "price" : 71.94,
    "dma50" : 58.80,
    "dma100" : 48.51,
    "dma200" : 46.97,
    "volume" : 9313566.00
  }, {
    "date" : "2025-09-25",
    "price" : 71.72,
    "dma50" : 59.31,
    "dma100" : 48.83,
    "dma200" : 47.22,
    "volume" : 17241431.00
  }, {
    "date" : "2025-09-26",
    "price" : 68.88,
    "dma50" : 59.69,
    "dma100" : 49.12,
    "dma200" : 47.44,
    "volume" : 15617999.00
  }, {
    "date" : "2025-09-29",
    "price" : 68.47,
    "dma50" : 60.03,
    "dma100" : 49.42,
    "dma200" : 47.65,
    "volume" : 8999991.00
  }, {
    "date" : "2025-09-30",
    "price" : 67.30,
    "dma50" : 60.31,
    "dma100" : 49.72,
    "dma200" : 47.84,
    "volume" : 8297895.00
  }, {
    "date" : "2025-10-01",
    "price" : 69.18,
    "dma50" : 60.66,
    "dma100" : 50.01,
    "dma200" : 48.05,
    "volume" : 8741446.00
  }, {
    "date" : "2025-10-03",
    "price" : 72.09,
    "dma50" : 61.11,
    "dma100" : 50.31,
    "dma200" : 48.29,
    "volume" : 17972567.00
  }, {
    "date" : "2025-10-06",
    "price" : 72.37,
    "dma50" : 61.55,
    "dma100" : 50.60,
    "dma200" : 48.53,
    "volume" : 9236875.00
  }, {
    "date" : "2025-10-07",
    "price" : 74.24,
    "dma50" : 62.05,
    "dma100" : 50.91,
    "dma200" : 48.79,
    "volume" : 16310979.00
  }, {
    "date" : "2025-10-08",
    "price" : 71.19,
    "dma50" : 62.41,
    "dma100" : 51.17,
    "dma200" : 49.01,
    "volume" : 8928969.00
  }, {
    "date" : "2025-10-09",
    "price" : 72.43,
    "dma50" : 62.80,
    "dma100" : 51.45,
    "dma200" : 49.24,
    "volume" : 7170089.00
  }, {
    "date" : "2025-10-10",
    "price" : 70.48,
    "dma50" : 63.10,
    "dma100" : 51.76,
    "dma200" : 49.46,
    "volume" : 7780704.00
  }, {
    "date" : "2025-10-13",
    "price" : 71.83,
    "dma50" : 63.44,
    "dma100" : 52.08,
    "dma200" : 49.68,
    "volume" : 8160786.00
  }, {
    "date" : "2025-10-14",
    "price" : 71.75,
    "dma50" : 63.77,
    "dma100" : 52.39,
    "dma200" : 49.90,
    "volume" : 9782839.00
  }, {
    "date" : "2025-10-15",
    "price" : 71.82,
    "dma50" : 64.09,
    "dma100" : 52.71,
    "dma200" : 50.12,
    "volume" : 7451280.00
  }, {
    "date" : "2025-10-16",
    "price" : 71.08,
    "dma50" : 64.36,
    "dma100" : 53.02,
    "dma200" : 50.32,
    "volume" : 5123801.00
  }, {
    "date" : "2025-10-17",
    "price" : 67.92,
    "dma50" : 64.50,
    "dma100" : 53.30,
    "dma200" : 50.50,
    "volume" : 17135959.00
  }, {
    "date" : "2025-10-20",
    "price" : 73.33,
    "dma50" : 64.85,
    "dma100" : 53.64,
    "dma200" : 50.73,
    "volume" : 25497668.00
  }, {
    "date" : "2025-10-21",
    "price" : 74.15,
    "dma50" : 65.21,
    "dma100" : 53.98,
    "dma200" : 50.96,
    "volume" : 5127667.00
  }, {
    "date" : "2025-10-23",
    "price" : 71.60,
    "dma50" : 65.46,
    "dma100" : 54.29,
    "dma200" : 51.17,
    "volume" : 8267360.00
  }, {
    "date" : "2025-10-24",
    "price" : 78.75,
    "dma50" : 65.98,
    "dma100" : 54.68,
    "dma200" : 51.44,
    "volume" : 35107446.00
  }, {
    "date" : "2025-10-27",
    "price" : 79.02,
    "dma50" : 66.49,
    "dma100" : 55.07,
    "dma200" : 51.71,
    "volume" : 18652364.00
  }, {
    "date" : "2025-10-28",
    "price" : 78.44,
    "dma50" : 66.96,
    "dma100" : 55.46,
    "dma200" : 51.98,
    "volume" : 7866493.00
  }, {
    "date" : "2025-10-29",
    "price" : 78.47,
    "dma50" : 67.41,
    "dma100" : 55.83,
    "dma200" : 52.24,
    "volume" : 13004864.00
  }, {
    "date" : "2025-10-30",
    "price" : 77.33,
    "dma50" : 67.80,
    "dma100" : 56.19,
    "dma200" : 52.49,
    "volume" : 6091302.00
  }, {
    "date" : "2025-10-31",
    "price" : 77.69,
    "dma50" : 68.19,
    "dma100" : 56.55,
    "dma200" : 52.74,
    "volume" : 7986593.00
  }, {
    "date" : "2025-11-03",
    "price" : 78.14,
    "dma50" : 68.58,
    "dma100" : 56.93,
    "dma200" : 53.00,
    "volume" : 5350691.00
  }, {
    "date" : "2025-11-04",
    "price" : 75.74,
    "dma50" : 68.86,
    "dma100" : 57.29,
    "dma200" : 53.22,
    "volume" : 5670586.00
  }, {
    "date" : "2025-11-06",
    "price" : 72.91,
    "dma50" : 69.02,
    "dma100" : 57.62,
    "dma200" : 53.42,
    "volume" : 8674805.00
  }, {
    "date" : "2025-11-07",
    "price" : 73.77,
    "dma50" : 69.21,
    "dma100" : 57.96,
    "dma200" : 53.62,
    "volume" : 8621307.00
  }, {
    "date" : "2025-11-10",
    "price" : 72.68,
    "dma50" : 69.34,
    "dma100" : 58.29,
    "dma200" : 53.81,
    "volume" : 4181066.00
  }, {
    "date" : "2025-11-11",
    "price" : 73.19,
    "dma50" : 69.49,
    "dma100" : 58.63,
    "dma200" : 54.00,
    "volume" : 5600880.00
  }, {
    "date" : "2025-11-12",
    "price" : 73.82,
    "dma50" : 69.66,
    "dma100" : 58.97,
    "dma200" : 54.20,
    "volume" : 3941836.00
  }, {
    "date" : "2025-11-13",
    "price" : 76.24,
    "dma50" : 69.92,
    "dma100" : 59.35,
    "dma200" : 54.42,
    "volume" : 11489282.00
  }, {
    "date" : "2025-11-14",
    "price" : 74.52,
    "dma50" : 70.10,
    "dma100" : 59.70,
    "dma200" : 54.62,
    "volume" : 4122029.00
  }, {
    "date" : "2025-11-17",
    "price" : 76.72,
    "dma50" : 70.36,
    "dma100" : 60.09,
    "dma200" : 54.84,
    "volume" : 5596239.00
  }, {
    "date" : "2025-11-18",
    "price" : 75.86,
    "dma50" : 70.58,
    "dma100" : 60.45,
    "dma200" : 55.05,
    "volume" : 3657446.00
  }, {
    "date" : "2025-11-19",
    "price" : 75.07,
    "dma50" : 70.75,
    "dma100" : 60.80,
    "dma200" : 55.25,
    "volume" : 5428472.00
  }, {
    "date" : "2025-11-20",
    "price" : 75.92,
    "dma50" : 70.96,
    "dma100" : 61.16,
    "dma200" : 55.45,
    "volume" : 6546779.00
  }, {
    "date" : "2025-11-21",
    "price" : 73.67,
    "dma50" : 71.06,
    "dma100" : 61.52,
    "dma200" : 55.64,
    "volume" : 7223834.00
  }, {
    "date" : "2025-11-24",
    "price" : 70.21,
    "dma50" : 71.03,
    "dma100" : 61.84,
    "dma200" : 55.78,
    "volume" : 7340215.00
  }, {
    "date" : "2025-11-25",
    "price" : 70.35,
    "dma50" : 71.00,
    "dma100" : 62.19,
    "dma200" : 55.93,
    "volume" : 5397012.00
  }, {
    "date" : "2025-11-26",
    "price" : 71.90,
    "dma50" : 71.04,
    "dma100" : 62.53,
    "dma200" : 56.08,
    "volume" : 4465146.00
  }, {
    "date" : "2025-11-27",
    "price" : 72.40,
    "dma50" : 71.09,
    "dma100" : 62.86,
    "dma200" : 56.25,
    "volume" : 4411189.00
  }, {
    "date" : "2025-11-28",
    "price" : 71.60,
    "dma50" : 71.11,
    "dma100" : 63.19,
    "dma200" : 56.40,
    "volume" : 2609681.00
  }, {
    "date" : "2025-12-01",
    "price" : 70.62,
    "dma50" : 71.09,
    "dma100" : 63.50,
    "dma200" : 56.54,
    "volume" : 5446804.00
  }, {
    "date" : "2025-12-02",
    "price" : 68.43,
    "dma50" : 70.99,
    "dma100" : 63.79,
    "dma200" : 56.66,
    "volume" : 5282719.00
  }, {
    "date" : "2025-12-03",
    "price" : 70.00,
    "dma50" : 70.95,
    "dma100" : 64.11,
    "dma200" : 56.79,
    "volume" : 11814983.00
  }, {
    "date" : "2025-12-04",
    "price" : 69.05,
    "dma50" : 70.87,
    "dma100" : 64.41,
    "dma200" : 56.91,
    "volume" : 3898014.00
  }, {
    "date" : "2025-12-05",
    "price" : 66.28,
    "dma50" : 70.69,
    "dma100" : 64.70,
    "dma200" : 57.01,
    "volume" : 7960338.00
  }, {
    "date" : "2025-12-08",
    "price" : 67.64,
    "dma50" : 70.57,
    "dma100" : 64.95,
    "dma200" : 57.11,
    "volume" : 9222018.00
  }, {
    "date" : "2025-12-09",
    "price" : 69.84,
    "dma50" : 70.55,
    "dma100" : 65.16,
    "dma200" : 57.24,
    "volume" : 5998452.00
  }, {
    "date" : "2025-12-10",
    "price" : 70.49,
    "dma50" : 70.54,
    "dma100" : 65.35,
    "dma200" : 57.37,
    "volume" : 4516217.00
  }, {
    "date" : "2025-12-11",
    "price" : 72.09,
    "dma50" : 70.60,
    "dma100" : 65.66,
    "dma200" : 57.52,
    "volume" : 4809870.00
  }, {
    "date" : "2025-12-12",
    "price" : 72.75,
    "dma50" : 70.69,
    "dma100" : 65.98,
    "dma200" : 57.67,
    "volume" : 2910340.00
  }, {
    "date" : "2025-12-15",
    "price" : 74.93,
    "dma50" : 70.85,
    "dma100" : 66.36,
    "dma200" : 57.84,
    "volume" : 6257049.00
  }, {
    "date" : "2025-12-16",
    "price" : 72.69,
    "dma50" : 70.93,
    "dma100" : 66.73,
    "dma200" : 57.99,
    "volume" : 2994290.00
  }, {
    "date" : "2025-12-17",
    "price" : 71.40,
    "dma50" : 70.94,
    "dma100" : 67.01,
    "dma200" : 58.12,
    "volume" : 4915559.00
  }, {
    "date" : "2025-12-18",
    "price" : 70.57,
    "dma50" : 70.93,
    "dma100" : 67.26,
    "dma200" : 58.25,
    "volume" : 3129993.00
  }, {
    "date" : "2025-12-19",
    "price" : 76.29,
    "dma50" : 71.14,
    "dma100" : 67.60,
    "dma200" : 58.43,
    "volume" : 16493418.00
  }, {
    "date" : "2025-12-22",
    "price" : 78.38,
    "dma50" : 71.42,
    "dma100" : 67.97,
    "dma200" : 58.62,
    "volume" : 10786775.00
  }, {
    "date" : "2025-12-23",
    "price" : 77.67,
    "dma50" : 71.67,
    "dma100" : 68.25,
    "dma200" : 58.81,
    "volume" : 4338295.00
  }, {
    "date" : "2025-12-24",
    "price" : 80.72,
    "dma50" : 72.02,
    "dma100" : 68.55,
    "dma200" : 59.03,
    "volume" : 12505970.00
  }, {
    "date" : "2025-12-26",
    "price" : 80.07,
    "dma50" : 72.34,
    "dma100" : 68.83,
    "dma200" : 59.24,
    "volume" : 6618016.00
  }, {
    "date" : "2025-12-29",
    "price" : 86.19,
    "dma50" : 72.88,
    "dma100" : 69.20,
    "dma200" : 59.51,
    "volume" : 26092090.00
  }, {
    "date" : "2025-12-30",
    "price" : 92.55,
    "dma50" : 73.65,
    "dma100" : 69.61,
    "dma200" : 59.84,
    "volume" : 28639733.00
  }, {
    "date" : "2025-12-31",
    "price" : 87.82,
    "dma50" : 74.21,
    "dma100" : 69.94,
    "dma200" : 60.12,
    "volume" : 14104566.00
  }, {
    "date" : "2026-01-01",
    "price" : 86.93,
    "dma50" : 74.71,
    "dma100" : 70.27,
    "dma200" : 60.38,
    "volume" : 5657319.00
  }, {
    "date" : "2026-01-02",
    "price" : 91.56,
    "dma50" : 75.37,
    "dma100" : 70.65,
    "dma200" : 60.69,
    "volume" : 13085114.00
  }, {
    "date" : "2026-01-05",
    "price" : 92.61,
    "dma50" : 76.05,
    "dma100" : 71.05,
    "dma200" : 61.01,
    "volume" : 12265523.00
  }, {
    "date" : "2026-01-06",
    "price" : 90.97,
    "dma50" : 76.63,
    "dma100" : 71.42,
    "dma200" : 61.31,
    "volume" : 5152673.00
  }, {
    "date" : "2026-01-07",
    "price" : 90.18,
    "dma50" : 77.16,
    "dma100" : 71.72,
    "dma200" : 61.60,
    "volume" : 4672349.00
  } ],
  "latestTechnicalAttributes" : {
    "date" : "2026-01-07",
    "price" : 90.18,
    "dma50" : 77.16,
    "dma100" : 71.72,
    "dma200" : 61.60,
    "volume" : 4672349.00
  },
  "quarterlyResults" : [ {
    "date" : "2005-03-31",
    "sales" : 257.39,
    "salesGrowthYoY" : null,
    "grossProfitMargin" : 32.93,
    "grossProfit" : 84.76,
    "operatingProfitMargin" : 13.08,
    "operatingProfit" : 33.67,
    "netProfitMargin" : 6.77,
    "netProfit" : 17.43
  }, {
    "date" : "2005-06-30",
    "sales" : 199.85,
    "salesGrowthYoY" : null,
    "grossProfitMargin" : 36.28,
    "grossProfit" : 72.51,
    "operatingProfitMargin" : 10.08,
    "operatingProfit" : 20.14,
    "netProfitMargin" : 0.32,
    "netProfit" : 0.64
  }, {
    "date" : "2005-09-30",
    "sales" : 203.26,
    "salesGrowthYoY" : null,
    "grossProfitMargin" : 32.38,
    "grossProfit" : 65.82,
    "operatingProfitMargin" : 4.48,
    "operatingProfit" : 9.11,
    "netProfitMargin" : -6.33,
    "netProfit" : -12.87
  }, {
    "date" : "2005-12-31",
    "sales" : 229.77,
    "salesGrowthYoY" : null,
    "grossProfitMargin" : 33.54,
    "grossProfit" : 77.06,
    "operatingProfitMargin" : 7.00,
    "operatingProfit" : 16.08,
    "netProfitMargin" : -3.06,
    "netProfit" : -7.03
  }, {
    "date" : "2006-03-31",
    "sales" : 247.97,
    "salesGrowthYoY" : -3.66,
    "grossProfitMargin" : 30.56,
    "grossProfit" : 75.78,
    "operatingProfitMargin" : 2.77,
    "operatingProfit" : 6.87,
    "netProfitMargin" : -6.21,
    "netProfit" : -15.40
  }, {
    "date" : "2006-06-30",
    "sales" : 260.89,
    "salesGrowthYoY" : 30.54,
    "grossProfitMargin" : 37.03,
    "grossProfit" : 96.61,
    "operatingProfitMargin" : 11.53,
    "operatingProfit" : 30.08,
    "netProfitMargin" : 1.86,
    "netProfit" : 4.85
  }, {
    "date" : "2006-09-30",
    "sales" : 301.15,
    "salesGrowthYoY" : 48.16,
    "grossProfitMargin" : 33.33,
    "grossProfit" : 100.37,
    "operatingProfitMargin" : 9.12,
    "operatingProfit" : 27.46,
    "netProfitMargin" : 0.71,
    "netProfit" : 2.14
  }, {
    "date" : "2006-12-31",
    "sales" : 328.30,
    "salesGrowthYoY" : 42.88,
    "grossProfitMargin" : 31.16,
    "grossProfit" : 102.30,
    "operatingProfitMargin" : 7.80,
    "operatingProfit" : 25.61,
    "netProfitMargin" : 1.58,
    "netProfit" : 5.19
  }, {
    "date" : "2007-03-31",
    "sales" : 357.00,
    "salesGrowthYoY" : 43.97,
    "grossProfitMargin" : 33.43,
    "grossProfit" : 119.35,
    "operatingProfitMargin" : 8.20,
    "operatingProfit" : 29.27,
    "netProfitMargin" : 2.89,
    "netProfit" : 10.32
  }, {
    "date" : "2007-06-30",
    "sales" : 333.96,
    "salesGrowthYoY" : 28.01,
    "grossProfitMargin" : 37.48,
    "grossProfit" : 125.17,
    "operatingProfitMargin" : 8.94,
    "operatingProfit" : 29.86,
    "netProfitMargin" : 5.58,
    "netProfit" : 18.63
  }, {
    "date" : "2007-09-30",
    "sales" : 356.16,
    "salesGrowthYoY" : 18.27,
    "grossProfitMargin" : 36.60,
    "grossProfit" : 130.35,
    "operatingProfitMargin" : 10.93,
    "operatingProfit" : 38.93,
    "netProfitMargin" : 4.46,
    "netProfit" : 15.88
  }, {
    "date" : "2007-12-31",
    "sales" : 336.78,
    "salesGrowthYoY" : 2.58,
    "grossProfitMargin" : 39.52,
    "grossProfit" : 133.10,
    "operatingProfitMargin" : 10.43,
    "operatingProfit" : 35.13,
    "netProfitMargin" : 3.75,
    "netProfit" : 12.63
  }, {
    "date" : "2008-03-31",
    "sales" : 444.11,
    "salesGrowthYoY" : 24.40,
    "grossProfitMargin" : 39.69,
    "grossProfit" : 176.27,
    "operatingProfitMargin" : 14.05,
    "operatingProfit" : 62.40,
    "netProfitMargin" : 8.79,
    "netProfit" : 39.04
  }, {
    "date" : "2008-06-30",
    "sales" : 404.23,
    "salesGrowthYoY" : 21.04,
    "grossProfitMargin" : 50.04,
    "grossProfit" : 202.28,
    "operatingProfitMargin" : 21.60,
    "operatingProfit" : 87.31,
    "netProfitMargin" : 8.47,
    "netProfit" : 34.24
  }, {
    "date" : "2008-09-30",
    "sales" : 395.53,
    "salesGrowthYoY" : 11.05,
    "grossProfitMargin" : 48.90,
    "grossProfit" : 193.41,
    "operatingProfitMargin" : 15.68,
    "operatingProfit" : 62.02,
    "netProfitMargin" : 0.27,
    "netProfit" : 1.07
  }, {
    "date" : "2008-12-31",
    "sales" : 370.66,
    "salesGrowthYoY" : 10.06,
    "grossProfitMargin" : 24.28,
    "grossProfit" : 90.00,
    "operatingProfitMargin" : -0.82,
    "operatingProfit" : -3.04,
    "netProfitMargin" : -8.99,
    "netProfit" : -33.32
  }, {
    "date" : "2009-03-31",
    "sales" : 415.12,
    "salesGrowthYoY" : -6.53,
    "grossProfitMargin" : 23.88,
    "grossProfit" : 99.13,
    "operatingProfitMargin" : -1.19,
    "operatingProfit" : -4.94,
    "netProfitMargin" : -7.71,
    "netProfit" : -32.01
  }, {
    "date" : "2009-06-30",
    "sales" : 405.26,
    "salesGrowthYoY" : 0.25,
    "grossProfitMargin" : 32.27,
    "grossProfit" : 130.78,
    "operatingProfitMargin" : 9.39,
    "operatingProfit" : 38.05,
    "netProfitMargin" : 3.99,
    "netProfit" : 16.17
  }, {
    "date" : "2009-09-30",
    "sales" : 440.79,
    "salesGrowthYoY" : 11.44,
    "grossProfitMargin" : 41.24,
    "grossProfit" : 181.78,
    "operatingProfitMargin" : 12.60,
    "operatingProfit" : 55.54,
    "netProfitMargin" : 4.20,
    "netProfit" : 18.51
  }, {
    "date" : "2009-12-31",
    "sales" : 467.91,
    "salesGrowthYoY" : 26.24,
    "grossProfitMargin" : 37.12,
    "grossProfit" : 173.69,
    "operatingProfitMargin" : 14.99,
    "operatingProfit" : 70.14,
    "netProfitMargin" : 3.25,
    "netProfit" : 15.21
  }, {
    "date" : "2010-03-31",
    "sales" : 458.29,
    "salesGrowthYoY" : 10.40,
    "grossProfitMargin" : 46.47,
    "grossProfit" : 212.97,
    "operatingProfitMargin" : 18.86,
    "operatingProfit" : 86.43,
    "netProfitMargin" : 3.17,
    "netProfit" : 14.53
  }, {
    "date" : "2010-06-30",
    "sales" : 460.18,
    "salesGrowthYoY" : 13.55,
    "grossProfitMargin" : 41.58,
    "grossProfit" : 191.34,
    "operatingProfitMargin" : 16.86,
    "operatingProfit" : 77.59,
    "netProfitMargin" : 3.79,
    "netProfit" : 17.44
  }, {
    "date" : "2010-09-30",
    "sales" : 462.45,
    "salesGrowthYoY" : 4.91,
    "grossProfitMargin" : 43.97,
    "grossProfit" : 203.34,
    "operatingProfitMargin" : 19.02,
    "operatingProfit" : 87.96,
    "netProfitMargin" : 4.41,
    "netProfit" : 20.39
  }, {
    "date" : "2010-12-31",
    "sales" : 521.43,
    "salesGrowthYoY" : 11.44,
    "grossProfitMargin" : 46.61,
    "grossProfit" : 243.04,
    "operatingProfitMargin" : 18.57,
    "operatingProfit" : 96.83,
    "netProfitMargin" : 5.63,
    "netProfit" : 29.36
  }, {
    "date" : "2011-03-31",
    "sales" : 820.10,
    "salesGrowthYoY" : 78.95,
    "grossProfitMargin" : 28.89,
    "grossProfit" : 236.93,
    "operatingProfitMargin" : 11.90,
    "operatingProfit" : 97.59,
    "netProfitMargin" : 3.77,
    "netProfit" : 30.92
  }, {
    "date" : "2011-06-30",
    "sales" : 629.44,
    "salesGrowthYoY" : 36.78,
    "grossProfitMargin" : 39.19,
    "grossProfit" : 246.68,
    "operatingProfitMargin" : 15.85,
    "operatingProfit" : 99.77,
    "netProfitMargin" : 3.15,
    "netProfit" : 19.83
  }, {
    "date" : "2011-09-30",
    "sales" : 594.82,
    "salesGrowthYoY" : 28.62,
    "grossProfitMargin" : 39.03,
    "grossProfit" : 232.16,
    "operatingProfitMargin" : 11.95,
    "operatingProfit" : 71.08,
    "netProfitMargin" : 1.06,
    "netProfit" : 6.31
  }, {
    "date" : "2011-12-31",
    "sales" : 658.61,
    "salesGrowthYoY" : 26.31,
    "grossProfitMargin" : 38.42,
    "grossProfit" : 253.04,
    "operatingProfitMargin" : 11.11,
    "operatingProfit" : 73.17,
    "netProfitMargin" : 1.44,
    "netProfit" : 9.48
  }, {
    "date" : "2012-03-31",
    "sales" : 705.09,
    "salesGrowthYoY" : -14.02,
    "grossProfitMargin" : 35.33,
    "grossProfit" : 249.11,
    "operatingProfitMargin" : 11.60,
    "operatingProfit" : 81.79,
    "netProfitMargin" : 2.58,
    "netProfit" : 18.19
  }, {
    "date" : "2012-06-30",
    "sales" : 702.53,
    "salesGrowthYoY" : 11.61,
    "grossProfitMargin" : 38.85,
    "grossProfit" : 272.93,
    "operatingProfitMargin" : 11.77,
    "operatingProfit" : 82.69,
    "netProfitMargin" : 1.65,
    "netProfit" : 11.59
  }, {
    "date" : "2012-09-30",
    "sales" : 594.78,
    "salesGrowthYoY" : -0.01,
    "grossProfitMargin" : 40.73,
    "grossProfit" : 242.25,
    "operatingProfitMargin" : 10.84,
    "operatingProfit" : 64.47,
    "netProfitMargin" : 0.27,
    "netProfit" : 1.61
  }, {
    "date" : "2012-12-31",
    "sales" : 609.46,
    "salesGrowthYoY" : -7.46,
    "grossProfitMargin" : 41.43,
    "grossProfit" : 252.50,
    "operatingProfitMargin" : 12.39,
    "operatingProfit" : 75.51,
    "netProfitMargin" : 0.91,
    "netProfit" : 5.55
  }, {
    "date" : "2013-03-31",
    "sales" : 642.47,
    "salesGrowthYoY" : -8.88,
    "grossProfitMargin" : 36.72,
    "grossProfit" : 235.91,
    "operatingProfitMargin" : 12.50,
    "operatingProfit" : 80.31,
    "netProfitMargin" : 1.54,
    "netProfit" : 9.89
  }, {
    "date" : "2013-06-30",
    "sales" : 683.71,
    "salesGrowthYoY" : -2.68,
    "grossProfitMargin" : 36.42,
    "grossProfit" : 249.01,
    "operatingProfitMargin" : 13.12,
    "operatingProfit" : 89.70,
    "netProfitMargin" : 0.22,
    "netProfit" : 1.50
  }, {
    "date" : "2013-09-30",
    "sales" : 678.33,
    "salesGrowthYoY" : 14.05,
    "grossProfitMargin" : 42.77,
    "grossProfit" : 290.12,
    "operatingProfitMargin" : 12.69,
    "operatingProfit" : 86.08,
    "netProfitMargin" : 1.10,
    "netProfit" : 7.46
  }, {
    "date" : "2013-12-31",
    "sales" : 864.92,
    "salesGrowthYoY" : 41.92,
    "grossProfitMargin" : 34.58,
    "grossProfit" : 299.09,
    "operatingProfitMargin" : 12.82,
    "operatingProfit" : 110.88,
    "netProfitMargin" : 2.76,
    "netProfit" : 23.87
  }, {
    "date" : "2014-03-31",
    "sales" : 934.09,
    "salesGrowthYoY" : 45.39,
    "grossProfitMargin" : 32.80,
    "grossProfit" : 306.38,
    "operatingProfitMargin" : 12.03,
    "operatingProfit" : 112.37,
    "netProfitMargin" : 3.26,
    "netProfit" : 30.45
  }, {
    "date" : "2014-06-30",
    "sales" : 689.26,
    "salesGrowthYoY" : 0.81,
    "grossProfitMargin" : 40.02,
    "grossProfit" : 275.84,
    "operatingProfitMargin" : 12.86,
    "operatingProfit" : 88.64,
    "netProfitMargin" : 2.02,
    "netProfit" : 13.92
  }, {
    "date" : "2014-09-30",
    "sales" : 829.44,
    "salesGrowthYoY" : 22.28,
    "grossProfitMargin" : 34.30,
    "grossProfit" : 284.50,
    "operatingProfitMargin" : 11.34,
    "operatingProfit" : 94.06,
    "netProfitMargin" : 2.55,
    "netProfit" : 21.15
  }, {
    "date" : "2014-12-31",
    "sales" : 703.03,
    "salesGrowthYoY" : -18.72,
    "grossProfitMargin" : 39.82,
    "grossProfit" : 279.95,
    "operatingProfitMargin" : 12.00,
    "operatingProfit" : 84.36,
    "netProfitMargin" : 6.70,
    "netProfit" : 47.10
  }, {
    "date" : "2015-03-31",
    "sales" : 802.54,
    "salesGrowthYoY" : -14.08,
    "grossProfitMargin" : 32.31,
    "grossProfit" : 259.30,
    "operatingProfitMargin" : 11.49,
    "operatingProfit" : 92.21,
    "netProfitMargin" : 1.43,
    "netProfit" : 11.48
  }, {
    "date" : "2015-06-30",
    "sales" : 705.05,
    "salesGrowthYoY" : 2.29,
    "grossProfitMargin" : 31.43,
    "grossProfit" : 221.60,
    "operatingProfitMargin" : 9.83,
    "operatingProfit" : 69.31,
    "netProfitMargin" : 1.75,
    "netProfit" : 12.34
  }, {
    "date" : "2015-09-30",
    "sales" : 718.12,
    "salesGrowthYoY" : -13.42,
    "grossProfitMargin" : 33.27,
    "grossProfit" : 238.92,
    "operatingProfitMargin" : 9.25,
    "operatingProfit" : 66.43,
    "netProfitMargin" : -0.47,
    "netProfit" : -3.38
  }, {
    "date" : "2015-12-31",
    "sales" : 571.37,
    "salesGrowthYoY" : -18.73,
    "grossProfitMargin" : 36.29,
    "grossProfit" : 207.35,
    "operatingProfitMargin" : 8.27,
    "operatingProfit" : 47.25,
    "netProfitMargin" : -2.57,
    "netProfit" : -14.68
  }, {
    "date" : "2016-03-31",
    "sales" : 645.61,
    "salesGrowthYoY" : -19.55,
    "grossProfitMargin" : 35.27,
    "grossProfit" : 227.71,
    "operatingProfitMargin" : 5.67,
    "operatingProfit" : 36.61,
    "netProfitMargin" : -3.95,
    "netProfit" : -25.50
  }, {
    "date" : "2016-06-30",
    "sales" : 579.65,
    "salesGrowthYoY" : -17.79,
    "grossProfitMargin" : 46.79,
    "grossProfit" : 271.22,
    "operatingProfitMargin" : 10.37,
    "operatingProfit" : 60.11,
    "netProfitMargin" : -20.49,
    "netProfit" : -118.77
  }, {
    "date" : "2016-09-30",
    "sales" : 631.13,
    "salesGrowthYoY" : -12.11,
    "grossProfitMargin" : 46.82,
    "grossProfit" : 295.50,
    "operatingProfitMargin" : 14.69,
    "operatingProfit" : 92.71,
    "netProfitMargin" : -15.69,
    "netProfit" : -99.02
  }, {
    "date" : "2016-12-31",
    "sales" : 610.82,
    "salesGrowthYoY" : 6.90,
    "grossProfitMargin" : 47.70,
    "grossProfit" : 291.36,
    "operatingProfitMargin" : 11.44,
    "operatingProfit" : 69.88,
    "netProfitMargin" : -22.79,
    "netProfit" : -139.21
  }, {
    "date" : "2017-03-31",
    "sales" : 706.56,
    "salesGrowthYoY" : 9.44,
    "grossProfitMargin" : 49.03,
    "grossProfit" : 346.43,
    "operatingProfitMargin" : 8.11,
    "operatingProfit" : 57.30,
    "netProfitMargin" : -14.48,
    "netProfit" : -102.31
  }, {
    "date" : "2017-06-30",
    "sales" : 787.87,
    "salesGrowthYoY" : 35.92,
    "grossProfitMargin" : 44.95,
    "grossProfit" : 354.15,
    "operatingProfitMargin" : 8.97,
    "operatingProfit" : 70.67,
    "netProfitMargin" : -13.54,
    "netProfit" : -106.68
  }, {
    "date" : "2017-09-30",
    "sales" : 832.44,
    "salesGrowthYoY" : 31.90,
    "grossProfitMargin" : 39.05,
    "grossProfit" : 325.07,
    "operatingProfitMargin" : 9.99,
    "operatingProfit" : 83.16,
    "netProfitMargin" : -8.45,
    "netProfit" : -70.34
  }, {
    "date" : "2017-12-31",
    "sales" : 821.02,
    "salesGrowthYoY" : 34.41,
    "grossProfitMargin" : 50.64,
    "grossProfit" : 415.76,
    "operatingProfitMargin" : 5.53,
    "operatingProfit" : 45.40,
    "netProfitMargin" : -21.10,
    "netProfit" : -173.24
  }, {
    "date" : "2018-03-31",
    "sales" : 1036.07,
    "salesGrowthYoY" : 46.64,
    "grossProfitMargin" : 49.68,
    "grossProfit" : 514.72,
    "operatingProfitMargin" : 10.46,
    "operatingProfit" : 108.37,
    "netProfitMargin" : -14.29,
    "netProfit" : -148.05
  }, {
    "date" : "2018-06-30",
    "sales" : 1009.78,
    "salesGrowthYoY" : 28.17,
    "grossProfitMargin" : 49.22,
    "grossProfit" : 497.01,
    "operatingProfitMargin" : 13.98,
    "operatingProfit" : 141.17,
    "netProfitMargin" : -9.72,
    "netProfit" : -98.15
  }, {
    "date" : "2018-09-30",
    "sales" : 1166.50,
    "salesGrowthYoY" : 40.13,
    "grossProfitMargin" : 47.89,
    "grossProfit" : 558.64,
    "operatingProfitMargin" : 13.28,
    "operatingProfit" : 154.91,
    "netProfitMargin" : -7.39,
    "netProfit" : -86.20
  }, {
    "date" : "2018-12-31",
    "sales" : 1086.12,
    "salesGrowthYoY" : 32.29,
    "grossProfitMargin" : 51.35,
    "grossProfit" : 557.72,
    "operatingProfitMargin" : 11.32,
    "operatingProfit" : 122.95,
    "netProfitMargin" : -11.41,
    "netProfit" : -123.93
  }, {
    "date" : "2019-03-31",
    "sales" : 964.13,
    "salesGrowthYoY" : -6.94,
    "grossProfitMargin" : 48.53,
    "grossProfit" : 467.89,
    "operatingProfitMargin" : 10.76,
    "operatingProfit" : 103.74,
    "netProfitMargin" : -14.06,
    "netProfit" : -135.56
  }, {
    "date" : "2019-06-30",
    "sales" : 1109.24,
    "salesGrowthYoY" : 9.85,
    "grossProfitMargin" : 40.85,
    "grossProfit" : 453.12,
    "operatingProfitMargin" : 8.32,
    "operatingProfit" : 92.29,
    "netProfitMargin" : -17.96,
    "netProfit" : -199.22
  }, {
    "date" : "2019-09-30",
    "sales" : 842.03,
    "salesGrowthYoY" : -27.82,
    "grossProfitMargin" : 37.14,
    "grossProfit" : 312.73,
    "operatingProfitMargin" : 3.89,
    "operatingProfit" : 32.75,
    "netProfitMargin" : -28.96,
    "netProfit" : -243.85
  }, {
    "date" : "2019-12-31",
    "sales" : 881.62,
    "salesGrowthYoY" : -18.83,
    "grossProfitMargin" : 36.24,
    "grossProfit" : 319.50,
    "operatingProfitMargin" : 4.12,
    "operatingProfit" : 36.32,
    "netProfitMargin" : -28.11,
    "netProfit" : -247.82
  }, {
    "date" : "2020-03-31",
    "sales" : 799.29,
    "salesGrowthYoY" : -17.10,
    "grossProfitMargin" : 45.10,
    "grossProfit" : 360.48,
    "operatingProfitMargin" : 4.77,
    "operatingProfit" : 38.13,
    "netProfitMargin" : -30.77,
    "netProfit" : -245.94
  }, {
    "date" : "2020-06-30",
    "sales" : 311.89,
    "salesGrowthYoY" : -71.88,
    "grossProfitMargin" : 17.15,
    "grossProfit" : 53.49,
    "operatingProfitMargin" : -34.44,
    "operatingProfit" : -107.41,
    "netProfitMargin" : -124.63,
    "netProfit" : -388.71
  }, {
    "date" : "2020-09-30",
    "sales" : 905.82,
    "salesGrowthYoY" : 7.58,
    "grossProfitMargin" : 43.84,
    "grossProfit" : 397.11,
    "operatingProfitMargin" : 10.54,
    "operatingProfit" : 95.47,
    "netProfitMargin" : -21.55,
    "netProfit" : -195.20
  }, {
    "date" : "2020-12-31",
    "sales" : 1145.72,
    "salesGrowthYoY" : 29.96,
    "grossProfitMargin" : 55.23,
    "grossProfit" : 632.78,
    "operatingProfitMargin" : 21.82,
    "operatingProfit" : 250.00,
    "netProfitMargin" : -3.78,
    "netProfit" : -43.31
  }, {
    "date" : "2021-03-31",
    "sales" : 1341.62,
    "salesGrowthYoY" : 67.85,
    "grossProfitMargin" : 60.92,
    "grossProfit" : 817.31,
    "operatingProfitMargin" : 27.73,
    "operatingProfit" : 372.03,
    "netProfitMargin" : 5.14,
    "netProfit" : 68.96
  }, {
    "date" : "2021-06-30",
    "sales" : 1394.35,
    "salesGrowthYoY" : 347.06,
    "grossProfitMargin" : 61.49,
    "grossProfit" : 857.39,
    "operatingProfitMargin" : 31.06,
    "operatingProfit" : 433.09,
    "netProfitMargin" : 8.84,
    "netProfit" : 123.26
  }, {
    "date" : "2021-09-30",
    "sales" : 1596.84,
    "salesGrowthYoY" : 76.29,
    "grossProfitMargin" : 58.40,
    "grossProfit" : 932.55,
    "operatingProfitMargin" : 26.97,
    "operatingProfit" : 430.67,
    "netProfitMargin" : 7.07,
    "netProfit" : 112.90
  }, {
    "date" : "2021-12-31",
    "sales" : 1375.39,
    "salesGrowthYoY" : 20.05,
    "grossProfitMargin" : 49.57,
    "grossProfit" : 681.78,
    "operatingProfitMargin" : 10.58,
    "operatingProfit" : 145.52,
    "netProfitMargin" : -11.12,
    "netProfit" : -152.94
  }, {
    "date" : "2022-03-31",
    "sales" : 1591.97,
    "salesGrowthYoY" : 18.66,
    "grossProfitMargin" : 48.80,
    "grossProfit" : 776.88,
    "operatingProfitMargin" : 18.24,
    "operatingProfit" : 290.38,
    "netProfitMargin" : 30.72,
    "netProfit" : 489.05
  }, {
    "date" : "2022-06-30",
    "sales" : 1527.12,
    "salesGrowthYoY" : 9.52,
    "grossProfitMargin" : 49.20,
    "grossProfit" : 751.34,
    "operatingProfitMargin" : 13.60,
    "operatingProfit" : 207.69,
    "netProfitMargin" : 1.52,
    "netProfit" : 23.21
  }, {
    "date" : "2022-09-30",
    "sales" : 1660.87,
    "salesGrowthYoY" : 4.01,
    "grossProfitMargin" : 39.06,
    "grossProfit" : 648.74,
    "operatingProfitMargin" : 6.65,
    "operatingProfit" : 110.45,
    "netProfitMargin" : 8.47,
    "netProfit" : 140.68
  }, {
    "date" : "2022-12-31",
    "sales" : 1685.58,
    "salesGrowthYoY" : 22.55,
    "grossProfitMargin" : 51.21,
    "grossProfit" : 863.19,
    "operatingProfitMargin" : 16.35,
    "operatingProfit" : 275.59,
    "netProfitMargin" : 6.42,
    "netProfit" : 108.21
  }, {
    "date" : "2023-03-31",
    "sales" : 1469.29,
    "salesGrowthYoY" : -7.71,
    "grossProfitMargin" : 48.19,
    "grossProfit" : 708.05,
    "operatingProfitMargin" : 12.82,
    "operatingProfit" : 188.36,
    "netProfitMargin" : 0.37,
    "netProfit" : 5.44
  }, {
    "date" : "2023-06-30",
    "sales" : 1464.57,
    "salesGrowthYoY" : -4.10,
    "grossProfitMargin" : 54.91,
    "grossProfit" : 804.20,
    "operatingProfitMargin" : 14.21,
    "operatingProfit" : 208.12,
    "netProfitMargin" : 1.91,
    "netProfit" : 27.97
  }, {
    "date" : "2023-09-30",
    "sales" : 1501.36,
    "salesGrowthYoY" : -9.60,
    "grossProfitMargin" : 61.37,
    "grossProfit" : 921.38,
    "operatingProfitMargin" : 19.69,
    "operatingProfit" : 295.62,
    "netProfitMargin" : 6.10,
    "netProfit" : 91.58
  }, {
    "date" : "2023-12-31",
    "sales" : 1556.19,
    "salesGrowthYoY" : -7.68,
    "grossProfitMargin" : 61.04,
    "grossProfit" : 949.90,
    "operatingProfitMargin" : 18.66,
    "operatingProfit" : 290.39,
    "netProfitMargin" : 5.70,
    "netProfit" : 88.70
  }, {
    "date" : "2024-03-31",
    "sales" : 1411.43,
    "salesGrowthYoY" : -3.94,
    "grossProfitMargin" : 59.52,
    "grossProfit" : 840.08,
    "operatingProfitMargin" : 16.47,
    "operatingProfit" : 232.46,
    "netProfitMargin" : 1.01,
    "netProfit" : 14.26
  }, {
    "date" : "2024-06-30",
    "sales" : 1437.56,
    "salesGrowthYoY" : -1.84,
    "grossProfitMargin" : 48.92,
    "grossProfit" : 703.25,
    "operatingProfitMargin" : 11.47,
    "operatingProfit" : 164.89,
    "netProfitMargin" : -2.20,
    "netProfit" : -31.63
  }, {
    "date" : "2024-09-30",
    "sales" : 1230.06,
    "salesGrowthYoY" : -18.07,
    "grossProfitMargin" : 57.10,
    "grossProfit" : 702.36,
    "operatingProfitMargin" : 13.78,
    "operatingProfit" : 169.50,
    "netProfitMargin" : -2.78,
    "netProfit" : -34.20
  }, {
    "date" : "2024-12-31",
    "sales" : 1656.84,
    "salesGrowthYoY" : 6.47,
    "grossProfitMargin" : 55.75,
    "grossProfit" : 923.69,
    "operatingProfitMargin" : 15.92,
    "operatingProfit" : 263.77,
    "netProfitMargin" : 4.64,
    "netProfit" : 76.88
  }, {
    "date" : "2025-03-31",
    "sales" : 1675.27,
    "salesGrowthYoY" : 18.69,
    "grossProfitMargin" : 63.36,
    "grossProfit" : 1061.45,
    "operatingProfitMargin" : 20.39,
    "operatingProfit" : 341.59,
    "netProfitMargin" : 6.07,
    "netProfit" : 101.69
  }, {
    "date" : "2025-06-30",
    "sales" : 1649.35,
    "salesGrowthYoY" : 14.73,
    "grossProfitMargin" : 60.80,
    "grossProfit" : 1002.80,
    "operatingProfitMargin" : 19.07,
    "operatingProfit" : 314.53,
    "netProfitMargin" : 5.64,
    "netProfit" : 93.02
  }, {
    "date" : "2025-09-30",
    "sales" : 1781.00,
    "salesGrowthYoY" : 44.79,
    "grossProfitMargin" : 57.69,
    "grossProfit" : 1027.46,
    "operatingProfitMargin" : 18.36,
    "operatingProfit" : 326.99,
    "netProfitMargin" : 5.90,
    "netProfit" : 105.08
  } ],
  "latestQuarterlyResult" : {
    "date" : "2025-09-30",
    "sales" : 1781.00,
    "salesGrowthYoY" : 44.79,
    "grossProfitMargin" : 57.69,
    "grossProfit" : 1027.46,
    "operatingProfitMargin" : 18.36,
    "operatingProfit" : 326.99,
    "netProfitMargin" : 5.90,
    "netProfit" : 105.08
  },
  "companyScore" : {
    "priceHigherThanDma50" : 5.00,
    "priceHigherThanDma100" : 5.00,
    "priceHigherThanDma200" : 5.00,
    "dma50HigherThanDma100" : 5.00,
    "dma50HigherThanDma200" : 5.00,
    "dma100HigherThanDma200" : 5.00,
    "pricePercentageAboveDma50" : 4.16,
    "pricePercentageAboveDma100" : 3.71,
    "pricePercentageAboveDma200" : 2.68,
    "weeklyVolumeHigherThanYearlyVolume" : 0.00,
    "salesGrowthPercentile" : 18.23,
    "operatingProfitMarginPercentile" : 17.11,
    "netProfitMarginPercentile" : 8.67,
    "totalTechnicalScore" : 40.55,
    "totalFundamentalScore" : 44.01,
    "totalScore" : 84.56
  }
}