{
  "metadata" : {
    "screenerCompanyId" : "1622",
    "companyCode" : "JINDALPHOT",
    "companyName" : "Jindal Photo",
    "screenerCompanyLink" : "https://www.screener.in/company/JINDALPHOT/consolidated/",
    "screenerTechnicalHistoryLink" : "https://www.screener.in/api/company/1622/chart/?q=Price-DMA50-DMA200-Volume&days=365",
    "screenerQuarterlyResultsLink" : "https://www.screener.in/api/company/1622/chart/?q=GPM-OPM-NPM-Quarter+Sales&days=10000",
    "attributes" : {
      "companyCode" : "JINDALPHOT",
      "companyName" : "Jindal Photo",
      "marketCap" : 1471.00,
      "peRatio" : 9.57,
      "description" : "Incorporated in 1986, Jindal Photo Ltd holds Investments in the Secuirties of Group Companies and provides Mangement Consultancy[1]"
    },
    "companyScore" : {
      "priceHigherThanDma50" : 5.00,
      "priceHigherThanDma100" : 5.00,
      "priceHigherThanDma200" : 5.00,
      "dma50HigherThanDma100" : 5.00,
      "dma50HigherThanDma200" : 5.00,
      "dma100HigherThanDma200" : 5.00,
      "pricePercentageAboveDma50" : 4.95,
      "pricePercentageAboveDma100" : 4.49,
      "pricePercentageAboveDma200" : 3.76,
      "weeklyVolumeHigherThanYearlyVolume" : 5.00,
      "salesGrowthPercentile" : 19.24,
      "operatingProfitMarginPercentile" : 19.99,
      "netProfitMarginPercentile" : 9.97,
      "totalTechnicalScore" : 48.19,
      "totalFundamentalScore" : 49.20,
      "totalScore" : 97.39
    }
  },
  "attributes" : {
    "companyCode" : "JINDALPHOT",
    "companyName" : "Jindal Photo",
    "marketCap" : 1471.00,
    "peRatio" : 9.57,
    "description" : "Incorporated in 1986, Jindal Photo Ltd holds Investments in the Secuirties of Group Companies and provides Mangement Consultancy[1]"
  },
  "technicalHistory" : [ {
    "date" : "2025-01-10",
    "price" : 760.00,
    "dma50" : 856.62,
    "dma100" : null,
    "dma200" : 775.72,
    "volume" : 30516.00
  }, {
    "date" : "2025-01-13",
    "price" : 705.65,
    "dma50" : 850.70,
    "dma100" : null,
    "dma200" : 775.02,
    "volume" : 46837.00
  }, {
    "date" : "2025-01-14",
    "price" : 746.30,
    "dma50" : 846.60,
    "dma100" : null,
    "dma200" : 774.74,
    "volume" : 14563.00
  }, {
    "date" : "2025-01-15",
    "price" : 741.35,
    "dma50" : 842.48,
    "dma100" : null,
    "dma200" : 774.41,
    "volume" : 9025.00
  }, {
    "date" : "2025-01-16",
    "price" : 765.60,
    "dma50" : 839.46,
    "dma100" : null,
    "dma200" : 774.32,
    "volume" : 18884.00
  }, {
    "date" : "2025-01-17",
    "price" : 758.60,
    "dma50" : 836.29,
    "dma100" : null,
    "dma200" : 774.16,
    "volume" : 16777.00
  }, {
    "date" : "2025-01-20",
    "price" : 770.00,
    "dma50" : 833.69,
    "dma100" : null,
    "dma200" : 774.12,
    "volume" : 9005.00
  }, {
    "date" : "2025-01-21",
    "price" : 723.65,
    "dma50" : 829.38,
    "dma100" : null,
    "dma200" : 773.62,
    "volume" : 35699.00
  }, {
    "date" : "2025-01-22",
    "price" : 720.25,
    "dma50" : 825.10,
    "dma100" : null,
    "dma200" : 773.09,
    "volume" : 10963.00
  }, {
    "date" : "2025-01-23",
    "price" : 723.75,
    "dma50" : 821.12,
    "dma100" : null,
    "dma200" : 772.60,
    "volume" : 6651.00
  }, {
    "date" : "2025-01-24",
    "price" : 708.80,
    "dma50" : 816.72,
    "dma100" : null,
    "dma200" : 771.96,
    "volume" : 7277.00
  }, {
    "date" : "2025-01-27",
    "price" : 686.45,
    "dma50" : 811.61,
    "dma100" : null,
    "dma200" : 771.11,
    "volume" : 13159.00
  }, {
    "date" : "2025-01-28",
    "price" : 660.45,
    "dma50" : 805.68,
    "dma100" : null,
    "dma200" : 770.01,
    "volume" : 14329.00
  }, {
    "date" : "2025-01-29",
    "price" : 697.70,
    "dma50" : 801.45,
    "dma100" : null,
    "dma200" : 769.29,
    "volume" : 7813.00
  }, {
    "date" : "2025-01-30",
    "price" : 700.20,
    "dma50" : 797.48,
    "dma100" : null,
    "dma200" : 768.60,
    "volume" : 7502.00
  }, {
    "date" : "2025-01-31",
    "price" : 705.60,
    "dma50" : 793.87,
    "dma100" : null,
    "dma200" : 767.98,
    "volume" : 5808.00
  }, {
    "date" : "2025-02-01",
    "price" : 723.05,
    "dma50" : 791.10,
    "dma100" : null,
    "dma200" : 767.53,
    "volume" : 6422.00
  }, {
    "date" : "2025-02-03",
    "price" : 709.35,
    "dma50" : 787.89,
    "dma100" : null,
    "dma200" : 766.95,
    "volume" : 3364.00
  }, {
    "date" : "2025-02-04",
    "price" : 711.50,
    "dma50" : 784.89,
    "dma100" : null,
    "dma200" : 766.40,
    "volume" : 6182.00
  }, {
    "date" : "2025-02-05",
    "price" : 714.15,
    "dma50" : 782.12,
    "dma100" : null,
    "dma200" : 765.88,
    "volume" : 3785.00
  }, {
    "date" : "2025-02-06",
    "price" : 712.70,
    "dma50" : 779.40,
    "dma100" : null,
    "dma200" : 765.35,
    "volume" : 3270.00
  }, {
    "date" : "2025-02-07",
    "price" : 698.90,
    "dma50" : 776.24,
    "dma100" : null,
    "dma200" : 764.69,
    "volume" : 5669.00
  }, {
    "date" : "2025-02-10",
    "price" : 680.95,
    "dma50" : 772.50,
    "dma100" : null,
    "dma200" : 763.86,
    "volume" : 7261.00
  }, {
    "date" : "2025-02-11",
    "price" : 669.10,
    "dma50" : 768.45,
    "dma100" : null,
    "dma200" : 762.91,
    "volume" : 6511.00
  }, {
    "date" : "2025-02-12",
    "price" : 656.40,
    "dma50" : 764.05,
    "dma100" : null,
    "dma200" : 761.85,
    "volume" : 13763.00
  }, {
    "date" : "2025-02-13",
    "price" : 666.80,
    "dma50" : 760.24,
    "dma100" : null,
    "dma200" : 760.91,
    "volume" : 4931.00
  }, {
    "date" : "2025-02-14",
    "price" : 641.85,
    "dma50" : 755.60,
    "dma100" : null,
    "dma200" : 759.72,
    "volume" : 4667.00
  }, {
    "date" : "2025-02-17",
    "price" : 607.50,
    "dma50" : 749.79,
    "dma100" : null,
    "dma200" : 758.21,
    "volume" : 15504.00
  }, {
    "date" : "2025-02-18",
    "price" : 589.85,
    "dma50" : 743.52,
    "dma100" : null,
    "dma200" : 756.53,
    "volume" : 6033.00
  }, {
    "date" : "2025-02-19",
    "price" : 594.35,
    "dma50" : 737.67,
    "dma100" : null,
    "dma200" : 754.92,
    "volume" : 16664.00
  }, {
    "date" : "2025-02-20",
    "price" : 618.15,
    "dma50" : 732.98,
    "dma100" : null,
    "dma200" : 753.56,
    "volume" : 9867.00
  }, {
    "date" : "2025-02-21",
    "price" : 607.10,
    "dma50" : 728.04,
    "dma100" : null,
    "dma200" : 752.10,
    "volume" : 6545.00
  }, {
    "date" : "2025-02-24",
    "price" : 600.30,
    "dma50" : 723.04,
    "dma100" : null,
    "dma200" : 750.59,
    "volume" : 7120.00
  }, {
    "date" : "2025-02-25",
    "price" : 590.75,
    "dma50" : 717.85,
    "dma100" : null,
    "dma200" : 749.00,
    "volume" : 5773.00
  }, {
    "date" : "2025-02-27",
    "price" : 572.35,
    "dma50" : 712.14,
    "dma100" : null,
    "dma200" : 747.24,
    "volume" : 6011.00
  }, {
    "date" : "2025-02-28",
    "price" : 558.05,
    "dma50" : 706.10,
    "dma100" : null,
    "dma200" : 745.36,
    "volume" : 7995.00
  }, {
    "date" : "2025-03-03",
    "price" : 544.15,
    "dma50" : 699.75,
    "dma100" : null,
    "dma200" : 743.36,
    "volume" : 7860.00
  }, {
    "date" : "2025-03-04",
    "price" : 540.40,
    "dma50" : 693.50,
    "dma100" : null,
    "dma200" : 741.34,
    "volume" : 11468.00
  }, {
    "date" : "2025-03-05",
    "price" : 556.20,
    "dma50" : 688.11,
    "dma100" : null,
    "dma200" : 739.50,
    "volume" : 8885.00
  }, {
    "date" : "2025-03-06",
    "price" : 618.85,
    "dma50" : 685.40,
    "dma100" : null,
    "dma200" : 738.30,
    "volume" : 78763.00
  }, {
    "date" : "2025-03-07",
    "price" : 612.80,
    "dma50" : 682.55,
    "dma100" : null,
    "dma200" : 737.05,
    "volume" : 16109.00
  }, {
    "date" : "2025-03-10",
    "price" : 586.55,
    "dma50" : 678.79,
    "dma100" : null,
    "dma200" : 735.55,
    "volume" : 15315.00
  }, {
    "date" : "2025-03-11",
    "price" : 604.95,
    "dma50" : 675.89,
    "dma100" : null,
    "dma200" : 734.25,
    "volume" : 19169.00
  }, {
    "date" : "2025-03-12",
    "price" : 600.80,
    "dma50" : 672.95,
    "dma100" : null,
    "dma200" : 732.92,
    "volume" : 8674.00
  }, {
    "date" : "2025-03-13",
    "price" : 607.30,
    "dma50" : 670.37,
    "dma100" : null,
    "dma200" : 731.67,
    "volume" : 16525.00
  }, {
    "date" : "2025-03-17",
    "price" : 601.95,
    "dma50" : 667.69,
    "dma100" : null,
    "dma200" : 730.38,
    "volume" : 9935.00
  }, {
    "date" : "2025-03-18",
    "price" : 617.95,
    "dma50" : 665.74,
    "dma100" : null,
    "dma200" : 729.26,
    "volume" : 15651.00
  }, {
    "date" : "2025-03-19",
    "price" : 634.10,
    "dma50" : 664.50,
    "dma100" : null,
    "dma200" : 728.32,
    "volume" : 10532.00
  }, {
    "date" : "2025-03-20",
    "price" : 633.75,
    "dma50" : 663.29,
    "dma100" : null,
    "dma200" : 727.37,
    "volume" : 13829.00
  }, {
    "date" : "2025-03-21",
    "price" : 640.50,
    "dma50" : 662.40,
    "dma100" : null,
    "dma200" : 726.51,
    "volume" : 11416.00
  }, {
    "date" : "2025-03-24",
    "price" : 646.20,
    "dma50" : 661.76,
    "dma100" : null,
    "dma200" : 725.71,
    "volume" : 23673.00
  }, {
    "date" : "2025-03-25",
    "price" : 646.85,
    "dma50" : 661.18,
    "dma100" : null,
    "dma200" : 724.93,
    "volume" : 11949.00
  }, {
    "date" : "2025-03-26",
    "price" : 643.90,
    "dma50" : 660.50,
    "dma100" : null,
    "dma200" : 724.12,
    "volume" : 17696.00
  }, {
    "date" : "2025-03-27",
    "price" : 648.50,
    "dma50" : 660.03,
    "dma100" : null,
    "dma200" : 723.37,
    "volume" : 13985.00
  }, {
    "date" : "2025-03-28",
    "price" : 645.35,
    "dma50" : 659.45,
    "dma100" : null,
    "dma200" : 722.59,
    "volume" : 10858.00
  }, {
    "date" : "2025-04-01",
    "price" : 665.65,
    "dma50" : 659.70,
    "dma100" : null,
    "dma200" : 722.02,
    "volume" : 9140.00
  }, {
    "date" : "2025-04-02",
    "price" : 676.90,
    "dma50" : 660.37,
    "dma100" : null,
    "dma200" : 721.58,
    "volume" : 9926.00
  }, {
    "date" : "2025-04-03",
    "price" : 686.30,
    "dma50" : 661.39,
    "dma100" : null,
    "dma200" : 721.22,
    "volume" : 7467.00
  }, {
    "date" : "2025-04-04",
    "price" : 690.05,
    "dma50" : 662.51,
    "dma100" : null,
    "dma200" : 720.91,
    "volume" : 14951.00
  }, {
    "date" : "2025-04-07",
    "price" : 704.70,
    "dma50" : 664.17,
    "dma100" : null,
    "dma200" : 720.75,
    "volume" : 46923.00
  }, {
    "date" : "2025-04-08",
    "price" : 714.70,
    "dma50" : 666.15,
    "dma100" : null,
    "dma200" : 720.69,
    "volume" : 14388.00
  }, {
    "date" : "2025-04-09",
    "price" : 706.55,
    "dma50" : 667.73,
    "dma100" : null,
    "dma200" : 720.55,
    "volume" : 8665.00
  }, {
    "date" : "2025-04-11",
    "price" : 720.35,
    "dma50" : 669.80,
    "dma100" : null,
    "dma200" : 720.55,
    "volume" : 7206.00
  }, {
    "date" : "2025-04-15",
    "price" : 739.10,
    "dma50" : 672.51,
    "dma100" : null,
    "dma200" : 720.73,
    "volume" : 12269.00
  }, {
    "date" : "2025-04-16",
    "price" : 755.05,
    "dma50" : 675.75,
    "dma100" : null,
    "dma200" : 721.08,
    "volume" : 8904.00
  }, {
    "date" : "2025-04-17",
    "price" : 800.90,
    "dma50" : 680.66,
    "dma100" : null,
    "dma200" : 721.87,
    "volume" : 84594.00
  }, {
    "date" : "2025-04-21",
    "price" : 818.90,
    "dma50" : 686.08,
    "dma100" : null,
    "dma200" : 722.84,
    "volume" : 41194.00
  }, {
    "date" : "2025-04-22",
    "price" : 830.90,
    "dma50" : 691.76,
    "dma100" : null,
    "dma200" : 723.91,
    "volume" : 18265.00
  }, {
    "date" : "2025-04-23",
    "price" : 830.40,
    "dma50" : 697.20,
    "dma100" : null,
    "dma200" : 724.97,
    "volume" : 17606.00
  }, {
    "date" : "2025-04-24",
    "price" : 830.10,
    "dma50" : 702.41,
    "dma100" : null,
    "dma200" : 726.02,
    "volume" : 8162.00
  }, {
    "date" : "2025-04-25",
    "price" : 832.45,
    "dma50" : 707.51,
    "dma100" : null,
    "dma200" : 727.08,
    "volume" : 27923.00
  }, {
    "date" : "2025-04-28",
    "price" : 832.65,
    "dma50" : 712.42,
    "dma100" : null,
    "dma200" : 728.13,
    "volume" : 9797.00
  }, {
    "date" : "2025-04-29",
    "price" : 850.50,
    "dma50" : 717.83,
    "dma100" : null,
    "dma200" : 729.34,
    "volume" : 18948.00
  }, {
    "date" : "2025-04-30",
    "price" : 861.60,
    "dma50" : 723.47,
    "dma100" : null,
    "dma200" : 730.66,
    "volume" : 27947.00
  }, {
    "date" : "2025-05-02",
    "price" : 861.45,
    "dma50" : 728.88,
    "dma100" : null,
    "dma200" : 731.96,
    "volume" : 8180.00
  }, {
    "date" : "2025-05-05",
    "price" : 873.45,
    "dma50" : 734.55,
    "dma100" : null,
    "dma200" : 733.37,
    "volume" : 13779.00
  }, {
    "date" : "2025-05-06",
    "price" : 883.80,
    "dma50" : 740.40,
    "dma100" : null,
    "dma200" : 734.87,
    "volume" : 25268.00
  }, {
    "date" : "2025-05-07",
    "price" : 881.40,
    "dma50" : 745.93,
    "dma100" : null,
    "dma200" : 736.32,
    "volume" : 14338.00
  }, {
    "date" : "2025-05-08",
    "price" : 900.15,
    "dma50" : 751.98,
    "dma100" : null,
    "dma200" : 737.95,
    "volume" : 25347.00
  }, {
    "date" : "2025-05-09",
    "price" : 903.00,
    "dma50" : 757.90,
    "dma100" : null,
    "dma200" : 739.60,
    "volume" : 47082.00
  }, {
    "date" : "2025-05-12",
    "price" : 914.60,
    "dma50" : 764.05,
    "dma100" : null,
    "dma200" : 741.34,
    "volume" : 12588.00
  }, {
    "date" : "2025-05-13",
    "price" : 923.65,
    "dma50" : 770.31,
    "dma100" : null,
    "dma200" : 743.15,
    "volume" : 62390.00
  }, {
    "date" : "2025-05-14",
    "price" : 954.50,
    "dma50" : 777.53,
    "dma100" : null,
    "dma200" : 745.25,
    "volume" : 27269.00
  }, {
    "date" : "2025-05-15",
    "price" : 976.50,
    "dma50" : 785.33,
    "dma100" : null,
    "dma200" : 747.56,
    "volume" : 51457.00
  }, {
    "date" : "2025-05-16",
    "price" : 978.00,
    "dma50" : 792.89,
    "dma100" : null,
    "dma200" : 749.85,
    "volume" : 33560.00
  }, {
    "date" : "2025-05-19",
    "price" : 995.80,
    "dma50" : 800.84,
    "dma100" : null,
    "dma200" : 752.30,
    "volume" : 30014.00
  }, {
    "date" : "2025-05-20",
    "price" : 961.75,
    "dma50" : 807.15,
    "dma100" : null,
    "dma200" : 754.38,
    "volume" : 38167.00
  }, {
    "date" : "2025-05-21",
    "price" : 912.25,
    "dma50" : 811.28,
    "dma100" : null,
    "dma200" : 755.95,
    "volume" : 37742.00
  }, {
    "date" : "2025-05-22",
    "price" : 903.65,
    "dma50" : 814.90,
    "dma100" : null,
    "dma200" : 757.42,
    "volume" : 10760.00
  }, {
    "date" : "2025-05-23",
    "price" : 883.80,
    "dma50" : 817.60,
    "dma100" : null,
    "dma200" : 758.68,
    "volume" : 8852.00
  }, {
    "date" : "2025-05-26",
    "price" : 882.15,
    "dma50" : 820.13,
    "dma100" : null,
    "dma200" : 759.91,
    "volume" : 4502.00
  }, {
    "date" : "2025-05-27",
    "price" : 901.80,
    "dma50" : 823.33,
    "dma100" : null,
    "dma200" : 761.32,
    "volume" : 6822.00
  }, {
    "date" : "2025-05-28",
    "price" : 912.10,
    "dma50" : 826.82,
    "dma100" : null,
    "dma200" : 762.82,
    "volume" : 4177.00
  }, {
    "date" : "2025-05-29",
    "price" : 871.15,
    "dma50" : 828.55,
    "dma100" : null,
    "dma200" : 763.90,
    "volume" : 14554.00
  }, {
    "date" : "2025-05-30",
    "price" : 854.65,
    "dma50" : 829.58,
    "dma100" : null,
    "dma200" : 764.80,
    "volume" : 12913.00
  }, {
    "date" : "2025-06-02",
    "price" : 858.65,
    "dma50" : 830.72,
    "dma100" : null,
    "dma200" : 765.73,
    "volume" : 8158.00
  }, {
    "date" : "2025-06-03",
    "price" : 853.40,
    "dma50" : 831.61,
    "dma100" : null,
    "dma200" : 766.61,
    "volume" : 3671.00
  }, {
    "date" : "2025-06-04",
    "price" : 854.95,
    "dma50" : 832.52,
    "dma100" : null,
    "dma200" : 767.48,
    "volume" : 4927.00
  }, {
    "date" : "2025-06-05",
    "price" : 852.15,
    "dma50" : 833.29,
    "dma100" : null,
    "dma200" : 768.33,
    "volume" : 3638.00
  }, {
    "date" : "2025-06-06",
    "price" : 850.50,
    "dma50" : 833.97,
    "dma100" : null,
    "dma200" : 769.15,
    "volume" : 3216.00
  }, {
    "date" : "2025-06-09",
    "price" : 851.30,
    "dma50" : 834.65,
    "dma100" : 741.67,
    "dma200" : 769.96,
    "volume" : 2996.00
  }, {
    "date" : "2025-06-10",
    "price" : 852.20,
    "dma50" : 835.34,
    "dma100" : 743.13,
    "dma200" : 770.78,
    "volume" : 1881.00
  }, {
    "date" : "2025-06-11",
    "price" : 852.35,
    "dma50" : 836.00,
    "dma100" : 744.19,
    "dma200" : 771.59,
    "volume" : 2828.00
  }, {
    "date" : "2025-06-12",
    "price" : 850.35,
    "dma50" : 836.56,
    "dma100" : 745.28,
    "dma200" : 772.38,
    "volume" : 7688.00
  }, {
    "date" : "2025-06-13",
    "price" : 850.10,
    "dma50" : 837.10,
    "dma100" : 746.13,
    "dma200" : 773.15,
    "volume" : 1966.00
  }, {
    "date" : "2025-06-16",
    "price" : 850.00,
    "dma50" : 837.60,
    "dma100" : 747.04,
    "dma200" : 773.91,
    "volume" : 1315.00
  }, {
    "date" : "2025-06-17",
    "price" : 892.50,
    "dma50" : 839.75,
    "dma100" : 748.27,
    "dma200" : 775.09,
    "volume" : 9533.00
  }, {
    "date" : "2025-06-18",
    "price" : 937.10,
    "dma50" : 843.57,
    "dma100" : 750.40,
    "dma200" : 776.71,
    "volume" : 7317.00
  }, {
    "date" : "2025-06-19",
    "price" : 983.95,
    "dma50" : 849.08,
    "dma100" : 753.04,
    "dma200" : 778.77,
    "volume" : 8090.00
  }, {
    "date" : "2025-06-20",
    "price" : 1033.10,
    "dma50" : 856.29,
    "dma100" : 756.13,
    "dma200" : 781.30,
    "volume" : 34214.00
  }, {
    "date" : "2025-06-23",
    "price" : 1012.45,
    "dma50" : 862.42,
    "dma100" : 759.17,
    "dma200" : 783.60,
    "volume" : 9732.00
  }, {
    "date" : "2025-06-24",
    "price" : 1000.00,
    "dma50" : 867.81,
    "dma100" : 762.31,
    "dma200" : 785.75,
    "volume" : 7430.00
  }, {
    "date" : "2025-06-25",
    "price" : 980.00,
    "dma50" : 872.21,
    "dma100" : 765.50,
    "dma200" : 787.68,
    "volume" : 4465.00
  }, {
    "date" : "2025-06-26",
    "price" : 960.40,
    "dma50" : 875.67,
    "dma100" : 768.13,
    "dma200" : 789.40,
    "volume" : 1292.00
  }, {
    "date" : "2025-06-27",
    "price" : 941.20,
    "dma50" : 878.24,
    "dma100" : 770.54,
    "dma200" : 790.91,
    "volume" : 1924.00
  }, {
    "date" : "2025-06-30",
    "price" : 946.50,
    "dma50" : 880.92,
    "dma100" : 772.95,
    "dma200" : 792.46,
    "volume" : 4168.00
  }, {
    "date" : "2025-07-01",
    "price" : 930.50,
    "dma50" : 882.86,
    "dma100" : 775.02,
    "dma200" : 793.84,
    "volume" : 1591.00
  }, {
    "date" : "2025-07-02",
    "price" : 925.35,
    "dma50" : 884.53,
    "dma100" : 777.18,
    "dma200" : 795.14,
    "volume" : 166.00
  }, {
    "date" : "2025-07-03",
    "price" : 906.85,
    "dma50" : 885.40,
    "dma100" : 779.13,
    "dma200" : 796.26,
    "volume" : 376.00
  }, {
    "date" : "2025-07-04",
    "price" : 889.00,
    "dma50" : 885.54,
    "dma100" : 780.88,
    "dma200" : 797.18,
    "volume" : 295.00
  }, {
    "date" : "2025-07-07",
    "price" : 896.00,
    "dma50" : 885.95,
    "dma100" : 782.72,
    "dma200" : 798.16,
    "volume" : 1586.00
  }, {
    "date" : "2025-07-08",
    "price" : 878.10,
    "dma50" : 885.65,
    "dma100" : 784.51,
    "dma200" : 798.96,
    "volume" : 1735.00
  }, {
    "date" : "2025-07-09",
    "price" : 870.00,
    "dma50" : 885.03,
    "dma100" : 786.40,
    "dma200" : 799.66,
    "volume" : 1506.00
  }, {
    "date" : "2025-07-10",
    "price" : 865.05,
    "dma50" : 884.25,
    "dma100" : 788.36,
    "dma200" : 800.31,
    "volume" : 453.00
  }, {
    "date" : "2025-07-11",
    "price" : 860.00,
    "dma50" : 883.30,
    "dma100" : 790.39,
    "dma200" : 800.91,
    "volume" : 444.00
  }, {
    "date" : "2025-07-14",
    "price" : 861.60,
    "dma50" : 882.45,
    "dma100" : 792.34,
    "dma200" : 801.51,
    "volume" : 540.00
  }, {
    "date" : "2025-07-15",
    "price" : 860.00,
    "dma50" : 881.57,
    "dma100" : 794.52,
    "dma200" : 802.09,
    "volume" : 3084.00
  }, {
    "date" : "2025-07-16",
    "price" : 863.00,
    "dma50" : 880.84,
    "dma100" : 797.08,
    "dma200" : 802.70,
    "volume" : 406.00
  }, {
    "date" : "2025-07-17",
    "price" : 880.25,
    "dma50" : 880.82,
    "dma100" : 799.98,
    "dma200" : 803.47,
    "volume" : 466.00
  }, {
    "date" : "2025-07-18",
    "price" : 897.85,
    "dma50" : 881.48,
    "dma100" : 803.02,
    "dma200" : 804.41,
    "volume" : 2381.00
  }, {
    "date" : "2025-07-21",
    "price" : 915.80,
    "dma50" : 882.83,
    "dma100" : 805.99,
    "dma200" : 805.52,
    "volume" : 943.00
  }, {
    "date" : "2025-07-22",
    "price" : 897.50,
    "dma50" : 883.40,
    "dma100" : 808.90,
    "dma200" : 806.43,
    "volume" : 989.00
  }, {
    "date" : "2025-07-23",
    "price" : 879.55,
    "dma50" : 883.25,
    "dma100" : 811.69,
    "dma200" : 807.16,
    "volume" : 461.00
  }, {
    "date" : "2025-07-24",
    "price" : 862.15,
    "dma50" : 882.43,
    "dma100" : 814.40,
    "dma200" : 807.71,
    "volume" : 741.00
  }, {
    "date" : "2025-07-25",
    "price" : 862.20,
    "dma50" : 881.63,
    "dma100" : 817.30,
    "dma200" : 808.25,
    "volume" : 1474.00
  }, {
    "date" : "2025-07-28",
    "price" : 861.50,
    "dma50" : 880.84,
    "dma100" : 820.34,
    "dma200" : 808.78,
    "volume" : 5676.00
  }, {
    "date" : "2025-07-29",
    "price" : 850.10,
    "dma50" : 879.64,
    "dma100" : 823.40,
    "dma200" : 809.19,
    "volume" : 3690.00
  }, {
    "date" : "2025-07-30",
    "price" : 889.40,
    "dma50" : 880.02,
    "dma100" : 826.89,
    "dma200" : 809.99,
    "volume" : 1887.00
  }, {
    "date" : "2025-07-31",
    "price" : 864.25,
    "dma50" : 879.40,
    "dma100" : 829.97,
    "dma200" : 810.53,
    "volume" : 344.00
  }, {
    "date" : "2025-08-01",
    "price" : 860.45,
    "dma50" : 878.66,
    "dma100" : 832.38,
    "dma200" : 811.03,
    "volume" : 625.00
  }, {
    "date" : "2025-08-04",
    "price" : 847.20,
    "dma50" : 877.43,
    "dma100" : 834.73,
    "dma200" : 811.39,
    "volume" : 906.00
  }, {
    "date" : "2025-08-05",
    "price" : 844.10,
    "dma50" : 876.12,
    "dma100" : 837.30,
    "dma200" : 811.71,
    "volume" : 2214.00
  }, {
    "date" : "2025-08-06",
    "price" : 849.10,
    "dma50" : 875.06,
    "dma100" : 839.75,
    "dma200" : 812.08,
    "volume" : 326.00
  }, {
    "date" : "2025-08-07",
    "price" : 823.10,
    "dma50" : 873.02,
    "dma100" : 841.97,
    "dma200" : 812.19,
    "volume" : 1470.00
  }, {
    "date" : "2025-08-08",
    "price" : 837.15,
    "dma50" : 871.61,
    "dma100" : 844.27,
    "dma200" : 812.44,
    "volume" : 1070.00
  }, {
    "date" : "2025-08-11",
    "price" : 825.45,
    "dma50" : 869.80,
    "dma100" : 846.50,
    "dma200" : 812.57,
    "volume" : 4922.00
  }, {
    "date" : "2025-08-12",
    "price" : 820.05,
    "dma50" : 867.85,
    "dma100" : 848.52,
    "dma200" : 812.65,
    "volume" : 741.00
  }, {
    "date" : "2025-08-13",
    "price" : 826.45,
    "dma50" : 866.23,
    "dma100" : 850.45,
    "dma200" : 812.78,
    "volume" : 1382.00
  }, {
    "date" : "2025-08-14",
    "price" : 838.50,
    "dma50" : 865.14,
    "dma100" : 852.49,
    "dma200" : 813.04,
    "volume" : 523.00
  }, {
    "date" : "2025-08-18",
    "price" : 832.95,
    "dma50" : 863.88,
    "dma100" : 854.42,
    "dma200" : 813.24,
    "volume" : 1291.00
  }, {
    "date" : "2025-08-19",
    "price" : 855.90,
    "dma50" : 863.57,
    "dma100" : 856.51,
    "dma200" : 813.66,
    "volume" : 1419.00
  }, {
    "date" : "2025-08-20",
    "price" : 852.50,
    "dma50" : 863.13,
    "dma100" : 858.57,
    "dma200" : 814.05,
    "volume" : 1028.00
  }, {
    "date" : "2025-08-21",
    "price" : 835.70,
    "dma50" : 862.06,
    "dma100" : 860.49,
    "dma200" : 814.26,
    "volume" : 1025.00
  }, {
    "date" : "2025-08-22",
    "price" : 844.20,
    "dma50" : 861.36,
    "dma100" : 862.45,
    "dma200" : 814.56,
    "volume" : 724.00
  }, {
    "date" : "2025-08-25",
    "price" : 864.15,
    "dma50" : 861.47,
    "dma100" : 864.63,
    "dma200" : 815.06,
    "volume" : 7346.00
  }, {
    "date" : "2025-08-26",
    "price" : 850.65,
    "dma50" : 861.04,
    "dma100" : 866.48,
    "dma200" : 815.41,
    "volume" : 5640.00
  }, {
    "date" : "2025-08-28",
    "price" : 857.85,
    "dma50" : 860.92,
    "dma100" : 868.29,
    "dma200" : 815.83,
    "volume" : 2567.00
  }, {
    "date" : "2025-08-29",
    "price" : 1029.40,
    "dma50" : 867.52,
    "dma100" : 871.72,
    "dma200" : 817.96,
    "volume" : 51152.00
  }, {
    "date" : "2025-09-01",
    "price" : 1235.20,
    "dma50" : 881.94,
    "dma100" : 877.18,
    "dma200" : 822.11,
    "volume" : 100902.00
  }, {
    "date" : "2025-09-02",
    "price" : 1132.60,
    "dma50" : 891.77,
    "dma100" : 881.46,
    "dma200" : 825.20,
    "volume" : 216651.00
  }, {
    "date" : "2025-09-03",
    "price" : 1222.00,
    "dma50" : 904.72,
    "dma100" : 886.53,
    "dma200" : 829.15,
    "volume" : 126268.00
  }, {
    "date" : "2025-09-04",
    "price" : 1163.60,
    "dma50" : 914.87,
    "dma100" : 891.10,
    "dma200" : 832.47,
    "volume" : 30117.00
  }, {
    "date" : "2025-09-05",
    "price" : 1181.40,
    "dma50" : 925.33,
    "dma100" : 895.71,
    "dma200" : 835.95,
    "volume" : 14859.00
  }, {
    "date" : "2025-09-08",
    "price" : 1140.20,
    "dma50" : 933.75,
    "dma100" : 899.72,
    "dma200" : 838.97,
    "volume" : 9918.00
  }, {
    "date" : "2025-09-09",
    "price" : 1106.40,
    "dma50" : 940.52,
    "dma100" : 903.23,
    "dma200" : 841.63,
    "volume" : 6618.00
  }, {
    "date" : "2025-09-10",
    "price" : 1114.90,
    "dma50" : 947.36,
    "dma100" : 906.37,
    "dma200" : 844.35,
    "volume" : 7313.00
  }, {
    "date" : "2025-09-11",
    "price" : 1131.40,
    "dma50" : 954.58,
    "dma100" : 909.50,
    "dma200" : 847.21,
    "volume" : 6659.00
  }, {
    "date" : "2025-09-12",
    "price" : 1088.20,
    "dma50" : 959.82,
    "dma100" : 912.07,
    "dma200" : 849.61,
    "volume" : 7408.00
  }, {
    "date" : "2025-09-15",
    "price" : 1147.80,
    "dma50" : 967.19,
    "dma100" : 915.25,
    "dma200" : 852.57,
    "volume" : 21688.00
  }, {
    "date" : "2025-09-16",
    "price" : 1152.90,
    "dma50" : 974.47,
    "dma100" : 918.47,
    "dma200" : 855.56,
    "volume" : 4410.00
  }, {
    "date" : "2025-09-17",
    "price" : 1131.90,
    "dma50" : 980.65,
    "dma100" : 921.47,
    "dma200" : 858.31,
    "volume" : 4917.00
  }, {
    "date" : "2025-09-18",
    "price" : 1138.30,
    "dma50" : 986.83,
    "dma100" : 924.52,
    "dma200" : 861.10,
    "volume" : 6284.00
  }, {
    "date" : "2025-09-19",
    "price" : 1137.30,
    "dma50" : 992.73,
    "dma100" : 927.39,
    "dma200" : 863.85,
    "volume" : 2274.00
  }, {
    "date" : "2025-09-22",
    "price" : 1114.30,
    "dma50" : 997.50,
    "dma100" : 929.92,
    "dma200" : 866.34,
    "volume" : 1871.00
  }, {
    "date" : "2025-09-23",
    "price" : 1101.60,
    "dma50" : 1001.58,
    "dma100" : 932.32,
    "dma200" : 868.68,
    "volume" : 4300.00
  }, {
    "date" : "2025-09-24",
    "price" : 1128.60,
    "dma50" : 1006.56,
    "dma100" : 934.87,
    "dma200" : 871.27,
    "volume" : 9599.00
  }, {
    "date" : "2025-09-25",
    "price" : 1125.60,
    "dma50" : 1011.23,
    "dma100" : 937.29,
    "dma200" : 873.80,
    "volume" : 2577.00
  }, {
    "date" : "2025-09-26",
    "price" : 1100.60,
    "dma50" : 1014.73,
    "dma100" : 939.48,
    "dma200" : 876.05,
    "volume" : 6712.00
  }, {
    "date" : "2025-09-29",
    "price" : 1101.90,
    "dma50" : 1018.15,
    "dma100" : 941.50,
    "dma200" : 878.30,
    "volume" : 2285.00
  }, {
    "date" : "2025-09-30",
    "price" : 1100.80,
    "dma50" : 1021.39,
    "dma100" : 943.48,
    "dma200" : 880.51,
    "volume" : 3039.00
  }, {
    "date" : "2025-10-01",
    "price" : 1100.50,
    "dma50" : 1024.50,
    "dma100" : 945.34,
    "dma200" : 882.70,
    "volume" : 1801.00
  }, {
    "date" : "2025-10-03",
    "price" : 1102.20,
    "dma50" : 1027.54,
    "dma100" : 947.12,
    "dma200" : 884.89,
    "volume" : 1903.00
  }, {
    "date" : "2025-10-06",
    "price" : 1121.60,
    "dma50" : 1031.23,
    "dma100" : 948.79,
    "dma200" : 887.24,
    "volume" : 3483.00
  }, {
    "date" : "2025-10-07",
    "price" : 1146.00,
    "dma50" : 1035.73,
    "dma100" : 950.49,
    "dma200" : 889.82,
    "volume" : 10415.00
  }, {
    "date" : "2025-10-08",
    "price" : 1155.60,
    "dma50" : 1040.43,
    "dma100" : 952.26,
    "dma200" : 892.46,
    "volume" : 12528.00
  }, {
    "date" : "2025-10-09",
    "price" : 1386.70,
    "dma50" : 1054.01,
    "dma100" : 956.17,
    "dma200" : 897.38,
    "volume" : 87841.00
  }, {
    "date" : "2025-10-10",
    "price" : 1555.50,
    "dma50" : 1073.68,
    "dma100" : 962.11,
    "dma200" : 903.93,
    "volume" : 382080.00
  }, {
    "date" : "2025-10-13",
    "price" : 1472.50,
    "dma50" : 1089.32,
    "dma100" : 967.71,
    "dma200" : 909.59,
    "volume" : 41407.00
  }, {
    "date" : "2025-10-14",
    "price" : 1493.00,
    "dma50" : 1105.15,
    "dma100" : 973.61,
    "dma200" : 915.39,
    "volume" : 27351.00
  }, {
    "date" : "2025-10-15",
    "price" : 1429.70,
    "dma50" : 1117.88,
    "dma100" : 979.07,
    "dma200" : 920.51,
    "volume" : 12964.00
  }, {
    "date" : "2025-10-16",
    "price" : 1421.70,
    "dma50" : 1129.79,
    "dma100" : 984.46,
    "dma200" : 925.50,
    "volume" : 15039.00
  }, {
    "date" : "2025-10-17",
    "price" : 1379.60,
    "dma50" : 1139.59,
    "dma100" : 989.24,
    "dma200" : 930.01,
    "volume" : 5711.00
  }, {
    "date" : "2025-10-20",
    "price" : 1436.60,
    "dma50" : 1151.24,
    "dma100" : 994.49,
    "dma200" : 935.05,
    "volume" : 40848.00
  }, {
    "date" : "2025-10-21",
    "price" : 1449.70,
    "dma50" : 1162.94,
    "dma100" : 1000.27,
    "dma200" : 940.18,
    "volume" : 1948.00
  }, {
    "date" : "2025-10-23",
    "price" : 1408.70,
    "dma50" : 1172.58,
    "dma100" : 1005.81,
    "dma200" : 944.84,
    "volume" : 4957.00
  }, {
    "date" : "2025-10-24",
    "price" : 1356.80,
    "dma50" : 1179.80,
    "dma100" : 1010.79,
    "dma200" : 948.94,
    "volume" : 10756.00
  }, {
    "date" : "2025-10-27",
    "price" : 1393.70,
    "dma50" : 1188.19,
    "dma100" : 1016.20,
    "dma200" : 953.36,
    "volume" : 5626.00
  }, {
    "date" : "2025-10-28",
    "price" : 1363.80,
    "dma50" : 1195.08,
    "dma100" : 1021.28,
    "dma200" : 957.45,
    "volume" : 11337.00
  }, {
    "date" : "2025-10-29",
    "price" : 1353.80,
    "dma50" : 1201.30,
    "dma100" : 1026.30,
    "dma200" : 961.39,
    "volume" : 4031.00
  }, {
    "date" : "2025-10-30",
    "price" : 1324.60,
    "dma50" : 1206.14,
    "dma100" : 1031.04,
    "dma200" : 965.00,
    "volume" : 4665.00
  }, {
    "date" : "2025-10-31",
    "price" : 1332.70,
    "dma50" : 1211.10,
    "dma100" : 1035.86,
    "dma200" : 968.66,
    "volume" : 4085.00
  }, {
    "date" : "2025-11-03",
    "price" : 1414.20,
    "dma50" : 1219.06,
    "dma100" : 1041.48,
    "dma200" : 973.10,
    "volume" : 17021.00
  }, {
    "date" : "2025-11-04",
    "price" : 1371.30,
    "dma50" : 1225.03,
    "dma100" : 1046.67,
    "dma200" : 977.06,
    "volume" : 9118.00
  }, {
    "date" : "2025-11-06",
    "price" : 1337.60,
    "dma50" : 1229.45,
    "dma100" : 1051.54,
    "dma200" : 980.65,
    "volume" : 3590.00
  }, {
    "date" : "2025-11-07",
    "price" : 1366.30,
    "dma50" : 1234.82,
    "dma100" : 1056.70,
    "dma200" : 984.48,
    "volume" : 3211.00
  }, {
    "date" : "2025-11-10",
    "price" : 1397.60,
    "dma50" : 1241.20,
    "dma100" : 1062.18,
    "dma200" : 988.59,
    "volume" : 10467.00
  }, {
    "date" : "2025-11-11",
    "price" : 1377.70,
    "dma50" : 1246.55,
    "dma100" : 1067.03,
    "dma200" : 992.47,
    "volume" : 7525.00
  }, {
    "date" : "2025-11-12",
    "price" : 1385.20,
    "dma50" : 1251.99,
    "dma100" : 1071.51,
    "dma200" : 996.37,
    "volume" : 3894.00
  }, {
    "date" : "2025-11-13",
    "price" : 1378.60,
    "dma50" : 1256.95,
    "dma100" : 1075.46,
    "dma200" : 1000.18,
    "volume" : 5536.00
  }, {
    "date" : "2025-11-14",
    "price" : 1337.00,
    "dma50" : 1260.09,
    "dma100" : 1078.49,
    "dma200" : 1003.53,
    "volume" : 10844.00
  }, {
    "date" : "2025-11-17",
    "price" : 1360.40,
    "dma50" : 1264.03,
    "dma100" : 1081.97,
    "dma200" : 1007.08,
    "volume" : 2219.00
  }, {
    "date" : "2025-11-18",
    "price" : 1353.20,
    "dma50" : 1267.52,
    "dma100" : 1085.51,
    "dma200" : 1010.52,
    "volume" : 7012.00
  }, {
    "date" : "2025-11-19",
    "price" : 1460.50,
    "dma50" : 1275.09,
    "dma100" : 1090.31,
    "dma200" : 1015.00,
    "volume" : 71844.00
  }, {
    "date" : "2025-11-20",
    "price" : 1405.10,
    "dma50" : 1280.19,
    "dma100" : 1094.76,
    "dma200" : 1018.88,
    "volume" : 17316.00
  }, {
    "date" : "2025-11-21",
    "price" : 1424.00,
    "dma50" : 1285.83,
    "dma100" : 1099.59,
    "dma200" : 1022.91,
    "volume" : 76342.00
  }, {
    "date" : "2025-11-24",
    "price" : 1388.20,
    "dma50" : 1289.84,
    "dma100" : 1104.00,
    "dma200" : 1026.55,
    "volume" : 12474.00
  }, {
    "date" : "2025-11-25",
    "price" : 1465.50,
    "dma50" : 1296.73,
    "dma100" : 1109.35,
    "dma200" : 1030.92,
    "volume" : 37531.00
  }, {
    "date" : "2025-11-26",
    "price" : 1471.60,
    "dma50" : 1303.59,
    "dma100" : 1114.82,
    "dma200" : 1035.30,
    "volume" : 10178.00
  }, {
    "date" : "2025-11-27",
    "price" : 1427.30,
    "dma50" : 1308.44,
    "dma100" : 1120.02,
    "dma200" : 1039.20,
    "volume" : 11464.00
  }, {
    "date" : "2025-11-28",
    "price" : 1466.20,
    "dma50" : 1314.63,
    "dma100" : 1125.79,
    "dma200" : 1043.45,
    "volume" : 123965.00
  }, {
    "date" : "2025-12-01",
    "price" : 1456.00,
    "dma50" : 1320.17,
    "dma100" : 1131.39,
    "dma200" : 1047.55,
    "volume" : 20057.00
  }, {
    "date" : "2025-12-02",
    "price" : 1491.40,
    "dma50" : 1326.89,
    "dma100" : 1137.52,
    "dma200" : 1051.97,
    "volume" : 43344.00
  }, {
    "date" : "2025-12-03",
    "price" : 1519.20,
    "dma50" : 1334.43,
    "dma100" : 1144.02,
    "dma200" : 1056.62,
    "volume" : 46270.00
  }, {
    "date" : "2025-12-04",
    "price" : 1506.90,
    "dma50" : 1341.19,
    "dma100" : 1150.43,
    "dma200" : 1061.10,
    "volume" : 43239.00
  }, {
    "date" : "2025-12-05",
    "price" : 1472.90,
    "dma50" : 1346.36,
    "dma100" : 1156.56,
    "dma200" : 1065.20,
    "volume" : 8303.00
  }, {
    "date" : "2025-12-08",
    "price" : 1500.00,
    "dma50" : 1352.38,
    "dma100" : 1162.95,
    "dma200" : 1069.52,
    "volume" : 47084.00
  }, {
    "date" : "2025-12-09",
    "price" : 1501.80,
    "dma50" : 1358.24,
    "dma100" : 1169.37,
    "dma200" : 1073.83,
    "volume" : 17780.00
  }, {
    "date" : "2025-12-10",
    "price" : 1505.20,
    "dma50" : 1364.00,
    "dma100" : 1175.79,
    "dma200" : 1078.12,
    "volume" : 72581.00
  }, {
    "date" : "2025-12-11",
    "price" : 1521.00,
    "dma50" : 1370.16,
    "dma100" : 1182.20,
    "dma200" : 1082.52,
    "volume" : 12425.00
  }, {
    "date" : "2025-12-12",
    "price" : 1527.30,
    "dma50" : 1376.32,
    "dma100" : 1188.49,
    "dma200" : 1086.95,
    "volume" : 15070.00
  }, {
    "date" : "2025-12-15",
    "price" : 1508.60,
    "dma50" : 1381.51,
    "dma100" : 1194.42,
    "dma200" : 1091.15,
    "volume" : 10152.00
  }, {
    "date" : "2025-12-16",
    "price" : 1501.20,
    "dma50" : 1386.20,
    "dma100" : 1200.45,
    "dma200" : 1095.23,
    "volume" : 7303.00
  }, {
    "date" : "2025-12-17",
    "price" : 1500.80,
    "dma50" : 1390.70,
    "dma100" : 1206.67,
    "dma200" : 1099.26,
    "volume" : 11847.00
  }, {
    "date" : "2025-12-18",
    "price" : 1515.50,
    "dma50" : 1395.59,
    "dma100" : 1213.20,
    "dma200" : 1103.40,
    "volume" : 10509.00
  }, {
    "date" : "2025-12-19",
    "price" : 1503.80,
    "dma50" : 1399.84,
    "dma100" : 1219.62,
    "dma200" : 1107.39,
    "volume" : 5693.00
  }, {
    "date" : "2025-12-22",
    "price" : 1505.60,
    "dma50" : 1403.98,
    "dma100" : 1226.06,
    "dma200" : 1111.35,
    "volume" : 6870.00
  }, {
    "date" : "2025-12-23",
    "price" : 1500.30,
    "dma50" : 1407.76,
    "dma100" : 1232.56,
    "dma200" : 1115.22,
    "volume" : 4106.00
  }, {
    "date" : "2025-12-24",
    "price" : 1500.40,
    "dma50" : 1411.39,
    "dma100" : 1238.67,
    "dma200" : 1119.05,
    "volume" : 8939.00
  }, {
    "date" : "2025-12-26",
    "price" : 1501.20,
    "dma50" : 1414.92,
    "dma100" : 1245.04,
    "dma200" : 1122.85,
    "volume" : 5988.00
  }, {
    "date" : "2025-12-29",
    "price" : 1501.50,
    "dma50" : 1418.31,
    "dma100" : 1251.45,
    "dma200" : 1126.62,
    "volume" : 4859.00
  }, {
    "date" : "2025-12-30",
    "price" : 1506.20,
    "dma50" : 1421.76,
    "dma100" : 1258.04,
    "dma200" : 1130.40,
    "volume" : 5162.00
  }, {
    "date" : "2025-12-31",
    "price" : 1500.70,
    "dma50" : 1424.85,
    "dma100" : 1264.61,
    "dma200" : 1134.08,
    "volume" : 3376.00
  }, {
    "date" : "2026-01-01",
    "price" : 1500.70,
    "dma50" : 1427.83,
    "dma100" : 1271.12,
    "dma200" : 1137.73,
    "volume" : 3083.00
  }, {
    "date" : "2026-01-02",
    "price" : 1501.30,
    "dma50" : 1430.71,
    "dma100" : 1277.90,
    "dma200" : 1141.35,
    "volume" : 5680.00
  }, {
    "date" : "2026-01-05",
    "price" : 1391.20,
    "dma50" : 1429.16,
    "dma100" : 1283.44,
    "dma200" : 1143.84,
    "volume" : 22595.00
  }, {
    "date" : "2026-01-06",
    "price" : 1343.50,
    "dma50" : 1425.80,
    "dma100" : 1288.62,
    "dma200" : 1145.82,
    "volume" : 7522.00
  }, {
    "date" : "2026-01-07",
    "price" : 1304.50,
    "dma50" : 1421.04,
    "dma100" : 1293.47,
    "dma200" : 1147.40,
    "volume" : 12872.00
  }, {
    "date" : "2026-01-08",
    "price" : 1539.30,
    "dma50" : 1425.68,
    "dma100" : 1300.60,
    "dma200" : 1151.30,
    "volume" : 974723.00
  }, {
    "date" : "2026-01-09",
    "price" : 1440.90,
    "dma50" : 1426.28,
    "dma100" : 1306.62,
    "dma200" : 1154.18,
    "volume" : 411073.00
  } ],
  "latestTechnicalAttributes" : {
    "date" : "2026-01-09",
    "price" : 1440.90,
    "dma50" : 1426.28,
    "dma100" : 1306.62,
    "dma200" : 1154.18,
    "volume" : 411073.00
  },
  "quarterlyResults" : [ {
    "date" : "2005-03-31",
    "sales" : 127.52,
    "salesGrowthYoY" : null,
    "grossProfitMargin" : 27.60,
    "grossProfit" : 35.20,
    "operatingProfitMargin" : 13.10,
    "operatingProfit" : 16.71,
    "netProfitMargin" : 9.43,
    "netProfit" : 12.03
  }, {
    "date" : "2005-06-30",
    "sales" : 110.23,
    "salesGrowthYoY" : null,
    "grossProfitMargin" : 28.79,
    "grossProfit" : 31.74,
    "operatingProfitMargin" : 12.65,
    "operatingProfit" : 13.94,
    "netProfitMargin" : 11.24,
    "netProfit" : 12.39
  }, {
    "date" : "2005-09-30",
    "sales" : 85.88,
    "salesGrowthYoY" : null,
    "grossProfitMargin" : 26.44,
    "grossProfit" : 22.71,
    "operatingProfitMargin" : 6.97,
    "operatingProfit" : 5.99,
    "netProfitMargin" : 3.80,
    "netProfit" : 3.26
  }, {
    "date" : "2005-12-31",
    "sales" : 92.44,
    "salesGrowthYoY" : null,
    "grossProfitMargin" : 22.63,
    "grossProfit" : 20.92,
    "operatingProfitMargin" : 3.91,
    "operatingProfit" : 3.61,
    "netProfitMargin" : 1.56,
    "netProfit" : 1.44
  }, {
    "date" : "2006-03-31",
    "sales" : 92.56,
    "salesGrowthYoY" : -27.42,
    "grossProfitMargin" : 21.11,
    "grossProfit" : 19.54,
    "operatingProfitMargin" : 3.93,
    "operatingProfit" : 3.64,
    "netProfitMargin" : 2.42,
    "netProfit" : 2.24
  }, {
    "date" : "2006-06-30",
    "sales" : 91.46,
    "salesGrowthYoY" : -17.03,
    "grossProfitMargin" : 26.07,
    "grossProfit" : 23.84,
    "operatingProfitMargin" : 11.23,
    "operatingProfit" : 10.27,
    "netProfitMargin" : 9.51,
    "netProfit" : 8.70
  }, {
    "date" : "2006-09-30",
    "sales" : 77.99,
    "salesGrowthYoY" : -9.19,
    "grossProfitMargin" : 25.75,
    "grossProfit" : 20.08,
    "operatingProfitMargin" : 9.32,
    "operatingProfit" : 7.27,
    "netProfitMargin" : 7.36,
    "netProfit" : 5.74
  }, {
    "date" : "2006-12-31",
    "sales" : 80.91,
    "salesGrowthYoY" : -12.47,
    "grossProfitMargin" : 24.25,
    "grossProfit" : 19.62,
    "operatingProfitMargin" : 7.17,
    "operatingProfit" : 5.80,
    "netProfitMargin" : 4.45,
    "netProfit" : 3.60
  }, {
    "date" : "2007-03-31",
    "sales" : 110.32,
    "salesGrowthYoY" : 19.19,
    "grossProfitMargin" : 26.64,
    "grossProfit" : 29.39,
    "operatingProfitMargin" : 11.92,
    "operatingProfit" : 13.15,
    "netProfitMargin" : 8.66,
    "netProfit" : 9.55
  }, {
    "date" : "2007-06-30",
    "sales" : 98.26,
    "salesGrowthYoY" : 7.43,
    "grossProfitMargin" : 30.28,
    "grossProfit" : 29.75,
    "operatingProfitMargin" : 16.21,
    "operatingProfit" : 15.93,
    "netProfitMargin" : 13.04,
    "netProfit" : 12.81
  }, {
    "date" : "2007-09-30",
    "sales" : 81.91,
    "salesGrowthYoY" : 5.03,
    "grossProfitMargin" : 30.69,
    "grossProfit" : 25.14,
    "operatingProfitMargin" : 18.36,
    "operatingProfit" : 15.04,
    "netProfitMargin" : 14.83,
    "netProfit" : 12.15
  }, {
    "date" : "2007-12-31",
    "sales" : 86.58,
    "salesGrowthYoY" : 7.01,
    "grossProfitMargin" : 28.54,
    "grossProfit" : 24.71,
    "operatingProfitMargin" : 16.35,
    "operatingProfit" : 14.16,
    "netProfitMargin" : 12.12,
    "netProfit" : 10.49
  }, {
    "date" : "2008-03-31",
    "sales" : 94.54,
    "salesGrowthYoY" : -14.30,
    "grossProfitMargin" : 28.18,
    "grossProfit" : 26.64,
    "operatingProfitMargin" : 15.12,
    "operatingProfit" : 14.29,
    "netProfitMargin" : 11.23,
    "netProfit" : 10.62
  }, {
    "date" : "2008-06-30",
    "sales" : 99.34,
    "salesGrowthYoY" : 1.10,
    "grossProfitMargin" : 26.23,
    "grossProfit" : 26.06,
    "operatingProfitMargin" : 13.05,
    "operatingProfit" : 12.96,
    "netProfitMargin" : 13.97,
    "netProfit" : 13.88
  }, {
    "date" : "2008-09-30",
    "sales" : 83.95,
    "salesGrowthYoY" : 2.49,
    "grossProfitMargin" : 25.79,
    "grossProfit" : 21.65,
    "operatingProfitMargin" : 12.60,
    "operatingProfit" : 10.58,
    "netProfitMargin" : 7.85,
    "netProfit" : 6.59
  }, {
    "date" : "2008-12-31",
    "sales" : 85.52,
    "salesGrowthYoY" : -1.22,
    "grossProfitMargin" : 19.45,
    "grossProfit" : 16.63,
    "operatingProfitMargin" : 6.47,
    "operatingProfit" : 5.53,
    "netProfitMargin" : 8.19,
    "netProfit" : 7.00
  }, {
    "date" : "2009-03-31",
    "sales" : 101.31,
    "salesGrowthYoY" : 7.16,
    "grossProfitMargin" : 14.68,
    "grossProfit" : 14.87,
    "operatingProfitMargin" : 3.55,
    "operatingProfit" : 3.60,
    "netProfitMargin" : 1.56,
    "netProfit" : 1.58
  }, {
    "date" : "2009-06-30",
    "sales" : 92.12,
    "salesGrowthYoY" : -7.27,
    "grossProfitMargin" : 17.77,
    "grossProfit" : 16.37,
    "operatingProfitMargin" : 7.21,
    "operatingProfit" : 6.64,
    "netProfitMargin" : 4.68,
    "netProfit" : 4.31
  }, {
    "date" : "2009-09-30",
    "sales" : 86.01,
    "salesGrowthYoY" : 2.45,
    "grossProfitMargin" : 19.65,
    "grossProfit" : 16.90,
    "operatingProfitMargin" : 4.60,
    "operatingProfit" : 3.96,
    "netProfitMargin" : 5.88,
    "netProfit" : 5.06
  }, {
    "date" : "2009-12-31",
    "sales" : 91.74,
    "salesGrowthYoY" : 7.27,
    "grossProfitMargin" : 17.43,
    "grossProfit" : 15.99,
    "operatingProfitMargin" : 2.14,
    "operatingProfit" : 1.96,
    "netProfitMargin" : 1.44,
    "netProfit" : 1.32
  }, {
    "date" : "2010-03-31",
    "sales" : 109.73,
    "salesGrowthYoY" : 8.31,
    "grossProfitMargin" : 18.24,
    "grossProfit" : 20.01,
    "operatingProfitMargin" : 5.19,
    "operatingProfit" : 5.69,
    "netProfitMargin" : 3.72,
    "netProfit" : 4.08
  }, {
    "date" : "2010-06-30",
    "sales" : 95.72,
    "salesGrowthYoY" : 3.91,
    "grossProfitMargin" : 20.33,
    "grossProfit" : 19.46,
    "operatingProfitMargin" : 5.01,
    "operatingProfit" : 4.80,
    "netProfitMargin" : 3.12,
    "netProfit" : 2.99
  }, {
    "date" : "2010-09-30",
    "sales" : 100.25,
    "salesGrowthYoY" : 16.56,
    "grossProfitMargin" : 16.89,
    "grossProfit" : 16.93,
    "operatingProfitMargin" : 3.00,
    "operatingProfit" : 3.01,
    "netProfitMargin" : 2.49,
    "netProfit" : 2.50
  }, {
    "date" : "2010-12-31",
    "sales" : 95.63,
    "salesGrowthYoY" : 4.24,
    "grossProfitMargin" : 18.36,
    "grossProfit" : 17.56,
    "operatingProfitMargin" : 5.52,
    "operatingProfit" : 5.28,
    "netProfitMargin" : 4.14,
    "netProfit" : 3.96
  }, {
    "date" : "2011-03-31",
    "sales" : 108.27,
    "salesGrowthYoY" : -1.33,
    "grossProfitMargin" : 19.91,
    "grossProfit" : 21.56,
    "operatingProfitMargin" : 10.85,
    "operatingProfit" : 11.75,
    "netProfitMargin" : 7.07,
    "netProfit" : 7.65
  }, {
    "date" : "2011-06-30",
    "sales" : 108.51,
    "salesGrowthYoY" : 13.36,
    "grossProfitMargin" : 24.62,
    "grossProfit" : 26.72,
    "operatingProfitMargin" : 13.88,
    "operatingProfit" : 15.06,
    "netProfitMargin" : 10.43,
    "netProfit" : 11.32
  }, {
    "date" : "2011-09-30",
    "sales" : 86.12,
    "salesGrowthYoY" : -14.09,
    "grossProfitMargin" : 21.41,
    "grossProfit" : 18.44,
    "operatingProfitMargin" : 9.21,
    "operatingProfit" : 7.93,
    "netProfitMargin" : 6.60,
    "netProfit" : 5.68
  }, {
    "date" : "2011-12-31",
    "sales" : 101.50,
    "salesGrowthYoY" : 6.14,
    "grossProfitMargin" : 17.10,
    "grossProfit" : 17.36,
    "operatingProfitMargin" : 5.13,
    "operatingProfit" : 5.21,
    "netProfitMargin" : 2.49,
    "netProfit" : 2.53
  }, {
    "date" : "2012-03-31",
    "sales" : 107.23,
    "salesGrowthYoY" : -0.96,
    "grossProfitMargin" : 12.10,
    "grossProfit" : 12.97,
    "operatingProfitMargin" : -1.59,
    "operatingProfit" : -1.70,
    "netProfitMargin" : -3.41,
    "netProfit" : -3.66
  }, {
    "date" : "2012-06-30",
    "sales" : 131.23,
    "salesGrowthYoY" : 20.94,
    "grossProfitMargin" : 12.07,
    "grossProfit" : 15.84,
    "operatingProfitMargin" : 1.68,
    "operatingProfit" : 2.20,
    "netProfitMargin" : 0.75,
    "netProfit" : 0.98
  }, {
    "date" : "2012-09-30",
    "sales" : 126.25,
    "salesGrowthYoY" : 46.60,
    "grossProfitMargin" : 11.75,
    "grossProfit" : 14.83,
    "operatingProfitMargin" : 2.00,
    "operatingProfit" : 2.52,
    "netProfitMargin" : 0.26,
    "netProfit" : 0.33
  }, {
    "date" : "2012-12-31",
    "sales" : 118.70,
    "salesGrowthYoY" : 16.95,
    "grossProfitMargin" : 15.50,
    "grossProfit" : 18.40,
    "operatingProfitMargin" : 5.67,
    "operatingProfit" : 6.73,
    "netProfitMargin" : 3.52,
    "netProfit" : 4.18
  }, {
    "date" : "2013-03-31",
    "sales" : 93.80,
    "salesGrowthYoY" : -12.52,
    "grossProfitMargin" : 11.50,
    "grossProfit" : 10.79,
    "operatingProfitMargin" : 0.51,
    "operatingProfit" : 0.48,
    "netProfitMargin" : -2.33,
    "netProfit" : -2.19
  }, {
    "date" : "2013-06-30",
    "sales" : 89.38,
    "salesGrowthYoY" : -31.89,
    "grossProfitMargin" : 14.35,
    "grossProfit" : 12.83,
    "operatingProfitMargin" : -5.05,
    "operatingProfit" : -4.51,
    "netProfitMargin" : -6.81,
    "netProfit" : -6.09
  }, {
    "date" : "2013-09-30",
    "sales" : 92.26,
    "salesGrowthYoY" : -26.92,
    "grossProfitMargin" : 15.35,
    "grossProfit" : 14.16,
    "operatingProfitMargin" : -14.76,
    "operatingProfit" : -13.62,
    "netProfitMargin" : -13.43,
    "netProfit" : -12.39
  }, {
    "date" : "2013-12-31",
    "sales" : 84.13,
    "salesGrowthYoY" : -29.12,
    "grossProfitMargin" : 18.03,
    "grossProfit" : 15.17,
    "operatingProfitMargin" : -7.22,
    "operatingProfit" : -6.07,
    "netProfitMargin" : -9.07,
    "netProfit" : -7.63
  }, {
    "date" : "2014-03-31",
    "sales" : 88.22,
    "salesGrowthYoY" : -5.95,
    "grossProfitMargin" : 19.25,
    "grossProfit" : 16.98,
    "operatingProfitMargin" : -2.61,
    "operatingProfit" : -2.30,
    "netProfitMargin" : 4.21,
    "netProfit" : 3.71
  }, {
    "date" : "2014-06-30",
    "sales" : 83.56,
    "salesGrowthYoY" : -6.51,
    "grossProfitMargin" : 23.68,
    "grossProfit" : 19.79,
    "operatingProfitMargin" : 0.42,
    "operatingProfit" : 0.35,
    "netProfitMargin" : 0.35,
    "netProfit" : 0.29
  }, {
    "date" : "2014-09-30",
    "sales" : 80.76,
    "salesGrowthYoY" : -12.46,
    "grossProfitMargin" : 25.26,
    "grossProfit" : 20.40,
    "operatingProfitMargin" : 1.61,
    "operatingProfit" : 1.30,
    "netProfitMargin" : 0.20,
    "netProfit" : 0.16
  }, {
    "date" : "2014-12-31",
    "sales" : 61.36,
    "salesGrowthYoY" : -27.07,
    "grossProfitMargin" : 21.54,
    "grossProfit" : 13.22,
    "operatingProfitMargin" : 0.46,
    "operatingProfit" : 0.28,
    "netProfitMargin" : -1.71,
    "netProfit" : -1.05
  }, {
    "date" : "2015-03-31",
    "sales" : 0.00,
    "salesGrowthYoY" : -100.00,
    "grossProfitMargin" : 0.00,
    "grossProfit" : 0.00,
    "operatingProfitMargin" : 0.00,
    "operatingProfit" : 0.00,
    "netProfitMargin" : 0.00,
    "netProfit" : 0.00
  }, {
    "date" : "2015-06-30",
    "sales" : 0.00,
    "salesGrowthYoY" : -100.00,
    "grossProfitMargin" : 0.00,
    "grossProfit" : 0.00,
    "operatingProfitMargin" : 0.00,
    "operatingProfit" : 0.00,
    "netProfitMargin" : 0.00,
    "netProfit" : 0.00
  }, {
    "date" : "2015-09-30",
    "sales" : 0.00,
    "salesGrowthYoY" : -100.00,
    "grossProfitMargin" : 0.00,
    "grossProfit" : 0.00,
    "operatingProfitMargin" : 0.00,
    "operatingProfit" : 0.00,
    "netProfitMargin" : 0.00,
    "netProfit" : 0.00
  }, {
    "date" : "2015-12-31",
    "sales" : 0.00,
    "salesGrowthYoY" : -100.00,
    "grossProfitMargin" : 0.00,
    "grossProfit" : 0.00,
    "operatingProfitMargin" : 0.00,
    "operatingProfit" : 0.00,
    "netProfitMargin" : 0.00,
    "netProfit" : 0.00
  }, {
    "date" : "2016-03-31",
    "sales" : 0.00,
    "salesGrowthYoY" : 0.00,
    "grossProfitMargin" : 0.00,
    "grossProfit" : 0.00,
    "operatingProfitMargin" : 0.00,
    "operatingProfit" : 0.00,
    "netProfitMargin" : 0.00,
    "netProfit" : 0.00
  }, {
    "date" : "2016-06-30",
    "sales" : 0.00,
    "salesGrowthYoY" : 0.00,
    "grossProfitMargin" : 0.00,
    "grossProfit" : 0.00,
    "operatingProfitMargin" : 0.00,
    "operatingProfit" : 0.00,
    "netProfitMargin" : 0.00,
    "netProfit" : 0.00
  }, {
    "date" : "2016-09-30",
    "sales" : 0.00,
    "salesGrowthYoY" : 0.00,
    "grossProfitMargin" : 0.00,
    "grossProfit" : 0.00,
    "operatingProfitMargin" : 0.00,
    "operatingProfit" : 0.00,
    "netProfitMargin" : 0.00,
    "netProfit" : 0.00
  }, {
    "date" : "2016-12-31",
    "sales" : 0.00,
    "salesGrowthYoY" : 0.00,
    "grossProfitMargin" : 0.00,
    "grossProfit" : 0.00,
    "operatingProfitMargin" : 0.00,
    "operatingProfit" : 0.00,
    "netProfitMargin" : 0.00,
    "netProfit" : 0.00
  }, {
    "date" : "2017-03-31",
    "sales" : 0.00,
    "salesGrowthYoY" : 0.00,
    "grossProfitMargin" : 0.00,
    "grossProfit" : 0.00,
    "operatingProfitMargin" : 0.00,
    "operatingProfit" : 0.00,
    "netProfitMargin" : 0.00,
    "netProfit" : 0.00
  }, {
    "date" : "2017-06-30",
    "sales" : 0.00,
    "salesGrowthYoY" : 0.00,
    "grossProfitMargin" : 0.00,
    "grossProfit" : 0.00,
    "operatingProfitMargin" : 0.00,
    "operatingProfit" : 0.00,
    "netProfitMargin" : 0.00,
    "netProfit" : 0.00
  }, {
    "date" : "2017-09-30",
    "sales" : 0.00,
    "salesGrowthYoY" : 0.00,
    "grossProfitMargin" : 0.00,
    "grossProfit" : 0.00,
    "operatingProfitMargin" : 0.00,
    "operatingProfit" : 0.00,
    "netProfitMargin" : 0.00,
    "netProfit" : 0.00
  }, {
    "date" : "2017-12-31",
    "sales" : 0.00,
    "salesGrowthYoY" : 0.00,
    "grossProfitMargin" : 0.00,
    "grossProfit" : 0.00,
    "operatingProfitMargin" : 0.00,
    "operatingProfit" : 0.00,
    "netProfitMargin" : 0.00,
    "netProfit" : 0.00
  }, {
    "date" : "2018-03-31",
    "sales" : 0.00,
    "salesGrowthYoY" : 0.00,
    "grossProfitMargin" : 0.00,
    "grossProfit" : 0.00,
    "operatingProfitMargin" : 0.00,
    "operatingProfit" : 0.00,
    "netProfitMargin" : 0.00,
    "netProfit" : 0.00
  }, {
    "date" : "2018-06-30",
    "sales" : 0.00,
    "salesGrowthYoY" : 0.00,
    "grossProfitMargin" : 0.00,
    "grossProfit" : 0.00,
    "operatingProfitMargin" : 0.00,
    "operatingProfit" : 0.00,
    "netProfitMargin" : 0.00,
    "netProfit" : 0.00
  }, {
    "date" : "2018-09-30",
    "sales" : 0.00,
    "salesGrowthYoY" : 0.00,
    "grossProfitMargin" : 0.00,
    "grossProfit" : 0.00,
    "operatingProfitMargin" : 0.00,
    "operatingProfit" : 0.00,
    "netProfitMargin" : 0.00,
    "netProfit" : 0.00
  }, {
    "date" : "2018-12-31",
    "sales" : 0.00,
    "salesGrowthYoY" : 0.00,
    "grossProfitMargin" : 0.00,
    "grossProfit" : 0.00,
    "operatingProfitMargin" : 0.00,
    "operatingProfit" : 0.00,
    "netProfitMargin" : 0.00,
    "netProfit" : 0.00
  }, {
    "date" : "2019-03-31",
    "sales" : 0.07,
    "salesGrowthYoY" : 100.00,
    "grossProfitMargin" : 100.00,
    "grossProfit" : 0.07,
    "operatingProfitMargin" : -128.57,
    "operatingProfit" : -0.09,
    "netProfitMargin" : -1014.29,
    "netProfit" : -0.71
  }, {
    "date" : "2019-06-30",
    "sales" : 0.00,
    "salesGrowthYoY" : 0.00,
    "grossProfitMargin" : 0.00,
    "grossProfit" : 0.00,
    "operatingProfitMargin" : 0.00,
    "operatingProfit" : 0.00,
    "netProfitMargin" : 0.00,
    "netProfit" : 0.00
  }, {
    "date" : "2019-09-30",
    "sales" : 0.07,
    "salesGrowthYoY" : 100.00,
    "grossProfitMargin" : 100.00,
    "grossProfit" : 0.07,
    "operatingProfitMargin" : -114.29,
    "operatingProfit" : -0.08,
    "netProfitMargin" : -1442.86,
    "netProfit" : -1.01
  }, {
    "date" : "2019-12-31",
    "sales" : 0.07,
    "salesGrowthYoY" : 100.00,
    "grossProfitMargin" : 100.00,
    "grossProfit" : 0.07,
    "operatingProfitMargin" : -14.29,
    "operatingProfit" : -0.01,
    "netProfitMargin" : -1228.57,
    "netProfit" : -0.86
  }, {
    "date" : "2020-03-31",
    "sales" : -0.10,
    "salesGrowthYoY" : -242.86,
    "grossProfitMargin" : 0.00,
    "grossProfit" : -0.00,
    "operatingProfitMargin" : 0.00,
    "operatingProfit" : -0.00,
    "netProfitMargin" : 0.00,
    "netProfit" : -0.00
  }, {
    "date" : "2020-06-30",
    "sales" : 0.04,
    "salesGrowthYoY" : 100.00,
    "grossProfitMargin" : 100.00,
    "grossProfit" : 0.04,
    "operatingProfitMargin" : -275.00,
    "operatingProfit" : -0.11,
    "netProfitMargin" : -2750.00,
    "netProfit" : -1.10
  }, {
    "date" : "2020-09-30",
    "sales" : 0.03,
    "salesGrowthYoY" : -57.14,
    "grossProfitMargin" : 100.00,
    "grossProfit" : 0.03,
    "operatingProfitMargin" : -133.33,
    "operatingProfit" : -0.04,
    "netProfitMargin" : -3100.00,
    "netProfit" : -0.93
  }, {
    "date" : "2020-12-31",
    "sales" : 0.05,
    "salesGrowthYoY" : -28.57,
    "grossProfitMargin" : 100.00,
    "grossProfit" : 0.05,
    "operatingProfitMargin" : -60.00,
    "operatingProfit" : -0.03,
    "netProfitMargin" : -1880.00,
    "netProfit" : -0.94
  }, {
    "date" : "2021-03-31",
    "sales" : 0.10,
    "salesGrowthYoY" : -200.00,
    "grossProfitMargin" : 100.00,
    "grossProfit" : 0.10,
    "operatingProfitMargin" : -10.00,
    "operatingProfit" : -0.01,
    "netProfitMargin" : -1450.00,
    "netProfit" : -1.45
  }, {
    "date" : "2021-06-30",
    "sales" : 0.04,
    "salesGrowthYoY" : 0.00,
    "grossProfitMargin" : 100.00,
    "grossProfit" : 0.04,
    "operatingProfitMargin" : -300.00,
    "operatingProfit" : -0.12,
    "netProfitMargin" : -2700.00,
    "netProfit" : -1.08
  }, {
    "date" : "2021-09-30",
    "sales" : 0.04,
    "salesGrowthYoY" : 33.33,
    "grossProfitMargin" : 100.00,
    "grossProfit" : 0.04,
    "operatingProfitMargin" : -200.00,
    "operatingProfit" : -0.08,
    "netProfitMargin" : -2550.00,
    "netProfit" : -1.02
  }, {
    "date" : "2021-12-31",
    "sales" : 0.02,
    "salesGrowthYoY" : -60.00,
    "grossProfitMargin" : 100.00,
    "grossProfit" : 0.02,
    "operatingProfitMargin" : -550.00,
    "operatingProfit" : -0.11,
    "netProfitMargin" : -5200.00,
    "netProfit" : -1.04
  }, {
    "date" : "2022-03-31",
    "sales" : 0.01,
    "salesGrowthYoY" : -90.00,
    "grossProfitMargin" : 100.00,
    "grossProfit" : 0.01,
    "operatingProfitMargin" : -500.00,
    "operatingProfit" : -0.05,
    "netProfitMargin" : -9400.00,
    "netProfit" : -0.94
  }, {
    "date" : "2022-06-30",
    "sales" : 0.01,
    "salesGrowthYoY" : -75.00,
    "grossProfitMargin" : 100.00,
    "grossProfit" : 0.01,
    "operatingProfitMargin" : -1600.00,
    "operatingProfit" : -0.16,
    "netProfitMargin" : -13400.00,
    "netProfit" : -1.34
  }, {
    "date" : "2022-09-30",
    "sales" : 0.04,
    "salesGrowthYoY" : 0.00,
    "grossProfitMargin" : 100.00,
    "grossProfit" : 0.04,
    "operatingProfitMargin" : -200.00,
    "operatingProfit" : -0.08,
    "netProfitMargin" : -2800.00,
    "netProfit" : -1.12
  }, {
    "date" : "2022-12-31",
    "sales" : 0.03,
    "salesGrowthYoY" : 50.00,
    "grossProfitMargin" : 100.00,
    "grossProfit" : 0.03,
    "operatingProfitMargin" : -266.67,
    "operatingProfit" : -0.08,
    "netProfitMargin" : -3766.67,
    "netProfit" : -1.13
  }, {
    "date" : "2023-03-31",
    "sales" : 161.32,
    "salesGrowthYoY" : 1613100.00,
    "grossProfitMargin" : 100.00,
    "grossProfit" : 161.32,
    "operatingProfitMargin" : 99.93,
    "operatingProfit" : 161.21,
    "netProfitMargin" : 99.14,
    "netProfit" : 159.93
  }, {
    "date" : "2023-06-30",
    "sales" : 0.45,
    "salesGrowthYoY" : 4400.00,
    "grossProfitMargin" : 100.00,
    "grossProfit" : 0.45,
    "operatingProfitMargin" : 73.33,
    "operatingProfit" : 0.33,
    "netProfitMargin" : -6.67,
    "netProfit" : -0.03
  }, {
    "date" : "2023-09-30",
    "sales" : 0.45,
    "salesGrowthYoY" : 1025.00,
    "grossProfitMargin" : 100.00,
    "grossProfit" : 0.45,
    "operatingProfitMargin" : 68.89,
    "operatingProfit" : 0.31,
    "netProfitMargin" : -15.56,
    "netProfit" : -0.07
  }, {
    "date" : "2023-12-31",
    "sales" : 0.43,
    "salesGrowthYoY" : 1333.33,
    "grossProfitMargin" : 100.00,
    "grossProfit" : 0.43,
    "operatingProfitMargin" : 79.07,
    "operatingProfit" : 0.34,
    "netProfitMargin" : -9.30,
    "netProfit" : -0.04
  }, {
    "date" : "2024-03-31",
    "sales" : 18.98,
    "salesGrowthYoY" : -88.23,
    "grossProfitMargin" : 100.00,
    "grossProfit" : 18.98,
    "operatingProfitMargin" : 99.53,
    "operatingProfit" : 18.89,
    "netProfitMargin" : 81.56,
    "netProfit" : 15.48
  }, {
    "date" : "2024-06-30",
    "sales" : 0.63,
    "salesGrowthYoY" : 40.00,
    "grossProfitMargin" : 100.00,
    "grossProfit" : 0.63,
    "operatingProfitMargin" : 84.13,
    "operatingProfit" : 0.53,
    "netProfitMargin" : -112.70,
    "netProfit" : -0.71
  }, {
    "date" : "2024-09-30",
    "sales" : 0.81,
    "salesGrowthYoY" : 80.00,
    "grossProfitMargin" : 100.00,
    "grossProfit" : 0.81,
    "operatingProfitMargin" : 90.12,
    "operatingProfit" : 0.73,
    "netProfitMargin" : -66.67,
    "netProfit" : -0.54
  }, {
    "date" : "2024-12-31",
    "sales" : 0.48,
    "salesGrowthYoY" : 11.63,
    "grossProfitMargin" : 100.00,
    "grossProfit" : 0.48,
    "operatingProfitMargin" : 72.92,
    "operatingProfit" : 0.35,
    "netProfitMargin" : -185.42,
    "netProfit" : -0.89
  }, {
    "date" : "2025-03-31",
    "sales" : 0.54,
    "salesGrowthYoY" : -97.15,
    "grossProfitMargin" : 100.00,
    "grossProfit" : 0.54,
    "operatingProfitMargin" : 83.33,
    "operatingProfit" : 0.45,
    "netProfitMargin" : -111.11,
    "netProfit" : -0.60
  }, {
    "date" : "2025-06-30",
    "sales" : 0.54,
    "salesGrowthYoY" : -14.29,
    "grossProfitMargin" : 100.00,
    "grossProfit" : 0.54,
    "operatingProfitMargin" : 83.33,
    "operatingProfit" : 0.45,
    "netProfitMargin" : -177.78,
    "netProfit" : -0.96
  }, {
    "date" : "2025-09-30",
    "sales" : 10.94,
    "salesGrowthYoY" : 1250.62,
    "grossProfitMargin" : 100.00,
    "grossProfit" : 10.94,
    "operatingProfitMargin" : 98.81,
    "operatingProfit" : 10.81,
    "netProfitMargin" : 62.07,
    "netProfit" : 6.79
  } ],
  "latestQuarterlyResult" : {
    "date" : "2025-09-30",
    "sales" : 10.94,
    "salesGrowthYoY" : 1250.62,
    "grossProfitMargin" : 100.00,
    "grossProfit" : 10.94,
    "operatingProfitMargin" : 98.81,
    "operatingProfit" : 10.81,
    "netProfitMargin" : 62.07,
    "netProfit" : 6.79
  },
  "companyScore" : {
    "priceHigherThanDma50" : 5.00,
    "priceHigherThanDma100" : 5.00,
    "priceHigherThanDma200" : 5.00,
    "dma50HigherThanDma100" : 5.00,
    "dma50HigherThanDma200" : 5.00,
    "dma100HigherThanDma200" : 5.00,
    "pricePercentageAboveDma50" : 4.95,
    "pricePercentageAboveDma100" : 4.49,
    "pricePercentageAboveDma200" : 3.76,
    "weeklyVolumeHigherThanYearlyVolume" : 5.00,
    "salesGrowthPercentile" : 19.24,
    "operatingProfitMarginPercentile" : 19.99,
    "netProfitMarginPercentile" : 9.97,
    "totalTechnicalScore" : 48.19,
    "totalFundamentalScore" : 49.20,
    "totalScore" : 97.39
  }
}