{
  "metadata" : {
    "screenerCompanyId" : "1576",
    "companyCode" : "JISLJALEQS",
    "companyName" : "Jain Irrigation",
    "screenerCompanyLink" : "https://www.screener.in/company/JISLJALEQS/consolidated/",
    "screenerTechnicalHistoryLink" : "https://www.screener.in/api/company/1576/chart/?q=Price-DMA50-DMA200-Volume&days=365",
    "screenerQuarterlyResultsLink" : "https://www.screener.in/api/company/1576/chart/?q=GPM-OPM-NPM-Quarter+Sales&days=10000",
    "attributes" : {
      "companyCode" : "JISLJALEQS",
      "companyName" : "Jain Irrigation",
      "marketCap" : 2692.00,
      "peRatio" : 45.50,
      "description" : "Jain Irrigation Systems Limited is engaged in providing solutions in agriculture, piping and infrastructure through manufacturing of Micro Irrigation Systems, PVC Pipes, HDPE Pipes, Plastic Sheets, Agro Processed Products, Renewable Energy Solutions, Tissue Culture Plants, Financial Services and other agricultural inputs. [1]"
    },
    "companyScore" : {
      "priceHigherThanDma50" : 0.00,
      "priceHigherThanDma100" : 0.00,
      "priceHigherThanDma200" : 0.00,
      "dma50HigherThanDma100" : 0.00,
      "dma50HigherThanDma200" : 0.00,
      "dma100HigherThanDma200" : 0.00,
      "pricePercentageAboveDma50" : 5.38,
      "pricePercentageAboveDma100" : 5.94,
      "pricePercentageAboveDma200" : 6.22,
      "weeklyVolumeHigherThanYearlyVolume" : 0.00,
      "salesGrowthPercentile" : 12.02,
      "operatingProfitMarginPercentile" : 17.14,
      "netProfitMarginPercentile" : 7.92,
      "totalTechnicalScore" : 17.55,
      "totalFundamentalScore" : 37.08,
      "totalScore" : 54.64
    }
  },
  "attributes" : {
    "companyCode" : "JISLJALEQS",
    "companyName" : "Jain Irrigation",
    "marketCap" : 2692.00,
    "peRatio" : 45.50,
    "description" : "Jain Irrigation Systems Limited is engaged in providing solutions in agriculture, piping and infrastructure through manufacturing of Micro Irrigation Systems, PVC Pipes, HDPE Pipes, Plastic Sheets, Agro Processed Products, Renewable Energy Solutions, Tissue Culture Plants, Financial Services and other agricultural inputs. [1]"
  },
  "technicalHistory" : [ {
    "date" : "2025-02-04",
    "price" : 69.22,
    "dma50" : 71.43,
    "dma100" : null,
    "dma200" : 67.71,
    "volume" : 2578673.00
  }, {
    "date" : "2025-02-05",
    "price" : 71.32,
    "dma50" : 71.43,
    "dma100" : null,
    "dma200" : 67.75,
    "volume" : 3473955.00
  }, {
    "date" : "2025-02-06",
    "price" : 70.34,
    "dma50" : 71.38,
    "dma100" : null,
    "dma200" : 67.77,
    "volume" : 1726044.00
  }, {
    "date" : "2025-02-07",
    "price" : 69.12,
    "dma50" : 71.30,
    "dma100" : null,
    "dma200" : 67.79,
    "volume" : 1880101.00
  }, {
    "date" : "2025-02-10",
    "price" : 68.31,
    "dma50" : 71.18,
    "dma100" : null,
    "dma200" : 67.79,
    "volume" : 2115869.00
  }, {
    "date" : "2025-02-11",
    "price" : 65.12,
    "dma50" : 70.94,
    "dma100" : null,
    "dma200" : 67.76,
    "volume" : 4271371.00
  }, {
    "date" : "2025-02-12",
    "price" : 65.42,
    "dma50" : 70.72,
    "dma100" : null,
    "dma200" : 67.74,
    "volume" : 5184101.00
  }, {
    "date" : "2025-02-13",
    "price" : 64.34,
    "dma50" : 70.47,
    "dma100" : null,
    "dma200" : 67.71,
    "volume" : 2039735.00
  }, {
    "date" : "2025-02-14",
    "price" : 61.27,
    "dma50" : 70.11,
    "dma100" : null,
    "dma200" : 67.64,
    "volume" : 4809661.00
  }, {
    "date" : "2025-02-17",
    "price" : 60.93,
    "dma50" : 69.75,
    "dma100" : null,
    "dma200" : 67.58,
    "volume" : 3636476.00
  }, {
    "date" : "2025-02-18",
    "price" : 61.40,
    "dma50" : 69.43,
    "dma100" : null,
    "dma200" : 67.52,
    "volume" : 4436560.00
  }, {
    "date" : "2025-02-19",
    "price" : 63.96,
    "dma50" : 69.21,
    "dma100" : null,
    "dma200" : 67.48,
    "volume" : 4264913.00
  }, {
    "date" : "2025-02-20",
    "price" : 63.20,
    "dma50" : 68.98,
    "dma100" : null,
    "dma200" : 67.44,
    "volume" : 1852254.00
  }, {
    "date" : "2025-02-21",
    "price" : 61.21,
    "dma50" : 68.67,
    "dma100" : null,
    "dma200" : 67.38,
    "volume" : 2519779.00
  }, {
    "date" : "2025-02-24",
    "price" : 61.10,
    "dma50" : 68.37,
    "dma100" : null,
    "dma200" : 67.31,
    "volume" : 2611892.00
  }, {
    "date" : "2025-02-25",
    "price" : 59.77,
    "dma50" : 68.04,
    "dma100" : null,
    "dma200" : 67.24,
    "volume" : 1667924.00
  }, {
    "date" : "2025-02-27",
    "price" : 57.82,
    "dma50" : 67.64,
    "dma100" : null,
    "dma200" : 67.14,
    "volume" : 3037100.00
  }, {
    "date" : "2025-02-28",
    "price" : 55.23,
    "dma50" : 67.15,
    "dma100" : null,
    "dma200" : 67.03,
    "volume" : 4633509.00
  }, {
    "date" : "2025-03-03",
    "price" : 54.66,
    "dma50" : 66.66,
    "dma100" : null,
    "dma200" : 66.90,
    "volume" : 3949829.00
  }, {
    "date" : "2025-03-04",
    "price" : 55.88,
    "dma50" : 66.24,
    "dma100" : null,
    "dma200" : 66.79,
    "volume" : 3410623.00
  }, {
    "date" : "2025-03-05",
    "price" : 58.43,
    "dma50" : 65.93,
    "dma100" : null,
    "dma200" : 66.71,
    "volume" : 3324973.00
  }, {
    "date" : "2025-03-06",
    "price" : 62.56,
    "dma50" : 65.80,
    "dma100" : null,
    "dma200" : 66.67,
    "volume" : 5527430.00
  }, {
    "date" : "2025-03-07",
    "price" : 61.84,
    "dma50" : 65.64,
    "dma100" : null,
    "dma200" : 66.62,
    "volume" : 2784223.00
  }, {
    "date" : "2025-03-10",
    "price" : 58.62,
    "dma50" : 65.37,
    "dma100" : null,
    "dma200" : 66.54,
    "volume" : 3153334.00
  }, {
    "date" : "2025-03-11",
    "price" : 57.17,
    "dma50" : 65.05,
    "dma100" : null,
    "dma200" : 66.45,
    "volume" : 7178144.00
  }, {
    "date" : "2025-03-12",
    "price" : 56.35,
    "dma50" : 64.71,
    "dma100" : null,
    "dma200" : 66.35,
    "volume" : 3702131.00
  }, {
    "date" : "2025-03-13",
    "price" : 55.90,
    "dma50" : 64.36,
    "dma100" : null,
    "dma200" : 66.24,
    "volume" : 3052857.00
  }, {
    "date" : "2025-03-17",
    "price" : 56.11,
    "dma50" : 64.04,
    "dma100" : null,
    "dma200" : 66.14,
    "volume" : 3355161.00
  }, {
    "date" : "2025-03-18",
    "price" : 57.76,
    "dma50" : 63.79,
    "dma100" : null,
    "dma200" : 66.06,
    "volume" : 3071403.00
  }, {
    "date" : "2025-03-19",
    "price" : 59.40,
    "dma50" : 63.62,
    "dma100" : null,
    "dma200" : 65.99,
    "volume" : 3057169.00
  }, {
    "date" : "2025-03-20",
    "price" : 59.52,
    "dma50" : 63.46,
    "dma100" : null,
    "dma200" : 65.93,
    "volume" : 3841154.00
  }, {
    "date" : "2025-03-21",
    "price" : 60.80,
    "dma50" : 63.35,
    "dma100" : null,
    "dma200" : 65.88,
    "volume" : 4113745.00
  }, {
    "date" : "2025-03-24",
    "price" : 60.49,
    "dma50" : 63.24,
    "dma100" : null,
    "dma200" : 65.82,
    "volume" : 2897111.00
  }, {
    "date" : "2025-03-25",
    "price" : 57.31,
    "dma50" : 63.01,
    "dma100" : null,
    "dma200" : 65.74,
    "volume" : 4311396.00
  }, {
    "date" : "2025-03-26",
    "price" : 56.96,
    "dma50" : 62.77,
    "dma100" : null,
    "dma200" : 65.65,
    "volume" : 5858102.00
  }, {
    "date" : "2025-03-27",
    "price" : 59.00,
    "dma50" : 62.62,
    "dma100" : null,
    "dma200" : 65.59,
    "volume" : 10920869.00
  }, {
    "date" : "2025-03-28",
    "price" : 57.40,
    "dma50" : 62.42,
    "dma100" : null,
    "dma200" : 65.50,
    "volume" : 4092904.00
  }, {
    "date" : "2025-04-01",
    "price" : 57.97,
    "dma50" : 62.24,
    "dma100" : null,
    "dma200" : 65.43,
    "volume" : 2961131.00
  }, {
    "date" : "2025-04-02",
    "price" : 56.91,
    "dma50" : 62.03,
    "dma100" : null,
    "dma200" : 65.34,
    "volume" : 5307587.00
  }, {
    "date" : "2025-04-03",
    "price" : 58.76,
    "dma50" : 61.91,
    "dma100" : null,
    "dma200" : 65.28,
    "volume" : 5881473.00
  }, {
    "date" : "2025-04-04",
    "price" : 56.09,
    "dma50" : 61.68,
    "dma100" : null,
    "dma200" : 65.19,
    "volume" : 5810586.00
  }, {
    "date" : "2025-04-07",
    "price" : 52.22,
    "dma50" : 61.31,
    "dma100" : null,
    "dma200" : 65.06,
    "volume" : 6153255.00
  }, {
    "date" : "2025-04-08",
    "price" : 53.66,
    "dma50" : 61.01,
    "dma100" : null,
    "dma200" : 64.94,
    "volume" : 2453498.00
  }, {
    "date" : "2025-04-09",
    "price" : 52.69,
    "dma50" : 60.68,
    "dma100" : null,
    "dma200" : 64.82,
    "volume" : 2085207.00
  }, {
    "date" : "2025-04-11",
    "price" : 52.25,
    "dma50" : 60.35,
    "dma100" : null,
    "dma200" : 64.70,
    "volume" : 2808310.00
  }, {
    "date" : "2025-04-15",
    "price" : 54.35,
    "dma50" : 60.12,
    "dma100" : null,
    "dma200" : 64.59,
    "volume" : 5694231.00
  }, {
    "date" : "2025-04-16",
    "price" : 54.18,
    "dma50" : 59.88,
    "dma100" : null,
    "dma200" : 64.49,
    "volume" : 3225166.00
  }, {
    "date" : "2025-04-17",
    "price" : 55.38,
    "dma50" : 59.71,
    "dma100" : null,
    "dma200" : 64.40,
    "volume" : 4814110.00
  }, {
    "date" : "2025-04-21",
    "price" : 56.24,
    "dma50" : 59.57,
    "dma100" : null,
    "dma200" : 64.32,
    "volume" : 4081591.00
  }, {
    "date" : "2025-04-22",
    "price" : 56.02,
    "dma50" : 59.43,
    "dma100" : null,
    "dma200" : 64.24,
    "volume" : 2800215.00
  }, {
    "date" : "2025-04-23",
    "price" : 56.50,
    "dma50" : 59.32,
    "dma100" : null,
    "dma200" : 64.16,
    "volume" : 2803974.00
  }, {
    "date" : "2025-04-24",
    "price" : 58.20,
    "dma50" : 59.27,
    "dma100" : null,
    "dma200" : 64.10,
    "volume" : 5454456.00
  }, {
    "date" : "2025-04-25",
    "price" : 54.51,
    "dma50" : 59.09,
    "dma100" : null,
    "dma200" : 64.01,
    "volume" : 6004470.00
  }, {
    "date" : "2025-04-28",
    "price" : 53.99,
    "dma50" : 58.89,
    "dma100" : null,
    "dma200" : 63.91,
    "volume" : 2405883.00
  }, {
    "date" : "2025-04-29",
    "price" : 53.30,
    "dma50" : 58.67,
    "dma100" : null,
    "dma200" : 63.80,
    "volume" : 1561218.00
  }, {
    "date" : "2025-04-30",
    "price" : 52.50,
    "dma50" : 58.42,
    "dma100" : null,
    "dma200" : 63.69,
    "volume" : 2302586.00
  }, {
    "date" : "2025-05-02",
    "price" : 50.27,
    "dma50" : 58.11,
    "dma100" : null,
    "dma200" : 63.55,
    "volume" : 4557333.00
  }, {
    "date" : "2025-05-05",
    "price" : 52.40,
    "dma50" : 57.88,
    "dma100" : null,
    "dma200" : 63.44,
    "volume" : 3733127.00
  }, {
    "date" : "2025-05-06",
    "price" : 50.20,
    "dma50" : 57.58,
    "dma100" : null,
    "dma200" : 63.31,
    "volume" : 2541932.00
  }, {
    "date" : "2025-05-07",
    "price" : 49.59,
    "dma50" : 57.27,
    "dma100" : null,
    "dma200" : 63.17,
    "volume" : 4770049.00
  }, {
    "date" : "2025-05-08",
    "price" : 48.29,
    "dma50" : 56.91,
    "dma100" : null,
    "dma200" : 63.03,
    "volume" : 3301097.00
  }, {
    "date" : "2025-05-09",
    "price" : 49.06,
    "dma50" : 56.61,
    "dma100" : null,
    "dma200" : 62.89,
    "volume" : 2105258.00
  }, {
    "date" : "2025-05-12",
    "price" : 53.14,
    "dma50" : 56.47,
    "dma100" : null,
    "dma200" : 62.79,
    "volume" : 3453189.00
  }, {
    "date" : "2025-05-13",
    "price" : 56.63,
    "dma50" : 56.48,
    "dma100" : null,
    "dma200" : 62.73,
    "volume" : 13511765.00
  }, {
    "date" : "2025-05-14",
    "price" : 56.33,
    "dma50" : 56.47,
    "dma100" : null,
    "dma200" : 62.67,
    "volume" : 10050596.00
  }, {
    "date" : "2025-05-15",
    "price" : 55.97,
    "dma50" : 56.45,
    "dma100" : null,
    "dma200" : 62.60,
    "volume" : 3225890.00
  }, {
    "date" : "2025-05-16",
    "price" : 57.06,
    "dma50" : 56.48,
    "dma100" : null,
    "dma200" : 62.54,
    "volume" : 4060019.00
  }, {
    "date" : "2025-05-19",
    "price" : 58.23,
    "dma50" : 56.54,
    "dma100" : null,
    "dma200" : 62.50,
    "volume" : 13437985.00
  }, {
    "date" : "2025-05-20",
    "price" : 56.96,
    "dma50" : 56.56,
    "dma100" : null,
    "dma200" : 62.45,
    "volume" : 3620156.00
  }, {
    "date" : "2025-05-21",
    "price" : 57.00,
    "dma50" : 56.58,
    "dma100" : null,
    "dma200" : 62.39,
    "volume" : 3851068.00
  }, {
    "date" : "2025-05-22",
    "price" : 56.31,
    "dma50" : 56.57,
    "dma100" : null,
    "dma200" : 62.33,
    "volume" : 2764184.00
  }, {
    "date" : "2025-05-23",
    "price" : 56.87,
    "dma50" : 56.58,
    "dma100" : null,
    "dma200" : 62.28,
    "volume" : 3241613.00
  }, {
    "date" : "2025-05-26",
    "price" : 57.36,
    "dma50" : 56.61,
    "dma100" : null,
    "dma200" : 62.23,
    "volume" : 2344556.00
  }, {
    "date" : "2025-05-27",
    "price" : 57.27,
    "dma50" : 56.64,
    "dma100" : null,
    "dma200" : 62.18,
    "volume" : 1835817.00
  }, {
    "date" : "2025-05-28",
    "price" : 57.79,
    "dma50" : 56.68,
    "dma100" : null,
    "dma200" : 62.13,
    "volume" : 3654253.00
  }, {
    "date" : "2025-05-29",
    "price" : 57.62,
    "dma50" : 56.72,
    "dma100" : null,
    "dma200" : 62.09,
    "volume" : 3347787.00
  }, {
    "date" : "2025-05-30",
    "price" : 57.12,
    "dma50" : 56.73,
    "dma100" : null,
    "dma200" : 62.04,
    "volume" : 2633204.00
  }, {
    "date" : "2025-06-02",
    "price" : 56.16,
    "dma50" : 56.71,
    "dma100" : null,
    "dma200" : 61.98,
    "volume" : 3990375.00
  }, {
    "date" : "2025-06-03",
    "price" : 59.82,
    "dma50" : 56.83,
    "dma100" : null,
    "dma200" : 61.96,
    "volume" : 13828733.00
  }, {
    "date" : "2025-06-04",
    "price" : 61.79,
    "dma50" : 57.03,
    "dma100" : null,
    "dma200" : 61.96,
    "volume" : 13020304.00
  }, {
    "date" : "2025-06-05",
    "price" : 62.20,
    "dma50" : 57.23,
    "dma100" : null,
    "dma200" : 61.96,
    "volume" : 11510075.00
  }, {
    "date" : "2025-06-06",
    "price" : 61.70,
    "dma50" : 57.41,
    "dma100" : null,
    "dma200" : 61.96,
    "volume" : 8883039.00
  }, {
    "date" : "2025-06-09",
    "price" : 64.53,
    "dma50" : 57.68,
    "dma100" : null,
    "dma200" : 61.98,
    "volume" : 14500744.00
  }, {
    "date" : "2025-06-10",
    "price" : 64.91,
    "dma50" : 57.97,
    "dma100" : null,
    "dma200" : 62.01,
    "volume" : 11939731.00
  }, {
    "date" : "2025-06-11",
    "price" : 63.84,
    "dma50" : 58.20,
    "dma100" : null,
    "dma200" : 62.03,
    "volume" : 13631353.00
  }, {
    "date" : "2025-06-12",
    "price" : 64.08,
    "dma50" : 58.43,
    "dma100" : null,
    "dma200" : 62.05,
    "volume" : 9097880.00
  }, {
    "date" : "2025-06-13",
    "price" : 63.97,
    "dma50" : 58.65,
    "dma100" : null,
    "dma200" : 62.07,
    "volume" : 6226850.00
  }, {
    "date" : "2025-06-16",
    "price" : 63.95,
    "dma50" : 58.85,
    "dma100" : null,
    "dma200" : 62.09,
    "volume" : 4860538.00
  }, {
    "date" : "2025-06-17",
    "price" : 62.48,
    "dma50" : 59.00,
    "dma100" : null,
    "dma200" : 62.09,
    "volume" : 3099571.00
  }, {
    "date" : "2025-06-18",
    "price" : 62.12,
    "dma50" : 59.12,
    "dma100" : null,
    "dma200" : 62.09,
    "volume" : 4770460.00
  }, {
    "date" : "2025-06-19",
    "price" : 60.31,
    "dma50" : 59.17,
    "dma100" : null,
    "dma200" : 62.08,
    "volume" : 6894364.00
  }, {
    "date" : "2025-06-20",
    "price" : 58.52,
    "dma50" : 59.14,
    "dma100" : null,
    "dma200" : 62.04,
    "volume" : 5215847.00
  }, {
    "date" : "2025-06-23",
    "price" : 57.60,
    "dma50" : 59.08,
    "dma100" : null,
    "dma200" : 62.00,
    "volume" : 3512967.00
  }, {
    "date" : "2025-06-24",
    "price" : 58.57,
    "dma50" : 59.06,
    "dma100" : null,
    "dma200" : 61.96,
    "volume" : 4115478.00
  }, {
    "date" : "2025-06-25",
    "price" : 59.39,
    "dma50" : 59.07,
    "dma100" : null,
    "dma200" : 61.94,
    "volume" : 4422195.00
  }, {
    "date" : "2025-06-26",
    "price" : 57.77,
    "dma50" : 59.02,
    "dma100" : null,
    "dma200" : 61.90,
    "volume" : 6538551.00
  }, {
    "date" : "2025-06-27",
    "price" : 58.71,
    "dma50" : 59.01,
    "dma100" : null,
    "dma200" : 61.86,
    "volume" : 4278351.00
  }, {
    "date" : "2025-06-30",
    "price" : 57.97,
    "dma50" : 58.97,
    "dma100" : null,
    "dma200" : 61.82,
    "volume" : 2698895.00
  }, {
    "date" : "2025-07-01",
    "price" : 57.92,
    "dma50" : 58.93,
    "dma100" : null,
    "dma200" : 61.79,
    "volume" : 2741863.00
  }, {
    "date" : "2025-07-02",
    "price" : 57.90,
    "dma50" : 58.89,
    "dma100" : null,
    "dma200" : 61.75,
    "volume" : 2918046.00
  }, {
    "date" : "2025-07-03",
    "price" : 57.46,
    "dma50" : 58.83,
    "dma100" : 58.37,
    "dma200" : 61.70,
    "volume" : 4892226.00
  }, {
    "date" : "2025-07-04",
    "price" : 57.44,
    "dma50" : 58.78,
    "dma100" : 58.23,
    "dma200" : 61.66,
    "volume" : 2831492.00
  }, {
    "date" : "2025-07-07",
    "price" : 56.39,
    "dma50" : 58.68,
    "dma100" : 58.09,
    "dma200" : 61.61,
    "volume" : 2772070.00
  }, {
    "date" : "2025-07-08",
    "price" : 56.09,
    "dma50" : 58.58,
    "dma100" : 57.96,
    "dma200" : 61.55,
    "volume" : 2456211.00
  }, {
    "date" : "2025-07-09",
    "price" : 56.80,
    "dma50" : 58.51,
    "dma100" : 57.85,
    "dma200" : 61.51,
    "volume" : 2554583.00
  }, {
    "date" : "2025-07-10",
    "price" : 56.41,
    "dma50" : 58.43,
    "dma100" : 57.76,
    "dma200" : 61.46,
    "volume" : 1408938.00
  }, {
    "date" : "2025-07-11",
    "price" : 54.80,
    "dma50" : 58.29,
    "dma100" : 57.65,
    "dma200" : 61.39,
    "volume" : 3263815.00
  }, {
    "date" : "2025-07-14",
    "price" : 53.94,
    "dma50" : 58.12,
    "dma100" : 57.55,
    "dma200" : 61.32,
    "volume" : 2421909.00
  }, {
    "date" : "2025-07-15",
    "price" : 55.03,
    "dma50" : 58.00,
    "dma100" : 57.49,
    "dma200" : 61.25,
    "volume" : 4121982.00
  }, {
    "date" : "2025-07-16",
    "price" : 54.86,
    "dma50" : 57.87,
    "dma100" : 57.42,
    "dma200" : 61.19,
    "volume" : 1710311.00
  }, {
    "date" : "2025-07-17",
    "price" : 54.60,
    "dma50" : 57.74,
    "dma100" : 57.36,
    "dma200" : 61.12,
    "volume" : 1163538.00
  }, {
    "date" : "2025-07-18",
    "price" : 53.69,
    "dma50" : 57.59,
    "dma100" : 57.25,
    "dma200" : 61.05,
    "volume" : 2336514.00
  }, {
    "date" : "2025-07-21",
    "price" : 53.31,
    "dma50" : 57.42,
    "dma100" : 57.16,
    "dma200" : 60.97,
    "volume" : 1832689.00
  }, {
    "date" : "2025-07-22",
    "price" : 52.86,
    "dma50" : 57.24,
    "dma100" : 57.07,
    "dma200" : 60.89,
    "volume" : 1994015.00
  }, {
    "date" : "2025-07-23",
    "price" : 53.09,
    "dma50" : 57.08,
    "dma100" : 56.99,
    "dma200" : 60.82,
    "volume" : 2456639.00
  }, {
    "date" : "2025-07-24",
    "price" : 52.14,
    "dma50" : 56.88,
    "dma100" : 56.92,
    "dma200" : 60.73,
    "volume" : 4145299.00
  }, {
    "date" : "2025-07-25",
    "price" : 52.36,
    "dma50" : 56.71,
    "dma100" : 56.86,
    "dma200" : 60.65,
    "volume" : 2321588.00
  }, {
    "date" : "2025-07-28",
    "price" : 52.17,
    "dma50" : 56.53,
    "dma100" : 56.83,
    "dma200" : 60.56,
    "volume" : 3926134.00
  }, {
    "date" : "2025-07-29",
    "price" : 51.94,
    "dma50" : 56.35,
    "dma100" : 56.80,
    "dma200" : 60.48,
    "volume" : 2107681.00
  }, {
    "date" : "2025-07-30",
    "price" : 51.36,
    "dma50" : 56.15,
    "dma100" : 56.76,
    "dma200" : 60.38,
    "volume" : 1297062.00
  }, {
    "date" : "2025-07-31",
    "price" : 51.20,
    "dma50" : 55.96,
    "dma100" : 56.69,
    "dma200" : 60.29,
    "volume" : 2807392.00
  }, {
    "date" : "2025-08-01",
    "price" : 50.23,
    "dma50" : 55.73,
    "dma100" : 56.56,
    "dma200" : 60.19,
    "volume" : 1479630.00
  }, {
    "date" : "2025-08-04",
    "price" : 49.95,
    "dma50" : 55.51,
    "dma100" : 56.44,
    "dma200" : 60.09,
    "volume" : 1934022.00
  }, {
    "date" : "2025-08-05",
    "price" : 49.56,
    "dma50" : 55.27,
    "dma100" : 56.35,
    "dma200" : 59.99,
    "volume" : 1301406.00
  }, {
    "date" : "2025-08-06",
    "price" : 47.90,
    "dma50" : 54.98,
    "dma100" : 56.26,
    "dma200" : 59.87,
    "volume" : 4439445.00
  }, {
    "date" : "2025-08-07",
    "price" : 46.86,
    "dma50" : 54.67,
    "dma100" : 56.16,
    "dma200" : 59.74,
    "volume" : 5639168.00
  }, {
    "date" : "2025-08-08",
    "price" : 46.00,
    "dma50" : 54.33,
    "dma100" : 56.07,
    "dma200" : 59.60,
    "volume" : 2240966.00
  }, {
    "date" : "2025-08-11",
    "price" : 46.65,
    "dma50" : 54.02,
    "dma100" : 55.97,
    "dma200" : 59.47,
    "volume" : 2122664.00
  }, {
    "date" : "2025-08-12",
    "price" : 46.39,
    "dma50" : 53.73,
    "dma100" : 55.86,
    "dma200" : 59.34,
    "volume" : 1107597.00
  }, {
    "date" : "2025-08-13",
    "price" : 52.73,
    "dma50" : 53.69,
    "dma100" : 55.79,
    "dma200" : 59.28,
    "volume" : 34795858.00
  }, {
    "date" : "2025-08-14",
    "price" : 48.98,
    "dma50" : 53.50,
    "dma100" : 55.69,
    "dma200" : 59.17,
    "volume" : 6737592.00
  }, {
    "date" : "2025-08-18",
    "price" : 48.02,
    "dma50" : 53.29,
    "dma100" : 55.56,
    "dma200" : 59.06,
    "volume" : 3640950.00
  }, {
    "date" : "2025-08-19",
    "price" : 51.05,
    "dma50" : 53.20,
    "dma100" : 55.46,
    "dma200" : 58.98,
    "volume" : 5793051.00
  }, {
    "date" : "2025-08-20",
    "price" : 52.25,
    "dma50" : 53.16,
    "dma100" : 55.41,
    "dma200" : 58.92,
    "volume" : 14899275.00
  }, {
    "date" : "2025-08-21",
    "price" : 51.14,
    "dma50" : 53.08,
    "dma100" : 55.35,
    "dma200" : 58.84,
    "volume" : 2929264.00
  }, {
    "date" : "2025-08-22",
    "price" : 49.64,
    "dma50" : 52.95,
    "dma100" : 55.26,
    "dma200" : 58.75,
    "volume" : 5952947.00
  }, {
    "date" : "2025-08-25",
    "price" : 48.35,
    "dma50" : 52.77,
    "dma100" : 55.17,
    "dma200" : 58.64,
    "volume" : 6318517.00
  }, {
    "date" : "2025-08-26",
    "price" : 47.36,
    "dma50" : 52.56,
    "dma100" : 55.06,
    "dma200" : 58.53,
    "volume" : 11434730.00
  }, {
    "date" : "2025-08-28",
    "price" : 48.55,
    "dma50" : 52.40,
    "dma100" : 54.98,
    "dma200" : 58.43,
    "volume" : 4578198.00
  }, {
    "date" : "2025-08-29",
    "price" : 49.65,
    "dma50" : 52.29,
    "dma100" : 54.89,
    "dma200" : 58.34,
    "volume" : 11384315.00
  }, {
    "date" : "2025-09-01",
    "price" : 51.73,
    "dma50" : 52.27,
    "dma100" : 54.85,
    "dma200" : 58.28,
    "volume" : 7610395.00
  }, {
    "date" : "2025-09-02",
    "price" : 53.05,
    "dma50" : 52.30,
    "dma100" : 54.85,
    "dma200" : 58.23,
    "volume" : 7369739.00
  }, {
    "date" : "2025-09-03",
    "price" : 56.90,
    "dma50" : 52.48,
    "dma100" : 54.89,
    "dma200" : 58.21,
    "volume" : 23627766.00
  }, {
    "date" : "2025-09-04",
    "price" : 55.12,
    "dma50" : 52.58,
    "dma100" : 54.91,
    "dma200" : 58.18,
    "volume" : 8526426.00
  }, {
    "date" : "2025-09-05",
    "price" : 53.72,
    "dma50" : 52.63,
    "dma100" : 54.93,
    "dma200" : 58.14,
    "volume" : 3413924.00
  }, {
    "date" : "2025-09-08",
    "price" : 53.26,
    "dma50" : 52.65,
    "dma100" : 54.91,
    "dma200" : 58.09,
    "volume" : 2223626.00
  }, {
    "date" : "2025-09-09",
    "price" : 52.50,
    "dma50" : 52.65,
    "dma100" : 54.90,
    "dma200" : 58.03,
    "volume" : 2270530.00
  }, {
    "date" : "2025-09-10",
    "price" : 51.83,
    "dma50" : 52.61,
    "dma100" : 54.86,
    "dma200" : 57.97,
    "volume" : 2908346.00
  }, {
    "date" : "2025-09-11",
    "price" : 56.83,
    "dma50" : 52.78,
    "dma100" : 54.87,
    "dma200" : 57.96,
    "volume" : 31851000.00
  }, {
    "date" : "2025-09-12",
    "price" : 57.29,
    "dma50" : 52.96,
    "dma100" : 54.88,
    "dma200" : 57.95,
    "volume" : 12993676.00
  }, {
    "date" : "2025-09-15",
    "price" : 56.90,
    "dma50" : 53.11,
    "dma100" : 54.89,
    "dma200" : 57.94,
    "volume" : 3266515.00
  }, {
    "date" : "2025-09-16",
    "price" : 56.58,
    "dma50" : 53.25,
    "dma100" : 54.87,
    "dma200" : 57.93,
    "volume" : 2798104.00
  }, {
    "date" : "2025-09-17",
    "price" : 57.09,
    "dma50" : 53.40,
    "dma100" : 54.89,
    "dma200" : 57.92,
    "volume" : 6499527.00
  }, {
    "date" : "2025-09-18",
    "price" : 56.57,
    "dma50" : 53.52,
    "dma100" : 54.92,
    "dma200" : 57.91,
    "volume" : 4957134.00
  }, {
    "date" : "2025-09-19",
    "price" : 56.93,
    "dma50" : 53.66,
    "dma100" : 54.96,
    "dma200" : 57.90,
    "volume" : 3407906.00
  }, {
    "date" : "2025-09-22",
    "price" : 55.99,
    "dma50" : 53.75,
    "dma100" : 54.99,
    "dma200" : 57.88,
    "volume" : 2712819.00
  }, {
    "date" : "2025-09-23",
    "price" : 56.21,
    "dma50" : 53.84,
    "dma100" : 55.05,
    "dma200" : 57.86,
    "volume" : 3378234.00
  }, {
    "date" : "2025-09-24",
    "price" : 53.96,
    "dma50" : 53.85,
    "dma100" : 55.07,
    "dma200" : 57.82,
    "volume" : 3702824.00
  }, {
    "date" : "2025-09-25",
    "price" : 53.97,
    "dma50" : 53.85,
    "dma100" : 55.10,
    "dma200" : 57.79,
    "volume" : 2218396.00
  }, {
    "date" : "2025-09-26",
    "price" : 52.06,
    "dma50" : 53.78,
    "dma100" : 55.13,
    "dma200" : 57.73,
    "volume" : 4581453.00
  }, {
    "date" : "2025-09-29",
    "price" : 51.73,
    "dma50" : 53.70,
    "dma100" : 55.16,
    "dma200" : 57.67,
    "volume" : 2419212.00
  }, {
    "date" : "2025-09-30",
    "price" : 52.55,
    "dma50" : 53.66,
    "dma100" : 55.20,
    "dma200" : 57.62,
    "volume" : 1874187.00
  }, {
    "date" : "2025-10-01",
    "price" : 52.06,
    "dma50" : 53.59,
    "dma100" : 55.19,
    "dma200" : 57.56,
    "volume" : 2520520.00
  }, {
    "date" : "2025-10-03",
    "price" : 53.27,
    "dma50" : 53.58,
    "dma100" : 55.15,
    "dma200" : 57.52,
    "volume" : 3135269.00
  }, {
    "date" : "2025-10-06",
    "price" : 52.56,
    "dma50" : 53.54,
    "dma100" : 55.12,
    "dma200" : 57.47,
    "volume" : 1260598.00
  }, {
    "date" : "2025-10-07",
    "price" : 51.83,
    "dma50" : 53.47,
    "dma100" : 55.07,
    "dma200" : 57.41,
    "volume" : 1536812.00
  }, {
    "date" : "2025-10-08",
    "price" : 50.93,
    "dma50" : 53.37,
    "dma100" : 55.01,
    "dma200" : 57.35,
    "volume" : 2089944.00
  }, {
    "date" : "2025-10-09",
    "price" : 50.53,
    "dma50" : 53.26,
    "dma100" : 54.94,
    "dma200" : 57.28,
    "volume" : 2136811.00
  }, {
    "date" : "2025-10-10",
    "price" : 50.94,
    "dma50" : 53.17,
    "dma100" : 54.88,
    "dma200" : 57.22,
    "volume" : 3230306.00
  }, {
    "date" : "2025-10-13",
    "price" : 50.34,
    "dma50" : 53.06,
    "dma100" : 54.81,
    "dma200" : 57.15,
    "volume" : 2039203.00
  }, {
    "date" : "2025-10-14",
    "price" : 48.65,
    "dma50" : 52.89,
    "dma100" : 54.73,
    "dma200" : 57.07,
    "volume" : 3509125.00
  }, {
    "date" : "2025-10-15",
    "price" : 49.36,
    "dma50" : 52.75,
    "dma100" : 54.66,
    "dma200" : 56.99,
    "volume" : 1275608.00
  }, {
    "date" : "2025-10-16",
    "price" : 49.82,
    "dma50" : 52.63,
    "dma100" : 54.58,
    "dma200" : 56.92,
    "volume" : 1118490.00
  }, {
    "date" : "2025-10-17",
    "price" : 50.87,
    "dma50" : 52.57,
    "dma100" : 54.52,
    "dma200" : 56.86,
    "volume" : 3774113.00
  }, {
    "date" : "2025-10-20",
    "price" : 50.34,
    "dma50" : 52.48,
    "dma100" : 54.44,
    "dma200" : 56.79,
    "volume" : 1109648.00
  }, {
    "date" : "2025-10-21",
    "price" : 50.79,
    "dma50" : 52.41,
    "dma100" : 54.38,
    "dma200" : 56.73,
    "volume" : 374544.00
  }, {
    "date" : "2025-10-23",
    "price" : 50.32,
    "dma50" : 52.33,
    "dma100" : 54.31,
    "dma200" : 56.67,
    "volume" : 1109070.00
  }, {
    "date" : "2025-10-24",
    "price" : 49.51,
    "dma50" : 52.22,
    "dma100" : 54.24,
    "dma200" : 56.60,
    "volume" : 1394812.00
  }, {
    "date" : "2025-10-27",
    "price" : 49.22,
    "dma50" : 52.10,
    "dma100" : 54.14,
    "dma200" : 56.52,
    "volume" : 913553.00
  }, {
    "date" : "2025-10-28",
    "price" : 49.18,
    "dma50" : 51.99,
    "dma100" : 54.01,
    "dma200" : 56.45,
    "volume" : 948133.00
  }, {
    "date" : "2025-10-29",
    "price" : 51.93,
    "dma50" : 51.99,
    "dma100" : 53.91,
    "dma200" : 56.41,
    "volume" : 6431113.00
  }, {
    "date" : "2025-10-30",
    "price" : 52.86,
    "dma50" : 52.02,
    "dma100" : 53.82,
    "dma200" : 56.37,
    "volume" : 11360605.00
  }, {
    "date" : "2025-10-31",
    "price" : 51.48,
    "dma50" : 52.00,
    "dma100" : 53.69,
    "dma200" : 56.32,
    "volume" : 3100768.00
  }, {
    "date" : "2025-11-03",
    "price" : 51.08,
    "dma50" : 51.96,
    "dma100" : 53.55,
    "dma200" : 56.27,
    "volume" : 1063723.00
  }, {
    "date" : "2025-11-04",
    "price" : 49.84,
    "dma50" : 51.88,
    "dma100" : 53.41,
    "dma200" : 56.21,
    "volume" : 1302721.00
  }, {
    "date" : "2025-11-06",
    "price" : 48.67,
    "dma50" : 51.75,
    "dma100" : 53.26,
    "dma200" : 56.13,
    "volume" : 1411904.00
  }, {
    "date" : "2025-11-07",
    "price" : 49.23,
    "dma50" : 51.65,
    "dma100" : 53.11,
    "dma200" : 56.06,
    "volume" : 1535984.00
  }, {
    "date" : "2025-11-10",
    "price" : 48.37,
    "dma50" : 51.53,
    "dma100" : 52.95,
    "dma200" : 55.99,
    "volume" : 1200181.00
  }, {
    "date" : "2025-11-11",
    "price" : 47.93,
    "dma50" : 51.38,
    "dma100" : 52.81,
    "dma200" : 55.91,
    "volume" : 1267921.00
  }, {
    "date" : "2025-11-12",
    "price" : 48.01,
    "dma50" : 51.25,
    "dma100" : 52.67,
    "dma200" : 55.83,
    "volume" : 2083290.00
  }, {
    "date" : "2025-11-13",
    "price" : 47.89,
    "dma50" : 51.12,
    "dma100" : 52.54,
    "dma200" : 55.75,
    "volume" : 1155373.00
  }, {
    "date" : "2025-11-14",
    "price" : 47.54,
    "dma50" : 50.98,
    "dma100" : 52.43,
    "dma200" : 55.67,
    "volume" : 2040078.00
  }, {
    "date" : "2025-11-17",
    "price" : 48.17,
    "dma50" : 50.87,
    "dma100" : 52.34,
    "dma200" : 55.59,
    "volume" : 1138616.00
  }, {
    "date" : "2025-11-18",
    "price" : 47.67,
    "dma50" : 50.74,
    "dma100" : 52.23,
    "dma200" : 55.51,
    "volume" : 1331596.00
  }, {
    "date" : "2025-11-19",
    "price" : 46.63,
    "dma50" : 50.58,
    "dma100" : 52.10,
    "dma200" : 55.43,
    "volume" : 1980751.00
  }, {
    "date" : "2025-11-20",
    "price" : 46.50,
    "dma50" : 50.42,
    "dma100" : 51.99,
    "dma200" : 55.34,
    "volume" : 1281617.00
  }, {
    "date" : "2025-11-21",
    "price" : 45.81,
    "dma50" : 50.24,
    "dma100" : 51.86,
    "dma200" : 55.24,
    "volume" : 1272884.00
  }, {
    "date" : "2025-11-24",
    "price" : 44.65,
    "dma50" : 50.02,
    "dma100" : 51.73,
    "dma200" : 55.14,
    "volume" : 1984672.00
  }, {
    "date" : "2025-11-25",
    "price" : 46.00,
    "dma50" : 49.86,
    "dma100" : 51.61,
    "dma200" : 55.05,
    "volume" : 3551146.00
  }, {
    "date" : "2025-11-26",
    "price" : 45.82,
    "dma50" : 49.71,
    "dma100" : 51.49,
    "dma200" : 54.95,
    "volume" : 1151447.00
  }, {
    "date" : "2025-11-27",
    "price" : 45.98,
    "dma50" : 49.56,
    "dma100" : 51.37,
    "dma200" : 54.86,
    "volume" : 1101442.00
  }, {
    "date" : "2025-11-28",
    "price" : 45.57,
    "dma50" : 49.40,
    "dma100" : 51.25,
    "dma200" : 54.77,
    "volume" : 1003079.00
  }, {
    "date" : "2025-12-01",
    "price" : 45.20,
    "dma50" : 49.24,
    "dma100" : 51.14,
    "dma200" : 54.68,
    "volume" : 1284848.00
  }, {
    "date" : "2025-12-02",
    "price" : 44.63,
    "dma50" : 49.06,
    "dma100" : 51.03,
    "dma200" : 54.58,
    "volume" : 1180044.00
  }, {
    "date" : "2025-12-03",
    "price" : 44.07,
    "dma50" : 48.86,
    "dma100" : 50.90,
    "dma200" : 54.47,
    "volume" : 1136701.00
  }, {
    "date" : "2025-12-04",
    "price" : 43.35,
    "dma50" : 48.65,
    "dma100" : 50.77,
    "dma200" : 54.36,
    "volume" : 1502027.00
  }, {
    "date" : "2025-12-05",
    "price" : 42.23,
    "dma50" : 48.39,
    "dma100" : 50.64,
    "dma200" : 54.24,
    "volume" : 2012049.00
  }, {
    "date" : "2025-12-08",
    "price" : 40.62,
    "dma50" : 48.09,
    "dma100" : 50.51,
    "dma200" : 54.11,
    "volume" : 3439236.00
  }, {
    "date" : "2025-12-09",
    "price" : 40.86,
    "dma50" : 47.81,
    "dma100" : 50.37,
    "dma200" : 53.97,
    "volume" : 7391465.00
  }, {
    "date" : "2025-12-10",
    "price" : 40.35,
    "dma50" : 47.51,
    "dma100" : 50.22,
    "dma200" : 53.84,
    "volume" : 2417987.00
  }, {
    "date" : "2025-12-11",
    "price" : 40.77,
    "dma50" : 47.25,
    "dma100" : 50.08,
    "dma200" : 53.71,
    "volume" : 1897236.00
  }, {
    "date" : "2025-12-12",
    "price" : 40.95,
    "dma50" : 47.00,
    "dma100" : 49.96,
    "dma200" : 53.58,
    "volume" : 1579388.00
  }, {
    "date" : "2025-12-15",
    "price" : 41.16,
    "dma50" : 46.77,
    "dma100" : 49.83,
    "dma200" : 53.46,
    "volume" : 2160882.00
  }, {
    "date" : "2025-12-16",
    "price" : 40.87,
    "dma50" : 46.54,
    "dma100" : 49.71,
    "dma200" : 53.33,
    "volume" : 1637422.00
  }, {
    "date" : "2025-12-17",
    "price" : 39.69,
    "dma50" : 46.27,
    "dma100" : 49.58,
    "dma200" : 53.20,
    "volume" : 1963829.00
  }, {
    "date" : "2025-12-18",
    "price" : 39.15,
    "dma50" : 45.99,
    "dma100" : 49.45,
    "dma200" : 53.06,
    "volume" : 1903701.00
  }, {
    "date" : "2025-12-19",
    "price" : 40.10,
    "dma50" : 45.76,
    "dma100" : 49.33,
    "dma200" : 52.93,
    "volume" : 1749568.00
  }, {
    "date" : "2025-12-22",
    "price" : 40.95,
    "dma50" : 45.57,
    "dma100" : 49.22,
    "dma200" : 52.81,
    "volume" : 1932821.00
  }, {
    "date" : "2025-12-23",
    "price" : 40.95,
    "dma50" : 45.39,
    "dma100" : 49.11,
    "dma200" : 52.69,
    "volume" : 1378869.00
  }, {
    "date" : "2025-12-24",
    "price" : 40.92,
    "dma50" : 45.22,
    "dma100" : 49.00,
    "dma200" : 52.57,
    "volume" : 4436768.00
  }, {
    "date" : "2025-12-26",
    "price" : 41.30,
    "dma50" : 45.06,
    "dma100" : 48.90,
    "dma200" : 52.46,
    "volume" : 3549329.00
  }, {
    "date" : "2025-12-29",
    "price" : 40.13,
    "dma50" : 44.87,
    "dma100" : 48.80,
    "dma200" : 52.34,
    "volume" : 1352954.00
  }, {
    "date" : "2025-12-30",
    "price" : 41.48,
    "dma50" : 44.74,
    "dma100" : 48.72,
    "dma200" : 52.23,
    "volume" : 2277470.00
  }, {
    "date" : "2025-12-31",
    "price" : 42.14,
    "dma50" : 44.64,
    "dma100" : 48.64,
    "dma200" : 52.13,
    "volume" : 2214150.00
  }, {
    "date" : "2026-01-01",
    "price" : 41.91,
    "dma50" : 44.53,
    "dma100" : 48.58,
    "dma200" : 52.03,
    "volume" : 779872.00
  }, {
    "date" : "2026-01-02",
    "price" : 41.82,
    "dma50" : 44.42,
    "dma100" : 48.53,
    "dma200" : 51.93,
    "volume" : 1788257.00
  }, {
    "date" : "2026-01-05",
    "price" : 41.07,
    "dma50" : 44.29,
    "dma100" : 48.48,
    "dma200" : 51.82,
    "volume" : 1466378.00
  }, {
    "date" : "2026-01-06",
    "price" : 40.40,
    "dma50" : 44.14,
    "dma100" : 48.42,
    "dma200" : 51.70,
    "volume" : 1112967.00
  }, {
    "date" : "2026-01-07",
    "price" : 40.48,
    "dma50" : 43.99,
    "dma100" : 48.36,
    "dma200" : 51.59,
    "volume" : 1137669.00
  }, {
    "date" : "2026-01-08",
    "price" : 39.02,
    "dma50" : 43.80,
    "dma100" : 48.22,
    "dma200" : 51.47,
    "volume" : 2473063.00
  }, {
    "date" : "2026-01-09",
    "price" : 38.58,
    "dma50" : 43.59,
    "dma100" : 48.12,
    "dma200" : 51.34,
    "volume" : 2813902.00
  }, {
    "date" : "2026-01-12",
    "price" : 37.90,
    "dma50" : 43.37,
    "dma100" : 48.02,
    "dma200" : 51.21,
    "volume" : 3094850.00
  }, {
    "date" : "2026-01-13",
    "price" : 38.52,
    "dma50" : 43.18,
    "dma100" : 47.89,
    "dma200" : 51.08,
    "volume" : 1892309.00
  }, {
    "date" : "2026-01-14",
    "price" : 38.54,
    "dma50" : 43.00,
    "dma100" : 47.76,
    "dma200" : 50.96,
    "volume" : 1431522.00
  }, {
    "date" : "2026-01-16",
    "price" : 38.25,
    "dma50" : 42.81,
    "dma100" : 47.63,
    "dma200" : 50.83,
    "volume" : 1621278.00
  }, {
    "date" : "2026-01-19",
    "price" : 37.54,
    "dma50" : 42.61,
    "dma100" : 47.51,
    "dma200" : 50.70,
    "volume" : 1886737.00
  }, {
    "date" : "2026-01-20",
    "price" : 35.85,
    "dma50" : 42.34,
    "dma100" : 47.38,
    "dma200" : 50.55,
    "volume" : 2632796.00
  }, {
    "date" : "2026-01-21",
    "price" : 35.02,
    "dma50" : 42.05,
    "dma100" : 47.26,
    "dma200" : 50.39,
    "volume" : 3435297.00
  }, {
    "date" : "2026-01-22",
    "price" : 36.45,
    "dma50" : 41.83,
    "dma100" : 47.14,
    "dma200" : 50.26,
    "volume" : 2346802.00
  }, {
    "date" : "2026-01-23",
    "price" : 34.35,
    "dma50" : 41.54,
    "dma100" : 46.98,
    "dma200" : 50.10,
    "volume" : 1700106.00
  }, {
    "date" : "2026-01-27",
    "price" : 34.40,
    "dma50" : 41.26,
    "dma100" : 46.81,
    "dma200" : 49.94,
    "volume" : 2019185.00
  }, {
    "date" : "2026-01-28",
    "price" : 36.24,
    "dma50" : 41.06,
    "dma100" : 46.64,
    "dma200" : 49.80,
    "volume" : 1953108.00
  }, {
    "date" : "2026-01-29",
    "price" : 35.56,
    "dma50" : 40.85,
    "dma100" : 46.43,
    "dma200" : 49.66,
    "volume" : 1513678.00
  }, {
    "date" : "2026-01-30",
    "price" : 36.47,
    "dma50" : 40.68,
    "dma100" : 46.24,
    "dma200" : 49.53,
    "volume" : 2532905.00
  }, {
    "date" : "2026-02-01",
    "price" : 36.33,
    "dma50" : 40.51,
    "dma100" : 46.07,
    "dma200" : 49.40,
    "volume" : 3076202.00
  }, {
    "date" : "2026-02-02",
    "price" : 35.89,
    "dma50" : 40.32,
    "dma100" : 45.90,
    "dma200" : 49.27,
    "volume" : 1295227.00
  }, {
    "date" : "2026-02-03",
    "price" : 37.11,
    "dma50" : 40.20,
    "dma100" : 45.74,
    "dma200" : 49.14,
    "volume" : 2118441.00
  } ],
  "latestTechnicalAttributes" : {
    "date" : "2026-02-03",
    "price" : 37.11,
    "dma50" : 40.20,
    "dma100" : 45.74,
    "dma200" : 49.14,
    "volume" : 2118441.00
  },
  "quarterlyResults" : [ {
    "date" : "2005-03-31",
    "sales" : 218.87,
    "salesGrowthYoY" : null,
    "grossProfitMargin" : 31.17,
    "grossProfit" : 68.22,
    "operatingProfitMargin" : 14.92,
    "operatingProfit" : 32.66,
    "netProfitMargin" : 8.12,
    "netProfit" : 17.77
  }, {
    "date" : "2005-06-30",
    "sales" : 154.03,
    "salesGrowthYoY" : null,
    "grossProfitMargin" : 40.49,
    "grossProfit" : 62.37,
    "operatingProfitMargin" : 16.52,
    "operatingProfit" : 25.45,
    "netProfitMargin" : 6.21,
    "netProfit" : 9.57
  }, {
    "date" : "2005-09-30",
    "sales" : 155.51,
    "salesGrowthYoY" : null,
    "grossProfitMargin" : 40.31,
    "grossProfit" : 62.69,
    "operatingProfitMargin" : 15.03,
    "operatingProfit" : 23.37,
    "netProfitMargin" : 5.15,
    "netProfit" : 8.01
  }, {
    "date" : "2005-12-31",
    "sales" : 219.39,
    "salesGrowthYoY" : null,
    "grossProfitMargin" : 34.19,
    "grossProfit" : 75.01,
    "operatingProfitMargin" : 14.70,
    "operatingProfit" : 32.25,
    "netProfitMargin" : 6.95,
    "netProfit" : 15.25
  }, {
    "date" : "2006-03-31",
    "sales" : 329.97,
    "salesGrowthYoY" : 50.76,
    "grossProfitMargin" : 35.65,
    "grossProfit" : 117.63,
    "operatingProfitMargin" : 11.40,
    "operatingProfit" : 37.62,
    "netProfitMargin" : 8.88,
    "netProfit" : 29.30
  }, {
    "date" : "2006-06-30",
    "sales" : 229.95,
    "salesGrowthYoY" : 49.29,
    "grossProfitMargin" : 42.40,
    "grossProfit" : 97.50,
    "operatingProfitMargin" : 15.92,
    "operatingProfit" : 36.61,
    "netProfitMargin" : 7.64,
    "netProfit" : 17.57
  }, {
    "date" : "2006-09-30",
    "sales" : 226.34,
    "salesGrowthYoY" : 45.55,
    "grossProfitMargin" : 43.08,
    "grossProfit" : 97.51,
    "operatingProfitMargin" : 16.50,
    "operatingProfit" : 37.35,
    "netProfitMargin" : 7.18,
    "netProfit" : 16.25
  }, {
    "date" : "2006-12-31",
    "sales" : 302.31,
    "salesGrowthYoY" : 37.80,
    "grossProfitMargin" : 35.35,
    "grossProfit" : 106.87,
    "operatingProfitMargin" : 15.48,
    "operatingProfit" : 46.80,
    "netProfitMargin" : 10.35,
    "netProfit" : 31.29
  }, {
    "date" : "2007-03-31",
    "sales" : 449.86,
    "salesGrowthYoY" : 36.33,
    "grossProfitMargin" : 34.14,
    "grossProfit" : 153.58,
    "operatingProfitMargin" : 15.40,
    "operatingProfit" : 69.28,
    "netProfitMargin" : 7.56,
    "netProfit" : 34.01
  }, {
    "date" : "2007-06-30",
    "sales" : 327.40,
    "salesGrowthYoY" : 42.38,
    "grossProfitMargin" : 39.35,
    "grossProfit" : 128.83,
    "operatingProfitMargin" : 16.96,
    "operatingProfit" : 55.53,
    "netProfitMargin" : 9.01,
    "netProfit" : 29.50
  }, {
    "date" : "2007-09-30",
    "sales" : 330.54,
    "salesGrowthYoY" : 46.04,
    "grossProfitMargin" : 46.39,
    "grossProfit" : 153.34,
    "operatingProfitMargin" : 20.89,
    "operatingProfit" : 69.05,
    "netProfitMargin" : 9.08,
    "netProfit" : 30.01
  }, {
    "date" : "2007-12-31",
    "sales" : 414.61,
    "salesGrowthYoY" : 37.15,
    "grossProfitMargin" : 39.83,
    "grossProfit" : 165.14,
    "operatingProfitMargin" : 20.47,
    "operatingProfit" : 84.87,
    "netProfitMargin" : 10.82,
    "netProfit" : 44.86
  }, {
    "date" : "2008-03-31",
    "sales" : 608.46,
    "salesGrowthYoY" : 35.26,
    "grossProfitMargin" : 41.88,
    "grossProfit" : 254.82,
    "operatingProfitMargin" : 21.31,
    "operatingProfit" : 129.66,
    "netProfitMargin" : 6.01,
    "netProfit" : 36.57
  }, {
    "date" : "2008-06-30",
    "sales" : 475.94,
    "salesGrowthYoY" : 45.37,
    "grossProfitMargin" : 42.60,
    "grossProfit" : 202.75,
    "operatingProfitMargin" : 15.13,
    "operatingProfit" : 72.01,
    "netProfitMargin" : 6.21,
    "netProfit" : 29.56
  }, {
    "date" : "2008-09-30",
    "sales" : 475.89,
    "salesGrowthYoY" : 43.97,
    "grossProfitMargin" : 42.06,
    "grossProfit" : 200.16,
    "operatingProfitMargin" : 15.51,
    "operatingProfit" : 73.81,
    "netProfitMargin" : 5.15,
    "netProfit" : 24.51
  }, {
    "date" : "2008-12-31",
    "sales" : 537.69,
    "salesGrowthYoY" : 29.69,
    "grossProfitMargin" : 38.53,
    "grossProfit" : 207.17,
    "operatingProfitMargin" : 19.63,
    "operatingProfit" : 105.55,
    "netProfitMargin" : 10.35,
    "netProfit" : 55.65
  }, {
    "date" : "2009-03-31",
    "sales" : 698.20,
    "salesGrowthYoY" : 14.75,
    "grossProfitMargin" : 41.48,
    "grossProfit" : 289.61,
    "operatingProfitMargin" : 18.98,
    "operatingProfit" : 132.52,
    "netProfitMargin" : 1.50,
    "netProfit" : 10.47
  }, {
    "date" : "2009-06-30",
    "sales" : 573.03,
    "salesGrowthYoY" : 20.40,
    "grossProfitMargin" : 44.31,
    "grossProfit" : 253.91,
    "operatingProfitMargin" : 22.00,
    "operatingProfit" : 126.07,
    "netProfitMargin" : 9.70,
    "netProfit" : 55.58
  }, {
    "date" : "2009-09-30",
    "sales" : 562.51,
    "salesGrowthYoY" : 18.20,
    "grossProfitMargin" : 45.32,
    "grossProfit" : 254.93,
    "operatingProfitMargin" : 21.65,
    "operatingProfit" : 121.78,
    "netProfitMargin" : 7.57,
    "netProfit" : 42.58
  }, {
    "date" : "2009-12-31",
    "sales" : 641.03,
    "salesGrowthYoY" : 19.22,
    "grossProfitMargin" : 40.23,
    "grossProfit" : 257.89,
    "operatingProfitMargin" : 20.34,
    "operatingProfit" : 130.39,
    "netProfitMargin" : 8.95,
    "netProfit" : 57.37
  }, {
    "date" : "2010-03-31",
    "sales" : 958.56,
    "salesGrowthYoY" : 37.29,
    "grossProfitMargin" : 39.96,
    "grossProfit" : 383.04,
    "operatingProfitMargin" : 20.67,
    "operatingProfit" : 198.13,
    "netProfitMargin" : 12.24,
    "netProfit" : 117.33
  }, {
    "date" : "2010-06-30",
    "sales" : 725.66,
    "salesGrowthYoY" : 26.64,
    "grossProfitMargin" : 46.28,
    "grossProfit" : 335.84,
    "operatingProfitMargin" : 20.05,
    "operatingProfit" : 145.49,
    "netProfitMargin" : 7.21,
    "netProfit" : 52.32
  }, {
    "date" : "2010-09-30",
    "sales" : 641.06,
    "salesGrowthYoY" : 13.96,
    "grossProfitMargin" : 47.51,
    "grossProfit" : 304.57,
    "operatingProfitMargin" : 21.77,
    "operatingProfit" : 139.56,
    "netProfitMargin" : 9.67,
    "netProfit" : 61.99
  }, {
    "date" : "2010-12-31",
    "sales" : 736.11,
    "salesGrowthYoY" : 14.83,
    "grossProfitMargin" : 44.15,
    "grossProfit" : 324.99,
    "operatingProfitMargin" : 23.57,
    "operatingProfit" : 173.50,
    "netProfitMargin" : 9.71,
    "netProfit" : 71.48
  }, {
    "date" : "2011-03-31",
    "sales" : 1236.23,
    "salesGrowthYoY" : 28.97,
    "grossProfitMargin" : 39.97,
    "grossProfit" : 494.12,
    "operatingProfitMargin" : 20.98,
    "operatingProfit" : 259.36,
    "netProfitMargin" : 8.84,
    "netProfit" : 109.28
  }, {
    "date" : "2011-06-30",
    "sales" : 951.31,
    "salesGrowthYoY" : 31.10,
    "grossProfitMargin" : 45.58,
    "grossProfit" : 433.61,
    "operatingProfitMargin" : 24.02,
    "operatingProfit" : 228.50,
    "netProfitMargin" : 8.66,
    "netProfit" : 82.38
  }, {
    "date" : "2011-09-30",
    "sales" : 771.11,
    "salesGrowthYoY" : 20.29,
    "grossProfitMargin" : 46.50,
    "grossProfit" : 358.57,
    "operatingProfitMargin" : 17.52,
    "operatingProfit" : 135.10,
    "netProfitMargin" : 1.50,
    "netProfit" : 11.57
  }, {
    "date" : "2011-12-31",
    "sales" : 832.12,
    "salesGrowthYoY" : 13.04,
    "grossProfitMargin" : 44.34,
    "grossProfit" : 368.96,
    "operatingProfitMargin" : 15.66,
    "operatingProfit" : 130.31,
    "netProfitMargin" : 0.15,
    "netProfit" : 1.25
  }, {
    "date" : "2012-03-31",
    "sales" : 1234.47,
    "salesGrowthYoY" : -0.14,
    "grossProfitMargin" : 41.30,
    "grossProfit" : 509.84,
    "operatingProfitMargin" : 20.08,
    "operatingProfit" : 247.88,
    "netProfitMargin" : 14.02,
    "netProfit" : 173.07
  }, {
    "date" : "2012-06-30",
    "sales" : 864.24,
    "salesGrowthYoY" : -9.15,
    "grossProfitMargin" : 46.34,
    "grossProfit" : 400.49,
    "operatingProfitMargin" : 20.90,
    "operatingProfit" : 180.63,
    "netProfitMargin" : 7.24,
    "netProfit" : 62.57
  }, {
    "date" : "2012-09-30",
    "sales" : 614.87,
    "salesGrowthYoY" : -20.26,
    "grossProfitMargin" : 47.14,
    "grossProfit" : 289.85,
    "operatingProfitMargin" : 19.49,
    "operatingProfit" : 119.84,
    "netProfitMargin" : 1.36,
    "netProfit" : 8.36
  }, {
    "date" : "2012-12-31",
    "sales" : 770.97,
    "salesGrowthYoY" : -7.35,
    "grossProfitMargin" : 41.23,
    "grossProfit" : 317.87,
    "operatingProfitMargin" : 16.50,
    "operatingProfit" : 127.21,
    "netProfitMargin" : 3.29,
    "netProfit" : 25.36
  }, {
    "date" : "2013-03-31",
    "sales" : 1265.84,
    "salesGrowthYoY" : 2.54,
    "grossProfitMargin" : 37.00,
    "grossProfit" : 468.36,
    "operatingProfitMargin" : 15.77,
    "operatingProfit" : 199.62,
    "netProfitMargin" : 2.84,
    "netProfit" : 35.95
  }, {
    "date" : "2013-06-30",
    "sales" : 988.97,
    "salesGrowthYoY" : 14.43,
    "grossProfitMargin" : 42.32,
    "grossProfit" : 418.53,
    "operatingProfitMargin" : 17.58,
    "operatingProfit" : 173.86,
    "netProfitMargin" : 6.69,
    "netProfit" : 66.16
  }, {
    "date" : "2013-09-30",
    "sales" : 806.42,
    "salesGrowthYoY" : 31.15,
    "grossProfitMargin" : 42.03,
    "grossProfit" : 338.94,
    "operatingProfitMargin" : 15.39,
    "operatingProfit" : 124.11,
    "netProfitMargin" : 2.67,
    "netProfit" : 21.53
  }, {
    "date" : "2013-12-31",
    "sales" : 962.45,
    "salesGrowthYoY" : 24.84,
    "grossProfitMargin" : 37.52,
    "grossProfit" : 361.11,
    "operatingProfitMargin" : 14.91,
    "operatingProfit" : 143.50,
    "netProfitMargin" : 3.23,
    "netProfit" : 31.09
  }, {
    "date" : "2014-03-31",
    "sales" : 1381.51,
    "salesGrowthYoY" : 9.14,
    "grossProfitMargin" : 35.92,
    "grossProfit" : 496.24,
    "operatingProfitMargin" : 15.92,
    "operatingProfit" : 219.94,
    "netProfitMargin" : 5.25,
    "netProfit" : 72.53
  }, {
    "date" : "2014-06-30",
    "sales" : 1013.65,
    "salesGrowthYoY" : 2.50,
    "grossProfitMargin" : 39.87,
    "grossProfit" : 404.14,
    "operatingProfitMargin" : 15.37,
    "operatingProfit" : 155.80,
    "netProfitMargin" : 1.59,
    "netProfit" : 16.12
  }, {
    "date" : "2014-09-30",
    "sales" : 823.78,
    "salesGrowthYoY" : 2.15,
    "grossProfitMargin" : 44.85,
    "grossProfit" : 369.47,
    "operatingProfitMargin" : 15.14,
    "operatingProfit" : 124.72,
    "netProfitMargin" : -0.38,
    "netProfit" : -3.13
  }, {
    "date" : "2014-12-31",
    "sales" : 855.76,
    "salesGrowthYoY" : -11.09,
    "grossProfitMargin" : 40.94,
    "grossProfit" : 350.35,
    "operatingProfitMargin" : 14.24,
    "operatingProfit" : 121.86,
    "netProfitMargin" : 0.98,
    "netProfit" : 8.39
  }, {
    "date" : "2015-03-31",
    "sales" : 1548.56,
    "salesGrowthYoY" : 12.09,
    "grossProfitMargin" : 38.93,
    "grossProfit" : 602.85,
    "operatingProfitMargin" : 15.16,
    "operatingProfit" : 234.76,
    "netProfitMargin" : 5.45,
    "netProfit" : 84.40
  }, {
    "date" : "2015-06-30",
    "sales" : 1102.45,
    "salesGrowthYoY" : 8.76,
    "grossProfitMargin" : 43.08,
    "grossProfit" : 474.94,
    "operatingProfitMargin" : 15.78,
    "operatingProfit" : 173.97,
    "netProfitMargin" : 1.79,
    "netProfit" : 19.73
  }, {
    "date" : "2015-09-30",
    "sales" : 838.04,
    "salesGrowthYoY" : 1.73,
    "grossProfitMargin" : 43.54,
    "grossProfit" : 364.88,
    "operatingProfitMargin" : 16.19,
    "operatingProfit" : 135.68,
    "netProfitMargin" : -0.68,
    "netProfit" : -5.70
  }, {
    "date" : "2015-12-31",
    "sales" : 895.49,
    "salesGrowthYoY" : 4.64,
    "grossProfitMargin" : 42.28,
    "grossProfit" : 378.61,
    "operatingProfitMargin" : 12.79,
    "operatingProfit" : 114.53,
    "netProfitMargin" : -1.43,
    "netProfit" : -12.81
  }, {
    "date" : "2016-03-31",
    "sales" : 1437.96,
    "salesGrowthYoY" : -7.14,
    "grossProfitMargin" : 39.63,
    "grossProfit" : 569.86,
    "operatingProfitMargin" : 18.77,
    "operatingProfit" : 269.91,
    "netProfitMargin" : 3.97,
    "netProfit" : 57.09
  }, {
    "date" : "2016-06-30",
    "sales" : 934.75,
    "salesGrowthYoY" : -15.21,
    "grossProfitMargin" : 41.42,
    "grossProfit" : 387.17,
    "operatingProfitMargin" : 16.76,
    "operatingProfit" : 156.66,
    "netProfitMargin" : 3.78,
    "netProfit" : 35.33
  }, {
    "date" : "2016-09-30",
    "sales" : 720.17,
    "salesGrowthYoY" : -14.06,
    "grossProfitMargin" : 46.45,
    "grossProfit" : 334.52,
    "operatingProfitMargin" : 16.53,
    "operatingProfit" : 119.04,
    "netProfitMargin" : 0.65,
    "netProfit" : 4.68
  }, {
    "date" : "2016-12-31",
    "sales" : 787.82,
    "salesGrowthYoY" : -12.02,
    "grossProfitMargin" : 43.48,
    "grossProfit" : 342.54,
    "operatingProfitMargin" : 14.29,
    "operatingProfit" : 112.58,
    "netProfitMargin" : 0.06,
    "netProfit" : 0.47
  }, {
    "date" : "2017-03-31",
    "sales" : 1267.50,
    "salesGrowthYoY" : -11.85,
    "grossProfitMargin" : 45.21,
    "grossProfit" : 573.04,
    "operatingProfitMargin" : 17.16,
    "operatingProfit" : 217.50,
    "netProfitMargin" : 9.73,
    "netProfit" : 123.33
  }, {
    "date" : "2017-06-30",
    "sales" : 924.91,
    "salesGrowthYoY" : -1.05,
    "grossProfitMargin" : 43.39,
    "grossProfit" : 401.32,
    "operatingProfitMargin" : 14.81,
    "operatingProfit" : 136.98,
    "netProfitMargin" : 4.42,
    "netProfit" : 40.88
  }, {
    "date" : "2017-09-30",
    "sales" : 751.55,
    "salesGrowthYoY" : 4.36,
    "grossProfitMargin" : 42.11,
    "grossProfit" : 316.48,
    "operatingProfitMargin" : 13.14,
    "operatingProfit" : 98.75,
    "netProfitMargin" : 2.13,
    "netProfit" : 16.01
  }, {
    "date" : "2017-12-31",
    "sales" : 1009.33,
    "salesGrowthYoY" : 28.12,
    "grossProfitMargin" : 43.88,
    "grossProfit" : 442.89,
    "operatingProfitMargin" : 13.30,
    "operatingProfit" : 134.24,
    "netProfitMargin" : 6.41,
    "netProfit" : 64.70
  }, {
    "date" : "2018-03-31",
    "sales" : 1568.67,
    "salesGrowthYoY" : 23.76,
    "grossProfitMargin" : 44.76,
    "grossProfit" : 702.14,
    "operatingProfitMargin" : 18.18,
    "operatingProfit" : 285.18,
    "netProfitMargin" : 10.16,
    "netProfit" : 159.38
  }, {
    "date" : "2018-06-30",
    "sales" : 1061.98,
    "salesGrowthYoY" : 14.82,
    "grossProfitMargin" : 41.14,
    "grossProfit" : 436.90,
    "operatingProfitMargin" : 13.51,
    "operatingProfit" : 143.47,
    "netProfitMargin" : 4.11,
    "netProfit" : 43.65
  }, {
    "date" : "2018-09-30",
    "sales" : 947.71,
    "salesGrowthYoY" : 26.10,
    "grossProfitMargin" : 45.21,
    "grossProfit" : 428.46,
    "operatingProfitMargin" : 15.82,
    "operatingProfit" : 149.93,
    "netProfitMargin" : 4.81,
    "netProfit" : 45.58
  }, {
    "date" : "2018-12-31",
    "sales" : 1098.50,
    "salesGrowthYoY" : 8.83,
    "grossProfitMargin" : 43.60,
    "grossProfit" : 478.95,
    "operatingProfitMargin" : 15.36,
    "operatingProfit" : 168.73,
    "netProfitMargin" : 5.73,
    "netProfit" : 62.94
  }, {
    "date" : "2019-03-31",
    "sales" : 1334.57,
    "salesGrowthYoY" : -14.92,
    "grossProfitMargin" : 45.11,
    "grossProfit" : 602.02,
    "operatingProfitMargin" : 16.89,
    "operatingProfit" : 225.41,
    "netProfitMargin" : 6.17,
    "netProfit" : 82.34
  }, {
    "date" : "2019-06-30",
    "sales" : 828.13,
    "salesGrowthYoY" : -22.02,
    "grossProfitMargin" : 46.54,
    "grossProfit" : 385.41,
    "operatingProfitMargin" : 14.35,
    "operatingProfit" : 118.84,
    "netProfitMargin" : 1.97,
    "netProfit" : 16.31
  }, {
    "date" : "2019-09-30",
    "sales" : 395.80,
    "salesGrowthYoY" : -58.24,
    "grossProfitMargin" : 55.83,
    "grossProfit" : 220.98,
    "operatingProfitMargin" : -14.82,
    "operatingProfit" : -58.66,
    "netProfitMargin" : -28.58,
    "netProfit" : -113.12
  }, {
    "date" : "2019-12-31",
    "sales" : 352.36,
    "salesGrowthYoY" : -67.92,
    "grossProfitMargin" : 31.83,
    "grossProfit" : 112.16,
    "operatingProfitMargin" : -35.20,
    "operatingProfit" : -124.03,
    "netProfitMargin" : -52.00,
    "netProfit" : -183.23
  }, {
    "date" : "2020-03-31",
    "sales" : 0.00,
    "salesGrowthYoY" : -100.00,
    "grossProfitMargin" : 0.00,
    "grossProfit" : 0.00,
    "operatingProfitMargin" : 0.00,
    "operatingProfit" : 0.00,
    "netProfitMargin" : 0.00,
    "netProfit" : 0.00
  }, {
    "date" : "2020-06-30",
    "sales" : 479.55,
    "salesGrowthYoY" : -42.09,
    "grossProfitMargin" : 35.12,
    "grossProfit" : 168.42,
    "operatingProfitMargin" : -4.16,
    "operatingProfit" : -19.95,
    "netProfitMargin" : -21.47,
    "netProfit" : -102.96
  }, {
    "date" : "2020-09-30",
    "sales" : 398.92,
    "salesGrowthYoY" : 0.79,
    "grossProfitMargin" : 48.76,
    "grossProfit" : 194.51,
    "operatingProfitMargin" : -4.35,
    "operatingProfit" : -17.35,
    "netProfitMargin" : -26.81,
    "netProfit" : -106.95
  }, {
    "date" : "2020-12-31",
    "sales" : 529.49,
    "salesGrowthYoY" : 50.27,
    "grossProfitMargin" : 40.13,
    "grossProfit" : 212.48,
    "operatingProfitMargin" : 5.73,
    "operatingProfit" : 30.34,
    "netProfitMargin" : -14.20,
    "netProfit" : -75.19
  }, {
    "date" : "2021-03-31",
    "sales" : 748.46,
    "salesGrowthYoY" : 100.00,
    "grossProfitMargin" : 38.29,
    "grossProfit" : 286.59,
    "operatingProfitMargin" : 12.98,
    "operatingProfit" : 97.15,
    "netProfitMargin" : -2.97,
    "netProfit" : -22.23
  }, {
    "date" : "2021-06-30",
    "sales" : 696.75,
    "salesGrowthYoY" : 45.29,
    "grossProfitMargin" : 42.43,
    "grossProfit" : 295.63,
    "operatingProfitMargin" : 13.99,
    "operatingProfit" : 97.48,
    "netProfitMargin" : -2.36,
    "netProfit" : -16.44
  }, {
    "date" : "2021-09-30",
    "sales" : 638.54,
    "salesGrowthYoY" : 60.07,
    "grossProfitMargin" : 46.39,
    "grossProfit" : 296.22,
    "operatingProfitMargin" : 12.15,
    "operatingProfit" : 77.58,
    "netProfitMargin" : -5.94,
    "netProfit" : -37.93
  }, {
    "date" : "2021-12-31",
    "sales" : 644.37,
    "salesGrowthYoY" : 21.70,
    "grossProfitMargin" : 41.79,
    "grossProfit" : 269.28,
    "operatingProfitMargin" : 10.01,
    "operatingProfit" : 64.50,
    "netProfitMargin" : -5.30,
    "netProfit" : -34.15
  }, {
    "date" : "2022-03-31",
    "sales" : 839.49,
    "salesGrowthYoY" : 12.16,
    "grossProfitMargin" : 35.48,
    "grossProfit" : 297.85,
    "operatingProfitMargin" : 4.84,
    "operatingProfit" : 40.63,
    "netProfitMargin" : 9.03,
    "netProfit" : 75.81
  }, {
    "date" : "2022-06-30",
    "sales" : 861.74,
    "salesGrowthYoY" : 23.68,
    "grossProfitMargin" : 38.92,
    "grossProfit" : 335.39,
    "operatingProfitMargin" : 12.39,
    "operatingProfit" : 106.77,
    "netProfitMargin" : -0.43,
    "netProfit" : -3.71
  }, {
    "date" : "2022-09-30",
    "sales" : 602.81,
    "salesGrowthYoY" : -5.60,
    "grossProfitMargin" : 44.35,
    "grossProfit" : 267.35,
    "operatingProfitMargin" : 11.80,
    "operatingProfit" : 71.13,
    "netProfitMargin" : -1.28,
    "netProfit" : -7.72
  }, {
    "date" : "2022-12-31",
    "sales" : 982.91,
    "salesGrowthYoY" : 52.54,
    "grossProfitMargin" : 38.41,
    "grossProfit" : 377.54,
    "operatingProfitMargin" : 14.77,
    "operatingProfit" : 145.18,
    "netProfitMargin" : 2.36,
    "netProfit" : 23.20
  }, {
    "date" : "2023-03-31",
    "sales" : 1166.03,
    "salesGrowthYoY" : 38.90,
    "grossProfitMargin" : 38.70,
    "grossProfit" : 451.25,
    "operatingProfitMargin" : 5.72,
    "operatingProfit" : 66.70,
    "netProfitMargin" : 3.56,
    "netProfit" : 41.51
  }, {
    "date" : "2023-06-30",
    "sales" : 1146.05,
    "salesGrowthYoY" : 32.99,
    "grossProfitMargin" : 39.13,
    "grossProfit" : 448.45,
    "operatingProfitMargin" : 13.28,
    "operatingProfit" : 152.20,
    "netProfitMargin" : 2.29,
    "netProfit" : 26.24
  }, {
    "date" : "2023-09-30",
    "sales" : 804.54,
    "salesGrowthYoY" : 33.46,
    "grossProfitMargin" : 43.91,
    "grossProfit" : 353.27,
    "operatingProfitMargin" : 13.21,
    "operatingProfit" : 106.28,
    "netProfitMargin" : 0.30,
    "netProfit" : 2.41
  }, {
    "date" : "2023-12-31",
    "sales" : 805.28,
    "salesGrowthYoY" : -18.07,
    "grossProfitMargin" : 43.52,
    "grossProfit" : 350.46,
    "operatingProfitMargin" : 14.23,
    "operatingProfit" : 114.59,
    "netProfitMargin" : 0.22,
    "netProfit" : 1.77
  }, {
    "date" : "2024-03-31",
    "sales" : 1065.27,
    "salesGrowthYoY" : -8.64,
    "grossProfitMargin" : 44.46,
    "grossProfit" : 473.62,
    "operatingProfitMargin" : 12.53,
    "operatingProfit" : 133.48,
    "netProfitMargin" : 2.36,
    "netProfit" : 25.14
  }, {
    "date" : "2024-06-30",
    "sales" : 856.91,
    "salesGrowthYoY" : -25.23,
    "grossProfitMargin" : 41.73,
    "grossProfit" : 357.59,
    "operatingProfitMargin" : 12.46,
    "operatingProfit" : 106.77,
    "netProfitMargin" : 0.75,
    "netProfit" : 6.43
  }, {
    "date" : "2024-09-30",
    "sales" : 575.05,
    "salesGrowthYoY" : -28.52,
    "grossProfitMargin" : 50.11,
    "grossProfit" : 288.16,
    "operatingProfitMargin" : 12.94,
    "operatingProfit" : 74.41,
    "netProfitMargin" : -3.58,
    "netProfit" : -20.59
  }, {
    "date" : "2024-12-31",
    "sales" : 799.73,
    "salesGrowthYoY" : -0.69,
    "grossProfitMargin" : 44.95,
    "grossProfit" : 359.48,
    "operatingProfitMargin" : 16.23,
    "operatingProfit" : 129.80,
    "netProfitMargin" : 1.33,
    "netProfit" : 10.64
  }, {
    "date" : "2025-03-31",
    "sales" : 1027.33,
    "salesGrowthYoY" : -3.56,
    "grossProfitMargin" : 44.23,
    "grossProfit" : 454.39,
    "operatingProfitMargin" : 15.57,
    "operatingProfit" : 159.96,
    "netProfitMargin" : 2.75,
    "netProfit" : 28.25
  }, {
    "date" : "2025-06-30",
    "sales" : 919.17,
    "salesGrowthYoY" : 7.27,
    "grossProfitMargin" : 42.75,
    "grossProfit" : 392.95,
    "operatingProfitMargin" : 13.42,
    "operatingProfit" : 123.35,
    "netProfitMargin" : 0.77,
    "netProfit" : 7.08
  }, {
    "date" : "2025-09-30",
    "sales" : 691.32,
    "salesGrowthYoY" : 20.22,
    "grossProfitMargin" : 49.88,
    "grossProfit" : 344.83,
    "operatingProfitMargin" : 15.56,
    "operatingProfit" : 107.57,
    "netProfitMargin" : 0.28,
    "netProfit" : 1.94
  } ],
  "latestQuarterlyResult" : {
    "date" : "2025-09-30",
    "sales" : 691.32,
    "salesGrowthYoY" : 20.22,
    "grossProfitMargin" : 49.88,
    "grossProfit" : 344.83,
    "operatingProfitMargin" : 15.56,
    "operatingProfit" : 107.57,
    "netProfitMargin" : 0.28,
    "netProfit" : 1.94
  },
  "companyScore" : {
    "priceHigherThanDma50" : 0.00,
    "priceHigherThanDma100" : 0.00,
    "priceHigherThanDma200" : 0.00,
    "dma50HigherThanDma100" : 0.00,
    "dma50HigherThanDma200" : 0.00,
    "dma100HigherThanDma200" : 0.00,
    "pricePercentageAboveDma50" : 5.38,
    "pricePercentageAboveDma100" : 5.94,
    "pricePercentageAboveDma200" : 6.22,
    "weeklyVolumeHigherThanYearlyVolume" : 0.00,
    "salesGrowthPercentile" : 12.02,
    "operatingProfitMarginPercentile" : 17.14,
    "netProfitMarginPercentile" : 7.92,
    "totalTechnicalScore" : 17.55,
    "totalFundamentalScore" : 37.08,
    "totalScore" : 54.64
  }
}