{
  "metadata" : {
    "screenerCompanyId" : "1632",
    "companyCode" : "JKCEMENT",
    "companyName" : "J K Cements",
    "screenerCompanyLink" : "https://www.screener.in/company/JKCEMENT/consolidated/",
    "screenerTechnicalHistoryLink" : "https://www.screener.in/api/company/1632/chart/?q=Price-DMA50-DMA200-Volume&days=365",
    "screenerQuarterlyResultsLink" : "https://www.screener.in/api/company/1632/chart/?q=GPM-OPM-NPM-Quarter+Sales&days=10000",
    "attributes" : {
      "companyCode" : "JKCEMENT",
      "companyName" : "J K Cements",
      "marketCap" : 42965.00,
      "peRatio" : 41.50,
      "description" : "The Company is engaged in the manufacturing and selling of Cement and Cement related products with over 4 decades of experience in cement manufacturing. It is an affiliate of the multi-disciplinary industrial conglomerate JK Organisation. [1]"
    },
    "companyScore" : {
      "priceHigherThanDma50" : 0.00,
      "priceHigherThanDma100" : 0.00,
      "priceHigherThanDma200" : 0.00,
      "dma50HigherThanDma100" : 0.00,
      "dma50HigherThanDma200" : 0.00,
      "dma100HigherThanDma200" : 5.00,
      "pricePercentageAboveDma50" : 5.18,
      "pricePercentageAboveDma100" : 5.54,
      "pricePercentageAboveDma200" : 5.20,
      "weeklyVolumeHigherThanYearlyVolume" : 0.00,
      "salesGrowthPercentile" : 11.90,
      "operatingProfitMarginPercentile" : 8.28,
      "netProfitMarginPercentile" : 4.31,
      "totalTechnicalScore" : 20.92,
      "totalFundamentalScore" : 24.50,
      "totalScore" : 45.41
    }
  },
  "attributes" : {
    "companyCode" : "JKCEMENT",
    "companyName" : "J K Cements",
    "marketCap" : 42965.00,
    "peRatio" : 41.50,
    "description" : "The Company is engaged in the manufacturing and selling of Cement and Cement related products with over 4 decades of experience in cement manufacturing. It is an affiliate of the multi-disciplinary industrial conglomerate JK Organisation. [1]"
  },
  "technicalHistory" : [ {
    "date" : "2025-01-06",
    "price" : 4701.75,
    "dma50" : 4488.24,
    "dma100" : null,
    "dma200" : 4281.95,
    "volume" : 207546.00
  }, {
    "date" : "2025-01-07",
    "price" : 4823.55,
    "dma50" : 4501.39,
    "dma100" : null,
    "dma200" : 4287.34,
    "volume" : 171522.00
  }, {
    "date" : "2025-01-08",
    "price" : 4753.10,
    "dma50" : 4511.26,
    "dma100" : null,
    "dma200" : 4291.97,
    "volume" : 59931.00
  }, {
    "date" : "2025-01-09",
    "price" : 4738.80,
    "dma50" : 4520.18,
    "dma100" : null,
    "dma200" : 4296.42,
    "volume" : 113628.00
  }, {
    "date" : "2025-01-10",
    "price" : 4543.55,
    "dma50" : 4521.10,
    "dma100" : null,
    "dma200" : 4298.88,
    "volume" : 169187.00
  }, {
    "date" : "2025-01-13",
    "price" : 4364.35,
    "dma50" : 4514.95,
    "dma100" : null,
    "dma200" : 4299.53,
    "volume" : 58711.00
  }, {
    "date" : "2025-01-14",
    "price" : 4388.55,
    "dma50" : 4509.99,
    "dma100" : null,
    "dma200" : 4300.42,
    "volume" : 40252.00
  }, {
    "date" : "2025-01-15",
    "price" : 4457.70,
    "dma50" : 4507.94,
    "dma100" : null,
    "dma200" : 4301.98,
    "volume" : 51457.00
  }, {
    "date" : "2025-01-16",
    "price" : 4544.90,
    "dma50" : 4509.39,
    "dma100" : null,
    "dma200" : 4304.40,
    "volume" : 34939.00
  }, {
    "date" : "2025-01-17",
    "price" : 4541.20,
    "dma50" : 4510.64,
    "dma100" : null,
    "dma200" : 4306.75,
    "volume" : 91256.00
  }, {
    "date" : "2025-01-20",
    "price" : 4503.20,
    "dma50" : 4510.35,
    "dma100" : null,
    "dma200" : 4308.71,
    "volume" : 64336.00
  }, {
    "date" : "2025-01-21",
    "price" : 4578.00,
    "dma50" : 4513.00,
    "dma100" : null,
    "dma200" : 4311.39,
    "volume" : 113521.00
  }, {
    "date" : "2025-01-22",
    "price" : 4638.45,
    "dma50" : 4517.92,
    "dma100" : null,
    "dma200" : 4314.64,
    "volume" : 88945.00
  }, {
    "date" : "2025-01-23",
    "price" : 4789.05,
    "dma50" : 4528.55,
    "dma100" : null,
    "dma200" : 4319.36,
    "volume" : 148469.00
  }, {
    "date" : "2025-01-24",
    "price" : 4755.90,
    "dma50" : 4537.47,
    "dma100" : null,
    "dma200" : 4323.71,
    "volume" : 136528.00
  }, {
    "date" : "2025-01-27",
    "price" : 4786.30,
    "dma50" : 4547.23,
    "dma100" : null,
    "dma200" : 4328.31,
    "volume" : 532205.00
  }, {
    "date" : "2025-01-28",
    "price" : 4831.20,
    "dma50" : 4558.36,
    "dma100" : null,
    "dma200" : 4333.31,
    "volume" : 196775.00
  }, {
    "date" : "2025-01-29",
    "price" : 4890.80,
    "dma50" : 4571.40,
    "dma100" : null,
    "dma200" : 4338.86,
    "volume" : 203767.00
  }, {
    "date" : "2025-01-30",
    "price" : 4800.35,
    "dma50" : 4580.38,
    "dma100" : null,
    "dma200" : 4343.45,
    "volume" : 154590.00
  }, {
    "date" : "2025-01-31",
    "price" : 4834.85,
    "dma50" : 4590.36,
    "dma100" : null,
    "dma200" : 4348.34,
    "volume" : 88316.00
  }, {
    "date" : "2025-02-01",
    "price" : 4725.10,
    "dma50" : 4595.64,
    "dma100" : null,
    "dma200" : 4352.09,
    "volume" : 66472.00
  }, {
    "date" : "2025-02-03",
    "price" : 4751.35,
    "dma50" : 4601.75,
    "dma100" : null,
    "dma200" : 4356.06,
    "volume" : 114431.00
  }, {
    "date" : "2025-02-04",
    "price" : 4878.95,
    "dma50" : 4612.62,
    "dma100" : null,
    "dma200" : 4361.27,
    "volume" : 107770.00
  }, {
    "date" : "2025-02-05",
    "price" : 4934.85,
    "dma50" : 4625.25,
    "dma100" : null,
    "dma200" : 4366.97,
    "volume" : 177172.00
  }, {
    "date" : "2025-02-06",
    "price" : 4898.30,
    "dma50" : 4635.96,
    "dma100" : null,
    "dma200" : 4372.26,
    "volume" : 80833.00
  }, {
    "date" : "2025-02-07",
    "price" : 4879.70,
    "dma50" : 4645.52,
    "dma100" : null,
    "dma200" : 4377.31,
    "volume" : 120241.00
  }, {
    "date" : "2025-02-10",
    "price" : 4810.45,
    "dma50" : 4651.99,
    "dma100" : null,
    "dma200" : 4381.62,
    "volume" : 44807.00
  }, {
    "date" : "2025-02-11",
    "price" : 4823.05,
    "dma50" : 4658.70,
    "dma100" : null,
    "dma200" : 4386.01,
    "volume" : 115442.00
  }, {
    "date" : "2025-02-12",
    "price" : 4749.65,
    "dma50" : 4662.26,
    "dma100" : null,
    "dma200" : 4389.63,
    "volume" : 160369.00
  }, {
    "date" : "2025-02-13",
    "price" : 4795.95,
    "dma50" : 4667.51,
    "dma100" : null,
    "dma200" : 4393.67,
    "volume" : 285809.00
  }, {
    "date" : "2025-02-14",
    "price" : 4657.25,
    "dma50" : 4667.10,
    "dma100" : null,
    "dma200" : 4396.30,
    "volume" : 60021.00
  }, {
    "date" : "2025-02-17",
    "price" : 4637.90,
    "dma50" : 4665.96,
    "dma100" : null,
    "dma200" : 4398.70,
    "volume" : 70010.00
  }, {
    "date" : "2025-02-18",
    "price" : 4517.45,
    "dma50" : 4660.13,
    "dma100" : null,
    "dma200" : 4399.88,
    "volume" : 84419.00
  }, {
    "date" : "2025-02-19",
    "price" : 4621.85,
    "dma50" : 4658.63,
    "dma100" : null,
    "dma200" : 4402.09,
    "volume" : 135952.00
  }, {
    "date" : "2025-02-20",
    "price" : 4672.55,
    "dma50" : 4659.18,
    "dma100" : null,
    "dma200" : 4404.78,
    "volume" : 123301.00
  }, {
    "date" : "2025-02-21",
    "price" : 4580.15,
    "dma50" : 4656.08,
    "dma100" : null,
    "dma200" : 4406.53,
    "volume" : 55562.00
  }, {
    "date" : "2025-02-24",
    "price" : 4589.75,
    "dma50" : 4653.48,
    "dma100" : null,
    "dma200" : 4408.35,
    "volume" : 165747.00
  }, {
    "date" : "2025-02-25",
    "price" : 4575.00,
    "dma50" : 4650.40,
    "dma100" : null,
    "dma200" : 4410.01,
    "volume" : 109395.00
  }, {
    "date" : "2025-02-27",
    "price" : 4517.15,
    "dma50" : 4645.18,
    "dma100" : null,
    "dma200" : 4411.07,
    "volume" : 101718.00
  }, {
    "date" : "2025-02-28",
    "price" : 4389.35,
    "dma50" : 4635.14,
    "dma100" : null,
    "dma200" : 4410.86,
    "volume" : 137120.00
  }, {
    "date" : "2025-03-03",
    "price" : 4448.75,
    "dma50" : 4627.83,
    "dma100" : null,
    "dma200" : 4411.23,
    "volume" : 76418.00
  }, {
    "date" : "2025-03-04",
    "price" : 4405.60,
    "dma50" : 4619.12,
    "dma100" : null,
    "dma200" : 4411.18,
    "volume" : 58490.00
  }, {
    "date" : "2025-03-05",
    "price" : 4464.10,
    "dma50" : 4613.04,
    "dma100" : null,
    "dma200" : 4411.70,
    "volume" : 419735.00
  }, {
    "date" : "2025-03-06",
    "price" : 4505.10,
    "dma50" : 4608.81,
    "dma100" : null,
    "dma200" : 4412.63,
    "volume" : 109126.00
  }, {
    "date" : "2025-03-07",
    "price" : 4421.55,
    "dma50" : 4601.46,
    "dma100" : null,
    "dma200" : 4412.72,
    "volume" : 142675.00
  }, {
    "date" : "2025-03-10",
    "price" : 4397.45,
    "dma50" : 4593.46,
    "dma100" : null,
    "dma200" : 4412.57,
    "volume" : 161429.00
  }, {
    "date" : "2025-03-11",
    "price" : 4346.85,
    "dma50" : 4583.79,
    "dma100" : null,
    "dma200" : 4411.92,
    "volume" : 97175.00
  }, {
    "date" : "2025-03-12",
    "price" : 4350.65,
    "dma50" : 4574.65,
    "dma100" : null,
    "dma200" : 4411.31,
    "volume" : 124342.00
  }, {
    "date" : "2025-03-13",
    "price" : 4271.30,
    "dma50" : 4562.75,
    "dma100" : null,
    "dma200" : 4409.91,
    "volume" : 46968.00
  }, {
    "date" : "2025-03-17",
    "price" : 4356.05,
    "dma50" : 4554.65,
    "dma100" : null,
    "dma200" : 4409.38,
    "volume" : 108928.00
  }, {
    "date" : "2025-03-18",
    "price" : 4497.40,
    "dma50" : 4552.40,
    "dma100" : null,
    "dma200" : 4410.25,
    "volume" : 113457.00
  }, {
    "date" : "2025-03-19",
    "price" : 4639.65,
    "dma50" : 4555.82,
    "dma100" : null,
    "dma200" : 4412.54,
    "volume" : 100047.00
  }, {
    "date" : "2025-03-20",
    "price" : 4660.65,
    "dma50" : 4559.93,
    "dma100" : null,
    "dma200" : 4415.01,
    "volume" : 77854.00
  }, {
    "date" : "2025-03-21",
    "price" : 4822.50,
    "dma50" : 4570.23,
    "dma100" : null,
    "dma200" : 4419.06,
    "volume" : 155362.00
  }, {
    "date" : "2025-03-24",
    "price" : 4740.75,
    "dma50" : 4576.92,
    "dma100" : null,
    "dma200" : 4422.26,
    "volume" : 132116.00
  }, {
    "date" : "2025-03-25",
    "price" : 4749.25,
    "dma50" : 4583.68,
    "dma100" : null,
    "dma200" : 4425.51,
    "volume" : 102086.00
  }, {
    "date" : "2025-03-26",
    "price" : 4712.45,
    "dma50" : 4588.73,
    "dma100" : null,
    "dma200" : 4428.37,
    "volume" : 68542.00
  }, {
    "date" : "2025-03-27",
    "price" : 4885.80,
    "dma50" : 4600.38,
    "dma100" : null,
    "dma200" : 4432.92,
    "volume" : 217837.00
  }, {
    "date" : "2025-03-28",
    "price" : 4932.65,
    "dma50" : 4613.41,
    "dma100" : null,
    "dma200" : 4437.89,
    "volume" : 270514.00
  }, {
    "date" : "2025-04-01",
    "price" : 4932.40,
    "dma50" : 4625.92,
    "dma100" : null,
    "dma200" : 4442.81,
    "volume" : 75764.00
  }, {
    "date" : "2025-04-02",
    "price" : 4992.60,
    "dma50" : 4640.30,
    "dma100" : null,
    "dma200" : 4448.28,
    "volume" : 116407.00
  }, {
    "date" : "2025-04-03",
    "price" : 4997.90,
    "dma50" : 4654.32,
    "dma100" : null,
    "dma200" : 4453.75,
    "volume" : 80648.00
  }, {
    "date" : "2025-04-04",
    "price" : 4954.70,
    "dma50" : 4666.10,
    "dma100" : null,
    "dma200" : 4458.74,
    "volume" : 34015.00
  }, {
    "date" : "2025-04-07",
    "price" : 4799.20,
    "dma50" : 4671.32,
    "dma100" : null,
    "dma200" : 4462.13,
    "volume" : 244100.00
  }, {
    "date" : "2025-04-08",
    "price" : 4886.15,
    "dma50" : 4679.74,
    "dma100" : null,
    "dma200" : 4466.34,
    "volume" : 166848.00
  }, {
    "date" : "2025-04-09",
    "price" : 4884.90,
    "dma50" : 4687.79,
    "dma100" : null,
    "dma200" : 4470.51,
    "volume" : 82314.00
  }, {
    "date" : "2025-04-11",
    "price" : 4957.45,
    "dma50" : 4698.36,
    "dma100" : null,
    "dma200" : 4475.35,
    "volume" : 96447.00
  }, {
    "date" : "2025-04-15",
    "price" : 5059.40,
    "dma50" : 4712.52,
    "dma100" : null,
    "dma200" : 4481.17,
    "volume" : 141771.00
  }, {
    "date" : "2025-04-16",
    "price" : 5050.90,
    "dma50" : 4725.79,
    "dma100" : null,
    "dma200" : 4486.84,
    "volume" : 68830.00
  }, {
    "date" : "2025-04-17",
    "price" : 5060.80,
    "dma50" : 4738.93,
    "dma100" : null,
    "dma200" : 4492.55,
    "volume" : 61445.00
  }, {
    "date" : "2025-04-21",
    "price" : 5054.60,
    "dma50" : 4751.31,
    "dma100" : null,
    "dma200" : 4498.14,
    "volume" : 75406.00
  }, {
    "date" : "2025-04-22",
    "price" : 5151.90,
    "dma50" : 4767.02,
    "dma100" : null,
    "dma200" : 4504.64,
    "volume" : 166360.00
  }, {
    "date" : "2025-04-23",
    "price" : 5081.60,
    "dma50" : 4779.35,
    "dma100" : null,
    "dma200" : 4510.38,
    "volume" : 50705.00
  }, {
    "date" : "2025-04-24",
    "price" : 5262.00,
    "dma50" : 4798.28,
    "dma100" : null,
    "dma200" : 4517.86,
    "volume" : 353784.00
  }, {
    "date" : "2025-04-25",
    "price" : 5245.30,
    "dma50" : 4815.81,
    "dma100" : null,
    "dma200" : 4525.10,
    "volume" : 78750.00
  }, {
    "date" : "2025-04-28",
    "price" : 5124.60,
    "dma50" : 4827.92,
    "dma100" : null,
    "dma200" : 4531.07,
    "volume" : 61690.00
  }, {
    "date" : "2025-04-29",
    "price" : 5152.40,
    "dma50" : 4840.65,
    "dma100" : null,
    "dma200" : 4537.25,
    "volume" : 47423.00
  }, {
    "date" : "2025-04-30",
    "price" : 5112.70,
    "dma50" : 4851.31,
    "dma100" : null,
    "dma200" : 4542.98,
    "volume" : 60242.00
  }, {
    "date" : "2025-05-02",
    "price" : 5162.00,
    "dma50" : 4863.50,
    "dma100" : null,
    "dma200" : 4549.13,
    "volume" : 65873.00
  }, {
    "date" : "2025-05-05",
    "price" : 5160.50,
    "dma50" : 4875.15,
    "dma100" : null,
    "dma200" : 4555.22,
    "volume" : 49001.00
  }, {
    "date" : "2025-05-06",
    "price" : 5104.50,
    "dma50" : 4884.14,
    "dma100" : null,
    "dma200" : 4560.68,
    "volume" : 27485.00
  }, {
    "date" : "2025-05-07",
    "price" : 5048.50,
    "dma50" : 4890.59,
    "dma100" : null,
    "dma200" : 4565.54,
    "volume" : 29941.00
  }, {
    "date" : "2025-05-08",
    "price" : 5061.50,
    "dma50" : 4897.29,
    "dma100" : null,
    "dma200" : 4570.47,
    "volume" : 50303.00
  }, {
    "date" : "2025-05-09",
    "price" : 5108.00,
    "dma50" : 4905.55,
    "dma100" : null,
    "dma200" : 4575.82,
    "volume" : 60808.00
  }, {
    "date" : "2025-05-12",
    "price" : 5119.00,
    "dma50" : 4913.92,
    "dma100" : null,
    "dma200" : 4581.23,
    "volume" : 31592.00
  }, {
    "date" : "2025-05-13",
    "price" : 5202.00,
    "dma50" : 4925.22,
    "dma100" : null,
    "dma200" : 4587.40,
    "volume" : 46120.00
  }, {
    "date" : "2025-05-14",
    "price" : 5308.50,
    "dma50" : 4940.25,
    "dma100" : null,
    "dma200" : 4594.58,
    "volume" : 62554.00
  }, {
    "date" : "2025-05-15",
    "price" : 5246.50,
    "dma50" : 4952.26,
    "dma100" : null,
    "dma200" : 4601.06,
    "volume" : 58108.00
  }, {
    "date" : "2025-05-16",
    "price" : 5251.50,
    "dma50" : 4963.99,
    "dma100" : null,
    "dma200" : 4607.54,
    "volume" : 85536.00
  }, {
    "date" : "2025-05-19",
    "price" : 5276.00,
    "dma50" : 4976.23,
    "dma100" : null,
    "dma200" : 4614.19,
    "volume" : 28641.00
  }, {
    "date" : "2025-05-20",
    "price" : 5145.50,
    "dma50" : 4982.87,
    "dma100" : null,
    "dma200" : 4619.47,
    "volume" : 44875.00
  }, {
    "date" : "2025-05-21",
    "price" : 5145.50,
    "dma50" : 4989.25,
    "dma100" : null,
    "dma200" : 4624.71,
    "volume" : 43828.00
  }, {
    "date" : "2025-05-22",
    "price" : 5094.00,
    "dma50" : 4993.35,
    "dma100" : null,
    "dma200" : 4629.38,
    "volume" : 30988.00
  }, {
    "date" : "2025-05-23",
    "price" : 5108.50,
    "dma50" : 4997.87,
    "dma100" : null,
    "dma200" : 4634.15,
    "volume" : 140927.00
  }, {
    "date" : "2025-05-26",
    "price" : 5213.00,
    "dma50" : 5006.31,
    "dma100" : null,
    "dma200" : 4639.90,
    "volume" : 698153.00
  }, {
    "date" : "2025-05-27",
    "price" : 5292.00,
    "dma50" : 5017.51,
    "dma100" : null,
    "dma200" : 4646.39,
    "volume" : 259069.00
  }, {
    "date" : "2025-05-28",
    "price" : 5453.00,
    "dma50" : 5034.59,
    "dma100" : null,
    "dma200" : 4654.42,
    "volume" : 220209.00
  }, {
    "date" : "2025-05-29",
    "price" : 5402.50,
    "dma50" : 5049.02,
    "dma100" : null,
    "dma200" : 4661.86,
    "volume" : 75879.00
  }, {
    "date" : "2025-05-30",
    "price" : 5497.50,
    "dma50" : 5066.60,
    "dma100" : null,
    "dma200" : 4670.18,
    "volume" : 228133.00
  }, {
    "date" : "2025-06-02",
    "price" : 5478.00,
    "dma50" : 5082.74,
    "dma100" : null,
    "dma200" : 4678.22,
    "volume" : 95320.00
  }, {
    "date" : "2025-06-03",
    "price" : 5493.00,
    "dma50" : 5098.82,
    "dma100" : 4853.11,
    "dma200" : 4686.32,
    "volume" : 158023.00
  }, {
    "date" : "2025-06-04",
    "price" : 5579.00,
    "dma50" : 5117.66,
    "dma100" : 4860.66,
    "dma200" : 4695.21,
    "volume" : 95137.00
  }, {
    "date" : "2025-06-05",
    "price" : 5715.00,
    "dma50" : 5141.08,
    "dma100" : 4870.28,
    "dma200" : 4705.35,
    "volume" : 198999.00
  }, {
    "date" : "2025-06-06",
    "price" : 5876.50,
    "dma50" : 5169.92,
    "dma100" : 4881.66,
    "dma200" : 4717.01,
    "volume" : 187520.00
  }, {
    "date" : "2025-06-09",
    "price" : 5772.00,
    "dma50" : 5193.53,
    "dma100" : 4893.94,
    "dma200" : 4727.50,
    "volume" : 127213.00
  }, {
    "date" : "2025-06-10",
    "price" : 5766.00,
    "dma50" : 5215.98,
    "dma100" : 4907.96,
    "dma200" : 4737.84,
    "volume" : 120705.00
  }, {
    "date" : "2025-06-11",
    "price" : 5971.50,
    "dma50" : 5245.61,
    "dma100" : 4923.79,
    "dma200" : 4750.11,
    "volume" : 282560.00
  }, {
    "date" : "2025-06-12",
    "price" : 6001.50,
    "dma50" : 5275.25,
    "dma100" : 4939.22,
    "dma200" : 4762.56,
    "volume" : 157513.00
  }, {
    "date" : "2025-06-13",
    "price" : 6082.50,
    "dma50" : 5306.91,
    "dma100" : 4954.60,
    "dma200" : 4775.70,
    "volume" : 204147.00
  }, {
    "date" : "2025-06-16",
    "price" : 5978.50,
    "dma50" : 5333.25,
    "dma100" : 4968.97,
    "dma200" : 4787.67,
    "volume" : 313016.00
  }, {
    "date" : "2025-06-17",
    "price" : 5901.00,
    "dma50" : 5355.51,
    "dma100" : 4982.95,
    "dma200" : 4798.74,
    "volume" : 92224.00
  }, {
    "date" : "2025-06-18",
    "price" : 5876.00,
    "dma50" : 5375.92,
    "dma100" : 4995.93,
    "dma200" : 4809.46,
    "volume" : 136922.00
  }, {
    "date" : "2025-06-19",
    "price" : 5814.00,
    "dma50" : 5393.10,
    "dma100" : 5007.69,
    "dma200" : 4819.46,
    "volume" : 86365.00
  }, {
    "date" : "2025-06-20",
    "price" : 5693.50,
    "dma50" : 5404.88,
    "dma100" : 5016.73,
    "dma200" : 4828.15,
    "volume" : 497492.00
  }, {
    "date" : "2025-06-23",
    "price" : 5668.50,
    "dma50" : 5415.22,
    "dma100" : 5025.86,
    "dma200" : 4836.52,
    "volume" : 54682.00
  }, {
    "date" : "2025-06-24",
    "price" : 5832.50,
    "dma50" : 5431.58,
    "dma100" : 5036.32,
    "dma200" : 4846.43,
    "volume" : 140080.00
  }, {
    "date" : "2025-06-25",
    "price" : 6032.50,
    "dma50" : 5455.15,
    "dma100" : 5048.33,
    "dma200" : 4858.23,
    "volume" : 128350.00
  }, {
    "date" : "2025-06-26",
    "price" : 6063.00,
    "dma50" : 5478.99,
    "dma100" : 5060.05,
    "dma200" : 4870.22,
    "volume" : 133559.00
  }, {
    "date" : "2025-06-27",
    "price" : 6336.00,
    "dma50" : 5512.59,
    "dma100" : 5075.41,
    "dma200" : 4884.80,
    "volume" : 429064.00
  }, {
    "date" : "2025-06-30",
    "price" : 6150.00,
    "dma50" : 5537.59,
    "dma100" : 5088.56,
    "dma200" : 4897.39,
    "volume" : 291306.00
  }, {
    "date" : "2025-07-01",
    "price" : 6136.00,
    "dma50" : 5561.06,
    "dma100" : 5102.67,
    "dma200" : 4909.71,
    "volume" : 108848.00
  }, {
    "date" : "2025-07-02",
    "price" : 6159.00,
    "dma50" : 5584.51,
    "dma100" : 5116.75,
    "dma200" : 4922.15,
    "volume" : 67042.00
  }, {
    "date" : "2025-07-03",
    "price" : 6347.00,
    "dma50" : 5614.41,
    "dma100" : 5131.43,
    "dma200" : 4936.32,
    "volume" : 152836.00
  }, {
    "date" : "2025-07-04",
    "price" : 6252.00,
    "dma50" : 5639.41,
    "dma100" : 5144.60,
    "dma200" : 4949.41,
    "volume" : 41692.00
  }, {
    "date" : "2025-07-07",
    "price" : 6246.00,
    "dma50" : 5663.20,
    "dma100" : 5158.08,
    "dma200" : 4962.32,
    "volume" : 97246.00
  }, {
    "date" : "2025-07-08",
    "price" : 6297.50,
    "dma50" : 5688.07,
    "dma100" : 5172.26,
    "dma200" : 4975.60,
    "volume" : 75385.00
  }, {
    "date" : "2025-07-09",
    "price" : 6392.50,
    "dma50" : 5715.70,
    "dma100" : 5188.08,
    "dma200" : 4989.70,
    "volume" : 110923.00
  }, {
    "date" : "2025-07-10",
    "price" : 6410.00,
    "dma50" : 5742.93,
    "dma100" : 5203.95,
    "dma200" : 5003.83,
    "volume" : 61404.00
  }, {
    "date" : "2025-07-11",
    "price" : 6447.50,
    "dma50" : 5770.56,
    "dma100" : 5220.92,
    "dma200" : 5018.20,
    "volume" : 177829.00
  }, {
    "date" : "2025-07-14",
    "price" : 6510.50,
    "dma50" : 5799.57,
    "dma100" : 5238.07,
    "dma200" : 5033.05,
    "volume" : 61200.00
  }, {
    "date" : "2025-07-15",
    "price" : 6456.00,
    "dma50" : 5825.32,
    "dma100" : 5256.06,
    "dma200" : 5047.20,
    "volume" : 77818.00
  }, {
    "date" : "2025-07-16",
    "price" : 6490.50,
    "dma50" : 5851.40,
    "dma100" : 5274.58,
    "dma200" : 5061.57,
    "volume" : 56981.00
  }, {
    "date" : "2025-07-17",
    "price" : 6430.50,
    "dma50" : 5874.11,
    "dma100" : 5293.71,
    "dma200" : 5075.19,
    "volume" : 46687.00
  }, {
    "date" : "2025-07-18",
    "price" : 6498.00,
    "dma50" : 5898.58,
    "dma100" : 5312.47,
    "dma200" : 5089.34,
    "volume" : 198285.00
  }, {
    "date" : "2025-07-21",
    "price" : 6416.00,
    "dma50" : 5918.87,
    "dma100" : 5329.91,
    "dma200" : 5102.54,
    "volume" : 197648.00
  }, {
    "date" : "2025-07-22",
    "price" : 6490.00,
    "dma50" : 5941.27,
    "dma100" : 5349.01,
    "dma200" : 5116.35,
    "volume" : 118982.00
  }, {
    "date" : "2025-07-23",
    "price" : 6614.50,
    "dma50" : 5967.67,
    "dma100" : 5369.26,
    "dma200" : 5131.26,
    "volume" : 109286.00
  }, {
    "date" : "2025-07-24",
    "price" : 6622.00,
    "dma50" : 5993.33,
    "dma100" : 5389.73,
    "dma200" : 5146.09,
    "volume" : 91240.00
  }, {
    "date" : "2025-07-25",
    "price" : 6479.00,
    "dma50" : 6012.37,
    "dma100" : 5409.34,
    "dma200" : 5159.35,
    "volume" : 66799.00
  }, {
    "date" : "2025-07-28",
    "price" : 6439.00,
    "dma50" : 6029.10,
    "dma100" : 5429.84,
    "dma200" : 5172.09,
    "volume" : 59560.00
  }, {
    "date" : "2025-07-29",
    "price" : 6502.00,
    "dma50" : 6047.65,
    "dma100" : 5450.37,
    "dma200" : 5185.32,
    "volume" : 69461.00
  }, {
    "date" : "2025-07-30",
    "price" : 6613.00,
    "dma50" : 6069.82,
    "dma100" : 5472.45,
    "dma200" : 5199.52,
    "volume" : 76153.00
  }, {
    "date" : "2025-07-31",
    "price" : 6659.00,
    "dma50" : 6092.92,
    "dma100" : 5494.40,
    "dma200" : 5214.05,
    "volume" : 46109.00
  }, {
    "date" : "2025-08-01",
    "price" : 6681.50,
    "dma50" : 6116.01,
    "dma100" : 5516.16,
    "dma200" : 5228.65,
    "volume" : 90175.00
  }, {
    "date" : "2025-08-04",
    "price" : 6784.00,
    "dma50" : 6142.20,
    "dma100" : 5539.78,
    "dma200" : 5244.12,
    "volume" : 93284.00
  }, {
    "date" : "2025-08-05",
    "price" : 6928.00,
    "dma50" : 6173.02,
    "dma100" : 5565.09,
    "dma200" : 5260.88,
    "volume" : 236117.00
  }, {
    "date" : "2025-08-06",
    "price" : 6960.00,
    "dma50" : 6203.88,
    "dma100" : 5591.22,
    "dma200" : 5277.79,
    "volume" : 129105.00
  }, {
    "date" : "2025-08-07",
    "price" : 6888.50,
    "dma50" : 6230.73,
    "dma100" : 5616.60,
    "dma200" : 5293.81,
    "volume" : 133471.00
  }, {
    "date" : "2025-08-08",
    "price" : 7051.00,
    "dma50" : 6262.90,
    "dma100" : 5644.40,
    "dma200" : 5311.30,
    "volume" : 131441.00
  }, {
    "date" : "2025-08-11",
    "price" : 6962.00,
    "dma50" : 6290.31,
    "dma100" : 5670.46,
    "dma200" : 5327.72,
    "volume" : 167126.00
  }, {
    "date" : "2025-08-12",
    "price" : 7025.00,
    "dma50" : 6319.12,
    "dma100" : 5695.73,
    "dma200" : 5344.61,
    "volume" : 134922.00
  }, {
    "date" : "2025-08-13",
    "price" : 6940.00,
    "dma50" : 6343.47,
    "dma100" : 5718.74,
    "dma200" : 5360.49,
    "volume" : 43436.00
  }, {
    "date" : "2025-08-14",
    "price" : 7001.50,
    "dma50" : 6369.28,
    "dma100" : 5742.14,
    "dma200" : 5376.81,
    "volume" : 66866.00
  }, {
    "date" : "2025-08-18",
    "price" : 7305.50,
    "dma50" : 6405.99,
    "dma100" : 5766.97,
    "dma200" : 5396.00,
    "volume" : 158452.00
  }, {
    "date" : "2025-08-19",
    "price" : 7398.50,
    "dma50" : 6444.91,
    "dma100" : 5793.55,
    "dma200" : 5415.93,
    "volume" : 128944.00
  }, {
    "date" : "2025-08-20",
    "price" : 7539.00,
    "dma50" : 6487.82,
    "dma100" : 5821.45,
    "dma200" : 5437.06,
    "volume" : 116161.00
  }, {
    "date" : "2025-08-21",
    "price" : 7134.00,
    "dma50" : 6513.16,
    "dma100" : 5845.66,
    "dma200" : 5453.94,
    "volume" : 113073.00
  }, {
    "date" : "2025-08-22",
    "price" : 6841.00,
    "dma50" : 6526.01,
    "dma100" : 5865.22,
    "dma200" : 5467.74,
    "volume" : 185359.00
  }, {
    "date" : "2025-08-25",
    "price" : 6949.50,
    "dma50" : 6542.62,
    "dma100" : 5885.39,
    "dma200" : 5482.49,
    "volume" : 128242.00
  }, {
    "date" : "2025-08-26",
    "price" : 6933.50,
    "dma50" : 6557.95,
    "dma100" : 5905.40,
    "dma200" : 5496.92,
    "volume" : 112292.00
  }, {
    "date" : "2025-08-28",
    "price" : 6986.00,
    "dma50" : 6574.74,
    "dma100" : 5925.33,
    "dma200" : 5511.74,
    "volume" : 199735.00
  }, {
    "date" : "2025-08-29",
    "price" : 6946.50,
    "dma50" : 6589.32,
    "dma100" : 5944.82,
    "dma200" : 5526.02,
    "volume" : 65045.00
  }, {
    "date" : "2025-09-01",
    "price" : 7067.50,
    "dma50" : 6608.07,
    "dma100" : 5965.94,
    "dma200" : 5541.35,
    "volume" : 179154.00
  }, {
    "date" : "2025-09-02",
    "price" : 6994.00,
    "dma50" : 6623.20,
    "dma100" : 5987.89,
    "dma200" : 5555.81,
    "volume" : 138103.00
  }, {
    "date" : "2025-09-03",
    "price" : 6755.50,
    "dma50" : 6628.39,
    "dma100" : 6006.59,
    "dma200" : 5567.75,
    "volume" : 149583.00
  }, {
    "date" : "2025-09-04",
    "price" : 6678.50,
    "dma50" : 6630.36,
    "dma100" : 6024.52,
    "dma200" : 5578.80,
    "volume" : 170330.00
  }, {
    "date" : "2025-09-05",
    "price" : 6634.00,
    "dma50" : 6630.50,
    "dma100" : 6041.29,
    "dma200" : 5589.30,
    "volume" : 62173.00
  }, {
    "date" : "2025-09-08",
    "price" : 6797.50,
    "dma50" : 6637.05,
    "dma100" : 6058.67,
    "dma200" : 5601.32,
    "volume" : 113826.00
  }, {
    "date" : "2025-09-09",
    "price" : 6692.50,
    "dma50" : 6639.22,
    "dma100" : 6075.08,
    "dma200" : 5612.18,
    "volume" : 47821.00
  }, {
    "date" : "2025-09-10",
    "price" : 6586.00,
    "dma50" : 6637.14,
    "dma100" : 6090.34,
    "dma200" : 5621.87,
    "volume" : 88293.00
  }, {
    "date" : "2025-09-11",
    "price" : 6625.00,
    "dma50" : 6636.66,
    "dma100" : 6106.04,
    "dma200" : 5631.85,
    "volume" : 47835.00
  }, {
    "date" : "2025-09-12",
    "price" : 6555.00,
    "dma50" : 6633.46,
    "dma100" : 6120.07,
    "dma200" : 5641.03,
    "volume" : 54438.00
  }, {
    "date" : "2025-09-15",
    "price" : 6475.00,
    "dma50" : 6627.24,
    "dma100" : 6134.01,
    "dma200" : 5649.33,
    "volume" : 191262.00
  }, {
    "date" : "2025-09-16",
    "price" : 6689.00,
    "dma50" : 6629.66,
    "dma100" : 6148.27,
    "dma200" : 5659.68,
    "volume" : 159999.00
  }, {
    "date" : "2025-09-17",
    "price" : 6777.50,
    "dma50" : 6635.46,
    "dma100" : 6163.60,
    "dma200" : 5670.80,
    "volume" : 102223.00
  }, {
    "date" : "2025-09-18",
    "price" : 6800.00,
    "dma50" : 6641.91,
    "dma100" : 6180.35,
    "dma200" : 5682.04,
    "volume" : 124567.00
  }, {
    "date" : "2025-09-19",
    "price" : 6862.00,
    "dma50" : 6650.55,
    "dma100" : 6197.45,
    "dma200" : 5693.78,
    "volume" : 560809.00
  }, {
    "date" : "2025-09-22",
    "price" : 6859.50,
    "dma50" : 6658.74,
    "dma100" : 6214.91,
    "dma200" : 5705.38,
    "volume" : 40787.00
  }, {
    "date" : "2025-09-23",
    "price" : 6850.50,
    "dma50" : 6666.26,
    "dma100" : 6231.80,
    "dma200" : 5716.77,
    "volume" : 32865.00
  }, {
    "date" : "2025-09-24",
    "price" : 6669.50,
    "dma50" : 6666.39,
    "dma100" : 6246.89,
    "dma200" : 5726.25,
    "volume" : 72384.00
  }, {
    "date" : "2025-09-25",
    "price" : 6581.00,
    "dma50" : 6663.04,
    "dma100" : 6261.65,
    "dma200" : 5734.75,
    "volume" : 68268.00
  }, {
    "date" : "2025-09-26",
    "price" : 6347.50,
    "dma50" : 6650.66,
    "dma100" : 6274.65,
    "dma200" : 5740.85,
    "volume" : 116670.00
  }, {
    "date" : "2025-09-29",
    "price" : 6314.50,
    "dma50" : 6637.48,
    "dma100" : 6287.18,
    "dma200" : 5746.56,
    "volume" : 55283.00
  }, {
    "date" : "2025-09-30",
    "price" : 6300.00,
    "dma50" : 6624.25,
    "dma100" : 6299.10,
    "dma200" : 5752.07,
    "volume" : 90864.00
  }, {
    "date" : "2025-10-01",
    "price" : 6305.00,
    "dma50" : 6611.73,
    "dma100" : 6310.95,
    "dma200" : 5757.57,
    "volume" : 144048.00
  }, {
    "date" : "2025-10-03",
    "price" : 6318.00,
    "dma50" : 6600.21,
    "dma100" : 6322.11,
    "dma200" : 5763.14,
    "volume" : 136063.00
  }, {
    "date" : "2025-10-06",
    "price" : 6348.00,
    "dma50" : 6590.32,
    "dma100" : 6332.51,
    "dma200" : 5768.96,
    "volume" : 29723.00
  }, {
    "date" : "2025-10-07",
    "price" : 6470.00,
    "dma50" : 6585.60,
    "dma100" : 6344.74,
    "dma200" : 5775.94,
    "volume" : 78196.00
  }, {
    "date" : "2025-10-08",
    "price" : 6430.50,
    "dma50" : 6579.52,
    "dma100" : 6356.53,
    "dma200" : 5782.45,
    "volume" : 47686.00
  }, {
    "date" : "2025-10-09",
    "price" : 6581.00,
    "dma50" : 6579.58,
    "dma100" : 6369.59,
    "dma200" : 5790.40,
    "volume" : 110492.00
  }, {
    "date" : "2025-10-10",
    "price" : 6621.00,
    "dma50" : 6581.20,
    "dma100" : 6384.34,
    "dma200" : 5798.66,
    "volume" : 71342.00
  }, {
    "date" : "2025-10-13",
    "price" : 6630.50,
    "dma50" : 6583.13,
    "dma100" : 6399.19,
    "dma200" : 5806.94,
    "volume" : 44748.00
  }, {
    "date" : "2025-10-14",
    "price" : 6725.00,
    "dma50" : 6588.70,
    "dma100" : 6415.50,
    "dma200" : 5816.08,
    "volume" : 98183.00
  }, {
    "date" : "2025-10-15",
    "price" : 6501.00,
    "dma50" : 6585.26,
    "dma100" : 6429.43,
    "dma200" : 5822.89,
    "volume" : 140780.00
  }, {
    "date" : "2025-10-16",
    "price" : 6555.00,
    "dma50" : 6584.07,
    "dma100" : 6442.85,
    "dma200" : 5830.18,
    "volume" : 149255.00
  }, {
    "date" : "2025-10-17",
    "price" : 6490.00,
    "dma50" : 6580.38,
    "dma100" : 6454.82,
    "dma200" : 5836.74,
    "volume" : 34674.00
  }, {
    "date" : "2025-10-20",
    "price" : 6428.50,
    "dma50" : 6574.43,
    "dma100" : 6464.58,
    "dma200" : 5842.63,
    "volume" : 82127.00
  }, {
    "date" : "2025-10-21",
    "price" : 6466.00,
    "dma50" : 6570.17,
    "dma100" : 6475.22,
    "dma200" : 5848.83,
    "volume" : 3417.00
  }, {
    "date" : "2025-10-23",
    "price" : 6359.00,
    "dma50" : 6561.89,
    "dma100" : 6483.83,
    "dma200" : 5853.91,
    "volume" : 90908.00
  }, {
    "date" : "2025-10-24",
    "price" : 6257.50,
    "dma50" : 6549.96,
    "dma100" : 6491.62,
    "dma200" : 5857.92,
    "volume" : 90300.00
  }, {
    "date" : "2025-10-27",
    "price" : 6399.00,
    "dma50" : 6544.04,
    "dma100" : 6500.69,
    "dma200" : 5863.31,
    "volume" : 92716.00
  }, {
    "date" : "2025-10-28",
    "price" : 6420.50,
    "dma50" : 6539.19,
    "dma100" : 6509.10,
    "dma200" : 5868.85,
    "volume" : 64177.00
  }, {
    "date" : "2025-10-29",
    "price" : 6332.50,
    "dma50" : 6531.09,
    "dma100" : 6515.27,
    "dma200" : 5873.46,
    "volume" : 52095.00
  }, {
    "date" : "2025-10-30",
    "price" : 6245.50,
    "dma50" : 6519.89,
    "dma100" : 6518.97,
    "dma200" : 5877.17,
    "volume" : 149783.00
  }, {
    "date" : "2025-10-31",
    "price" : 6214.00,
    "dma50" : 6507.89,
    "dma100" : 6523.39,
    "dma200" : 5880.52,
    "volume" : 279435.00
  }, {
    "date" : "2025-11-03",
    "price" : 5899.50,
    "dma50" : 6484.03,
    "dma100" : 6524.72,
    "dma200" : 5880.71,
    "volume" : 482290.00
  }, {
    "date" : "2025-11-04",
    "price" : 5775.50,
    "dma50" : 6456.25,
    "dma100" : 6522.76,
    "dma200" : 5879.66,
    "volume" : 177900.00
  }, {
    "date" : "2025-11-06",
    "price" : 5702.00,
    "dma50" : 6426.67,
    "dma100" : 6519.77,
    "dma200" : 5877.89,
    "volume" : 135052.00
  }, {
    "date" : "2025-11-07",
    "price" : 5636.00,
    "dma50" : 6395.66,
    "dma100" : 6515.30,
    "dma200" : 5875.49,
    "volume" : 124457.00
  }, {
    "date" : "2025-11-10",
    "price" : 5611.00,
    "dma50" : 6364.89,
    "dma100" : 6511.62,
    "dma200" : 5872.85,
    "volume" : 91699.00
  }, {
    "date" : "2025-11-11",
    "price" : 5526.50,
    "dma50" : 6332.01,
    "dma100" : 6507.88,
    "dma200" : 5869.41,
    "volume" : 246352.00
  }, {
    "date" : "2025-11-12",
    "price" : 5500.50,
    "dma50" : 6299.40,
    "dma100" : 6504.12,
    "dma200" : 5865.74,
    "volume" : 157694.00
  }, {
    "date" : "2025-11-13",
    "price" : 5626.50,
    "dma50" : 6273.02,
    "dma100" : 6502.25,
    "dma200" : 5863.36,
    "volume" : 108988.00
  }, {
    "date" : "2025-11-14",
    "price" : 5556.00,
    "dma50" : 6244.90,
    "dma100" : 6500.88,
    "dma200" : 5860.30,
    "volume" : 102020.00
  }, {
    "date" : "2025-11-17",
    "price" : 5606.50,
    "dma50" : 6219.86,
    "dma100" : 6500.26,
    "dma200" : 5857.77,
    "volume" : 83866.00
  }, {
    "date" : "2025-11-18",
    "price" : 5487.00,
    "dma50" : 6191.12,
    "dma100" : 6496.80,
    "dma200" : 5854.08,
    "volume" : 88362.00
  }, {
    "date" : "2025-11-19",
    "price" : 5707.00,
    "dma50" : 6172.14,
    "dma100" : 6493.55,
    "dma200" : 5852.62,
    "volume" : 167989.00
  }, {
    "date" : "2025-11-20",
    "price" : 5633.50,
    "dma50" : 6151.01,
    "dma100" : 6489.25,
    "dma200" : 5850.44,
    "volume" : 162622.00
  }, {
    "date" : "2025-11-21",
    "price" : 5621.00,
    "dma50" : 6130.23,
    "dma100" : 6482.10,
    "dma200" : 5848.16,
    "volume" : 76706.00
  }, {
    "date" : "2025-11-24",
    "price" : 5553.00,
    "dma50" : 6107.59,
    "dma100" : 6476.13,
    "dma200" : 5845.22,
    "volume" : 96674.00
  }, {
    "date" : "2025-11-25",
    "price" : 5585.00,
    "dma50" : 6087.10,
    "dma100" : 6470.62,
    "dma200" : 5842.63,
    "volume" : 61877.00
  }, {
    "date" : "2025-11-26",
    "price" : 5925.00,
    "dma50" : 6080.74,
    "dma100" : 6468.28,
    "dma200" : 5843.45,
    "volume" : 209025.00
  }, {
    "date" : "2025-11-27",
    "price" : 5841.00,
    "dma50" : 6071.34,
    "dma100" : 6463.22,
    "dma200" : 5843.43,
    "volume" : 112223.00
  }, {
    "date" : "2025-11-28",
    "price" : 5758.00,
    "dma50" : 6059.05,
    "dma100" : 6458.28,
    "dma200" : 5842.58,
    "volume" : 227205.00
  }, {
    "date" : "2025-12-01",
    "price" : 5783.50,
    "dma50" : 6048.25,
    "dma100" : 6453.65,
    "dma200" : 5841.99,
    "volume" : 118736.00
  }, {
    "date" : "2025-12-02",
    "price" : 5797.00,
    "dma50" : 6038.39,
    "dma100" : 6448.65,
    "dma200" : 5841.54,
    "volume" : 83595.00
  }, {
    "date" : "2025-12-03",
    "price" : 5706.50,
    "dma50" : 6025.38,
    "dma100" : 6441.79,
    "dma200" : 5840.20,
    "volume" : 55162.00
  }, {
    "date" : "2025-12-04",
    "price" : 5618.50,
    "dma50" : 6009.42,
    "dma100" : 6433.88,
    "dma200" : 5837.99,
    "volume" : 80652.00
  }, {
    "date" : "2025-12-05",
    "price" : 5625.00,
    "dma50" : 5994.35,
    "dma100" : 6425.65,
    "dma200" : 5835.87,
    "volume" : 119098.00
  }, {
    "date" : "2025-12-08",
    "price" : 5507.50,
    "dma50" : 5975.26,
    "dma100" : 6415.62,
    "dma200" : 5832.60,
    "volume" : 56932.00
  }, {
    "date" : "2025-12-09",
    "price" : 5548.00,
    "dma50" : 5958.50,
    "dma100" : 6406.54,
    "dma200" : 5829.77,
    "volume" : 121349.00
  }, {
    "date" : "2025-12-10",
    "price" : 5481.50,
    "dma50" : 5939.79,
    "dma100" : 6396.45,
    "dma200" : 5826.31,
    "volume" : 44052.00
  }, {
    "date" : "2025-12-11",
    "price" : 5604.00,
    "dma50" : 5926.63,
    "dma100" : 6388.19,
    "dma200" : 5824.09,
    "volume" : 100303.00
  }, {
    "date" : "2025-12-12",
    "price" : 5724.50,
    "dma50" : 5918.70,
    "dma100" : 6380.45,
    "dma200" : 5823.10,
    "volume" : 88662.00
  }, {
    "date" : "2025-12-15",
    "price" : 5666.00,
    "dma50" : 5908.79,
    "dma100" : 6372.95,
    "dma200" : 5821.54,
    "volume" : 34857.00
  }, {
    "date" : "2025-12-16",
    "price" : 5624.00,
    "dma50" : 5897.62,
    "dma100" : 6364.29,
    "dma200" : 5819.58,
    "volume" : 91545.00
  }, {
    "date" : "2025-12-17",
    "price" : 5597.00,
    "dma50" : 5885.83,
    "dma100" : 6354.11,
    "dma200" : 5817.36,
    "volume" : 59605.00
  }, {
    "date" : "2025-12-18",
    "price" : 5448.50,
    "dma50" : 5868.68,
    "dma100" : 6342.38,
    "dma200" : 5813.69,
    "volume" : 53561.00
  }, {
    "date" : "2025-12-19",
    "price" : 5419.50,
    "dma50" : 5851.07,
    "dma100" : 6331.78,
    "dma200" : 5809.77,
    "volume" : 44884.00
  }, {
    "date" : "2025-12-22",
    "price" : 5415.00,
    "dma50" : 5833.97,
    "dma100" : 6321.55,
    "dma200" : 5805.84,
    "volume" : 76806.00
  }, {
    "date" : "2025-12-23",
    "price" : 5614.50,
    "dma50" : 5825.36,
    "dma100" : 6312.67,
    "dma200" : 5803.94,
    "volume" : 117993.00
  }, {
    "date" : "2025-12-24",
    "price" : 5692.00,
    "dma50" : 5820.13,
    "dma100" : 6303.46,
    "dma200" : 5802.82,
    "volume" : 73174.00
  }, {
    "date" : "2025-12-26",
    "price" : 5685.50,
    "dma50" : 5814.85,
    "dma100" : 6293.73,
    "dma200" : 5801.65,
    "volume" : 110102.00
  }, {
    "date" : "2025-12-29",
    "price" : 5728.50,
    "dma50" : 5811.46,
    "dma100" : 6284.19,
    "dma200" : 5800.93,
    "volume" : 39690.00
  }, {
    "date" : "2025-12-30",
    "price" : 5491.50,
    "dma50" : 5798.92,
    "dma100" : 6271.27,
    "dma200" : 5797.85,
    "volume" : 253529.00
  }, {
    "date" : "2025-12-31",
    "price" : 5531.00,
    "dma50" : 5788.41,
    "dma100" : 6257.30,
    "dma200" : 5795.19,
    "volume" : 90827.00
  }, {
    "date" : "2026-01-01",
    "price" : 5498.00,
    "dma50" : 5777.02,
    "dma100" : 6242.68,
    "dma200" : 5792.24,
    "volume" : 79512.00
  }, {
    "date" : "2026-01-02",
    "price" : 5560.50,
    "dma50" : 5768.53,
    "dma100" : 6229.40,
    "dma200" : 5789.93,
    "volume" : 70301.00
  } ],
  "latestTechnicalAttributes" : {
    "date" : "2026-01-02",
    "price" : 5560.50,
    "dma50" : 5768.53,
    "dma100" : 6229.40,
    "dma200" : 5789.93,
    "volume" : 70301.00
  },
  "quarterlyResults" : [ {
    "date" : "2005-03-31",
    "sales" : 215.00,
    "salesGrowthYoY" : null,
    "grossProfitMargin" : 55.91,
    "grossProfit" : 120.21,
    "operatingProfitMargin" : 13.35,
    "operatingProfit" : 28.70,
    "netProfitMargin" : 2.88,
    "netProfit" : 6.19
  }, {
    "date" : "2005-06-30",
    "sales" : 200.30,
    "salesGrowthYoY" : null,
    "grossProfitMargin" : 56.17,
    "grossProfit" : 112.51,
    "operatingProfitMargin" : 12.48,
    "operatingProfit" : 25.00,
    "netProfitMargin" : 1.75,
    "netProfit" : 3.51
  }, {
    "date" : "2005-09-30",
    "sales" : 205.80,
    "salesGrowthYoY" : null,
    "grossProfitMargin" : 57.24,
    "grossProfit" : 117.80,
    "operatingProfitMargin" : 13.70,
    "operatingProfit" : 28.19,
    "netProfitMargin" : 2.38,
    "netProfit" : 4.90
  }, {
    "date" : "2005-12-31",
    "sales" : 221.70,
    "salesGrowthYoY" : null,
    "grossProfitMargin" : 58.77,
    "grossProfit" : 130.29,
    "operatingProfitMargin" : 15.02,
    "operatingProfit" : 33.30,
    "netProfitMargin" : 3.52,
    "netProfit" : 7.80
  }, {
    "date" : "2006-03-31",
    "sales" : 245.90,
    "salesGrowthYoY" : 14.37,
    "grossProfitMargin" : 62.10,
    "grossProfit" : 152.70,
    "operatingProfitMargin" : 18.54,
    "operatingProfit" : 45.59,
    "netProfitMargin" : 6.67,
    "netProfit" : 16.40
  }, {
    "date" : "2006-06-30",
    "sales" : 279.50,
    "salesGrowthYoY" : 39.54,
    "grossProfitMargin" : 64.36,
    "grossProfit" : 179.89,
    "operatingProfitMargin" : 23.51,
    "operatingProfit" : 65.71,
    "netProfitMargin" : 11.81,
    "netProfit" : 33.01
  }, {
    "date" : "2006-09-30",
    "sales" : 268.20,
    "salesGrowthYoY" : 30.32,
    "grossProfitMargin" : 62.53,
    "grossProfit" : 167.71,
    "operatingProfitMargin" : 23.68,
    "operatingProfit" : 63.51,
    "netProfitMargin" : 12.68,
    "netProfit" : 34.01
  }, {
    "date" : "2006-12-31",
    "sales" : 319.00,
    "salesGrowthYoY" : 43.89,
    "grossProfitMargin" : 64.70,
    "grossProfit" : 206.39,
    "operatingProfitMargin" : 27.68,
    "operatingProfit" : 88.30,
    "netProfitMargin" : 15.74,
    "netProfit" : 50.21
  }, {
    "date" : "2007-03-31",
    "sales" : 366.60,
    "salesGrowthYoY" : 49.08,
    "grossProfitMargin" : 67.95,
    "grossProfit" : 249.10,
    "operatingProfitMargin" : 30.47,
    "operatingProfit" : 111.70,
    "netProfitMargin" : 16.75,
    "netProfit" : 61.41
  }, {
    "date" : "2007-06-30",
    "sales" : 326.43,
    "salesGrowthYoY" : 16.79,
    "grossProfitMargin" : 68.25,
    "grossProfit" : 222.79,
    "operatingProfitMargin" : 29.56,
    "operatingProfit" : 96.49,
    "netProfitMargin" : 16.09,
    "netProfit" : 52.52
  }, {
    "date" : "2007-09-30",
    "sales" : 356.33,
    "salesGrowthYoY" : 32.86,
    "grossProfitMargin" : 66.47,
    "grossProfit" : 236.85,
    "operatingProfitMargin" : 28.18,
    "operatingProfit" : 100.41,
    "netProfitMargin" : 20.39,
    "netProfit" : 72.66
  }, {
    "date" : "2007-12-31",
    "sales" : 389.89,
    "salesGrowthYoY" : 22.22,
    "grossProfitMargin" : 68.36,
    "grossProfit" : 266.53,
    "operatingProfitMargin" : 29.81,
    "operatingProfit" : 116.23,
    "netProfitMargin" : 20.58,
    "netProfit" : 80.24
  }, {
    "date" : "2008-03-31",
    "sales" : 388.10,
    "salesGrowthYoY" : 5.86,
    "grossProfitMargin" : 63.57,
    "grossProfit" : 246.72,
    "operatingProfitMargin" : 27.07,
    "operatingProfit" : 105.06,
    "netProfitMargin" : 15.40,
    "netProfit" : 59.77
  }, {
    "date" : "2008-06-30",
    "sales" : 344.37,
    "salesGrowthYoY" : 5.50,
    "grossProfitMargin" : 65.07,
    "grossProfit" : 224.08,
    "operatingProfitMargin" : 22.40,
    "operatingProfit" : 77.14,
    "netProfitMargin" : 10.49,
    "netProfit" : 36.12
  }, {
    "date" : "2008-09-30",
    "sales" : 361.62,
    "salesGrowthYoY" : 1.48,
    "grossProfitMargin" : 59.07,
    "grossProfit" : 213.61,
    "operatingProfitMargin" : 14.22,
    "operatingProfit" : 51.42,
    "netProfitMargin" : 4.91,
    "netProfit" : 17.76
  }, {
    "date" : "2008-12-31",
    "sales" : 363.35,
    "salesGrowthYoY" : -6.81,
    "grossProfitMargin" : 64.16,
    "grossProfit" : 233.13,
    "operatingProfitMargin" : 19.47,
    "operatingProfit" : 70.74,
    "netProfitMargin" : 7.89,
    "netProfit" : 28.67
  }, {
    "date" : "2009-03-31",
    "sales" : 433.11,
    "salesGrowthYoY" : 11.60,
    "grossProfitMargin" : 68.64,
    "grossProfit" : 297.29,
    "operatingProfitMargin" : 30.09,
    "operatingProfit" : 130.32,
    "netProfitMargin" : 13.80,
    "netProfit" : 59.77
  }, {
    "date" : "2009-06-30",
    "sales" : 430.54,
    "salesGrowthYoY" : 25.02,
    "grossProfitMargin" : 71.15,
    "grossProfit" : 306.33,
    "operatingProfitMargin" : 30.32,
    "operatingProfit" : 130.54,
    "netProfitMargin" : 16.31,
    "netProfit" : 70.22
  }, {
    "date" : "2009-09-30",
    "sales" : 439.65,
    "salesGrowthYoY" : 21.58,
    "grossProfitMargin" : 71.07,
    "grossProfit" : 312.46,
    "operatingProfitMargin" : 28.28,
    "operatingProfit" : 124.33,
    "netProfitMargin" : 14.87,
    "netProfit" : 65.38
  }, {
    "date" : "2009-12-31",
    "sales" : 433.17,
    "salesGrowthYoY" : 19.22,
    "grossProfitMargin" : 69.22,
    "grossProfit" : 299.84,
    "operatingProfitMargin" : 22.03,
    "operatingProfit" : 95.43,
    "netProfitMargin" : 10.73,
    "netProfit" : 46.48
  }, {
    "date" : "2010-03-31",
    "sales" : 543.29,
    "salesGrowthYoY" : 25.44,
    "grossProfitMargin" : 63.77,
    "grossProfit" : 346.46,
    "operatingProfitMargin" : 19.78,
    "operatingProfit" : 107.46,
    "netProfitMargin" : 8.08,
    "netProfit" : 43.90
  }, {
    "date" : "2010-06-30",
    "sales" : 527.39,
    "salesGrowthYoY" : 22.50,
    "grossProfitMargin" : 67.49,
    "grossProfit" : 355.94,
    "operatingProfitMargin" : 17.76,
    "operatingProfit" : 93.66,
    "netProfitMargin" : 5.59,
    "netProfit" : 29.48
  }, {
    "date" : "2010-09-30",
    "sales" : 435.40,
    "salesGrowthYoY" : -0.97,
    "grossProfitMargin" : 55.00,
    "grossProfit" : 239.47,
    "operatingProfitMargin" : 4.71,
    "operatingProfit" : 20.51,
    "netProfitMargin" : -4.79,
    "netProfit" : -20.86
  }, {
    "date" : "2010-12-31",
    "sales" : 476.34,
    "salesGrowthYoY" : 9.97,
    "grossProfitMargin" : 60.23,
    "grossProfit" : 286.90,
    "operatingProfitMargin" : 11.99,
    "operatingProfit" : 57.11,
    "netProfitMargin" : 0.38,
    "netProfit" : 1.81
  }, {
    "date" : "2011-03-31",
    "sales" : 672.46,
    "salesGrowthYoY" : 23.78,
    "grossProfitMargin" : 61.59,
    "grossProfit" : 414.17,
    "operatingProfitMargin" : 18.31,
    "operatingProfit" : 123.13,
    "netProfitMargin" : 7.12,
    "netProfit" : 47.88
  }, {
    "date" : "2011-06-30",
    "sales" : 609.03,
    "salesGrowthYoY" : 15.48,
    "grossProfitMargin" : 64.19,
    "grossProfit" : 390.94,
    "operatingProfitMargin" : 21.72,
    "operatingProfit" : 132.28,
    "netProfitMargin" : 8.19,
    "netProfit" : 49.88
  }, {
    "date" : "2011-09-30",
    "sales" : 513.49,
    "salesGrowthYoY" : 17.94,
    "grossProfitMargin" : 59.24,
    "grossProfit" : 304.19,
    "operatingProfitMargin" : 12.12,
    "operatingProfit" : 62.23,
    "netProfitMargin" : 0.69,
    "netProfit" : 3.54
  }, {
    "date" : "2011-12-31",
    "sales" : 615.90,
    "salesGrowthYoY" : 29.30,
    "grossProfitMargin" : 63.60,
    "grossProfit" : 391.71,
    "operatingProfitMargin" : 19.55,
    "operatingProfit" : 120.41,
    "netProfitMargin" : 7.07,
    "netProfit" : 43.54
  }, {
    "date" : "2012-03-31",
    "sales" : 809.40,
    "salesGrowthYoY" : 20.36,
    "grossProfitMargin" : 61.84,
    "grossProfit" : 500.53,
    "operatingProfitMargin" : 25.05,
    "operatingProfit" : 202.75,
    "netProfitMargin" : 10.47,
    "netProfit" : 84.74
  }, {
    "date" : "2012-06-30",
    "sales" : 737.46,
    "salesGrowthYoY" : 21.09,
    "grossProfitMargin" : 63.60,
    "grossProfit" : 469.02,
    "operatingProfitMargin" : 21.48,
    "operatingProfit" : 158.41,
    "netProfitMargin" : 9.34,
    "netProfit" : 68.88
  }, {
    "date" : "2012-09-30",
    "sales" : 714.87,
    "salesGrowthYoY" : 39.22,
    "grossProfitMargin" : 62.46,
    "grossProfit" : 446.51,
    "operatingProfitMargin" : 18.42,
    "operatingProfit" : 131.68,
    "netProfitMargin" : 7.57,
    "netProfit" : 54.12
  }, {
    "date" : "2012-12-31",
    "sales" : 688.08,
    "salesGrowthYoY" : 11.72,
    "grossProfitMargin" : 64.39,
    "grossProfit" : 443.05,
    "operatingProfitMargin" : 19.60,
    "operatingProfit" : 134.86,
    "netProfitMargin" : 7.90,
    "netProfit" : 54.36
  }, {
    "date" : "2013-03-31",
    "sales" : 771.55,
    "salesGrowthYoY" : -4.68,
    "grossProfitMargin" : 58.97,
    "grossProfit" : 454.98,
    "operatingProfitMargin" : 17.51,
    "operatingProfit" : 135.10,
    "netProfitMargin" : 7.28,
    "netProfit" : 56.17
  }, {
    "date" : "2013-06-30",
    "sales" : 660.19,
    "salesGrowthYoY" : -10.48,
    "grossProfitMargin" : 63.61,
    "grossProfit" : 419.95,
    "operatingProfitMargin" : 14.40,
    "operatingProfit" : 95.07,
    "netProfitMargin" : 4.68,
    "netProfit" : 30.90
  }, {
    "date" : "2013-09-30",
    "sales" : 625.79,
    "salesGrowthYoY" : -12.46,
    "grossProfitMargin" : 57.19,
    "grossProfit" : 357.89,
    "operatingProfitMargin" : 6.48,
    "operatingProfit" : 40.55,
    "netProfitMargin" : -3.43,
    "netProfit" : -21.46
  }, {
    "date" : "2013-12-31",
    "sales" : 677.15,
    "salesGrowthYoY" : -1.59,
    "grossProfitMargin" : 60.45,
    "grossProfit" : 409.34,
    "operatingProfitMargin" : 11.21,
    "operatingProfit" : 75.91,
    "netProfitMargin" : 1.66,
    "netProfit" : 11.24
  }, {
    "date" : "2014-03-31",
    "sales" : 832.71,
    "salesGrowthYoY" : 7.93,
    "grossProfitMargin" : 61.26,
    "grossProfit" : 510.12,
    "operatingProfitMargin" : 19.62,
    "operatingProfit" : 163.38,
    "netProfitMargin" : 9.17,
    "netProfit" : 76.36
  }, {
    "date" : "2014-06-30",
    "sales" : 803.23,
    "salesGrowthYoY" : 21.67,
    "grossProfitMargin" : 59.53,
    "grossProfit" : 478.16,
    "operatingProfitMargin" : 12.50,
    "operatingProfit" : 100.40,
    "netProfitMargin" : 4.73,
    "netProfit" : 37.99
  }, {
    "date" : "2014-09-30",
    "sales" : 830.67,
    "salesGrowthYoY" : 32.74,
    "grossProfitMargin" : 56.81,
    "grossProfit" : 471.90,
    "operatingProfitMargin" : 10.88,
    "operatingProfit" : 90.38,
    "netProfitMargin" : 3.89,
    "netProfit" : 32.31
  }, {
    "date" : "2014-12-31",
    "sales" : 798.64,
    "salesGrowthYoY" : 17.94,
    "grossProfitMargin" : 59.85,
    "grossProfit" : 477.99,
    "operatingProfitMargin" : 12.61,
    "operatingProfit" : 100.71,
    "netProfitMargin" : 2.09,
    "netProfit" : 16.69
  }, {
    "date" : "2015-03-31",
    "sales" : 922.32,
    "salesGrowthYoY" : 10.76,
    "grossProfitMargin" : 62.56,
    "grossProfit" : 577.00,
    "operatingProfitMargin" : 18.44,
    "operatingProfit" : 170.08,
    "netProfitMargin" : 7.57,
    "netProfit" : 69.82
  }, {
    "date" : "2015-06-30",
    "sales" : 816.14,
    "salesGrowthYoY" : 1.61,
    "grossProfitMargin" : 59.10,
    "grossProfit" : 482.34,
    "operatingProfitMargin" : 10.90,
    "operatingProfit" : 88.96,
    "netProfitMargin" : 0.13,
    "netProfit" : 1.06
  }, {
    "date" : "2015-09-30",
    "sales" : 868.23,
    "salesGrowthYoY" : 4.52,
    "grossProfitMargin" : 57.17,
    "grossProfit" : 496.37,
    "operatingProfitMargin" : 12.20,
    "operatingProfit" : 105.92,
    "netProfitMargin" : 1.67,
    "netProfit" : 14.50
  }, {
    "date" : "2015-12-31",
    "sales" : 903.92,
    "salesGrowthYoY" : 13.18,
    "grossProfitMargin" : 59.97,
    "grossProfit" : 542.08,
    "operatingProfitMargin" : 14.19,
    "operatingProfit" : 128.27,
    "netProfitMargin" : 1.95,
    "netProfit" : 17.63
  }, {
    "date" : "2016-03-31",
    "sales" : 970.53,
    "salesGrowthYoY" : 5.23,
    "grossProfitMargin" : 63.76,
    "grossProfit" : 618.81,
    "operatingProfitMargin" : 20.26,
    "operatingProfit" : 196.63,
    "netProfitMargin" : 7.22,
    "netProfit" : 70.07
  }, {
    "date" : "2016-06-30",
    "sales" : 895.09,
    "salesGrowthYoY" : 9.67,
    "grossProfitMargin" : 65.52,
    "grossProfit" : 586.46,
    "operatingProfitMargin" : 19.54,
    "operatingProfit" : 174.90,
    "netProfitMargin" : 7.79,
    "netProfit" : 69.73
  }, {
    "date" : "2016-09-30",
    "sales" : 922.12,
    "salesGrowthYoY" : 6.21,
    "grossProfitMargin" : 64.39,
    "grossProfit" : 593.75,
    "operatingProfitMargin" : 17.05,
    "operatingProfit" : 157.22,
    "netProfitMargin" : 4.44,
    "netProfit" : 40.94
  }, {
    "date" : "2016-12-31",
    "sales" : 910.14,
    "salesGrowthYoY" : 0.69,
    "grossProfitMargin" : 65.94,
    "grossProfit" : 600.15,
    "operatingProfitMargin" : 18.74,
    "operatingProfit" : 170.56,
    "netProfitMargin" : 7.24,
    "netProfit" : 65.89
  }, {
    "date" : "2017-03-31",
    "sales" : 1028.19,
    "salesGrowthYoY" : 5.94,
    "grossProfitMargin" : 65.33,
    "grossProfit" : 671.72,
    "operatingProfitMargin" : 18.55,
    "operatingProfit" : 190.73,
    "netProfitMargin" : 4.46,
    "netProfit" : 45.86
  }, {
    "date" : "2017-06-30",
    "sales" : 1041.47,
    "salesGrowthYoY" : 16.35,
    "grossProfitMargin" : 67.09,
    "grossProfit" : 698.72,
    "operatingProfitMargin" : 18.98,
    "operatingProfit" : 197.67,
    "netProfitMargin" : 7.62,
    "netProfit" : 79.36
  }, {
    "date" : "2017-09-30",
    "sales" : 1107.68,
    "salesGrowthYoY" : 20.12,
    "grossProfitMargin" : 64.14,
    "grossProfit" : 710.47,
    "operatingProfitMargin" : 18.71,
    "operatingProfit" : 207.25,
    "netProfitMargin" : 8.95,
    "netProfit" : 99.14
  }, {
    "date" : "2017-12-31",
    "sales" : 1126.11,
    "salesGrowthYoY" : 23.73,
    "grossProfitMargin" : 62.70,
    "grossProfit" : 706.07,
    "operatingProfitMargin" : 15.12,
    "operatingProfit" : 170.27,
    "netProfitMargin" : 6.49,
    "netProfit" : 73.08
  }, {
    "date" : "2018-03-31",
    "sales" : 1315.95,
    "salesGrowthYoY" : 27.99,
    "grossProfitMargin" : 61.78,
    "grossProfit" : 812.99,
    "operatingProfitMargin" : 13.82,
    "operatingProfit" : 181.86,
    "netProfitMargin" : 7.86,
    "netProfit" : 103.43
  }, {
    "date" : "2018-06-30",
    "sales" : 1115.58,
    "salesGrowthYoY" : 7.12,
    "grossProfitMargin" : 62.04,
    "grossProfit" : 692.11,
    "operatingProfitMargin" : 13.48,
    "operatingProfit" : 150.38,
    "netProfitMargin" : 4.42,
    "netProfit" : 49.31
  }, {
    "date" : "2018-09-30",
    "sales" : 1100.62,
    "salesGrowthYoY" : -0.64,
    "grossProfitMargin" : 62.77,
    "grossProfit" : 690.86,
    "operatingProfitMargin" : 15.42,
    "operatingProfit" : 169.72,
    "netProfitMargin" : 5.88,
    "netProfit" : 64.72
  }, {
    "date" : "2018-12-31",
    "sales" : 1273.19,
    "salesGrowthYoY" : 13.06,
    "grossProfitMargin" : 61.61,
    "grossProfit" : 784.41,
    "operatingProfitMargin" : 16.54,
    "operatingProfit" : 210.59,
    "netProfitMargin" : 4.78,
    "netProfit" : 60.86
  }, {
    "date" : "2019-03-31",
    "sales" : 1491.91,
    "salesGrowthYoY" : 13.37,
    "grossProfitMargin" : 61.91,
    "grossProfit" : 923.64,
    "operatingProfitMargin" : 18.73,
    "operatingProfit" : 279.43,
    "netProfitMargin" : 10.05,
    "netProfit" : 149.94
  }, {
    "date" : "2019-06-30",
    "sales" : 1327.98,
    "salesGrowthYoY" : 19.04,
    "grossProfitMargin" : 66.52,
    "grossProfit" : 883.37,
    "operatingProfitMargin" : 22.85,
    "operatingProfit" : 303.44,
    "netProfitMargin" : 11.58,
    "netProfit" : 153.78
  }, {
    "date" : "2019-09-30",
    "sales" : 1254.19,
    "salesGrowthYoY" : 13.95,
    "grossProfitMargin" : 64.84,
    "grossProfit" : 813.22,
    "operatingProfitMargin" : 20.26,
    "operatingProfit" : 254.10,
    "netProfitMargin" : 8.67,
    "netProfit" : 108.74
  }, {
    "date" : "2019-12-31",
    "sales" : 1404.19,
    "salesGrowthYoY" : 10.29,
    "grossProfitMargin" : 63.80,
    "grossProfit" : 895.87,
    "operatingProfitMargin" : 19.78,
    "operatingProfit" : 277.75,
    "netProfitMargin" : 9.80,
    "netProfit" : 137.61
  }, {
    "date" : "2020-03-31",
    "sales" : 1477.41,
    "salesGrowthYoY" : -0.97,
    "grossProfitMargin" : 67.60,
    "grossProfit" : 998.73,
    "operatingProfitMargin" : 23.44,
    "operatingProfit" : 346.30,
    "netProfitMargin" : 0.05,
    "netProfit" : 0.74
  }, {
    "date" : "2020-06-30",
    "sales" : 964.97,
    "salesGrowthYoY" : -27.34,
    "grossProfitMargin" : 63.89,
    "grossProfit" : 616.52,
    "operatingProfitMargin" : 22.31,
    "operatingProfit" : 215.28,
    "netProfitMargin" : 8.05,
    "netProfit" : 77.68
  }, {
    "date" : "2020-09-30",
    "sales" : 1550.73,
    "salesGrowthYoY" : 23.64,
    "grossProfitMargin" : 66.52,
    "grossProfit" : 1031.55,
    "operatingProfitMargin" : 26.48,
    "operatingProfit" : 410.63,
    "netProfitMargin" : 14.41,
    "netProfit" : 223.46
  }, {
    "date" : "2020-12-31",
    "sales" : 1760.11,
    "salesGrowthYoY" : 25.35,
    "grossProfitMargin" : 66.45,
    "grossProfit" : 1169.59,
    "operatingProfitMargin" : 25.50,
    "operatingProfit" : 448.83,
    "netProfitMargin" : 13.54,
    "netProfit" : 238.32
  }, {
    "date" : "2021-03-31",
    "sales" : 2052.47,
    "salesGrowthYoY" : 38.92,
    "grossProfitMargin" : 65.98,
    "grossProfit" : 1354.22,
    "operatingProfitMargin" : 21.39,
    "operatingProfit" : 439.02,
    "netProfitMargin" : 5.82,
    "netProfit" : 119.45
  }, {
    "date" : "2021-06-30",
    "sales" : 1633.69,
    "salesGrowthYoY" : 69.30,
    "grossProfitMargin" : 66.99,
    "grossProfit" : 1094.41,
    "operatingProfitMargin" : 24.46,
    "operatingProfit" : 399.60,
    "netProfitMargin" : 12.75,
    "netProfit" : 208.30
  }, {
    "date" : "2021-09-30",
    "sales" : 1835.52,
    "salesGrowthYoY" : 18.36,
    "grossProfitMargin" : 63.73,
    "grossProfit" : 1169.78,
    "operatingProfitMargin" : 17.93,
    "operatingProfit" : 329.11,
    "netProfitMargin" : 9.20,
    "netProfit" : 168.87
  }, {
    "date" : "2021-12-31",
    "sales" : 1940.40,
    "salesGrowthYoY" : 10.24,
    "grossProfitMargin" : 62.92,
    "grossProfit" : 1220.90,
    "operatingProfitMargin" : 19.11,
    "operatingProfit" : 370.81,
    "netProfitMargin" : 8.62,
    "netProfit" : 167.26
  }, {
    "date" : "2022-03-31",
    "sales" : 2268.98,
    "salesGrowthYoY" : 10.55,
    "grossProfitMargin" : 59.62,
    "grossProfit" : 1352.77,
    "operatingProfitMargin" : 16.87,
    "operatingProfit" : 382.78,
    "netProfitMargin" : 7.11,
    "netProfit" : 161.32
  }, {
    "date" : "2022-06-30",
    "sales" : 2163.18,
    "salesGrowthYoY" : 32.41,
    "grossProfitMargin" : 61.80,
    "grossProfit" : 1336.85,
    "operatingProfitMargin" : 18.82,
    "operatingProfit" : 407.11,
    "netProfitMargin" : 8.36,
    "netProfit" : 180.84
  }, {
    "date" : "2022-09-30",
    "sales" : 2141.80,
    "salesGrowthYoY" : 16.69,
    "grossProfitMargin" : 56.83,
    "grossProfit" : 1217.18,
    "operatingProfitMargin" : 13.85,
    "operatingProfit" : 296.64,
    "netProfitMargin" : 5.83,
    "netProfit" : 124.87
  }, {
    "date" : "2022-12-31",
    "sales" : 2339.86,
    "salesGrowthYoY" : 20.59,
    "grossProfitMargin" : 54.36,
    "grossProfit" : 1271.95,
    "operatingProfitMargin" : 10.52,
    "operatingProfit" : 246.15,
    "netProfitMargin" : 2.46,
    "netProfit" : 57.56
  }, {
    "date" : "2023-03-31",
    "sales" : 2664.57,
    "salesGrowthYoY" : 17.43,
    "grossProfitMargin" : 55.81,
    "grossProfit" : 1487.10,
    "operatingProfitMargin" : 13.64,
    "operatingProfit" : 363.45,
    "netProfitMargin" : 5.23,
    "netProfit" : 139.36
  }, {
    "date" : "2023-06-30",
    "sales" : 2623.59,
    "salesGrowthYoY" : 21.28,
    "grossProfitMargin" : 58.29,
    "grossProfit" : 1529.29,
    "operatingProfitMargin" : 15.34,
    "operatingProfit" : 402.46,
    "netProfitMargin" : 5.19,
    "netProfit" : 136.16
  }, {
    "date" : "2023-09-30",
    "sales" : 2570.72,
    "salesGrowthYoY" : 20.03,
    "grossProfitMargin" : 60.42,
    "grossProfit" : 1553.23,
    "operatingProfitMargin" : 17.37,
    "operatingProfit" : 446.53,
    "netProfitMargin" : 6.96,
    "netProfit" : 178.92
  }, {
    "date" : "2023-12-31",
    "sales" : 2784.80,
    "salesGrowthYoY" : 19.02,
    "grossProfitMargin" : 64.54,
    "grossProfit" : 1797.31,
    "operatingProfitMargin" : 21.85,
    "operatingProfit" : 608.48,
    "netProfitMargin" : 10.39,
    "netProfit" : 289.34
  }, {
    "date" : "2024-03-31",
    "sales" : 2938.94,
    "salesGrowthYoY" : 10.30,
    "grossProfitMargin" : 63.29,
    "grossProfit" : 1860.06,
    "operatingProfitMargin" : 18.63,
    "operatingProfit" : 547.52,
    "netProfitMargin" : 7.83,
    "netProfit" : 230.12
  }, {
    "date" : "2024-06-30",
    "sales" : 2643.09,
    "salesGrowthYoY" : 0.74,
    "grossProfitMargin" : 62.77,
    "grossProfit" : 1659.07,
    "operatingProfitMargin" : 18.12,
    "operatingProfit" : 478.93,
    "netProfitMargin" : 7.67,
    "netProfit" : 202.73
  }, {
    "date" : "2024-09-30",
    "sales" : 2410.44,
    "salesGrowthYoY" : -6.23,
    "grossProfitMargin" : 62.43,
    "grossProfit" : 1504.84,
    "operatingProfitMargin" : 11.22,
    "operatingProfit" : 270.45,
    "netProfitMargin" : 1.68,
    "netProfit" : 40.50
  }, {
    "date" : "2024-12-31",
    "sales" : 2715.48,
    "salesGrowthYoY" : -2.49,
    "grossProfitMargin" : 64.81,
    "grossProfit" : 1759.90,
    "operatingProfitMargin" : 18.03,
    "operatingProfit" : 489.60,
    "netProfitMargin" : 7.54,
    "netProfit" : 204.75
  }, {
    "date" : "2025-03-31",
    "sales" : 3342.95,
    "salesGrowthYoY" : 13.75,
    "grossProfitMargin" : 67.15,
    "grossProfit" : 2244.79,
    "operatingProfitMargin" : 22.03,
    "operatingProfit" : 736.45,
    "netProfitMargin" : 11.34,
    "netProfit" : 379.09
  }, {
    "date" : "2025-06-30",
    "sales" : 3190.08,
    "salesGrowthYoY" : 20.70,
    "grossProfitMargin" : 65.39,
    "grossProfit" : 2085.99,
    "operatingProfitMargin" : 21.10,
    "operatingProfit" : 673.11,
    "netProfitMargin" : 10.42,
    "netProfit" : 332.41
  }, {
    "date" : "2025-09-30",
    "sales" : 2858.51,
    "salesGrowthYoY" : 18.59,
    "grossProfitMargin" : 63.62,
    "grossProfit" : 1818.58,
    "operatingProfitMargin" : 15.38,
    "operatingProfit" : 439.64,
    "netProfitMargin" : 6.15,
    "netProfit" : 175.80
  } ],
  "latestQuarterlyResult" : {
    "date" : "2025-09-30",
    "sales" : 2858.51,
    "salesGrowthYoY" : 18.59,
    "grossProfitMargin" : 63.62,
    "grossProfit" : 1818.58,
    "operatingProfitMargin" : 15.38,
    "operatingProfit" : 439.64,
    "netProfitMargin" : 6.15,
    "netProfit" : 175.80
  },
  "companyScore" : {
    "priceHigherThanDma50" : 0.00,
    "priceHigherThanDma100" : 0.00,
    "priceHigherThanDma200" : 0.00,
    "dma50HigherThanDma100" : 0.00,
    "dma50HigherThanDma200" : 0.00,
    "dma100HigherThanDma200" : 5.00,
    "pricePercentageAboveDma50" : 5.18,
    "pricePercentageAboveDma100" : 5.54,
    "pricePercentageAboveDma200" : 5.20,
    "weeklyVolumeHigherThanYearlyVolume" : 0.00,
    "salesGrowthPercentile" : 11.90,
    "operatingProfitMarginPercentile" : 8.28,
    "netProfitMarginPercentile" : 4.31,
    "totalTechnicalScore" : 20.92,
    "totalFundamentalScore" : 24.50,
    "totalScore" : 45.41
  }
}