{
  "metadata" : {
    "screenerCompanyId" : "1636",
    "companyCode" : "JKTYRE",
    "companyName" : "JK Tyre & Indust",
    "screenerCompanyLink" : "https://www.screener.in/company/JKTYRE/consolidated/",
    "screenerTechnicalHistoryLink" : "https://www.screener.in/api/company/1636/chart/?q=Price-DMA50-DMA200-Volume&days=365",
    "screenerQuarterlyResultsLink" : "https://www.screener.in/api/company/1636/chart/?q=GPM-OPM-NPM-Quarter+Sales&days=10000",
    "attributes" : {
      "companyCode" : "JKTYRE",
      "companyName" : "JK Tyre & Indust",
      "marketCap" : 14546.00,
      "peRatio" : 26.70,
      "description" : "JK Tyre & Industries is the flagship company of the JK group which is headed by Dr R P Singhania as its chairman and managing director. It is a one of the leading tyre manufacturers in India and amongst the top 25 manufacturers in the world with a wide range of products catering to diverse business segments that includes Truck/Bus, LCV (Light commercial vehicles), Passenger Cars, MUV (Multi utility vehicles) and Tractors. [1]"
    },
    "companyScore" : {
      "priceHigherThanDma50" : 5.00,
      "priceHigherThanDma100" : 5.00,
      "priceHigherThanDma200" : 5.00,
      "dma50HigherThanDma100" : 5.00,
      "dma50HigherThanDma200" : 5.00,
      "dma100HigherThanDma200" : 5.00,
      "pricePercentageAboveDma50" : 4.78,
      "pricePercentageAboveDma100" : 4.27,
      "pricePercentageAboveDma200" : 3.92,
      "weeklyVolumeHigherThanYearlyVolume" : 0.00,
      "salesGrowthPercentile" : 9.37,
      "operatingProfitMarginPercentile" : 16.14,
      "netProfitMarginPercentile" : 8.67,
      "totalTechnicalScore" : 42.96,
      "totalFundamentalScore" : 34.19,
      "totalScore" : 77.15
    }
  },
  "attributes" : {
    "companyCode" : "JKTYRE",
    "companyName" : "JK Tyre & Indust",
    "marketCap" : 14546.00,
    "peRatio" : 26.70,
    "description" : "JK Tyre & Industries is the flagship company of the JK group which is headed by Dr R P Singhania as its chairman and managing director. It is a one of the leading tyre manufacturers in India and amongst the top 25 manufacturers in the world with a wide range of products catering to diverse business segments that includes Truck/Bus, LCV (Light commercial vehicles), Passenger Cars, MUV (Multi utility vehicles) and Tractors. [1]"
  },
  "technicalHistory" : [ {
    "date" : "2025-01-30",
    "price" : 313.00,
    "dma50" : 368.10,
    "dma100" : null,
    "dma200" : 388.88,
    "volume" : 389589.00
  }, {
    "date" : "2025-01-31",
    "price" : 317.50,
    "dma50" : 366.12,
    "dma100" : null,
    "dma200" : 388.17,
    "volume" : 464312.00
  }, {
    "date" : "2025-02-01",
    "price" : 323.95,
    "dma50" : 364.46,
    "dma100" : null,
    "dma200" : 387.53,
    "volume" : 393436.00
  }, {
    "date" : "2025-02-03",
    "price" : 310.75,
    "dma50" : 362.36,
    "dma100" : null,
    "dma200" : 386.77,
    "volume" : 543339.00
  }, {
    "date" : "2025-02-04",
    "price" : 313.30,
    "dma50" : 360.43,
    "dma100" : null,
    "dma200" : 386.04,
    "volume" : 929053.00
  }, {
    "date" : "2025-02-05",
    "price" : 311.25,
    "dma50" : 358.50,
    "dma100" : null,
    "dma200" : 385.30,
    "volume" : 2679549.00
  }, {
    "date" : "2025-02-06",
    "price" : 311.05,
    "dma50" : 356.64,
    "dma100" : null,
    "dma200" : 384.56,
    "volume" : 653988.00
  }, {
    "date" : "2025-02-07",
    "price" : 305.30,
    "dma50" : 354.63,
    "dma100" : null,
    "dma200" : 383.77,
    "volume" : 563360.00
  }, {
    "date" : "2025-02-10",
    "price" : 299.30,
    "dma50" : 352.46,
    "dma100" : null,
    "dma200" : 382.93,
    "volume" : 589186.00
  }, {
    "date" : "2025-02-11",
    "price" : 295.15,
    "dma50" : 350.21,
    "dma100" : null,
    "dma200" : 382.05,
    "volume" : 537134.00
  }, {
    "date" : "2025-02-12",
    "price" : 292.85,
    "dma50" : 347.96,
    "dma100" : null,
    "dma200" : 381.17,
    "volume" : 503793.00
  }, {
    "date" : "2025-02-13",
    "price" : 293.50,
    "dma50" : 345.83,
    "dma100" : null,
    "dma200" : 380.29,
    "volume" : 301743.00
  }, {
    "date" : "2025-02-14",
    "price" : 285.20,
    "dma50" : 343.45,
    "dma100" : null,
    "dma200" : 379.35,
    "volume" : 451978.00
  }, {
    "date" : "2025-02-17",
    "price" : 282.70,
    "dma50" : 341.07,
    "dma100" : null,
    "dma200" : 378.39,
    "volume" : 683068.00
  }, {
    "date" : "2025-02-18",
    "price" : 283.05,
    "dma50" : 338.79,
    "dma100" : null,
    "dma200" : 377.44,
    "volume" : 502279.00
  }, {
    "date" : "2025-02-19",
    "price" : 287.80,
    "dma50" : 336.79,
    "dma100" : null,
    "dma200" : 376.55,
    "volume" : 390542.00
  }, {
    "date" : "2025-02-20",
    "price" : 294.80,
    "dma50" : 335.15,
    "dma100" : null,
    "dma200" : 375.73,
    "volume" : 380222.00
  }, {
    "date" : "2025-02-21",
    "price" : 292.05,
    "dma50" : 333.46,
    "dma100" : null,
    "dma200" : 374.90,
    "volume" : 634164.00
  }, {
    "date" : "2025-02-24",
    "price" : 287.40,
    "dma50" : 331.65,
    "dma100" : null,
    "dma200" : 374.03,
    "volume" : 273181.00
  }, {
    "date" : "2025-02-25",
    "price" : 283.95,
    "dma50" : 329.78,
    "dma100" : null,
    "dma200" : 373.13,
    "volume" : 238280.00
  }, {
    "date" : "2025-02-27",
    "price" : 273.35,
    "dma50" : 327.57,
    "dma100" : null,
    "dma200" : 372.14,
    "volume" : 446981.00
  }, {
    "date" : "2025-02-28",
    "price" : 264.85,
    "dma50" : 325.11,
    "dma100" : null,
    "dma200" : 371.07,
    "volume" : 823397.00
  }, {
    "date" : "2025-03-03",
    "price" : 253.40,
    "dma50" : 322.29,
    "dma100" : null,
    "dma200" : 369.90,
    "volume" : 2458014.00
  }, {
    "date" : "2025-03-04",
    "price" : 260.45,
    "dma50" : 319.87,
    "dma100" : null,
    "dma200" : 368.81,
    "volume" : 905224.00
  }, {
    "date" : "2025-03-05",
    "price" : 269.35,
    "dma50" : 317.89,
    "dma100" : null,
    "dma200" : 367.82,
    "volume" : 2202999.00
  }, {
    "date" : "2025-03-06",
    "price" : 272.95,
    "dma50" : 316.13,
    "dma100" : null,
    "dma200" : 366.88,
    "volume" : 1077762.00
  }, {
    "date" : "2025-03-07",
    "price" : 279.65,
    "dma50" : 314.70,
    "dma100" : null,
    "dma200" : 366.01,
    "volume" : 861163.00
  }, {
    "date" : "2025-03-10",
    "price" : 270.40,
    "dma50" : 312.96,
    "dma100" : null,
    "dma200" : 365.06,
    "volume" : 626950.00
  }, {
    "date" : "2025-03-11",
    "price" : 269.55,
    "dma50" : 311.26,
    "dma100" : null,
    "dma200" : 364.11,
    "volume" : 634833.00
  }, {
    "date" : "2025-03-12",
    "price" : 270.95,
    "dma50" : 309.68,
    "dma100" : null,
    "dma200" : 363.18,
    "volume" : 444629.00
  }, {
    "date" : "2025-03-13",
    "price" : 267.90,
    "dma50" : 308.04,
    "dma100" : null,
    "dma200" : 362.23,
    "volume" : 336969.00
  }, {
    "date" : "2025-03-17",
    "price" : 263.60,
    "dma50" : 306.29,
    "dma100" : null,
    "dma200" : 361.25,
    "volume" : 363307.00
  }, {
    "date" : "2025-03-18",
    "price" : 271.65,
    "dma50" : 304.94,
    "dma100" : null,
    "dma200" : 360.36,
    "volume" : 385832.00
  }, {
    "date" : "2025-03-19",
    "price" : 282.20,
    "dma50" : 304.04,
    "dma100" : null,
    "dma200" : 359.58,
    "volume" : 540257.00
  }, {
    "date" : "2025-03-20",
    "price" : 285.60,
    "dma50" : 303.32,
    "dma100" : null,
    "dma200" : 358.85,
    "volume" : 626234.00
  }, {
    "date" : "2025-03-21",
    "price" : 294.75,
    "dma50" : 302.98,
    "dma100" : null,
    "dma200" : 358.21,
    "volume" : 734332.00
  }, {
    "date" : "2025-03-24",
    "price" : 297.00,
    "dma50" : 302.75,
    "dma100" : null,
    "dma200" : 357.60,
    "volume" : 528175.00
  }, {
    "date" : "2025-03-25",
    "price" : 289.70,
    "dma50" : 302.24,
    "dma100" : null,
    "dma200" : 356.92,
    "volume" : 548268.00
  }, {
    "date" : "2025-03-26",
    "price" : 282.70,
    "dma50" : 301.47,
    "dma100" : null,
    "dma200" : 356.19,
    "volume" : 482460.00
  }, {
    "date" : "2025-03-27",
    "price" : 284.45,
    "dma50" : 300.80,
    "dma100" : null,
    "dma200" : 355.47,
    "volume" : 608382.00
  }, {
    "date" : "2025-03-28",
    "price" : 277.45,
    "dma50" : 299.89,
    "dma100" : null,
    "dma200" : 354.70,
    "volume" : 557411.00
  }, {
    "date" : "2025-04-01",
    "price" : 284.40,
    "dma50" : 299.28,
    "dma100" : null,
    "dma200" : 354.00,
    "volume" : 362278.00
  }, {
    "date" : "2025-04-02",
    "price" : 288.05,
    "dma50" : 298.84,
    "dma100" : null,
    "dma200" : 353.34,
    "volume" : 361891.00
  }, {
    "date" : "2025-04-03",
    "price" : 292.70,
    "dma50" : 298.60,
    "dma100" : null,
    "dma200" : 352.74,
    "volume" : 368298.00
  }, {
    "date" : "2025-04-04",
    "price" : 278.45,
    "dma50" : 297.81,
    "dma100" : null,
    "dma200" : 352.00,
    "volume" : 563277.00
  }, {
    "date" : "2025-04-07",
    "price" : 263.25,
    "dma50" : 296.45,
    "dma100" : null,
    "dma200" : 351.11,
    "volume" : 1314431.00
  }, {
    "date" : "2025-04-08",
    "price" : 272.70,
    "dma50" : 295.52,
    "dma100" : null,
    "dma200" : 350.33,
    "volume" : 333979.00
  }, {
    "date" : "2025-04-09",
    "price" : 272.15,
    "dma50" : 294.61,
    "dma100" : null,
    "dma200" : 349.56,
    "volume" : 319001.00
  }, {
    "date" : "2025-04-11",
    "price" : 284.05,
    "dma50" : 294.19,
    "dma100" : null,
    "dma200" : 348.90,
    "volume" : 480270.00
  }, {
    "date" : "2025-04-15",
    "price" : 301.00,
    "dma50" : 294.46,
    "dma100" : null,
    "dma200" : 348.43,
    "volume" : 2103960.00
  }, {
    "date" : "2025-04-16",
    "price" : 303.45,
    "dma50" : 294.81,
    "dma100" : null,
    "dma200" : 347.98,
    "volume" : 1641119.00
  }, {
    "date" : "2025-04-17",
    "price" : 307.00,
    "dma50" : 295.29,
    "dma100" : null,
    "dma200" : 347.57,
    "volume" : 1166621.00
  }, {
    "date" : "2025-04-21",
    "price" : 311.50,
    "dma50" : 295.93,
    "dma100" : null,
    "dma200" : 347.21,
    "volume" : 736514.00
  }, {
    "date" : "2025-04-22",
    "price" : 311.95,
    "dma50" : 296.55,
    "dma100" : null,
    "dma200" : 346.86,
    "volume" : 807436.00
  }, {
    "date" : "2025-04-23",
    "price" : 309.45,
    "dma50" : 297.06,
    "dma100" : null,
    "dma200" : 346.49,
    "volume" : 499320.00
  }, {
    "date" : "2025-04-24",
    "price" : 315.20,
    "dma50" : 297.77,
    "dma100" : null,
    "dma200" : 346.18,
    "volume" : 729309.00
  }, {
    "date" : "2025-04-25",
    "price" : 310.00,
    "dma50" : 298.25,
    "dma100" : null,
    "dma200" : 345.82,
    "volume" : 1359298.00
  }, {
    "date" : "2025-04-28",
    "price" : 307.30,
    "dma50" : 298.61,
    "dma100" : null,
    "dma200" : 345.44,
    "volume" : 395649.00
  }, {
    "date" : "2025-04-29",
    "price" : 307.60,
    "dma50" : 298.96,
    "dma100" : null,
    "dma200" : 345.06,
    "volume" : 401047.00
  }, {
    "date" : "2025-04-30",
    "price" : 310.40,
    "dma50" : 299.41,
    "dma100" : null,
    "dma200" : 344.71,
    "volume" : 2704900.00
  }, {
    "date" : "2025-05-02",
    "price" : 310.70,
    "dma50" : 299.85,
    "dma100" : null,
    "dma200" : 344.38,
    "volume" : 1101193.00
  }, {
    "date" : "2025-05-05",
    "price" : 320.70,
    "dma50" : 300.67,
    "dma100" : null,
    "dma200" : 344.14,
    "volume" : 1063657.00
  }, {
    "date" : "2025-05-06",
    "price" : 311.70,
    "dma50" : 301.10,
    "dma100" : null,
    "dma200" : 343.82,
    "volume" : 1882066.00
  }, {
    "date" : "2025-05-07",
    "price" : 326.80,
    "dma50" : 302.11,
    "dma100" : null,
    "dma200" : 343.65,
    "volume" : 1644217.00
  }, {
    "date" : "2025-05-08",
    "price" : 324.40,
    "dma50" : 302.98,
    "dma100" : null,
    "dma200" : 343.46,
    "volume" : 2182630.00
  }, {
    "date" : "2025-05-09",
    "price" : 322.90,
    "dma50" : 303.76,
    "dma100" : null,
    "dma200" : 343.25,
    "volume" : 885677.00
  }, {
    "date" : "2025-05-12",
    "price" : 334.85,
    "dma50" : 304.98,
    "dma100" : null,
    "dma200" : 343.17,
    "volume" : 673649.00
  }, {
    "date" : "2025-05-13",
    "price" : 333.85,
    "dma50" : 306.11,
    "dma100" : null,
    "dma200" : 343.08,
    "volume" : 504045.00
  }, {
    "date" : "2025-05-14",
    "price" : 344.50,
    "dma50" : 307.62,
    "dma100" : null,
    "dma200" : 343.09,
    "volume" : 1200563.00
  }, {
    "date" : "2025-05-15",
    "price" : 339.85,
    "dma50" : 308.88,
    "dma100" : null,
    "dma200" : 343.06,
    "volume" : 512856.00
  }, {
    "date" : "2025-05-16",
    "price" : 351.40,
    "dma50" : 310.55,
    "dma100" : null,
    "dma200" : 343.14,
    "volume" : 1098459.00
  }, {
    "date" : "2025-05-19",
    "price" : 354.00,
    "dma50" : 312.25,
    "dma100" : null,
    "dma200" : 343.25,
    "volume" : 702214.00
  }, {
    "date" : "2025-05-20",
    "price" : 347.90,
    "dma50" : 313.65,
    "dma100" : null,
    "dma200" : 343.30,
    "volume" : 704504.00
  }, {
    "date" : "2025-05-21",
    "price" : 393.50,
    "dma50" : 316.78,
    "dma100" : null,
    "dma200" : 343.79,
    "volume" : 32889998.00
  }, {
    "date" : "2025-05-22",
    "price" : 382.80,
    "dma50" : 319.37,
    "dma100" : null,
    "dma200" : 344.18,
    "volume" : 4812634.00
  }, {
    "date" : "2025-05-23",
    "price" : 383.05,
    "dma50" : 321.87,
    "dma100" : null,
    "dma200" : 344.57,
    "volume" : 1391860.00
  }, {
    "date" : "2025-05-26",
    "price" : 378.20,
    "dma50" : 324.08,
    "dma100" : null,
    "dma200" : 344.90,
    "volume" : 1751318.00
  }, {
    "date" : "2025-05-27",
    "price" : 375.90,
    "dma50" : 326.11,
    "dma100" : null,
    "dma200" : 345.21,
    "volume" : 730942.00
  }, {
    "date" : "2025-05-28",
    "price" : 376.20,
    "dma50" : 328.08,
    "dma100" : null,
    "dma200" : 345.52,
    "volume" : 763493.00
  }, {
    "date" : "2025-05-29",
    "price" : 375.90,
    "dma50" : 329.95,
    "dma100" : null,
    "dma200" : 345.82,
    "volume" : 484995.00
  }, {
    "date" : "2025-05-30",
    "price" : 373.25,
    "dma50" : 331.65,
    "dma100" : null,
    "dma200" : 346.10,
    "volume" : 374764.00
  }, {
    "date" : "2025-06-02",
    "price" : 376.25,
    "dma50" : 333.40,
    "dma100" : null,
    "dma200" : 346.40,
    "volume" : 1379983.00
  }, {
    "date" : "2025-06-03",
    "price" : 367.95,
    "dma50" : 334.75,
    "dma100" : null,
    "dma200" : 346.61,
    "volume" : 1083923.00
  }, {
    "date" : "2025-06-04",
    "price" : 372.85,
    "dma50" : 336.25,
    "dma100" : null,
    "dma200" : 346.87,
    "volume" : 631080.00
  }, {
    "date" : "2025-06-05",
    "price" : 372.35,
    "dma50" : 337.66,
    "dma100" : null,
    "dma200" : 347.13,
    "volume" : 473371.00
  }, {
    "date" : "2025-06-06",
    "price" : 369.10,
    "dma50" : 338.90,
    "dma100" : null,
    "dma200" : 347.34,
    "volume" : 407092.00
  }, {
    "date" : "2025-06-09",
    "price" : 382.95,
    "dma50" : 340.62,
    "dma100" : null,
    "dma200" : 347.70,
    "volume" : 2018058.00
  }, {
    "date" : "2025-06-10",
    "price" : 381.25,
    "dma50" : 342.22,
    "dma100" : null,
    "dma200" : 348.03,
    "volume" : 1492317.00
  }, {
    "date" : "2025-06-11",
    "price" : 380.95,
    "dma50" : 343.74,
    "dma100" : null,
    "dma200" : 348.36,
    "volume" : 570756.00
  }, {
    "date" : "2025-06-12",
    "price" : 375.05,
    "dma50" : 344.96,
    "dma100" : null,
    "dma200" : 348.63,
    "volume" : 1247399.00
  }, {
    "date" : "2025-06-13",
    "price" : 367.75,
    "dma50" : 345.86,
    "dma100" : null,
    "dma200" : 348.82,
    "volume" : 669928.00
  }, {
    "date" : "2025-06-16",
    "price" : 368.10,
    "dma50" : 346.73,
    "dma100" : null,
    "dma200" : 349.01,
    "volume" : 834034.00
  }, {
    "date" : "2025-06-17",
    "price" : 362.90,
    "dma50" : 347.36,
    "dma100" : null,
    "dma200" : 349.15,
    "volume" : 404298.00
  }, {
    "date" : "2025-06-18",
    "price" : 363.60,
    "dma50" : 348.00,
    "dma100" : null,
    "dma200" : 349.29,
    "volume" : 334457.00
  }, {
    "date" : "2025-06-19",
    "price" : 353.55,
    "dma50" : 348.22,
    "dma100" : null,
    "dma200" : 349.33,
    "volume" : 811764.00
  }, {
    "date" : "2025-06-20",
    "price" : 349.70,
    "dma50" : 348.28,
    "dma100" : null,
    "dma200" : 349.34,
    "volume" : 1214746.00
  }, {
    "date" : "2025-06-23",
    "price" : 342.25,
    "dma50" : 348.04,
    "dma100" : null,
    "dma200" : 349.27,
    "volume" : 902080.00
  }, {
    "date" : "2025-06-24",
    "price" : 345.75,
    "dma50" : 347.95,
    "dma100" : null,
    "dma200" : 349.23,
    "volume" : 554666.00
  }, {
    "date" : "2025-06-25",
    "price" : 356.50,
    "dma50" : 348.29,
    "dma100" : null,
    "dma200" : 349.30,
    "volume" : 1301857.00
  }, {
    "date" : "2025-06-26",
    "price" : 355.40,
    "dma50" : 348.56,
    "dma100" : null,
    "dma200" : 349.36,
    "volume" : 461876.00
  }, {
    "date" : "2025-06-27",
    "price" : 356.80,
    "dma50" : 348.89,
    "dma100" : 317.47,
    "dma200" : 349.44,
    "volume" : 1365870.00
  }, {
    "date" : "2025-06-30",
    "price" : 356.50,
    "dma50" : 349.19,
    "dma100" : 317.86,
    "dma200" : 349.51,
    "volume" : 291496.00
  }, {
    "date" : "2025-07-01",
    "price" : 356.45,
    "dma50" : 349.47,
    "dma100" : 318.18,
    "dma200" : 349.58,
    "volume" : 287793.00
  }, {
    "date" : "2025-07-02",
    "price" : 367.05,
    "dma50" : 350.16,
    "dma100" : 318.75,
    "dma200" : 349.75,
    "volume" : 2600781.00
  }, {
    "date" : "2025-07-03",
    "price" : 368.45,
    "dma50" : 350.88,
    "dma100" : 319.30,
    "dma200" : 349.94,
    "volume" : 567440.00
  }, {
    "date" : "2025-07-04",
    "price" : 367.85,
    "dma50" : 351.54,
    "dma100" : 319.86,
    "dma200" : 350.11,
    "volume" : 374746.00
  }, {
    "date" : "2025-07-07",
    "price" : 368.70,
    "dma50" : 352.22,
    "dma100" : 320.44,
    "dma200" : 350.30,
    "volume" : 689248.00
  }, {
    "date" : "2025-07-08",
    "price" : 371.25,
    "dma50" : 352.96,
    "dma100" : 321.10,
    "dma200" : 350.51,
    "volume" : 1069224.00
  }, {
    "date" : "2025-07-09",
    "price" : 373.15,
    "dma50" : 353.75,
    "dma100" : 321.84,
    "dma200" : 350.73,
    "volume" : 1115823.00
  }, {
    "date" : "2025-07-10",
    "price" : 369.80,
    "dma50" : 354.38,
    "dma100" : 322.58,
    "dma200" : 350.92,
    "volume" : 419198.00
  }, {
    "date" : "2025-07-11",
    "price" : 362.90,
    "dma50" : 354.72,
    "dma100" : 323.28,
    "dma200" : 351.04,
    "volume" : 312361.00
  }, {
    "date" : "2025-07-14",
    "price" : 366.10,
    "dma50" : 355.16,
    "dma100" : 324.01,
    "dma200" : 351.19,
    "volume" : 382844.00
  }, {
    "date" : "2025-07-15",
    "price" : 371.30,
    "dma50" : 355.80,
    "dma100" : 324.87,
    "dma200" : 351.39,
    "volume" : 399968.00
  }, {
    "date" : "2025-07-16",
    "price" : 367.10,
    "dma50" : 356.24,
    "dma100" : 325.72,
    "dma200" : 351.55,
    "volume" : 324332.00
  }, {
    "date" : "2025-07-17",
    "price" : 375.80,
    "dma50" : 357.01,
    "dma100" : 326.64,
    "dma200" : 351.79,
    "volume" : 1583459.00
  }, {
    "date" : "2025-07-18",
    "price" : 369.40,
    "dma50" : 357.49,
    "dma100" : 327.46,
    "dma200" : 351.97,
    "volume" : 488184.00
  }, {
    "date" : "2025-07-21",
    "price" : 358.70,
    "dma50" : 357.54,
    "dma100" : 328.10,
    "dma200" : 352.03,
    "volume" : 725468.00
  }, {
    "date" : "2025-07-22",
    "price" : 353.10,
    "dma50" : 357.37,
    "dma100" : 328.71,
    "dma200" : 352.04,
    "volume" : 455703.00
  }, {
    "date" : "2025-07-23",
    "price" : 353.55,
    "dma50" : 357.22,
    "dma100" : 329.37,
    "dma200" : 352.06,
    "volume" : 317341.00
  }, {
    "date" : "2025-07-24",
    "price" : 353.50,
    "dma50" : 357.07,
    "dma100" : 330.07,
    "dma200" : 352.07,
    "volume" : 405012.00
  }, {
    "date" : "2025-07-25",
    "price" : 345.00,
    "dma50" : 356.60,
    "dma100" : 330.78,
    "dma200" : 352.00,
    "volume" : 389752.00
  }, {
    "date" : "2025-07-28",
    "price" : 339.50,
    "dma50" : 355.93,
    "dma100" : 331.53,
    "dma200" : 351.88,
    "volume" : 327346.00
  }, {
    "date" : "2025-07-29",
    "price" : 343.55,
    "dma50" : 355.44,
    "dma100" : 332.43,
    "dma200" : 351.79,
    "volume" : 311057.00
  }, {
    "date" : "2025-07-30",
    "price" : 341.65,
    "dma50" : 354.90,
    "dma100" : 333.24,
    "dma200" : 351.69,
    "volume" : 191119.00
  }, {
    "date" : "2025-07-31",
    "price" : 335.05,
    "dma50" : 354.12,
    "dma100" : 333.90,
    "dma200" : 351.53,
    "volume" : 295348.00
  }, {
    "date" : "2025-08-01",
    "price" : 329.40,
    "dma50" : 353.15,
    "dma100" : 334.46,
    "dma200" : 351.31,
    "volume" : 301076.00
  }, {
    "date" : "2025-08-04",
    "price" : 330.50,
    "dma50" : 352.26,
    "dma100" : 334.97,
    "dma200" : 351.10,
    "volume" : 257226.00
  }, {
    "date" : "2025-08-05",
    "price" : 326.75,
    "dma50" : 351.26,
    "dma100" : 335.54,
    "dma200" : 350.86,
    "volume" : 241512.00
  }, {
    "date" : "2025-08-06",
    "price" : 322.05,
    "dma50" : 350.12,
    "dma100" : 336.06,
    "dma200" : 350.57,
    "volume" : 256635.00
  }, {
    "date" : "2025-08-07",
    "price" : 324.40,
    "dma50" : 349.11,
    "dma100" : 336.59,
    "dma200" : 350.31,
    "volume" : 385962.00
  }, {
    "date" : "2025-08-08",
    "price" : 328.00,
    "dma50" : 348.28,
    "dma100" : 337.20,
    "dma200" : 350.09,
    "volume" : 2782155.00
  }, {
    "date" : "2025-08-11",
    "price" : 319.60,
    "dma50" : 347.16,
    "dma100" : 337.76,
    "dma200" : 349.79,
    "volume" : 525095.00
  }, {
    "date" : "2025-08-12",
    "price" : 313.90,
    "dma50" : 345.85,
    "dma100" : 338.18,
    "dma200" : 349.43,
    "volume" : 831013.00
  }, {
    "date" : "2025-08-13",
    "price" : 313.80,
    "dma50" : 344.60,
    "dma100" : 338.49,
    "dma200" : 349.07,
    "volume" : 355345.00
  }, {
    "date" : "2025-08-14",
    "price" : 311.95,
    "dma50" : 343.32,
    "dma100" : 338.76,
    "dma200" : 348.70,
    "volume" : 305612.00
  }, {
    "date" : "2025-08-18",
    "price" : 325.55,
    "dma50" : 342.62,
    "dma100" : 339.07,
    "dma200" : 348.47,
    "volume" : 1883258.00
  }, {
    "date" : "2025-08-19",
    "price" : 329.85,
    "dma50" : 342.12,
    "dma100" : 339.39,
    "dma200" : 348.29,
    "volume" : 571431.00
  }, {
    "date" : "2025-08-20",
    "price" : 329.85,
    "dma50" : 341.64,
    "dma100" : 339.80,
    "dma200" : 348.11,
    "volume" : 306482.00
  }, {
    "date" : "2025-08-21",
    "price" : 329.45,
    "dma50" : 341.16,
    "dma100" : 340.26,
    "dma200" : 347.92,
    "volume" : 311892.00
  }, {
    "date" : "2025-08-22",
    "price" : 324.95,
    "dma50" : 340.52,
    "dma100" : 340.67,
    "dma200" : 347.69,
    "volume" : 215846.00
  }, {
    "date" : "2025-08-25",
    "price" : 326.30,
    "dma50" : 339.97,
    "dma100" : 341.16,
    "dma200" : 347.48,
    "volume" : 365109.00
  }, {
    "date" : "2025-08-26",
    "price" : 320.70,
    "dma50" : 339.21,
    "dma100" : 341.52,
    "dma200" : 347.21,
    "volume" : 297518.00
  }, {
    "date" : "2025-08-28",
    "price" : 321.55,
    "dma50" : 338.52,
    "dma100" : 341.85,
    "dma200" : 346.96,
    "volume" : 300928.00
  }, {
    "date" : "2025-08-29",
    "price" : 320.90,
    "dma50" : 337.83,
    "dma100" : 342.14,
    "dma200" : 346.70,
    "volume" : 273334.00
  }, {
    "date" : "2025-09-01",
    "price" : 331.95,
    "dma50" : 337.60,
    "dma100" : 342.67,
    "dma200" : 346.55,
    "volume" : 462947.00
  }, {
    "date" : "2025-09-02",
    "price" : 351.95,
    "dma50" : 338.16,
    "dma100" : 343.56,
    "dma200" : 346.60,
    "volume" : 3641753.00
  }, {
    "date" : "2025-09-03",
    "price" : 346.20,
    "dma50" : 338.47,
    "dma100" : 344.29,
    "dma200" : 346.60,
    "volume" : 502819.00
  }, {
    "date" : "2025-09-04",
    "price" : 344.55,
    "dma50" : 338.71,
    "dma100" : 345.02,
    "dma200" : 346.58,
    "volume" : 778253.00
  }, {
    "date" : "2025-09-05",
    "price" : 348.10,
    "dma50" : 339.08,
    "dma100" : 345.66,
    "dma200" : 346.60,
    "volume" : 428219.00
  }, {
    "date" : "2025-09-08",
    "price" : 351.50,
    "dma50" : 339.57,
    "dma100" : 346.16,
    "dma200" : 346.64,
    "volume" : 657831.00
  }, {
    "date" : "2025-09-09",
    "price" : 356.05,
    "dma50" : 340.21,
    "dma100" : 346.69,
    "dma200" : 346.74,
    "volume" : 488009.00
  }, {
    "date" : "2025-09-10",
    "price" : 356.30,
    "dma50" : 340.85,
    "dma100" : 347.18,
    "dma200" : 346.83,
    "volume" : 559513.00
  }, {
    "date" : "2025-09-11",
    "price" : 367.60,
    "dma50" : 341.89,
    "dma100" : 347.74,
    "dma200" : 347.04,
    "volume" : 1681569.00
  }, {
    "date" : "2025-09-12",
    "price" : 368.90,
    "dma50" : 342.95,
    "dma100" : 348.31,
    "dma200" : 347.26,
    "volume" : 762844.00
  }, {
    "date" : "2025-09-15",
    "price" : 369.65,
    "dma50" : 344.00,
    "dma100" : 348.91,
    "dma200" : 347.48,
    "volume" : 714247.00
  }, {
    "date" : "2025-09-16",
    "price" : 376.75,
    "dma50" : 345.28,
    "dma100" : 349.53,
    "dma200" : 347.77,
    "volume" : 1581164.00
  }, {
    "date" : "2025-09-17",
    "price" : 377.05,
    "dma50" : 346.53,
    "dma100" : 350.20,
    "dma200" : 348.06,
    "volume" : 428336.00
  }, {
    "date" : "2025-09-18",
    "price" : 374.50,
    "dma50" : 347.63,
    "dma100" : 350.87,
    "dma200" : 348.33,
    "volume" : 337019.00
  }, {
    "date" : "2025-09-19",
    "price" : 374.90,
    "dma50" : 348.70,
    "dma100" : 351.55,
    "dma200" : 348.59,
    "volume" : 595781.00
  }, {
    "date" : "2025-09-22",
    "price" : 378.35,
    "dma50" : 349.86,
    "dma100" : 352.23,
    "dma200" : 348.89,
    "volume" : 953400.00
  }, {
    "date" : "2025-09-23",
    "price" : 381.05,
    "dma50" : 351.08,
    "dma100" : 352.93,
    "dma200" : 349.21,
    "volume" : 2235228.00
  }, {
    "date" : "2025-09-24",
    "price" : 375.25,
    "dma50" : 352.03,
    "dma100" : 353.47,
    "dma200" : 349.47,
    "volume" : 353220.00
  }, {
    "date" : "2025-09-25",
    "price" : 373.25,
    "dma50" : 352.86,
    "dma100" : 354.09,
    "dma200" : 349.70,
    "volume" : 567519.00
  }, {
    "date" : "2025-09-26",
    "price" : 358.15,
    "dma50" : 353.07,
    "dma100" : 354.40,
    "dma200" : 349.79,
    "volume" : 422882.00
  }, {
    "date" : "2025-09-29",
    "price" : 355.15,
    "dma50" : 353.15,
    "dma100" : 354.71,
    "dma200" : 349.84,
    "volume" : 352776.00
  }, {
    "date" : "2025-09-30",
    "price" : 357.65,
    "dma50" : 353.33,
    "dma100" : 355.06,
    "dma200" : 349.92,
    "volume" : 268447.00
  }, {
    "date" : "2025-10-01",
    "price" : 366.45,
    "dma50" : 353.84,
    "dma100" : 355.37,
    "dma200" : 350.08,
    "volume" : 377957.00
  }, {
    "date" : "2025-10-03",
    "price" : 373.45,
    "dma50" : 354.61,
    "dma100" : 355.77,
    "dma200" : 350.31,
    "volume" : 467964.00
  }, {
    "date" : "2025-10-06",
    "price" : 371.10,
    "dma50" : 355.26,
    "dma100" : 356.04,
    "dma200" : 350.52,
    "volume" : 217225.00
  }, {
    "date" : "2025-10-07",
    "price" : 376.25,
    "dma50" : 356.08,
    "dma100" : 356.40,
    "dma200" : 350.78,
    "volume" : 507060.00
  }, {
    "date" : "2025-10-08",
    "price" : 380.10,
    "dma50" : 357.02,
    "dma100" : 356.69,
    "dma200" : 351.07,
    "volume" : 1975382.00
  }, {
    "date" : "2025-10-09",
    "price" : 380.80,
    "dma50" : 357.96,
    "dma100" : 356.96,
    "dma200" : 351.36,
    "volume" : 358597.00
  }, {
    "date" : "2025-10-10",
    "price" : 382.30,
    "dma50" : 358.91,
    "dma100" : 357.30,
    "dma200" : 351.67,
    "volume" : 400987.00
  }, {
    "date" : "2025-10-13",
    "price" : 379.85,
    "dma50" : 359.73,
    "dma100" : 357.16,
    "dma200" : 351.95,
    "volume" : 355293.00
  }, {
    "date" : "2025-10-14",
    "price" : 374.80,
    "dma50" : 360.32,
    "dma100" : 357.08,
    "dma200" : 352.18,
    "volume" : 365913.00
  }, {
    "date" : "2025-10-15",
    "price" : 377.65,
    "dma50" : 361.00,
    "dma100" : 357.03,
    "dma200" : 352.43,
    "volume" : 233401.00
  }, {
    "date" : "2025-10-16",
    "price" : 386.45,
    "dma50" : 362.00,
    "dma100" : 357.11,
    "dma200" : 352.77,
    "volume" : 814239.00
  }, {
    "date" : "2025-10-17",
    "price" : 390.25,
    "dma50" : 363.11,
    "dma100" : 357.25,
    "dma200" : 353.14,
    "volume" : 912273.00
  }, {
    "date" : "2025-10-20",
    "price" : 418.45,
    "dma50" : 365.28,
    "dma100" : 357.68,
    "dma200" : 353.79,
    "volume" : 10560638.00
  }, {
    "date" : "2025-10-21",
    "price" : 421.20,
    "dma50" : 367.47,
    "dma100" : 358.13,
    "dma200" : 354.47,
    "volume" : 902635.00
  }, {
    "date" : "2025-10-23",
    "price" : 420.95,
    "dma50" : 369.57,
    "dma100" : 358.61,
    "dma200" : 355.13,
    "volume" : 1677380.00
  }, {
    "date" : "2025-10-24",
    "price" : 411.95,
    "dma50" : 371.23,
    "dma100" : 358.96,
    "dma200" : 355.69,
    "volume" : 1552565.00
  }, {
    "date" : "2025-10-27",
    "price" : 411.90,
    "dma50" : 372.83,
    "dma100" : 359.40,
    "dma200" : 356.25,
    "volume" : 677424.00
  }, {
    "date" : "2025-10-28",
    "price" : 426.75,
    "dma50" : 374.94,
    "dma100" : 359.94,
    "dma200" : 356.95,
    "volume" : 13584271.00
  }, {
    "date" : "2025-10-29",
    "price" : 424.15,
    "dma50" : 376.87,
    "dma100" : 360.46,
    "dma200" : 357.62,
    "volume" : 949141.00
  }, {
    "date" : "2025-10-30",
    "price" : 436.10,
    "dma50" : 379.19,
    "dma100" : 361.13,
    "dma200" : 358.40,
    "volume" : 4284345.00
  }, {
    "date" : "2025-10-31",
    "price" : 432.05,
    "dma50" : 381.27,
    "dma100" : 361.62,
    "dma200" : 359.14,
    "volume" : 2174086.00
  }, {
    "date" : "2025-11-03",
    "price" : 442.75,
    "dma50" : 383.68,
    "dma100" : 362.24,
    "dma200" : 359.97,
    "volume" : 2140627.00
  }, {
    "date" : "2025-11-04",
    "price" : 453.30,
    "dma50" : 386.41,
    "dma100" : 362.96,
    "dma200" : 360.90,
    "volume" : 6995395.00
  }, {
    "date" : "2025-11-06",
    "price" : 447.90,
    "dma50" : 388.82,
    "dma100" : 363.69,
    "dma200" : 361.76,
    "volume" : 1736102.00
  }, {
    "date" : "2025-11-07",
    "price" : 458.50,
    "dma50" : 391.55,
    "dma100" : 364.60,
    "dma200" : 362.72,
    "volume" : 1786706.00
  }, {
    "date" : "2025-11-10",
    "price" : 455.70,
    "dma50" : 394.07,
    "dma100" : 365.47,
    "dma200" : 363.65,
    "volume" : 1747099.00
  }, {
    "date" : "2025-11-11",
    "price" : 452.85,
    "dma50" : 396.37,
    "dma100" : 366.37,
    "dma200" : 364.54,
    "volume" : 1386034.00
  }, {
    "date" : "2025-11-12",
    "price" : 466.85,
    "dma50" : 399.14,
    "dma100" : 367.40,
    "dma200" : 365.56,
    "volume" : 1558370.00
  }, {
    "date" : "2025-11-13",
    "price" : 465.75,
    "dma50" : 401.75,
    "dma100" : 368.53,
    "dma200" : 366.55,
    "volume" : 1393656.00
  }, {
    "date" : "2025-11-14",
    "price" : 460.00,
    "dma50" : 404.03,
    "dma100" : 369.63,
    "dma200" : 367.48,
    "volume" : 788970.00
  }, {
    "date" : "2025-11-17",
    "price" : 461.85,
    "dma50" : 406.30,
    "dma100" : 370.83,
    "dma200" : 368.42,
    "volume" : 726751.00
  }, {
    "date" : "2025-11-18",
    "price" : 455.80,
    "dma50" : 408.24,
    "dma100" : 371.93,
    "dma200" : 369.29,
    "volume" : 516521.00
  }, {
    "date" : "2025-11-19",
    "price" : 446.60,
    "dma50" : 409.75,
    "dma100" : 372.83,
    "dma200" : 370.06,
    "volume" : 628163.00
  }, {
    "date" : "2025-11-20",
    "price" : 450.55,
    "dma50" : 411.35,
    "dma100" : 373.78,
    "dma200" : 370.86,
    "volume" : 705084.00
  }, {
    "date" : "2025-11-21",
    "price" : 446.45,
    "dma50" : 412.72,
    "dma100" : 374.67,
    "dma200" : 371.61,
    "volume" : 1243899.00
  }, {
    "date" : "2025-11-24",
    "price" : 446.85,
    "dma50" : 414.06,
    "dma100" : 375.58,
    "dma200" : 372.36,
    "volume" : 497447.00
  }, {
    "date" : "2025-11-25",
    "price" : 441.70,
    "dma50" : 415.14,
    "dma100" : 376.43,
    "dma200" : 373.05,
    "volume" : 451465.00
  }, {
    "date" : "2025-11-26",
    "price" : 456.00,
    "dma50" : 416.75,
    "dma100" : 377.32,
    "dma200" : 373.88,
    "volume" : 782603.00
  }, {
    "date" : "2025-11-27",
    "price" : 448.30,
    "dma50" : 417.98,
    "dma100" : 378.12,
    "dma200" : 374.62,
    "volume" : 525684.00
  }, {
    "date" : "2025-11-28",
    "price" : 447.00,
    "dma50" : 419.12,
    "dma100" : 378.91,
    "dma200" : 375.34,
    "volume" : 451216.00
  }, {
    "date" : "2025-12-01",
    "price" : 449.95,
    "dma50" : 420.33,
    "dma100" : 379.72,
    "dma200" : 376.08,
    "volume" : 1494686.00
  }, {
    "date" : "2025-12-02",
    "price" : 454.40,
    "dma50" : 421.67,
    "dma100" : 380.55,
    "dma200" : 376.86,
    "volume" : 546875.00
  }, {
    "date" : "2025-12-03",
    "price" : 464.50,
    "dma50" : 423.35,
    "dma100" : 381.47,
    "dma200" : 377.73,
    "volume" : 2704393.00
  }, {
    "date" : "2025-12-04",
    "price" : 474.00,
    "dma50" : 425.33,
    "dma100" : 382.51,
    "dma200" : 378.69,
    "volume" : 1900958.00
  }, {
    "date" : "2025-12-05",
    "price" : 464.30,
    "dma50" : 426.86,
    "dma100" : 383.52,
    "dma200" : 379.54,
    "volume" : 886647.00
  }, {
    "date" : "2025-12-08",
    "price" : 449.65,
    "dma50" : 427.75,
    "dma100" : 384.36,
    "dma200" : 380.24,
    "volume" : 996903.00
  }, {
    "date" : "2025-12-09",
    "price" : 445.75,
    "dma50" : 428.46,
    "dma100" : 385.10,
    "dma200" : 380.89,
    "volume" : 1098842.00
  }, {
    "date" : "2025-12-10",
    "price" : 445.00,
    "dma50" : 429.11,
    "dma100" : 385.88,
    "dma200" : 381.53,
    "volume" : 956778.00
  }, {
    "date" : "2025-12-11",
    "price" : 452.05,
    "dma50" : 430.01,
    "dma100" : 386.65,
    "dma200" : 382.23,
    "volume" : 1055669.00
  }, {
    "date" : "2025-12-12",
    "price" : 455.00,
    "dma50" : 430.99,
    "dma100" : 387.50,
    "dma200" : 382.95,
    "volume" : 546470.00
  }, {
    "date" : "2025-12-15",
    "price" : 469.70,
    "dma50" : 432.51,
    "dma100" : 388.61,
    "dma200" : 383.82,
    "volume" : 706542.00
  }, {
    "date" : "2025-12-16",
    "price" : 468.50,
    "dma50" : 433.92,
    "dma100" : 389.77,
    "dma200" : 384.66,
    "volume" : 414104.00
  }, {
    "date" : "2025-12-17",
    "price" : 464.65,
    "dma50" : 435.12,
    "dma100" : 390.88,
    "dma200" : 385.46,
    "volume" : 383048.00
  }, {
    "date" : "2025-12-18",
    "price" : 458.85,
    "dma50" : 436.05,
    "dma100" : 391.93,
    "dma200" : 386.19,
    "volume" : 436866.00
  }, {
    "date" : "2025-12-19",
    "price" : 485.75,
    "dma50" : 438.00,
    "dma100" : 393.34,
    "dma200" : 387.18,
    "volume" : 7432918.00
  }, {
    "date" : "2025-12-22",
    "price" : 490.90,
    "dma50" : 440.08,
    "dma100" : 394.85,
    "dma200" : 388.21,
    "volume" : 1765996.00
  }, {
    "date" : "2025-12-23",
    "price" : 510.30,
    "dma50" : 442.83,
    "dma100" : 396.52,
    "dma200" : 389.42,
    "volume" : 5421551.00
  }, {
    "date" : "2025-12-24",
    "price" : 508.60,
    "dma50" : 445.41,
    "dma100" : 398.19,
    "dma200" : 390.61,
    "volume" : 1333781.00
  }, {
    "date" : "2025-12-26",
    "price" : 497.55,
    "dma50" : 447.45,
    "dma100" : 399.81,
    "dma200" : 391.67,
    "volume" : 607691.00
  }, {
    "date" : "2025-12-29",
    "price" : 499.75,
    "dma50" : 449.51,
    "dma100" : 401.52,
    "dma200" : 392.75,
    "volume" : 1678908.00
  }, {
    "date" : "2025-12-30",
    "price" : 504.70,
    "dma50" : 451.67,
    "dma100" : 403.26,
    "dma200" : 393.86,
    "volume" : 653149.00
  }, {
    "date" : "2025-12-31",
    "price" : 502.70,
    "dma50" : 453.67,
    "dma100" : 405.02,
    "dma200" : 394.95,
    "volume" : 595264.00
  }, {
    "date" : "2026-01-01",
    "price" : 516.65,
    "dma50" : 456.14,
    "dma100" : 406.96,
    "dma200" : 396.16,
    "volume" : 2216667.00
  }, {
    "date" : "2026-01-02",
    "price" : 511.55,
    "dma50" : 458.31,
    "dma100" : 408.84,
    "dma200" : 397.30,
    "volume" : 1245656.00
  }, {
    "date" : "2026-01-05",
    "price" : 508.25,
    "dma50" : 460.27,
    "dma100" : 410.64,
    "dma200" : 398.41,
    "volume" : 412068.00
  }, {
    "date" : "2026-01-06",
    "price" : 510.65,
    "dma50" : 462.25,
    "dma100" : 412.55,
    "dma200" : 399.53,
    "volume" : 768155.00
  }, {
    "date" : "2026-01-07",
    "price" : 512.20,
    "dma50" : 464.21,
    "dma100" : 414.53,
    "dma200" : 400.65,
    "volume" : 815281.00
  }, {
    "date" : "2026-01-08",
    "price" : 506.85,
    "dma50" : 465.88,
    "dma100" : 416.46,
    "dma200" : 401.70,
    "volume" : 2226572.00
  }, {
    "date" : "2026-01-09",
    "price" : 506.50,
    "dma50" : 467.47,
    "dma100" : 418.41,
    "dma200" : 402.75,
    "volume" : 1066272.00
  }, {
    "date" : "2026-01-12",
    "price" : 502.30,
    "dma50" : 468.84,
    "dma100" : 420.18,
    "dma200" : 403.74,
    "volume" : 1150455.00
  }, {
    "date" : "2026-01-13",
    "price" : 504.20,
    "dma50" : 470.22,
    "dma100" : 421.92,
    "dma200" : 404.74,
    "volume" : 496789.00
  }, {
    "date" : "2026-01-14",
    "price" : 506.15,
    "dma50" : 471.63,
    "dma100" : 423.68,
    "dma200" : 405.75,
    "volume" : 457073.00
  }, {
    "date" : "2026-01-16",
    "price" : 503.40,
    "dma50" : 472.88,
    "dma100" : 425.42,
    "dma200" : 406.72,
    "volume" : 507942.00
  }, {
    "date" : "2026-01-19",
    "price" : 506.65,
    "dma50" : 474.20,
    "dma100" : 427.24,
    "dma200" : 407.71,
    "volume" : 510126.00
  }, {
    "date" : "2026-01-20",
    "price" : 499.95,
    "dma50" : 475.21,
    "dma100" : 428.97,
    "dma200" : 408.63,
    "volume" : 1546077.00
  }, {
    "date" : "2026-01-21",
    "price" : 510.95,
    "dma50" : 476.61,
    "dma100" : 430.88,
    "dma200" : 409.65,
    "volume" : 1277657.00
  }, {
    "date" : "2026-01-22",
    "price" : 520.20,
    "dma50" : 478.32,
    "dma100" : 432.86,
    "dma200" : 410.75,
    "volume" : 1358646.00
  }, {
    "date" : "2026-01-23",
    "price" : 508.05,
    "dma50" : 479.49,
    "dma100" : 434.74,
    "dma200" : 411.72,
    "volume" : 924770.00
  }, {
    "date" : "2026-01-27",
    "price" : 510.50,
    "dma50" : 480.71,
    "dma100" : 436.52,
    "dma200" : 412.70,
    "volume" : 778456.00
  }, {
    "date" : "2026-01-28",
    "price" : 507.20,
    "dma50" : 481.74,
    "dma100" : 438.07,
    "dma200" : 413.64,
    "volume" : 522757.00
  }, {
    "date" : "2026-01-29",
    "price" : 504.20,
    "dma50" : 482.63,
    "dma100" : 439.65,
    "dma200" : 414.54,
    "volume" : 712049.00
  } ],
  "latestTechnicalAttributes" : {
    "date" : "2026-01-29",
    "price" : 504.20,
    "dma50" : 482.63,
    "dma100" : 439.65,
    "dma200" : 414.54,
    "volume" : 712049.00
  },
  "quarterlyResults" : [ {
    "date" : "2005-03-31",
    "sales" : 490.30,
    "salesGrowthYoY" : null,
    "grossProfitMargin" : 34.85,
    "grossProfit" : 170.87,
    "operatingProfitMargin" : 5.40,
    "operatingProfit" : 26.48,
    "netProfitMargin" : -0.41,
    "netProfit" : -2.01
  }, {
    "date" : "2005-06-30",
    "sales" : 562.67,
    "salesGrowthYoY" : null,
    "grossProfitMargin" : 33.98,
    "grossProfit" : 191.20,
    "operatingProfitMargin" : 6.49,
    "operatingProfit" : 36.52,
    "netProfitMargin" : 1.58,
    "netProfit" : 8.89
  }, {
    "date" : "2005-09-30",
    "sales" : 592.83,
    "salesGrowthYoY" : null,
    "grossProfitMargin" : 32.36,
    "grossProfit" : 191.84,
    "operatingProfitMargin" : 6.18,
    "operatingProfit" : 36.64,
    "netProfitMargin" : 3.22,
    "netProfit" : 19.09
  }, {
    "date" : "2005-12-31",
    "sales" : 576.11,
    "salesGrowthYoY" : null,
    "grossProfitMargin" : 33.79,
    "grossProfit" : 194.67,
    "operatingProfitMargin" : 6.41,
    "operatingProfit" : 36.93,
    "netProfitMargin" : 0.48,
    "netProfit" : 2.77
  }, {
    "date" : "2006-03-31",
    "sales" : 625.04,
    "salesGrowthYoY" : 27.48,
    "grossProfitMargin" : 31.53,
    "grossProfit" : 197.08,
    "operatingProfitMargin" : 5.05,
    "operatingProfit" : 31.56,
    "netProfitMargin" : 0.57,
    "netProfit" : 3.56
  }, {
    "date" : "2006-06-30",
    "sales" : 696.93,
    "salesGrowthYoY" : 23.86,
    "grossProfitMargin" : 29.79,
    "grossProfit" : 207.62,
    "operatingProfitMargin" : 5.74,
    "operatingProfit" : 40.00,
    "netProfitMargin" : 0.53,
    "netProfit" : 3.69
  }, {
    "date" : "2006-09-30",
    "sales" : 711.13,
    "salesGrowthYoY" : 19.96,
    "grossProfitMargin" : 29.32,
    "grossProfit" : 208.50,
    "operatingProfitMargin" : 6.01,
    "operatingProfit" : 42.74,
    "netProfitMargin" : 0.98,
    "netProfit" : 6.97
  }, {
    "date" : "2006-12-31",
    "sales" : 657.50,
    "salesGrowthYoY" : 14.13,
    "grossProfitMargin" : 31.72,
    "grossProfit" : 208.56,
    "operatingProfitMargin" : 7.61,
    "operatingProfit" : 50.04,
    "netProfitMargin" : 1.24,
    "netProfit" : 8.15
  }, {
    "date" : "2007-03-31",
    "sales" : 746.84,
    "salesGrowthYoY" : 19.49,
    "grossProfitMargin" : 31.18,
    "grossProfit" : 232.86,
    "operatingProfitMargin" : 7.93,
    "operatingProfit" : 59.22,
    "netProfitMargin" : 1.84,
    "netProfit" : 13.74
  }, {
    "date" : "2007-06-30",
    "sales" : 721.66,
    "salesGrowthYoY" : 3.55,
    "grossProfitMargin" : 33.34,
    "grossProfit" : 240.60,
    "operatingProfitMargin" : 9.66,
    "operatingProfit" : 69.71,
    "netProfitMargin" : 2.80,
    "netProfit" : 20.21
  }, {
    "date" : "2007-09-30",
    "sales" : 690.16,
    "salesGrowthYoY" : -2.95,
    "grossProfitMargin" : 37.56,
    "grossProfit" : 259.22,
    "operatingProfitMargin" : 10.98,
    "operatingProfit" : 75.78,
    "netProfitMargin" : 3.57,
    "netProfit" : 24.64
  }, {
    "date" : "2007-12-31",
    "sales" : 722.88,
    "salesGrowthYoY" : 9.94,
    "grossProfitMargin" : 34.96,
    "grossProfit" : 252.72,
    "operatingProfitMargin" : 10.29,
    "operatingProfit" : 74.38,
    "netProfitMargin" : 3.01,
    "netProfit" : 21.76
  }, {
    "date" : "2008-03-31",
    "sales" : 833.81,
    "salesGrowthYoY" : 11.65,
    "grossProfitMargin" : 32.86,
    "grossProfit" : 273.99,
    "operatingProfitMargin" : 9.77,
    "operatingProfit" : 81.46,
    "netProfitMargin" : 2.76,
    "netProfit" : 23.01
  }, {
    "date" : "2008-06-30",
    "sales" : 851.89,
    "salesGrowthYoY" : 18.05,
    "grossProfitMargin" : 32.11,
    "grossProfit" : 273.54,
    "operatingProfitMargin" : 9.12,
    "operatingProfit" : 77.69,
    "netProfitMargin" : 2.38,
    "netProfit" : 20.27
  }, {
    "date" : "2008-09-30",
    "sales" : 874.48,
    "salesGrowthYoY" : 26.71,
    "grossProfitMargin" : 23.01,
    "grossProfit" : 201.22,
    "operatingProfitMargin" : -0.58,
    "operatingProfit" : -5.07,
    "netProfitMargin" : -3.70,
    "netProfit" : -32.36
  }, {
    "date" : "2008-12-31",
    "sales" : 782.21,
    "salesGrowthYoY" : 8.21,
    "grossProfitMargin" : 25.01,
    "grossProfit" : 195.63,
    "operatingProfitMargin" : 1.24,
    "operatingProfit" : 9.70,
    "netProfitMargin" : -3.50,
    "netProfit" : -27.38
  }, {
    "date" : "2009-03-31",
    "sales" : 854.22,
    "salesGrowthYoY" : 2.45,
    "grossProfitMargin" : 30.13,
    "grossProfit" : 257.38,
    "operatingProfitMargin" : 8.40,
    "operatingProfit" : 71.75,
    "netProfitMargin" : 1.60,
    "netProfit" : 13.67
  }, {
    "date" : "2009-06-30",
    "sales" : 900.70,
    "salesGrowthYoY" : 5.73,
    "grossProfitMargin" : 35.10,
    "grossProfit" : 316.15,
    "operatingProfitMargin" : 11.84,
    "operatingProfit" : 106.64,
    "netProfitMargin" : 4.52,
    "netProfit" : 40.71
  }, {
    "date" : "2009-09-30",
    "sales" : 941.39,
    "salesGrowthYoY" : 7.65,
    "grossProfitMargin" : 40.12,
    "grossProfit" : 377.69,
    "operatingProfitMargin" : 14.55,
    "operatingProfit" : 136.97,
    "netProfitMargin" : 6.32,
    "netProfit" : 59.50
  }, {
    "date" : "2009-12-31",
    "sales" : 802.00,
    "salesGrowthYoY" : 2.53,
    "grossProfitMargin" : 37.13,
    "grossProfit" : 297.78,
    "operatingProfitMargin" : 12.07,
    "operatingProfit" : 96.80,
    "netProfitMargin" : 4.55,
    "netProfit" : 36.49
  }, {
    "date" : "2010-03-31",
    "sales" : 1047.55,
    "salesGrowthYoY" : 22.63,
    "grossProfitMargin" : 31.54,
    "grossProfit" : 330.40,
    "operatingProfitMargin" : 7.56,
    "operatingProfit" : 79.19,
    "netProfitMargin" : 2.55,
    "netProfit" : 26.71
  }, {
    "date" : "2010-06-30",
    "sales" : 1167.97,
    "salesGrowthYoY" : 29.67,
    "grossProfitMargin" : 27.34,
    "grossProfit" : 319.32,
    "operatingProfitMargin" : 6.26,
    "operatingProfit" : 73.11,
    "netProfitMargin" : 1.67,
    "netProfit" : 19.51
  }, {
    "date" : "2010-09-30",
    "sales" : 1138.17,
    "salesGrowthYoY" : 20.90,
    "grossProfitMargin" : 28.54,
    "grossProfit" : 324.83,
    "operatingProfitMargin" : 5.98,
    "operatingProfit" : 68.06,
    "netProfitMargin" : 1.41,
    "netProfit" : 16.05
  }, {
    "date" : "2010-12-31",
    "sales" : 1178.99,
    "salesGrowthYoY" : 47.01,
    "grossProfitMargin" : 28.05,
    "grossProfit" : 330.71,
    "operatingProfitMargin" : 5.66,
    "operatingProfit" : 66.73,
    "netProfitMargin" : 0.99,
    "netProfit" : 11.67
  }, {
    "date" : "2011-03-31",
    "sales" : 1346.35,
    "salesGrowthYoY" : 28.52,
    "grossProfitMargin" : 24.58,
    "grossProfit" : 330.93,
    "operatingProfitMargin" : 5.51,
    "operatingProfit" : 74.18,
    "netProfitMargin" : 1.30,
    "netProfit" : 17.50
  }, {
    "date" : "2011-06-30",
    "sales" : 1408.79,
    "salesGrowthYoY" : 20.62,
    "grossProfitMargin" : 23.23,
    "grossProfit" : 327.26,
    "operatingProfitMargin" : 4.38,
    "operatingProfit" : 61.71,
    "netProfitMargin" : -0.01,
    "netProfit" : -0.14
  }, {
    "date" : "2011-09-30",
    "sales" : 1246.01,
    "salesGrowthYoY" : 9.47,
    "grossProfitMargin" : 21.59,
    "grossProfit" : 269.01,
    "operatingProfitMargin" : 2.20,
    "operatingProfit" : 27.41,
    "netProfitMargin" : -0.87,
    "netProfit" : -10.84
  }, {
    "date" : "2011-12-31",
    "sales" : 1383.19,
    "salesGrowthYoY" : 17.32,
    "grossProfitMargin" : 22.79,
    "grossProfit" : 315.23,
    "operatingProfitMargin" : 5.25,
    "operatingProfit" : 72.62,
    "netProfitMargin" : 1.23,
    "netProfit" : 17.01
  }, {
    "date" : "2012-03-31",
    "sales" : 1489.95,
    "salesGrowthYoY" : 10.67,
    "grossProfitMargin" : 24.28,
    "grossProfit" : 361.76,
    "operatingProfitMargin" : 7.91,
    "operatingProfit" : 117.86,
    "netProfitMargin" : 2.08,
    "netProfit" : 30.99
  }, {
    "date" : "2012-06-30",
    "sales" : 1427.58,
    "salesGrowthYoY" : 1.33,
    "grossProfitMargin" : 26.71,
    "grossProfit" : 381.31,
    "operatingProfitMargin" : 8.82,
    "operatingProfit" : 125.91,
    "netProfitMargin" : 2.41,
    "netProfit" : 34.40
  }, {
    "date" : "2012-09-30",
    "sales" : 1326.78,
    "salesGrowthYoY" : 6.48,
    "grossProfitMargin" : 28.95,
    "grossProfit" : 384.10,
    "operatingProfitMargin" : 8.11,
    "operatingProfit" : 107.60,
    "netProfitMargin" : 1.90,
    "netProfit" : 25.21
  }, {
    "date" : "2012-12-31",
    "sales" : 1293.64,
    "salesGrowthYoY" : -6.47,
    "grossProfitMargin" : 29.98,
    "grossProfit" : 387.83,
    "operatingProfitMargin" : 9.09,
    "operatingProfit" : 117.59,
    "netProfitMargin" : 2.05,
    "netProfit" : 26.52
  }, {
    "date" : "2013-03-31",
    "sales" : 1382.83,
    "salesGrowthYoY" : -7.19,
    "grossProfitMargin" : 30.03,
    "grossProfit" : 415.26,
    "operatingProfitMargin" : 9.85,
    "operatingProfit" : 136.21,
    "netProfitMargin" : 2.48,
    "netProfit" : 34.29
  }, {
    "date" : "2013-06-30",
    "sales" : 1484.29,
    "salesGrowthYoY" : 3.97,
    "grossProfitMargin" : 32.83,
    "grossProfit" : 487.29,
    "operatingProfitMargin" : 12.07,
    "operatingProfit" : 179.15,
    "netProfitMargin" : 3.41,
    "netProfit" : 50.61
  }, {
    "date" : "2013-09-30",
    "sales" : 1439.66,
    "salesGrowthYoY" : 8.51,
    "grossProfitMargin" : 32.70,
    "grossProfit" : 470.77,
    "operatingProfitMargin" : 10.99,
    "operatingProfit" : 158.22,
    "netProfitMargin" : 3.02,
    "netProfit" : 43.48
  }, {
    "date" : "2013-12-31",
    "sales" : 1443.24,
    "salesGrowthYoY" : 11.56,
    "grossProfitMargin" : 32.71,
    "grossProfit" : 472.08,
    "operatingProfitMargin" : 11.23,
    "operatingProfit" : 162.08,
    "netProfitMargin" : 2.94,
    "netProfit" : 42.43
  }, {
    "date" : "2014-03-31",
    "sales" : 1583.89,
    "salesGrowthYoY" : 14.54,
    "grossProfitMargin" : 30.58,
    "grossProfit" : 484.35,
    "operatingProfitMargin" : 9.84,
    "operatingProfit" : 155.85,
    "netProfitMargin" : 2.51,
    "netProfit" : 39.76
  }, {
    "date" : "2014-06-30",
    "sales" : 1566.74,
    "salesGrowthYoY" : 5.55,
    "grossProfitMargin" : 32.24,
    "grossProfit" : 505.12,
    "operatingProfitMargin" : 10.45,
    "operatingProfit" : 163.72,
    "netProfitMargin" : 2.70,
    "netProfit" : 42.30
  }, {
    "date" : "2014-09-30",
    "sales" : 1531.86,
    "salesGrowthYoY" : 6.40,
    "grossProfitMargin" : 35.15,
    "grossProfit" : 538.45,
    "operatingProfitMargin" : 12.18,
    "operatingProfit" : 186.58,
    "netProfitMargin" : 3.99,
    "netProfit" : 61.12
  }, {
    "date" : "2014-12-31",
    "sales" : 1523.07,
    "salesGrowthYoY" : 5.53,
    "grossProfitMargin" : 36.65,
    "grossProfit" : 558.21,
    "operatingProfitMargin" : 12.89,
    "operatingProfit" : 196.32,
    "netProfitMargin" : 4.91,
    "netProfit" : 74.78
  }, {
    "date" : "2015-03-31",
    "sales" : 1503.56,
    "salesGrowthYoY" : -5.07,
    "grossProfitMargin" : 38.16,
    "grossProfit" : 573.76,
    "operatingProfitMargin" : 13.65,
    "operatingProfit" : 205.24,
    "netProfitMargin" : 5.39,
    "netProfit" : 81.04
  }, {
    "date" : "2015-06-30",
    "sales" : 1491.28,
    "salesGrowthYoY" : -4.82,
    "grossProfitMargin" : 41.46,
    "grossProfit" : 618.28,
    "operatingProfitMargin" : 17.45,
    "operatingProfit" : 260.23,
    "netProfitMargin" : 7.38,
    "netProfit" : 110.06
  }, {
    "date" : "2015-09-30",
    "sales" : 1492.29,
    "salesGrowthYoY" : -2.58,
    "grossProfitMargin" : 42.43,
    "grossProfit" : 633.18,
    "operatingProfitMargin" : 17.86,
    "operatingProfit" : 266.52,
    "netProfitMargin" : 7.95,
    "netProfit" : 118.64
  }, {
    "date" : "2015-12-31",
    "sales" : 1358.69,
    "salesGrowthYoY" : -10.79,
    "grossProfitMargin" : 43.84,
    "grossProfit" : 595.65,
    "operatingProfitMargin" : 17.59,
    "operatingProfit" : 238.99,
    "netProfitMargin" : 7.46,
    "netProfit" : 101.36
  }, {
    "date" : "2016-03-31",
    "sales" : 1483.28,
    "salesGrowthYoY" : -1.35,
    "grossProfitMargin" : 41.79,
    "grossProfit" : 619.86,
    "operatingProfitMargin" : 16.00,
    "operatingProfit" : 237.32,
    "netProfitMargin" : 7.14,
    "netProfit" : 105.91
  }, {
    "date" : "2016-06-30",
    "sales" : 1479.86,
    "salesGrowthYoY" : -0.77,
    "grossProfitMargin" : 43.46,
    "grossProfit" : 643.15,
    "operatingProfitMargin" : 17.12,
    "operatingProfit" : 253.35,
    "netProfitMargin" : 6.83,
    "netProfit" : 101.07
  }, {
    "date" : "2016-09-30",
    "sales" : 1443.78,
    "salesGrowthYoY" : -3.25,
    "grossProfitMargin" : 41.32,
    "grossProfit" : 596.57,
    "operatingProfitMargin" : 15.81,
    "operatingProfit" : 228.26,
    "netProfitMargin" : 5.92,
    "netProfit" : 85.47
  }, {
    "date" : "2016-12-31",
    "sales" : 1421.90,
    "salesGrowthYoY" : 4.65,
    "grossProfitMargin" : 38.95,
    "grossProfit" : 553.83,
    "operatingProfitMargin" : 12.43,
    "operatingProfit" : 176.74,
    "netProfitMargin" : 2.83,
    "netProfit" : 40.24
  }, {
    "date" : "2017-03-31",
    "sales" : 1633.58,
    "salesGrowthYoY" : 10.13,
    "grossProfitMargin" : 29.90,
    "grossProfit" : 488.44,
    "operatingProfitMargin" : 5.36,
    "operatingProfit" : 87.56,
    "netProfitMargin" : 2.55,
    "netProfit" : 41.66
  }, {
    "date" : "2017-06-30",
    "sales" : 1313.37,
    "salesGrowthYoY" : -11.25,
    "grossProfitMargin" : 29.80,
    "grossProfit" : 391.38,
    "operatingProfitMargin" : 0.17,
    "operatingProfit" : 2.23,
    "netProfitMargin" : -4.98,
    "netProfit" : -65.41
  }, {
    "date" : "2017-09-30",
    "sales" : 1603.85,
    "salesGrowthYoY" : 11.09,
    "grossProfitMargin" : 30.73,
    "grossProfit" : 492.86,
    "operatingProfitMargin" : 6.79,
    "operatingProfit" : 108.90,
    "netProfitMargin" : 0.21,
    "netProfit" : 3.37
  }, {
    "date" : "2017-12-31",
    "sales" : 1732.66,
    "salesGrowthYoY" : 21.86,
    "grossProfitMargin" : 33.10,
    "grossProfit" : 573.51,
    "operatingProfitMargin" : 8.82,
    "operatingProfit" : 152.82,
    "netProfitMargin" : 1.90,
    "netProfit" : 32.92
  }, {
    "date" : "2018-03-31",
    "sales" : 1803.47,
    "salesGrowthYoY" : 10.40,
    "grossProfitMargin" : 35.98,
    "grossProfit" : 648.89,
    "operatingProfitMargin" : 12.39,
    "operatingProfit" : 223.45,
    "netProfitMargin" : 4.26,
    "netProfit" : 76.83
  }, {
    "date" : "2018-06-30",
    "sales" : 1887.32,
    "salesGrowthYoY" : 43.70,
    "grossProfitMargin" : 34.41,
    "grossProfit" : 649.43,
    "operatingProfitMargin" : 11.61,
    "operatingProfit" : 219.12,
    "netProfitMargin" : 3.70,
    "netProfit" : 69.83
  }, {
    "date" : "2018-09-30",
    "sales" : 1943.12,
    "salesGrowthYoY" : 21.15,
    "grossProfitMargin" : 32.37,
    "grossProfit" : 628.99,
    "operatingProfitMargin" : 9.95,
    "operatingProfit" : 193.34,
    "netProfitMargin" : 4.24,
    "netProfit" : 82.39
  }, {
    "date" : "2018-12-31",
    "sales" : 1922.59,
    "salesGrowthYoY" : 10.96,
    "grossProfitMargin" : 30.94,
    "grossProfit" : 594.85,
    "operatingProfitMargin" : 8.06,
    "operatingProfit" : 154.96,
    "netProfitMargin" : 1.34,
    "netProfit" : 25.76
  }, {
    "date" : "2019-03-31",
    "sales" : 1857.37,
    "salesGrowthYoY" : 2.99,
    "grossProfitMargin" : 30.84,
    "grossProfit" : 572.81,
    "operatingProfitMargin" : 8.66,
    "operatingProfit" : 160.85,
    "netProfitMargin" : 1.35,
    "netProfit" : 25.07
  }, {
    "date" : "2019-06-30",
    "sales" : 1804.18,
    "salesGrowthYoY" : -4.41,
    "grossProfitMargin" : 31.18,
    "grossProfit" : 562.54,
    "operatingProfitMargin" : 8.61,
    "operatingProfit" : 155.34,
    "netProfitMargin" : 0.83,
    "netProfit" : 14.97
  }, {
    "date" : "2019-09-30",
    "sales" : 1377.81,
    "salesGrowthYoY" : -29.09,
    "grossProfitMargin" : 42.30,
    "grossProfit" : 582.81,
    "operatingProfitMargin" : 14.37,
    "operatingProfit" : 197.99,
    "netProfitMargin" : 14.61,
    "netProfit" : 201.30
  }, {
    "date" : "2019-12-31",
    "sales" : 1561.43,
    "salesGrowthYoY" : -18.79,
    "grossProfitMargin" : 36.43,
    "grossProfit" : 568.83,
    "operatingProfitMargin" : 10.49,
    "operatingProfit" : 163.79,
    "netProfitMargin" : 1.33,
    "netProfit" : 20.77
  }, {
    "date" : "2020-03-31",
    "sales" : 1349.23,
    "salesGrowthYoY" : -27.36,
    "grossProfitMargin" : 36.48,
    "grossProfit" : 492.20,
    "operatingProfitMargin" : 9.85,
    "operatingProfit" : 132.90,
    "netProfitMargin" : -0.18,
    "netProfit" : -2.43
  }, {
    "date" : "2020-06-30",
    "sales" : 794.03,
    "salesGrowthYoY" : -55.99,
    "grossProfitMargin" : 33.00,
    "grossProfit" : 262.03,
    "operatingProfitMargin" : 3.07,
    "operatingProfit" : 24.38,
    "netProfitMargin" : -9.18,
    "netProfit" : -72.89
  }, {
    "date" : "2020-09-30",
    "sales" : 1473.03,
    "salesGrowthYoY" : 6.91,
    "grossProfitMargin" : 39.10,
    "grossProfit" : 575.95,
    "operatingProfitMargin" : 14.86,
    "operatingProfit" : 218.89,
    "netProfitMargin" : 4.21,
    "netProfit" : 62.01
  }, {
    "date" : "2020-12-31",
    "sales" : 1844.64,
    "salesGrowthYoY" : 18.14,
    "grossProfitMargin" : 40.17,
    "grossProfit" : 740.99,
    "operatingProfitMargin" : 16.60,
    "operatingProfit" : 306.21,
    "netProfitMargin" : 6.75,
    "netProfit" : 124.51
  }, {
    "date" : "2021-03-31",
    "sales" : 2022.82,
    "salesGrowthYoY" : 49.92,
    "grossProfitMargin" : 37.75,
    "grossProfit" : 763.61,
    "operatingProfitMargin" : 14.90,
    "operatingProfit" : 301.40,
    "netProfitMargin" : 6.40,
    "netProfit" : 129.46
  }, {
    "date" : "2021-06-30",
    "sales" : 1726.13,
    "salesGrowthYoY" : 117.39,
    "grossProfitMargin" : 32.81,
    "grossProfit" : 566.34,
    "operatingProfitMargin" : 10.46,
    "operatingProfit" : 180.55,
    "netProfitMargin" : 2.62,
    "netProfit" : 45.22
  }, {
    "date" : "2021-09-30",
    "sales" : 2019.16,
    "salesGrowthYoY" : 37.08,
    "grossProfitMargin" : 31.81,
    "grossProfit" : 642.29,
    "operatingProfitMargin" : 9.53,
    "operatingProfit" : 192.43,
    "netProfitMargin" : 2.64,
    "netProfit" : 53.31
  }, {
    "date" : "2021-12-31",
    "sales" : 2123.89,
    "salesGrowthYoY" : 15.14,
    "grossProfitMargin" : 31.90,
    "grossProfit" : 677.52,
    "operatingProfitMargin" : 9.16,
    "operatingProfit" : 194.55,
    "netProfitMargin" : 2.72,
    "netProfit" : 57.77
  }, {
    "date" : "2022-03-31",
    "sales" : 2162.88,
    "salesGrowthYoY" : 6.92,
    "grossProfitMargin" : 27.98,
    "grossProfit" : 605.17,
    "operatingProfitMargin" : 6.15,
    "operatingProfit" : 133.02,
    "netProfitMargin" : 1.11,
    "netProfit" : 24.01
  }, {
    "date" : "2022-06-30",
    "sales" : 2333.57,
    "salesGrowthYoY" : 35.19,
    "grossProfitMargin" : 28.63,
    "grossProfit" : 668.10,
    "operatingProfitMargin" : 7.33,
    "operatingProfit" : 171.05,
    "netProfitMargin" : 1.58,
    "netProfit" : 36.87
  }, {
    "date" : "2022-09-30",
    "sales" : 2411.29,
    "salesGrowthYoY" : 19.42,
    "grossProfitMargin" : 27.67,
    "grossProfit" : 667.20,
    "operatingProfitMargin" : 7.22,
    "operatingProfit" : 174.10,
    "netProfitMargin" : 1.96,
    "netProfit" : 47.26
  }, {
    "date" : "2022-12-31",
    "sales" : 2480.24,
    "salesGrowthYoY" : 16.78,
    "grossProfitMargin" : 30.15,
    "grossProfit" : 747.79,
    "operatingProfitMargin" : 8.45,
    "operatingProfit" : 209.58,
    "netProfitMargin" : 2.22,
    "netProfit" : 55.06
  }, {
    "date" : "2023-03-31",
    "sales" : 2392.82,
    "salesGrowthYoY" : 10.63,
    "grossProfitMargin" : 32.31,
    "grossProfit" : 773.12,
    "operatingProfitMargin" : 9.20,
    "operatingProfit" : 220.14,
    "netProfitMargin" : 2.74,
    "netProfit" : 65.56
  }, {
    "date" : "2023-06-30",
    "sales" : 2455.81,
    "salesGrowthYoY" : 5.24,
    "grossProfitMargin" : 34.49,
    "grossProfit" : 847.01,
    "operatingProfitMargin" : 11.23,
    "operatingProfit" : 275.79,
    "netProfitMargin" : 4.07,
    "netProfit" : 99.95
  }, {
    "date" : "2023-09-30",
    "sales" : 2677.68,
    "salesGrowthYoY" : 11.05,
    "grossProfitMargin" : 37.34,
    "grossProfit" : 999.85,
    "operatingProfitMargin" : 14.54,
    "operatingProfit" : 389.33,
    "netProfitMargin" : 6.74,
    "netProfit" : 180.48
  }, {
    "date" : "2023-12-31",
    "sales" : 2563.70,
    "salesGrowthYoY" : 3.36,
    "grossProfitMargin" : 37.24,
    "grossProfit" : 954.72,
    "operatingProfitMargin" : 14.16,
    "operatingProfit" : 363.02,
    "netProfitMargin" : 6.51,
    "netProfit" : 166.90
  }, {
    "date" : "2024-03-31",
    "sales" : 2616.08,
    "salesGrowthYoY" : 9.33,
    "grossProfitMargin" : 37.32,
    "grossProfit" : 976.32,
    "operatingProfitMargin" : 12.72,
    "operatingProfit" : 332.77,
    "netProfitMargin" : 6.07,
    "netProfit" : 158.80
  }, {
    "date" : "2024-06-30",
    "sales" : 2492.36,
    "salesGrowthYoY" : 1.49,
    "grossProfitMargin" : 36.75,
    "grossProfit" : 915.94,
    "operatingProfitMargin" : 12.27,
    "operatingProfit" : 305.81,
    "netProfitMargin" : 5.77,
    "netProfit" : 143.81
  }, {
    "date" : "2024-09-30",
    "sales" : 2514.63,
    "salesGrowthYoY" : -6.09,
    "grossProfitMargin" : 33.95,
    "grossProfit" : 853.72,
    "operatingProfitMargin" : 10.07,
    "operatingProfit" : 253.22,
    "netProfitMargin" : 4.03,
    "netProfit" : 101.34
  }, {
    "date" : "2024-12-31",
    "sales" : 2495.64,
    "salesGrowthYoY" : -2.65,
    "grossProfitMargin" : 32.34,
    "grossProfit" : 807.09,
    "operatingProfitMargin" : 7.40,
    "operatingProfit" : 184.68,
    "netProfitMargin" : 1.91,
    "netProfit" : 47.67
  }, {
    "date" : "2025-03-31",
    "sales" : 2673.70,
    "salesGrowthYoY" : 2.20,
    "grossProfitMargin" : 32.47,
    "grossProfit" : 868.15,
    "operatingProfitMargin" : 9.85,
    "operatingProfit" : 263.36,
    "netProfitMargin" : 3.75,
    "netProfit" : 100.26
  }, {
    "date" : "2025-06-30",
    "sales" : 2877.19,
    "salesGrowthYoY" : 15.44,
    "grossProfitMargin" : 34.71,
    "grossProfit" : 998.67,
    "operatingProfitMargin" : 11.88,
    "operatingProfit" : 341.81,
    "netProfitMargin" : 6.02,
    "netProfit" : 173.21
  }, {
    "date" : "2025-09-30",
    "sales" : 2703.80,
    "salesGrowthYoY" : 7.52,
    "grossProfitMargin" : 36.53,
    "grossProfit" : 987.70,
    "operatingProfitMargin" : 12.47,
    "operatingProfit" : 337.16,
    "netProfitMargin" : 6.16,
    "netProfit" : 166.55
  } ],
  "latestQuarterlyResult" : {
    "date" : "2025-09-30",
    "sales" : 2703.80,
    "salesGrowthYoY" : 7.52,
    "grossProfitMargin" : 36.53,
    "grossProfit" : 987.70,
    "operatingProfitMargin" : 12.47,
    "operatingProfit" : 337.16,
    "netProfitMargin" : 6.16,
    "netProfit" : 166.55
  },
  "companyScore" : {
    "priceHigherThanDma50" : 5.00,
    "priceHigherThanDma100" : 5.00,
    "priceHigherThanDma200" : 5.00,
    "dma50HigherThanDma100" : 5.00,
    "dma50HigherThanDma200" : 5.00,
    "dma100HigherThanDma200" : 5.00,
    "pricePercentageAboveDma50" : 4.78,
    "pricePercentageAboveDma100" : 4.27,
    "pricePercentageAboveDma200" : 3.92,
    "weeklyVolumeHigherThanYearlyVolume" : 0.00,
    "salesGrowthPercentile" : 9.37,
    "operatingProfitMarginPercentile" : 16.14,
    "netProfitMarginPercentile" : 8.67,
    "totalTechnicalScore" : 42.96,
    "totalFundamentalScore" : 34.19,
    "totalScore" : 77.15
  }
}