{
  "metadata" : {
    "screenerCompanyId" : "615823",
    "companyCode" : "JPOLYINVST",
    "companyName" : "Jindal Poly Inve",
    "screenerCompanyLink" : "https://www.screener.in/company/JPOLYINVST/consolidated/",
    "screenerTechnicalHistoryLink" : "https://www.screener.in/api/company/615823/chart/?q=Price-DMA50-DMA200-Volume&days=365",
    "screenerQuarterlyResultsLink" : "https://www.screener.in/api/company/615823/chart/?q=GPM-OPM-NPM-Quarter+Sales&days=10000",
    "attributes" : {
      "companyCode" : "JPOLYINVST",
      "companyName" : "Jindal Poly Inve",
      "marketCap" : 1389.00,
      "peRatio" : 1.56,
      "description" : "Incorporated in 2012, Jindal Poly Investment and Finance Company Ltd is in the business of investment and holding investment mainly in its group companies[1]"
    },
    "companyScore" : {
      "priceHigherThanDma50" : 5.00,
      "priceHigherThanDma100" : 5.00,
      "priceHigherThanDma200" : 5.00,
      "dma50HigherThanDma100" : 5.00,
      "dma50HigherThanDma200" : 5.00,
      "dma100HigherThanDma200" : 5.00,
      "pricePercentageAboveDma50" : 3.70,
      "pricePercentageAboveDma100" : 3.53,
      "pricePercentageAboveDma200" : 3.10,
      "weeklyVolumeHigherThanYearlyVolume" : 5.00,
      "salesGrowthPercentile" : 20.00,
      "operatingProfitMarginPercentile" : 20.00,
      "netProfitMarginPercentile" : 9.81,
      "totalTechnicalScore" : 45.33,
      "totalFundamentalScore" : 49.81,
      "totalScore" : 95.14
    }
  },
  "attributes" : {
    "companyCode" : "JPOLYINVST",
    "companyName" : "Jindal Poly Inve",
    "marketCap" : 1389.00,
    "peRatio" : 1.56,
    "description" : "Incorporated in 2012, Jindal Poly Investment and Finance Company Ltd is in the business of investment and holding investment mainly in its group companies[1]"
  },
  "technicalHistory" : [ {
    "date" : "2025-02-20",
    "price" : 659.05,
    "dma50" : 763.22,
    "dma100" : null,
    "dma200" : 786.20,
    "volume" : 11664.00
  }, {
    "date" : "2025-02-21",
    "price" : 634.45,
    "dma50" : 758.17,
    "dma100" : null,
    "dma200" : 784.69,
    "volume" : 10759.00
  }, {
    "date" : "2025-02-24",
    "price" : 630.10,
    "dma50" : 753.14,
    "dma100" : null,
    "dma200" : 783.15,
    "volume" : 5106.00
  }, {
    "date" : "2025-02-25",
    "price" : 628.25,
    "dma50" : 748.25,
    "dma100" : null,
    "dma200" : 781.61,
    "volume" : 4884.00
  }, {
    "date" : "2025-02-27",
    "price" : 611.20,
    "dma50" : 742.87,
    "dma100" : null,
    "dma200" : 779.91,
    "volume" : 12176.00
  }, {
    "date" : "2025-02-28",
    "price" : 593.80,
    "dma50" : 737.03,
    "dma100" : null,
    "dma200" : 778.06,
    "volume" : 13326.00
  }, {
    "date" : "2025-03-03",
    "price" : 575.40,
    "dma50" : 730.69,
    "dma100" : null,
    "dma200" : 776.04,
    "volume" : 13300.00
  }, {
    "date" : "2025-03-04",
    "price" : 575.10,
    "dma50" : 724.59,
    "dma100" : null,
    "dma200" : 774.04,
    "volume" : 7661.00
  }, {
    "date" : "2025-03-05",
    "price" : 600.10,
    "dma50" : 719.71,
    "dma100" : null,
    "dma200" : 772.31,
    "volume" : 15013.00
  }, {
    "date" : "2025-03-06",
    "price" : 634.55,
    "dma50" : 716.37,
    "dma100" : null,
    "dma200" : 770.94,
    "volume" : 37799.00
  }, {
    "date" : "2025-03-07",
    "price" : 633.50,
    "dma50" : 713.12,
    "dma100" : null,
    "dma200" : 769.57,
    "volume" : 13231.00
  }, {
    "date" : "2025-03-10",
    "price" : 625.30,
    "dma50" : 709.67,
    "dma100" : null,
    "dma200" : 768.14,
    "volume" : 7429.00
  }, {
    "date" : "2025-03-11",
    "price" : 625.65,
    "dma50" : 706.38,
    "dma100" : null,
    "dma200" : 766.72,
    "volume" : 12323.00
  }, {
    "date" : "2025-03-12",
    "price" : 626.15,
    "dma50" : 703.23,
    "dma100" : null,
    "dma200" : 765.32,
    "volume" : 9941.00
  }, {
    "date" : "2025-03-13",
    "price" : 625.60,
    "dma50" : 700.19,
    "dma100" : null,
    "dma200" : 763.93,
    "volume" : 10757.00
  }, {
    "date" : "2025-03-17",
    "price" : 625.40,
    "dma50" : 697.25,
    "dma100" : null,
    "dma200" : 762.55,
    "volume" : 9990.00
  }, {
    "date" : "2025-03-18",
    "price" : 635.65,
    "dma50" : 694.84,
    "dma100" : null,
    "dma200" : 761.29,
    "volume" : 7479.00
  }, {
    "date" : "2025-03-19",
    "price" : 660.65,
    "dma50" : 693.50,
    "dma100" : null,
    "dma200" : 760.29,
    "volume" : 13816.00
  }, {
    "date" : "2025-03-20",
    "price" : 666.75,
    "dma50" : 692.45,
    "dma100" : null,
    "dma200" : 759.36,
    "volume" : 6887.00
  }, {
    "date" : "2025-03-21",
    "price" : 682.20,
    "dma50" : 692.05,
    "dma100" : null,
    "dma200" : 758.59,
    "volume" : 13116.00
  }, {
    "date" : "2025-03-24",
    "price" : 685.05,
    "dma50" : 691.77,
    "dma100" : null,
    "dma200" : 757.86,
    "volume" : 8683.00
  }, {
    "date" : "2025-03-25",
    "price" : 685.35,
    "dma50" : 691.52,
    "dma100" : null,
    "dma200" : 757.14,
    "volume" : 12091.00
  }, {
    "date" : "2025-03-26",
    "price" : 685.40,
    "dma50" : 691.28,
    "dma100" : null,
    "dma200" : 756.42,
    "volume" : 6519.00
  }, {
    "date" : "2025-03-27",
    "price" : 688.60,
    "dma50" : 691.18,
    "dma100" : null,
    "dma200" : 755.75,
    "volume" : 13730.00
  }, {
    "date" : "2025-03-28",
    "price" : 687.20,
    "dma50" : 691.02,
    "dma100" : null,
    "dma200" : 755.07,
    "volume" : 5580.00
  }, {
    "date" : "2025-04-01",
    "price" : 701.15,
    "dma50" : 691.42,
    "dma100" : null,
    "dma200" : 754.53,
    "volume" : 10917.00
  }, {
    "date" : "2025-04-02",
    "price" : 707.40,
    "dma50" : 692.04,
    "dma100" : null,
    "dma200" : 754.06,
    "volume" : 6009.00
  }, {
    "date" : "2025-04-03",
    "price" : 716.10,
    "dma50" : 692.99,
    "dma100" : null,
    "dma200" : 753.68,
    "volume" : 12073.00
  }, {
    "date" : "2025-04-04",
    "price" : 734.60,
    "dma50" : 694.62,
    "dma100" : null,
    "dma200" : 753.49,
    "volume" : 16030.00
  }, {
    "date" : "2025-04-07",
    "price" : 730.85,
    "dma50" : 696.04,
    "dma100" : null,
    "dma200" : 753.27,
    "volume" : 16593.00
  }, {
    "date" : "2025-04-08",
    "price" : 743.55,
    "dma50" : 697.90,
    "dma100" : null,
    "dma200" : 753.17,
    "volume" : 6347.00
  }, {
    "date" : "2025-04-09",
    "price" : 741.90,
    "dma50" : 699.63,
    "dma100" : null,
    "dma200" : 753.06,
    "volume" : 4385.00
  }, {
    "date" : "2025-04-11",
    "price" : 757.35,
    "dma50" : 701.89,
    "dma100" : null,
    "dma200" : 753.10,
    "volume" : 4490.00
  }, {
    "date" : "2025-04-15",
    "price" : 783.05,
    "dma50" : 705.07,
    "dma100" : null,
    "dma200" : 753.40,
    "volume" : 10305.00
  }, {
    "date" : "2025-04-16",
    "price" : 785.65,
    "dma50" : 708.23,
    "dma100" : null,
    "dma200" : 753.72,
    "volume" : 12176.00
  }, {
    "date" : "2025-04-17",
    "price" : 817.90,
    "dma50" : 712.53,
    "dma100" : null,
    "dma200" : 754.36,
    "volume" : 15911.00
  }, {
    "date" : "2025-04-21",
    "price" : 830.70,
    "dma50" : 717.17,
    "dma100" : null,
    "dma200" : 755.12,
    "volume" : 7421.00
  }, {
    "date" : "2025-04-22",
    "price" : 838.05,
    "dma50" : 721.91,
    "dma100" : null,
    "dma200" : 755.94,
    "volume" : 9681.00
  }, {
    "date" : "2025-04-23",
    "price" : 845.40,
    "dma50" : 726.75,
    "dma100" : null,
    "dma200" : 756.83,
    "volume" : 11362.00
  }, {
    "date" : "2025-04-24",
    "price" : 850.10,
    "dma50" : 731.59,
    "dma100" : null,
    "dma200" : 757.76,
    "volume" : 7106.00
  }, {
    "date" : "2025-04-25",
    "price" : 848.95,
    "dma50" : 736.19,
    "dma100" : null,
    "dma200" : 758.67,
    "volume" : 16048.00
  }, {
    "date" : "2025-04-28",
    "price" : 845.20,
    "dma50" : 740.47,
    "dma100" : null,
    "dma200" : 759.53,
    "volume" : 10824.00
  }, {
    "date" : "2025-04-29",
    "price" : 860.10,
    "dma50" : 745.16,
    "dma100" : null,
    "dma200" : 760.53,
    "volume" : 6461.00
  }, {
    "date" : "2025-04-30",
    "price" : 865.10,
    "dma50" : 749.86,
    "dma100" : null,
    "dma200" : 761.57,
    "volume" : 8383.00
  }, {
    "date" : "2025-05-02",
    "price" : 871.05,
    "dma50" : 754.61,
    "dma100" : null,
    "dma200" : 762.66,
    "volume" : 6972.00
  }, {
    "date" : "2025-05-05",
    "price" : 888.15,
    "dma50" : 759.85,
    "dma100" : null,
    "dma200" : 763.91,
    "volume" : 9116.00
  }, {
    "date" : "2025-05-06",
    "price" : 885.55,
    "dma50" : 764.78,
    "dma100" : null,
    "dma200" : 765.12,
    "volume" : 15989.00
  }, {
    "date" : "2025-05-07",
    "price" : 891.65,
    "dma50" : 769.76,
    "dma100" : null,
    "dma200" : 766.38,
    "volume" : 11485.00
  }, {
    "date" : "2025-05-08",
    "price" : 900.05,
    "dma50" : 774.86,
    "dma100" : null,
    "dma200" : 767.71,
    "volume" : 8267.00
  }, {
    "date" : "2025-05-09",
    "price" : 900.65,
    "dma50" : 779.80,
    "dma100" : null,
    "dma200" : 769.03,
    "volume" : 11542.00
  }, {
    "date" : "2025-05-12",
    "price" : 920.85,
    "dma50" : 785.33,
    "dma100" : null,
    "dma200" : 770.54,
    "volume" : 11149.00
  }, {
    "date" : "2025-05-13",
    "price" : 932.20,
    "dma50" : 791.09,
    "dma100" : null,
    "dma200" : 772.15,
    "volume" : 10285.00
  }, {
    "date" : "2025-05-14",
    "price" : 946.30,
    "dma50" : 797.18,
    "dma100" : null,
    "dma200" : 773.88,
    "volume" : 7452.00
  }, {
    "date" : "2025-05-15",
    "price" : 965.40,
    "dma50" : 803.77,
    "dma100" : null,
    "dma200" : 775.79,
    "volume" : 17409.00
  }, {
    "date" : "2025-05-16",
    "price" : 969.05,
    "dma50" : 810.25,
    "dma100" : null,
    "dma200" : 777.71,
    "volume" : 11714.00
  }, {
    "date" : "2025-05-19",
    "price" : 992.65,
    "dma50" : 817.41,
    "dma100" : null,
    "dma200" : 779.85,
    "volume" : 16479.00
  }, {
    "date" : "2025-05-20",
    "price" : 989.80,
    "dma50" : 824.17,
    "dma100" : null,
    "dma200" : 781.94,
    "volume" : 24813.00
  }, {
    "date" : "2025-05-21",
    "price" : 943.65,
    "dma50" : 828.85,
    "dma100" : null,
    "dma200" : 783.55,
    "volume" : 60920.00
  }, {
    "date" : "2025-05-22",
    "price" : 934.30,
    "dma50" : 832.99,
    "dma100" : null,
    "dma200" : 785.05,
    "volume" : 18464.00
  }, {
    "date" : "2025-05-23",
    "price" : 906.20,
    "dma50" : 835.86,
    "dma100" : null,
    "dma200" : 786.26,
    "volume" : 16299.00
  }, {
    "date" : "2025-05-26",
    "price" : 909.80,
    "dma50" : 838.76,
    "dma100" : null,
    "dma200" : 787.48,
    "volume" : 3673.00
  }, {
    "date" : "2025-05-27",
    "price" : 894.40,
    "dma50" : 840.94,
    "dma100" : null,
    "dma200" : 788.55,
    "volume" : 9957.00
  }, {
    "date" : "2025-05-28",
    "price" : 883.30,
    "dma50" : 842.60,
    "dma100" : null,
    "dma200" : 789.49,
    "volume" : 8771.00
  }, {
    "date" : "2025-05-29",
    "price" : 843.90,
    "dma50" : 842.65,
    "dma100" : null,
    "dma200" : 790.03,
    "volume" : 19218.00
  }, {
    "date" : "2025-05-30",
    "price" : 838.35,
    "dma50" : 842.48,
    "dma100" : null,
    "dma200" : 790.51,
    "volume" : 14978.00
  }, {
    "date" : "2025-06-02",
    "price" : 853.35,
    "dma50" : 842.91,
    "dma100" : null,
    "dma200" : 791.14,
    "volume" : 12360.00
  }, {
    "date" : "2025-06-03",
    "price" : 860.60,
    "dma50" : 843.60,
    "dma100" : null,
    "dma200" : 791.83,
    "volume" : 9606.00
  }, {
    "date" : "2025-06-04",
    "price" : 830.25,
    "dma50" : 843.08,
    "dma100" : null,
    "dma200" : 792.21,
    "volume" : 28669.00
  }, {
    "date" : "2025-06-05",
    "price" : 838.90,
    "dma50" : 842.92,
    "dma100" : null,
    "dma200" : 792.68,
    "volume" : 13431.00
  }, {
    "date" : "2025-06-06",
    "price" : 836.20,
    "dma50" : 842.65,
    "dma100" : null,
    "dma200" : 793.11,
    "volume" : 9525.00
  }, {
    "date" : "2025-06-09",
    "price" : 841.10,
    "dma50" : 842.59,
    "dma100" : null,
    "dma200" : 793.59,
    "volume" : 10650.00
  }, {
    "date" : "2025-06-10",
    "price" : 836.00,
    "dma50" : 842.33,
    "dma100" : null,
    "dma200" : 794.01,
    "volume" : 3806.00
  }, {
    "date" : "2025-06-11",
    "price" : 867.35,
    "dma50" : 843.31,
    "dma100" : null,
    "dma200" : 794.74,
    "volume" : 22390.00
  }, {
    "date" : "2025-06-12",
    "price" : 857.55,
    "dma50" : 843.87,
    "dma100" : null,
    "dma200" : 795.36,
    "volume" : 7109.00
  }, {
    "date" : "2025-06-13",
    "price" : 839.15,
    "dma50" : 843.69,
    "dma100" : null,
    "dma200" : 795.80,
    "volume" : 6468.00
  }, {
    "date" : "2025-06-16",
    "price" : 828.10,
    "dma50" : 843.08,
    "dma100" : null,
    "dma200" : 796.12,
    "volume" : 8623.00
  }, {
    "date" : "2025-06-17",
    "price" : 840.95,
    "dma50" : 842.99,
    "dma100" : null,
    "dma200" : 796.57,
    "volume" : 13472.00
  }, {
    "date" : "2025-06-18",
    "price" : 887.50,
    "dma50" : 844.74,
    "dma100" : null,
    "dma200" : 797.47,
    "volume" : 81690.00
  }, {
    "date" : "2025-06-19",
    "price" : 894.20,
    "dma50" : 846.68,
    "dma100" : null,
    "dma200" : 798.43,
    "volume" : 37611.00
  }, {
    "date" : "2025-06-20",
    "price" : 950.30,
    "dma50" : 850.74,
    "dma100" : null,
    "dma200" : 799.95,
    "volume" : 118237.00
  }, {
    "date" : "2025-06-23",
    "price" : 896.90,
    "dma50" : 852.55,
    "dma100" : null,
    "dma200" : 800.91,
    "volume" : 26247.00
  }, {
    "date" : "2025-06-24",
    "price" : 914.05,
    "dma50" : 854.96,
    "dma100" : null,
    "dma200" : 802.04,
    "volume" : 18174.00
  }, {
    "date" : "2025-06-25",
    "price" : 921.05,
    "dma50" : 857.56,
    "dma100" : null,
    "dma200" : 803.22,
    "volume" : 14307.00
  }, {
    "date" : "2025-06-26",
    "price" : 913.45,
    "dma50" : 859.75,
    "dma100" : null,
    "dma200" : 804.32,
    "volume" : 9010.00
  }, {
    "date" : "2025-06-27",
    "price" : 911.90,
    "dma50" : 861.79,
    "dma100" : null,
    "dma200" : 805.39,
    "volume" : 14755.00
  }, {
    "date" : "2025-06-30",
    "price" : 906.80,
    "dma50" : 863.56,
    "dma100" : null,
    "dma200" : 806.40,
    "volume" : 8145.00
  }, {
    "date" : "2025-07-01",
    "price" : 892.45,
    "dma50" : 864.69,
    "dma100" : null,
    "dma200" : 807.25,
    "volume" : 9042.00
  }, {
    "date" : "2025-07-02",
    "price" : 896.65,
    "dma50" : 865.94,
    "dma100" : null,
    "dma200" : 808.14,
    "volume" : 4152.00
  }, {
    "date" : "2025-07-03",
    "price" : 885.30,
    "dma50" : 866.70,
    "dma100" : null,
    "dma200" : 808.91,
    "volume" : 5826.00
  }, {
    "date" : "2025-07-04",
    "price" : 882.60,
    "dma50" : 867.33,
    "dma100" : null,
    "dma200" : 809.64,
    "volume" : 4569.00
  }, {
    "date" : "2025-07-07",
    "price" : 877.15,
    "dma50" : 867.71,
    "dma100" : null,
    "dma200" : 810.32,
    "volume" : 6225.00
  }, {
    "date" : "2025-07-08",
    "price" : 866.55,
    "dma50" : 867.67,
    "dma100" : null,
    "dma200" : 810.87,
    "volume" : 4273.00
  }, {
    "date" : "2025-07-09",
    "price" : 866.10,
    "dma50" : 867.60,
    "dma100" : null,
    "dma200" : 811.42,
    "volume" : 2662.00
  }, {
    "date" : "2025-07-10",
    "price" : 857.05,
    "dma50" : 867.19,
    "dma100" : null,
    "dma200" : 811.88,
    "volume" : 3543.00
  }, {
    "date" : "2025-07-11",
    "price" : 843.35,
    "dma50" : 866.26,
    "dma100" : null,
    "dma200" : 812.19,
    "volume" : 6764.00
  }, {
    "date" : "2025-07-14",
    "price" : 849.70,
    "dma50" : 865.61,
    "dma100" : null,
    "dma200" : 812.56,
    "volume" : 3396.00
  }, {
    "date" : "2025-07-15",
    "price" : 865.10,
    "dma50" : 865.59,
    "dma100" : null,
    "dma200" : 813.09,
    "volume" : 3109.00
  }, {
    "date" : "2025-07-16",
    "price" : 866.35,
    "dma50" : 865.62,
    "dma100" : null,
    "dma200" : 813.62,
    "volume" : 3430.00
  }, {
    "date" : "2025-07-17",
    "price" : 855.60,
    "dma50" : 865.22,
    "dma100" : null,
    "dma200" : 814.03,
    "volume" : 2890.00
  }, {
    "date" : "2025-07-18",
    "price" : 844.20,
    "dma50" : 864.40,
    "dma100" : null,
    "dma200" : 814.34,
    "volume" : 3259.00
  }, {
    "date" : "2025-07-21",
    "price" : 841.50,
    "dma50" : 863.50,
    "dma100" : 808.47,
    "dma200" : 814.61,
    "volume" : 2037.00
  }, {
    "date" : "2025-07-22",
    "price" : 830.55,
    "dma50" : 862.21,
    "dma100" : 810.43,
    "dma200" : 814.76,
    "volume" : 3896.00
  }, {
    "date" : "2025-07-23",
    "price" : 810.45,
    "dma50" : 860.18,
    "dma100" : 812.24,
    "dma200" : 814.72,
    "volume" : 6808.00
  }, {
    "date" : "2025-07-24",
    "price" : 803.80,
    "dma50" : 857.97,
    "dma100" : 813.99,
    "dma200" : 814.61,
    "volume" : 5417.00
  }, {
    "date" : "2025-07-25",
    "price" : 797.40,
    "dma50" : 855.59,
    "dma100" : 815.85,
    "dma200" : 814.44,
    "volume" : 5975.00
  }, {
    "date" : "2025-07-28",
    "price" : 771.65,
    "dma50" : 852.30,
    "dma100" : 817.63,
    "dma200" : 814.02,
    "volume" : 14552.00
  }, {
    "date" : "2025-07-29",
    "price" : 789.70,
    "dma50" : 849.85,
    "dma100" : 819.77,
    "dma200" : 813.77,
    "volume" : 6038.00
  }, {
    "date" : "2025-07-30",
    "price" : 796.30,
    "dma50" : 847.75,
    "dma100" : 821.99,
    "dma200" : 813.60,
    "volume" : 3641.00
  }, {
    "date" : "2025-07-31",
    "price" : 776.60,
    "dma50" : 844.96,
    "dma100" : 823.75,
    "dma200" : 813.23,
    "volume" : 5630.00
  }, {
    "date" : "2025-08-01",
    "price" : 764.30,
    "dma50" : 841.79,
    "dma100" : 825.05,
    "dma200" : 812.74,
    "volume" : 3211.00
  }, {
    "date" : "2025-08-04",
    "price" : 761.20,
    "dma50" : 838.63,
    "dma100" : 826.33,
    "dma200" : 812.23,
    "volume" : 2224.00
  }, {
    "date" : "2025-08-05",
    "price" : 774.25,
    "dma50" : 836.11,
    "dma100" : 827.82,
    "dma200" : 811.85,
    "volume" : 2539.00
  }, {
    "date" : "2025-08-06",
    "price" : 755.45,
    "dma50" : 832.94,
    "dma100" : 829.11,
    "dma200" : 811.29,
    "volume" : 7629.00
  }, {
    "date" : "2025-08-07",
    "price" : 746.20,
    "dma50" : 829.54,
    "dma100" : 830.31,
    "dma200" : 810.64,
    "volume" : 2813.00
  }, {
    "date" : "2025-08-08",
    "price" : 742.80,
    "dma50" : 826.14,
    "dma100" : 831.49,
    "dma200" : 809.97,
    "volume" : 3639.00
  }, {
    "date" : "2025-08-11",
    "price" : 731.10,
    "dma50" : 822.41,
    "dma100" : 832.54,
    "dma200" : 809.18,
    "volume" : 4557.00
  }, {
    "date" : "2025-08-12",
    "price" : 734.55,
    "dma50" : 818.97,
    "dma100" : 833.53,
    "dma200" : 808.44,
    "volume" : 1999.00
  }, {
    "date" : "2025-08-13",
    "price" : 732.35,
    "dma50" : 815.57,
    "dma100" : 834.25,
    "dma200" : 807.69,
    "volume" : 3117.00
  }, {
    "date" : "2025-08-14",
    "price" : 743.25,
    "dma50" : 812.74,
    "dma100" : 835.01,
    "dma200" : 807.04,
    "volume" : 8468.00
  }, {
    "date" : "2025-08-18",
    "price" : 740.80,
    "dma50" : 809.91,
    "dma100" : 835.60,
    "dma200" : 806.38,
    "volume" : 3110.00
  }, {
    "date" : "2025-08-19",
    "price" : 725.05,
    "dma50" : 806.59,
    "dma100" : 836.00,
    "dma200" : 805.58,
    "volume" : 3704.00
  }, {
    "date" : "2025-08-20",
    "price" : 721.35,
    "dma50" : 803.24,
    "dma100" : 836.36,
    "dma200" : 804.74,
    "volume" : 3490.00
  }, {
    "date" : "2025-08-21",
    "price" : 727.10,
    "dma50" : 800.26,
    "dma100" : 836.78,
    "dma200" : 803.97,
    "volume" : 2677.00
  }, {
    "date" : "2025-08-22",
    "price" : 724.75,
    "dma50" : 797.30,
    "dma100" : 837.14,
    "dma200" : 803.18,
    "volume" : 1955.00
  }, {
    "date" : "2025-08-25",
    "price" : 724.50,
    "dma50" : 794.44,
    "dma100" : 837.51,
    "dma200" : 802.39,
    "volume" : 6357.00
  }, {
    "date" : "2025-08-26",
    "price" : 730.05,
    "dma50" : 791.92,
    "dma100" : 837.80,
    "dma200" : 801.67,
    "volume" : 5828.00
  }, {
    "date" : "2025-08-28",
    "price" : 721.35,
    "dma50" : 789.15,
    "dma100" : 837.94,
    "dma200" : 800.87,
    "volume" : 4478.00
  }, {
    "date" : "2025-08-29",
    "price" : 865.60,
    "dma50" : 792.15,
    "dma100" : 839.43,
    "dma200" : 801.52,
    "volume" : 194712.00
  }, {
    "date" : "2025-09-01",
    "price" : 1038.70,
    "dma50" : 801.82,
    "dma100" : 842.48,
    "dma200" : 803.88,
    "volume" : 46802.00
  }, {
    "date" : "2025-09-02",
    "price" : 958.30,
    "dma50" : 807.95,
    "dma100" : 844.75,
    "dma200" : 805.42,
    "volume" : 273956.00
  }, {
    "date" : "2025-09-03",
    "price" : 994.15,
    "dma50" : 815.25,
    "dma100" : 847.26,
    "dma200" : 807.29,
    "volume" : 143935.00
  }, {
    "date" : "2025-09-04",
    "price" : 935.55,
    "dma50" : 819.97,
    "dma100" : 849.19,
    "dma200" : 808.57,
    "volume" : 28532.00
  }, {
    "date" : "2025-09-05",
    "price" : 942.65,
    "dma50" : 824.78,
    "dma100" : 851.05,
    "dma200" : 809.90,
    "volume" : 13532.00
  }, {
    "date" : "2025-09-08",
    "price" : 915.45,
    "dma50" : 828.34,
    "dma100" : 852.37,
    "dma200" : 810.95,
    "volume" : 8397.00
  }, {
    "date" : "2025-09-09",
    "price" : 914.80,
    "dma50" : 831.73,
    "dma100" : 853.66,
    "dma200" : 811.99,
    "volume" : 6760.00
  }, {
    "date" : "2025-09-10",
    "price" : 925.80,
    "dma50" : 835.42,
    "dma100" : 854.74,
    "dma200" : 813.12,
    "volume" : 7747.00
  }, {
    "date" : "2025-09-11",
    "price" : 947.70,
    "dma50" : 839.82,
    "dma100" : 855.91,
    "dma200" : 814.46,
    "volume" : 9282.00
  }, {
    "date" : "2025-09-12",
    "price" : 940.50,
    "dma50" : 843.77,
    "dma100" : 856.93,
    "dma200" : 815.71,
    "volume" : 4671.00
  }, {
    "date" : "2025-09-15",
    "price" : 991.00,
    "dma50" : 849.54,
    "dma100" : 858.39,
    "dma200" : 817.46,
    "volume" : 25149.00
  }, {
    "date" : "2025-09-16",
    "price" : 966.80,
    "dma50" : 854.14,
    "dma100" : 859.56,
    "dma200" : 818.94,
    "volume" : 9924.00
  }, {
    "date" : "2025-09-17",
    "price" : 977.25,
    "dma50" : 858.97,
    "dma100" : 860.84,
    "dma200" : 820.52,
    "volume" : 6899.00
  }, {
    "date" : "2025-09-18",
    "price" : 951.10,
    "dma50" : 862.58,
    "dma100" : 861.90,
    "dma200" : 821.82,
    "volume" : 10475.00
  }, {
    "date" : "2025-09-19",
    "price" : 935.00,
    "dma50" : 865.42,
    "dma100" : 862.65,
    "dma200" : 822.94,
    "volume" : 5463.00
  }, {
    "date" : "2025-09-22",
    "price" : 943.60,
    "dma50" : 868.49,
    "dma100" : 863.43,
    "dma200" : 824.14,
    "volume" : 2611.00
  }, {
    "date" : "2025-09-23",
    "price" : 944.40,
    "dma50" : 871.47,
    "dma100" : 864.17,
    "dma200" : 825.34,
    "volume" : 8073.00
  }, {
    "date" : "2025-09-24",
    "price" : 929.55,
    "dma50" : 873.74,
    "dma100" : 864.58,
    "dma200" : 826.38,
    "volume" : 6403.00
  }, {
    "date" : "2025-09-25",
    "price" : 950.25,
    "dma50" : 876.74,
    "dma100" : 865.23,
    "dma200" : 827.61,
    "volume" : 8614.00
  }, {
    "date" : "2025-09-26",
    "price" : 932.80,
    "dma50" : 878.94,
    "dma100" : 865.64,
    "dma200" : 828.66,
    "volume" : 4794.00
  }, {
    "date" : "2025-09-29",
    "price" : 940.35,
    "dma50" : 881.35,
    "dma100" : 866.04,
    "dma200" : 829.77,
    "volume" : 4141.00
  }, {
    "date" : "2025-09-30",
    "price" : 957.90,
    "dma50" : 884.35,
    "dma100" : 866.62,
    "dma200" : 831.04,
    "volume" : 7205.00
  }, {
    "date" : "2025-10-01",
    "price" : 950.45,
    "dma50" : 886.94,
    "dma100" : 866.91,
    "dma200" : 832.23,
    "volume" : 6274.00
  }, {
    "date" : "2025-10-03",
    "price" : 933.90,
    "dma50" : 888.79,
    "dma100" : 866.93,
    "dma200" : 833.24,
    "volume" : 8094.00
  }, {
    "date" : "2025-10-06",
    "price" : 922.60,
    "dma50" : 890.11,
    "dma100" : 866.69,
    "dma200" : 834.13,
    "volume" : 2610.00
  }, {
    "date" : "2025-10-07",
    "price" : 897.25,
    "dma50" : 890.39,
    "dma100" : 866.01,
    "dma200" : 834.76,
    "volume" : 5490.00
  }, {
    "date" : "2025-10-08",
    "price" : 925.25,
    "dma50" : 891.76,
    "dma100" : 865.57,
    "dma200" : 835.66,
    "volume" : 12758.00
  }, {
    "date" : "2025-10-09",
    "price" : 1032.40,
    "dma50" : 897.27,
    "dma100" : 865.97,
    "dma200" : 837.62,
    "volume" : 568934.00
  }, {
    "date" : "2025-10-10",
    "price" : 1058.10,
    "dma50" : 903.58,
    "dma100" : 866.65,
    "dma200" : 839.81,
    "volume" : 140507.00
  }, {
    "date" : "2025-10-13",
    "price" : 1030.20,
    "dma50" : 908.55,
    "dma100" : 867.52,
    "dma200" : 841.71,
    "volume" : 56587.00
  }, {
    "date" : "2025-10-14",
    "price" : 1003.15,
    "dma50" : 912.26,
    "dma100" : 868.21,
    "dma200" : 843.31,
    "volume" : 32882.00
  }, {
    "date" : "2025-10-15",
    "price" : 1003.20,
    "dma50" : 915.82,
    "dma100" : 869.18,
    "dma200" : 844.90,
    "volume" : 12818.00
  }, {
    "date" : "2025-10-16",
    "price" : 1032.80,
    "dma50" : 920.41,
    "dma100" : 870.41,
    "dma200" : 846.77,
    "volume" : 60692.00
  }, {
    "date" : "2025-10-17",
    "price" : 1005.95,
    "dma50" : 923.76,
    "dma100" : 871.52,
    "dma200" : 848.36,
    "volume" : 18815.00
  }, {
    "date" : "2025-10-20",
    "price" : 1011.80,
    "dma50" : 927.22,
    "dma100" : 872.81,
    "dma200" : 849.98,
    "volume" : 50576.00
  }, {
    "date" : "2025-10-21",
    "price" : 1017.05,
    "dma50" : 930.74,
    "dma100" : 874.54,
    "dma200" : 851.65,
    "volume" : 1864.00
  }, {
    "date" : "2025-10-23",
    "price" : 1002.35,
    "dma50" : 933.55,
    "dma100" : 876.18,
    "dma200" : 853.15,
    "volume" : 4927.00
  }, {
    "date" : "2025-10-24",
    "price" : 1008.20,
    "dma50" : 936.48,
    "dma100" : 877.73,
    "dma200" : 854.69,
    "volume" : 17159.00
  }, {
    "date" : "2025-10-27",
    "price" : 1003.90,
    "dma50" : 939.12,
    "dma100" : 879.16,
    "dma200" : 856.17,
    "volume" : 6398.00
  }, {
    "date" : "2025-10-28",
    "price" : 989.45,
    "dma50" : 941.09,
    "dma100" : 880.75,
    "dma200" : 857.50,
    "volume" : 8345.00
  }, {
    "date" : "2025-10-29",
    "price" : 996.00,
    "dma50" : 943.25,
    "dma100" : 882.32,
    "dma200" : 858.88,
    "volume" : 2994.00
  }, {
    "date" : "2025-10-30",
    "price" : 981.75,
    "dma50" : 944.76,
    "dma100" : 883.78,
    "dma200" : 860.10,
    "volume" : 5428.00
  }, {
    "date" : "2025-10-31",
    "price" : 984.55,
    "dma50" : 946.32,
    "dma100" : 885.21,
    "dma200" : 861.34,
    "volume" : 3236.00
  }, {
    "date" : "2025-11-03",
    "price" : 980.35,
    "dma50" : 947.65,
    "dma100" : 886.66,
    "dma200" : 862.52,
    "volume" : 8391.00
  }, {
    "date" : "2025-11-04",
    "price" : 977.05,
    "dma50" : 948.80,
    "dma100" : 887.75,
    "dma200" : 863.66,
    "volume" : 11786.00
  }, {
    "date" : "2025-11-06",
    "price" : 957.80,
    "dma50" : 949.16,
    "dma100" : 888.76,
    "dma200" : 864.60,
    "volume" : 4524.00
  }, {
    "date" : "2025-11-07",
    "price" : 958.65,
    "dma50" : 949.53,
    "dma100" : 889.95,
    "dma200" : 865.53,
    "volume" : 3541.00
  }, {
    "date" : "2025-11-10",
    "price" : 944.20,
    "dma50" : 949.32,
    "dma100" : 891.11,
    "dma200" : 866.32,
    "volume" : 5156.00
  }, {
    "date" : "2025-11-11",
    "price" : 938.05,
    "dma50" : 948.88,
    "dma100" : 892.08,
    "dma200" : 867.03,
    "volume" : 3137.00
  }, {
    "date" : "2025-11-12",
    "price" : 972.45,
    "dma50" : 949.80,
    "dma100" : 892.93,
    "dma200" : 868.08,
    "volume" : 5103.00
  }, {
    "date" : "2025-11-13",
    "price" : 981.05,
    "dma50" : 951.03,
    "dma100" : 893.80,
    "dma200" : 869.20,
    "volume" : 4712.00
  }, {
    "date" : "2025-11-14",
    "price" : 952.85,
    "dma50" : 951.10,
    "dma100" : 893.83,
    "dma200" : 870.04,
    "volume" : 5764.00
  }, {
    "date" : "2025-11-17",
    "price" : 962.40,
    "dma50" : 951.54,
    "dma100" : 894.48,
    "dma200" : 870.96,
    "volume" : 4838.00
  }, {
    "date" : "2025-11-18",
    "price" : 944.00,
    "dma50" : 951.25,
    "dma100" : 894.78,
    "dma200" : 871.68,
    "volume" : 2067.00
  }, {
    "date" : "2025-11-19",
    "price" : 975.05,
    "dma50" : 952.18,
    "dma100" : 895.32,
    "dma200" : 872.71,
    "volume" : 12562.00
  }, {
    "date" : "2025-11-20",
    "price" : 954.75,
    "dma50" : 952.28,
    "dma100" : 895.73,
    "dma200" : 873.53,
    "volume" : 2995.00
  }, {
    "date" : "2025-11-21",
    "price" : 947.30,
    "dma50" : 952.09,
    "dma100" : 896.09,
    "dma200" : 874.26,
    "volume" : 6198.00
  }, {
    "date" : "2025-11-24",
    "price" : 969.10,
    "dma50" : 952.75,
    "dma100" : 896.71,
    "dma200" : 875.20,
    "volume" : 4333.00
  }, {
    "date" : "2025-11-25",
    "price" : 967.25,
    "dma50" : 953.32,
    "dma100" : 897.46,
    "dma200" : 876.12,
    "volume" : 3251.00
  }, {
    "date" : "2025-11-26",
    "price" : 972.40,
    "dma50" : 954.07,
    "dma100" : 898.22,
    "dma200" : 877.08,
    "volume" : 2523.00
  }, {
    "date" : "2025-11-27",
    "price" : 977.60,
    "dma50" : 954.99,
    "dma100" : 899.14,
    "dma200" : 878.08,
    "volume" : 4232.00
  }, {
    "date" : "2025-11-28",
    "price" : 1034.40,
    "dma50" : 958.11,
    "dma100" : 900.66,
    "dma200" : 879.63,
    "volume" : 75186.00
  }, {
    "date" : "2025-12-01",
    "price" : 1020.10,
    "dma50" : 960.54,
    "dma100" : 902.09,
    "dma200" : 881.03,
    "volume" : 6655.00
  }, {
    "date" : "2025-12-02",
    "price" : 1060.10,
    "dma50" : 964.44,
    "dma100" : 904.02,
    "dma200" : 882.81,
    "volume" : 40849.00
  }, {
    "date" : "2025-12-03",
    "price" : 1124.80,
    "dma50" : 970.73,
    "dma100" : 906.61,
    "dma200" : 885.22,
    "volume" : 179064.00
  }, {
    "date" : "2025-12-04",
    "price" : 1128.70,
    "dma50" : 976.93,
    "dma100" : 909.33,
    "dma200" : 887.64,
    "volume" : 33680.00
  }, {
    "date" : "2025-12-05",
    "price" : 1101.10,
    "dma50" : 981.80,
    "dma100" : 911.90,
    "dma200" : 889.77,
    "volume" : 8944.00
  }, {
    "date" : "2025-12-08",
    "price" : 1085.40,
    "dma50" : 985.86,
    "dma100" : 914.26,
    "dma200" : 891.71,
    "volume" : 33043.00
  }, {
    "date" : "2025-12-09",
    "price" : 1066.20,
    "dma50" : 989.01,
    "dma100" : 916.27,
    "dma200" : 893.45,
    "volume" : 14830.00
  }, {
    "date" : "2025-12-10",
    "price" : 1080.20,
    "dma50" : 992.58,
    "dma100" : 918.41,
    "dma200" : 895.31,
    "volume" : 29361.00
  }, {
    "date" : "2025-12-11",
    "price" : 1077.70,
    "dma50" : 995.92,
    "dma100" : 920.63,
    "dma200" : 897.12,
    "volume" : 5728.00
  }, {
    "date" : "2025-12-12",
    "price" : 1095.00,
    "dma50" : 999.81,
    "dma100" : 923.14,
    "dma200" : 899.09,
    "volume" : 10934.00
  }, {
    "date" : "2025-12-15",
    "price" : 1106.10,
    "dma50" : 1003.98,
    "dma100" : 925.78,
    "dma200" : 901.15,
    "volume" : 9621.00
  }, {
    "date" : "2025-12-16",
    "price" : 1080.40,
    "dma50" : 1006.97,
    "dma100" : 928.28,
    "dma200" : 902.94,
    "volume" : 4971.00
  }, {
    "date" : "2025-12-17",
    "price" : 1078.60,
    "dma50" : 1009.78,
    "dma100" : 930.96,
    "dma200" : 904.68,
    "volume" : 6086.00
  }, {
    "date" : "2025-12-18",
    "price" : 1035.70,
    "dma50" : 1010.80,
    "dma100" : 933.28,
    "dma200" : 905.99,
    "volume" : 15075.00
  }, {
    "date" : "2025-12-19",
    "price" : 1055.60,
    "dma50" : 1012.56,
    "dma100" : 935.87,
    "dma200" : 907.48,
    "volume" : 7143.00
  }, {
    "date" : "2025-12-22",
    "price" : 1049.80,
    "dma50" : 1014.02,
    "dma100" : 938.65,
    "dma200" : 908.89,
    "volume" : 6678.00
  }, {
    "date" : "2025-12-23",
    "price" : 1075.30,
    "dma50" : 1016.42,
    "dma100" : 941.50,
    "dma200" : 910.55,
    "volume" : 10112.00
  }, {
    "date" : "2025-12-24",
    "price" : 1055.60,
    "dma50" : 1017.96,
    "dma100" : 944.10,
    "dma200" : 911.99,
    "volume" : 6282.00
  }, {
    "date" : "2025-12-26",
    "price" : 1068.70,
    "dma50" : 1019.95,
    "dma100" : 947.02,
    "dma200" : 913.55,
    "volume" : 7883.00
  }, {
    "date" : "2025-12-29",
    "price" : 1024.60,
    "dma50" : 1020.13,
    "dma100" : 949.62,
    "dma200" : 914.66,
    "volume" : 7960.00
  }, {
    "date" : "2025-12-30",
    "price" : 1024.50,
    "dma50" : 1020.30,
    "dma100" : 952.25,
    "dma200" : 915.75,
    "volume" : 2468.00
  }, {
    "date" : "2025-12-31",
    "price" : 1036.00,
    "dma50" : 1020.92,
    "dma100" : 954.87,
    "dma200" : 916.95,
    "volume" : 2602.00
  }, {
    "date" : "2026-01-01",
    "price" : 1041.00,
    "dma50" : 1021.70,
    "dma100" : 957.73,
    "dma200" : 918.18,
    "volume" : 2053.00
  }, {
    "date" : "2026-01-02",
    "price" : 1022.30,
    "dma50" : 1021.73,
    "dma100" : 960.49,
    "dma200" : 919.22,
    "volume" : 8462.00
  }, {
    "date" : "2026-01-05",
    "price" : 981.40,
    "dma50" : 1020.15,
    "dma100" : 962.87,
    "dma200" : 919.83,
    "volume" : 32762.00
  }, {
    "date" : "2026-01-06",
    "price" : 974.60,
    "dma50" : 1018.36,
    "dma100" : 965.31,
    "dma200" : 920.38,
    "volume" : 3950.00
  }, {
    "date" : "2026-01-07",
    "price" : 968.70,
    "dma50" : 1016.41,
    "dma100" : 967.65,
    "dma200" : 920.86,
    "volume" : 3597.00
  }, {
    "date" : "2026-01-08",
    "price" : 996.40,
    "dma50" : 1015.63,
    "dma100" : 970.29,
    "dma200" : 921.61,
    "volume" : 36739.00
  }, {
    "date" : "2026-01-09",
    "price" : 948.70,
    "dma50" : 1013.00,
    "dma100" : 972.34,
    "dma200" : 921.88,
    "volume" : 10994.00
  }, {
    "date" : "2026-01-12",
    "price" : 917.90,
    "dma50" : 1009.27,
    "dma100" : 974.12,
    "dma200" : 921.84,
    "volume" : 6900.00
  }, {
    "date" : "2026-01-13",
    "price" : 942.80,
    "dma50" : 1006.67,
    "dma100" : 976.29,
    "dma200" : 922.05,
    "volume" : 215113.00
  }, {
    "date" : "2026-01-14",
    "price" : 950.40,
    "dma50" : 1004.46,
    "dma100" : 978.58,
    "dma200" : 922.33,
    "volume" : 19815.00
  }, {
    "date" : "2026-01-16",
    "price" : 927.80,
    "dma50" : 1001.45,
    "dma100" : 980.59,
    "dma200" : 922.39,
    "volume" : 8168.00
  }, {
    "date" : "2026-01-19",
    "price" : 928.60,
    "dma50" : 998.60,
    "dma100" : 982.63,
    "dma200" : 922.45,
    "volume" : 5047.00
  }, {
    "date" : "2026-01-20",
    "price" : 884.90,
    "dma50" : 994.14,
    "dma100" : 984.23,
    "dma200" : 922.08,
    "volume" : 6048.00
  }, {
    "date" : "2026-01-21",
    "price" : 869.00,
    "dma50" : 989.23,
    "dma100" : 985.62,
    "dma200" : 921.55,
    "volume" : 7938.00
  }, {
    "date" : "2026-01-22",
    "price" : 898.40,
    "dma50" : 985.67,
    "dma100" : 987.39,
    "dma200" : 921.32,
    "volume" : 13740.00
  }, {
    "date" : "2026-01-23",
    "price" : 994.20,
    "dma50" : 986.00,
    "dma100" : 988.68,
    "dma200" : 922.04,
    "volume" : 211491.00
  }, {
    "date" : "2026-01-27",
    "price" : 1001.60,
    "dma50" : 986.61,
    "dma100" : 988.31,
    "dma200" : 922.83,
    "volume" : 34179.00
  }, {
    "date" : "2026-01-28",
    "price" : 990.70,
    "dma50" : 986.77,
    "dma100" : 988.63,
    "dma200" : 923.51,
    "volume" : 6237.00
  }, {
    "date" : "2026-01-29",
    "price" : 996.10,
    "dma50" : 987.14,
    "dma100" : 988.65,
    "dma200" : 924.23,
    "volume" : 10318.00
  }, {
    "date" : "2026-01-30",
    "price" : 989.00,
    "dma50" : 987.21,
    "dma100" : 989.19,
    "dma200" : 924.88,
    "volume" : 3415.00
  }, {
    "date" : "2026-02-01",
    "price" : 985.40,
    "dma50" : 987.14,
    "dma100" : 989.61,
    "dma200" : 925.48,
    "volume" : 2043.00
  }, {
    "date" : "2026-02-02",
    "price" : 974.10,
    "dma50" : 986.63,
    "dma100" : 990.20,
    "dma200" : 925.96,
    "volume" : 3721.00
  }, {
    "date" : "2026-02-03",
    "price" : 997.75,
    "dma50" : 987.07,
    "dma100" : 991.03,
    "dma200" : 926.68,
    "volume" : 4992.00
  }, {
    "date" : "2026-02-04",
    "price" : 1008.00,
    "dma50" : 987.89,
    "dma100" : 991.85,
    "dma200" : 927.49,
    "volume" : 4381.00
  }, {
    "date" : "2026-02-05",
    "price" : 1002.25,
    "dma50" : 988.45,
    "dma100" : 992.40,
    "dma200" : 928.23,
    "volume" : 1670.00
  }, {
    "date" : "2026-02-06",
    "price" : 1027.35,
    "dma50" : 989.98,
    "dma100" : 993.27,
    "dma200" : 929.22,
    "volume" : 17442.00
  }, {
    "date" : "2026-02-09",
    "price" : 1016.60,
    "dma50" : 991.02,
    "dma100" : 993.52,
    "dma200" : 930.08,
    "volume" : 6996.00
  }, {
    "date" : "2026-02-10",
    "price" : 1036.60,
    "dma50" : 992.81,
    "dma100" : 994.22,
    "dma200" : 931.14,
    "volume" : 3923.00
  }, {
    "date" : "2026-02-11",
    "price" : 1102.70,
    "dma50" : 997.12,
    "dma100" : 995.47,
    "dma200" : 932.85,
    "volume" : 40799.00
  }, {
    "date" : "2026-02-12",
    "price" : 1100.85,
    "dma50" : 1001.19,
    "dma100" : 996.97,
    "dma200" : 934.52,
    "volume" : 13360.00
  }, {
    "date" : "2026-02-13",
    "price" : 1100.75,
    "dma50" : 1005.09,
    "dma100" : 998.63,
    "dma200" : 936.18,
    "volume" : 14453.00
  }, {
    "date" : "2026-02-16",
    "price" : 1119.70,
    "dma50" : 1009.58,
    "dma100" : 1000.39,
    "dma200" : 938.00,
    "volume" : 106397.00
  }, {
    "date" : "2026-02-17",
    "price" : 1228.10,
    "dma50" : 1018.15,
    "dma100" : 1003.23,
    "dma200" : 940.89,
    "volume" : 224269.00
  }, {
    "date" : "2026-02-18",
    "price" : 1210.05,
    "dma50" : 1025.68,
    "dma100" : 1006.03,
    "dma200" : 943.57,
    "volume" : 74937.00
  }, {
    "date" : "2026-02-19",
    "price" : 1306.85,
    "dma50" : 1036.71,
    "dma100" : 1009.60,
    "dma200" : 947.18,
    "volume" : 308744.00
  } ],
  "latestTechnicalAttributes" : {
    "date" : "2026-02-19",
    "price" : 1306.85,
    "dma50" : 1036.71,
    "dma100" : 1009.60,
    "dma200" : 947.18,
    "volume" : 308744.00
  },
  "quarterlyResults" : [ {
    "date" : "2013-06-30",
    "sales" : 2.19,
    "salesGrowthYoY" : null,
    "grossProfitMargin" : 100.00,
    "grossProfit" : 2.19,
    "operatingProfitMargin" : 99.09,
    "operatingProfit" : 2.17,
    "netProfitMargin" : 98.63,
    "netProfit" : 2.16
  }, {
    "date" : "2013-09-30",
    "sales" : 1.91,
    "salesGrowthYoY" : null,
    "grossProfitMargin" : 100.00,
    "grossProfit" : 1.91,
    "operatingProfitMargin" : 95.81,
    "operatingProfit" : 1.83,
    "netProfitMargin" : 76.44,
    "netProfit" : 1.46
  }, {
    "date" : "2013-12-31",
    "sales" : 1.66,
    "salesGrowthYoY" : null,
    "grossProfitMargin" : 100.00,
    "grossProfit" : 1.66,
    "operatingProfitMargin" : 95.18,
    "operatingProfit" : 1.58,
    "netProfitMargin" : 95.18,
    "netProfit" : 1.58
  }, {
    "date" : "2014-03-31",
    "sales" : 2.37,
    "salesGrowthYoY" : null,
    "grossProfitMargin" : 100.00,
    "grossProfit" : 2.37,
    "operatingProfitMargin" : 92.83,
    "operatingProfit" : 2.20,
    "netProfitMargin" : 92.41,
    "netProfit" : 2.19
  }, {
    "date" : "2014-06-30",
    "sales" : 0.15,
    "salesGrowthYoY" : -93.15,
    "grossProfitMargin" : 100.00,
    "grossProfit" : 0.15,
    "operatingProfitMargin" : 13.33,
    "operatingProfit" : 0.02,
    "netProfitMargin" : 280.00,
    "netProfit" : 0.42
  }, {
    "date" : "2014-09-30",
    "sales" : 0.07,
    "salesGrowthYoY" : -96.34,
    "grossProfitMargin" : 100.00,
    "grossProfit" : 0.07,
    "operatingProfitMargin" : -157.14,
    "operatingProfit" : -0.11,
    "netProfitMargin" : -157.14,
    "netProfit" : -0.11
  }, {
    "date" : "2014-12-31",
    "sales" : 0.06,
    "salesGrowthYoY" : -96.39,
    "grossProfitMargin" : 100.00,
    "grossProfit" : 0.06,
    "operatingProfitMargin" : -133.33,
    "operatingProfit" : -0.08,
    "netProfitMargin" : 533.33,
    "netProfit" : 0.32
  }, {
    "date" : "2015-03-31",
    "sales" : 0.11,
    "salesGrowthYoY" : -95.36,
    "grossProfitMargin" : 100.00,
    "grossProfit" : 0.11,
    "operatingProfitMargin" : -9.09,
    "operatingProfit" : -0.01,
    "netProfitMargin" : -18.18,
    "netProfit" : -0.02
  }, {
    "date" : "2015-06-30",
    "sales" : 0.07,
    "salesGrowthYoY" : -53.33,
    "grossProfitMargin" : 100.00,
    "grossProfit" : 0.07,
    "operatingProfitMargin" : -85.71,
    "operatingProfit" : -0.06,
    "netProfitMargin" : -100.00,
    "netProfit" : -0.07
  }, {
    "date" : "2015-09-30",
    "sales" : 0.00,
    "salesGrowthYoY" : -100.00,
    "grossProfitMargin" : 0.00,
    "grossProfit" : 0.00,
    "operatingProfitMargin" : 0.00,
    "operatingProfit" : 0.00,
    "netProfitMargin" : 0.00,
    "netProfit" : 0.00
  }, {
    "date" : "2015-12-31",
    "sales" : 0.01,
    "salesGrowthYoY" : -83.33,
    "grossProfitMargin" : 100.00,
    "grossProfit" : 0.01,
    "operatingProfitMargin" : -1600.00,
    "operatingProfit" : -0.16,
    "netProfitMargin" : -1600.00,
    "netProfit" : -0.16
  }, {
    "date" : "2016-03-31",
    "sales" : 0.00,
    "salesGrowthYoY" : -100.00,
    "grossProfitMargin" : 0.00,
    "grossProfit" : 0.00,
    "operatingProfitMargin" : 0.00,
    "operatingProfit" : 0.00,
    "netProfitMargin" : 0.00,
    "netProfit" : 0.00
  }, {
    "date" : "2016-06-30",
    "sales" : 0.01,
    "salesGrowthYoY" : -85.71,
    "grossProfitMargin" : 100.00,
    "grossProfit" : 0.01,
    "operatingProfitMargin" : -1100.00,
    "operatingProfit" : -0.11,
    "netProfitMargin" : -800.00,
    "netProfit" : -0.08
  }, {
    "date" : "2016-09-30",
    "sales" : 0.02,
    "salesGrowthYoY" : 100.00,
    "grossProfitMargin" : 100.00,
    "grossProfit" : 0.02,
    "operatingProfitMargin" : -650.00,
    "operatingProfit" : -0.13,
    "netProfitMargin" : -450.00,
    "netProfit" : -0.09
  }, {
    "date" : "2016-12-31",
    "sales" : 0.02,
    "salesGrowthYoY" : 100.00,
    "grossProfitMargin" : 100.00,
    "grossProfit" : 0.02,
    "operatingProfitMargin" : -500.00,
    "operatingProfit" : -0.10,
    "netProfitMargin" : -350.00,
    "netProfit" : -0.07
  }, {
    "date" : "2017-03-31",
    "sales" : 0.00,
    "salesGrowthYoY" : 0.00,
    "grossProfitMargin" : 0.00,
    "grossProfit" : 0.00,
    "operatingProfitMargin" : 0.00,
    "operatingProfit" : 0.00,
    "netProfitMargin" : 0.00,
    "netProfit" : 0.00
  }, {
    "date" : "2017-06-30",
    "sales" : 0.00,
    "salesGrowthYoY" : -100.00,
    "grossProfitMargin" : 0.00,
    "grossProfit" : 0.00,
    "operatingProfitMargin" : 0.00,
    "operatingProfit" : 0.00,
    "netProfitMargin" : 0.00,
    "netProfit" : 0.00
  }, {
    "date" : "2017-09-30",
    "sales" : 0.00,
    "salesGrowthYoY" : -100.00,
    "grossProfitMargin" : 0.00,
    "grossProfit" : 0.00,
    "operatingProfitMargin" : 0.00,
    "operatingProfit" : 0.00,
    "netProfitMargin" : 0.00,
    "netProfit" : 0.00
  }, {
    "date" : "2017-12-31",
    "sales" : 0.00,
    "salesGrowthYoY" : -100.00,
    "grossProfitMargin" : 0.00,
    "grossProfit" : 0.00,
    "operatingProfitMargin" : 0.00,
    "operatingProfit" : 0.00,
    "netProfitMargin" : 0.00,
    "netProfit" : 0.00
  }, {
    "date" : "2018-03-31",
    "sales" : 0.00,
    "salesGrowthYoY" : 0.00,
    "grossProfitMargin" : 0.00,
    "grossProfit" : 0.00,
    "operatingProfitMargin" : 0.00,
    "operatingProfit" : 0.00,
    "netProfitMargin" : 0.00,
    "netProfit" : 0.00
  }, {
    "date" : "2018-06-30",
    "sales" : 0.00,
    "salesGrowthYoY" : 0.00,
    "grossProfitMargin" : 0.00,
    "grossProfit" : 0.00,
    "operatingProfitMargin" : 0.00,
    "operatingProfit" : 0.00,
    "netProfitMargin" : 0.00,
    "netProfit" : 0.00
  }, {
    "date" : "2018-09-30",
    "sales" : 0.00,
    "salesGrowthYoY" : 0.00,
    "grossProfitMargin" : 0.00,
    "grossProfit" : 0.00,
    "operatingProfitMargin" : 0.00,
    "operatingProfit" : 0.00,
    "netProfitMargin" : 0.00,
    "netProfit" : 0.00
  }, {
    "date" : "2018-12-31",
    "sales" : 0.00,
    "salesGrowthYoY" : 0.00,
    "grossProfitMargin" : 0.00,
    "grossProfit" : 0.00,
    "operatingProfitMargin" : 0.00,
    "operatingProfit" : 0.00,
    "netProfitMargin" : 0.00,
    "netProfit" : 0.00
  }, {
    "date" : "2019-03-31",
    "sales" : 0.00,
    "salesGrowthYoY" : 0.00,
    "grossProfitMargin" : 0.00,
    "grossProfit" : 0.00,
    "operatingProfitMargin" : 0.00,
    "operatingProfit" : 0.00,
    "netProfitMargin" : 0.00,
    "netProfit" : 0.00
  }, {
    "date" : "2019-06-30",
    "sales" : 0.00,
    "salesGrowthYoY" : 0.00,
    "grossProfitMargin" : 0.00,
    "grossProfit" : 0.00,
    "operatingProfitMargin" : 0.00,
    "operatingProfit" : 0.00,
    "netProfitMargin" : 0.00,
    "netProfit" : 0.00
  }, {
    "date" : "2019-09-30",
    "sales" : 0.00,
    "salesGrowthYoY" : 0.00,
    "grossProfitMargin" : 0.00,
    "grossProfit" : 0.00,
    "operatingProfitMargin" : 0.00,
    "operatingProfit" : 0.00,
    "netProfitMargin" : 0.00,
    "netProfit" : 0.00
  }, {
    "date" : "2019-12-31",
    "sales" : 0.00,
    "salesGrowthYoY" : 0.00,
    "grossProfitMargin" : 0.00,
    "grossProfit" : 0.00,
    "operatingProfitMargin" : 0.00,
    "operatingProfit" : 0.00,
    "netProfitMargin" : 0.00,
    "netProfit" : 0.00
  }, {
    "date" : "2020-03-31",
    "sales" : 0.00,
    "salesGrowthYoY" : 0.00,
    "grossProfitMargin" : 0.00,
    "grossProfit" : 0.00,
    "operatingProfitMargin" : 0.00,
    "operatingProfit" : 0.00,
    "netProfitMargin" : 0.00,
    "netProfit" : 0.00
  }, {
    "date" : "2020-06-30",
    "sales" : 0.00,
    "salesGrowthYoY" : 0.00,
    "grossProfitMargin" : 0.00,
    "grossProfit" : 0.00,
    "operatingProfitMargin" : 0.00,
    "operatingProfit" : 0.00,
    "netProfitMargin" : 0.00,
    "netProfit" : 0.00
  }, {
    "date" : "2020-09-30",
    "sales" : 0.00,
    "salesGrowthYoY" : 0.00,
    "grossProfitMargin" : 0.00,
    "grossProfit" : 0.00,
    "operatingProfitMargin" : 0.00,
    "operatingProfit" : 0.00,
    "netProfitMargin" : 0.00,
    "netProfit" : 0.00
  }, {
    "date" : "2020-12-31",
    "sales" : 0.00,
    "salesGrowthYoY" : 0.00,
    "grossProfitMargin" : 0.00,
    "grossProfit" : 0.00,
    "operatingProfitMargin" : 0.00,
    "operatingProfit" : 0.00,
    "netProfitMargin" : 0.00,
    "netProfit" : 0.00
  }, {
    "date" : "2021-03-31",
    "sales" : 0.09,
    "salesGrowthYoY" : 100.00,
    "grossProfitMargin" : 100.00,
    "grossProfit" : 0.09,
    "operatingProfitMargin" : -11.11,
    "operatingProfit" : -0.01,
    "netProfitMargin" : -11.11,
    "netProfit" : -0.01
  }, {
    "date" : "2021-06-30",
    "sales" : 0.00,
    "salesGrowthYoY" : 0.00,
    "grossProfitMargin" : 0.00,
    "grossProfit" : 0.00,
    "operatingProfitMargin" : 0.00,
    "operatingProfit" : 0.00,
    "netProfitMargin" : 0.00,
    "netProfit" : 0.00
  }, {
    "date" : "2021-09-30",
    "sales" : 0.00,
    "salesGrowthYoY" : 0.00,
    "grossProfitMargin" : 0.00,
    "grossProfit" : 0.00,
    "operatingProfitMargin" : 0.00,
    "operatingProfit" : 0.00,
    "netProfitMargin" : 0.00,
    "netProfit" : 0.00
  }, {
    "date" : "2021-12-31",
    "sales" : 0.00,
    "salesGrowthYoY" : 0.00,
    "grossProfitMargin" : 0.00,
    "grossProfit" : 0.00,
    "operatingProfitMargin" : 0.00,
    "operatingProfit" : 0.00,
    "netProfitMargin" : 0.00,
    "netProfit" : 0.00
  }, {
    "date" : "2022-03-31",
    "sales" : 3.10,
    "salesGrowthYoY" : 3344.44,
    "grossProfitMargin" : 100.00,
    "grossProfit" : 3.10,
    "operatingProfitMargin" : -12.90,
    "operatingProfit" : -0.40,
    "netProfitMargin" : -13.55,
    "netProfit" : -0.42
  }, {
    "date" : "2022-06-30",
    "sales" : 0.06,
    "salesGrowthYoY" : 100.00,
    "grossProfitMargin" : 100.00,
    "grossProfit" : 0.06,
    "operatingProfitMargin" : -22616.67,
    "operatingProfit" : -13.57,
    "netProfitMargin" : -23500.00,
    "netProfit" : -14.10
  }, {
    "date" : "2022-09-30",
    "sales" : 1.03,
    "salesGrowthYoY" : 100.00,
    "grossProfitMargin" : 100.00,
    "grossProfit" : 1.03,
    "operatingProfitMargin" : 94.17,
    "operatingProfit" : 0.97,
    "netProfitMargin" : 40.78,
    "netProfit" : 0.42
  }, {
    "date" : "2022-12-31",
    "sales" : 0.93,
    "salesGrowthYoY" : 100.00,
    "grossProfitMargin" : 100.00,
    "grossProfit" : 0.93,
    "operatingProfitMargin" : 91.40,
    "operatingProfit" : 0.85,
    "netProfitMargin" : 32.26,
    "netProfit" : 0.30
  }, {
    "date" : "2023-03-31",
    "sales" : 164.17,
    "salesGrowthYoY" : 5195.81,
    "grossProfitMargin" : 100.00,
    "grossProfit" : 164.17,
    "operatingProfitMargin" : 99.94,
    "operatingProfit" : 164.07,
    "netProfitMargin" : 90.28,
    "netProfit" : 148.21
  }, {
    "date" : "2023-06-30",
    "sales" : 7.37,
    "salesGrowthYoY" : 12183.33,
    "grossProfitMargin" : 100.00,
    "grossProfit" : 7.37,
    "operatingProfitMargin" : 98.64,
    "operatingProfit" : 7.27,
    "netProfitMargin" : 85.21,
    "netProfit" : 6.28
  }, {
    "date" : "2023-09-30",
    "sales" : 7.46,
    "salesGrowthYoY" : 624.27,
    "grossProfitMargin" : 100.00,
    "grossProfit" : 7.46,
    "operatingProfitMargin" : 98.93,
    "operatingProfit" : 7.38,
    "netProfitMargin" : 84.72,
    "netProfit" : 6.32
  }, {
    "date" : "2023-12-31",
    "sales" : 7.44,
    "salesGrowthYoY" : 700.00,
    "grossProfitMargin" : 100.00,
    "grossProfit" : 7.44,
    "operatingProfitMargin" : 98.66,
    "operatingProfit" : 7.34,
    "netProfitMargin" : 84.95,
    "netProfit" : 6.32
  }, {
    "date" : "2024-03-31",
    "sales" : 13.78,
    "salesGrowthYoY" : -91.61,
    "grossProfitMargin" : 100.00,
    "grossProfit" : 13.78,
    "operatingProfitMargin" : 99.06,
    "operatingProfit" : 13.65,
    "netProfitMargin" : 94.92,
    "netProfit" : 13.08
  }, {
    "date" : "2024-06-30",
    "sales" : 8.16,
    "salesGrowthYoY" : 10.72,
    "grossProfitMargin" : 100.00,
    "grossProfit" : 8.16,
    "operatingProfitMargin" : 99.02,
    "operatingProfit" : 8.08,
    "netProfitMargin" : 85.17,
    "netProfit" : 6.95
  }, {
    "date" : "2024-09-30",
    "sales" : 7.91,
    "salesGrowthYoY" : 6.03,
    "grossProfitMargin" : 100.00,
    "grossProfit" : 7.91,
    "operatingProfitMargin" : 98.74,
    "operatingProfit" : 7.81,
    "netProfitMargin" : 84.96,
    "netProfit" : 6.72
  }, {
    "date" : "2024-12-31",
    "sales" : 7.80,
    "salesGrowthYoY" : 4.84,
    "grossProfitMargin" : 100.00,
    "grossProfit" : 7.80,
    "operatingProfitMargin" : 98.85,
    "operatingProfit" : 7.71,
    "netProfitMargin" : 85.13,
    "netProfit" : 6.64
  }, {
    "date" : "2025-03-31",
    "sales" : 7.83,
    "salesGrowthYoY" : -43.18,
    "grossProfitMargin" : 100.00,
    "grossProfit" : 7.83,
    "operatingProfitMargin" : 98.60,
    "operatingProfit" : 7.72,
    "netProfitMargin" : 451.21,
    "netProfit" : 35.33
  }, {
    "date" : "2025-06-30",
    "sales" : 8.35,
    "salesGrowthYoY" : 2.33,
    "grossProfitMargin" : 100.00,
    "grossProfit" : 8.35,
    "operatingProfitMargin" : 99.04,
    "operatingProfit" : 8.27,
    "netProfitMargin" : 80.60,
    "netProfit" : 6.73
  }, {
    "date" : "2025-09-30",
    "sales" : 19.11,
    "salesGrowthYoY" : 141.59,
    "grossProfitMargin" : 100.00,
    "grossProfit" : 19.11,
    "operatingProfitMargin" : 99.48,
    "operatingProfit" : 19.01,
    "netProfitMargin" : 77.66,
    "netProfit" : 14.84
  }, {
    "date" : "2025-12-31",
    "sales" : 961.80,
    "salesGrowthYoY" : 12230.77,
    "grossProfitMargin" : 100.00,
    "grossProfit" : 961.80,
    "operatingProfitMargin" : 99.99,
    "operatingProfit" : 961.70,
    "netProfitMargin" : 85.66,
    "netProfit" : 823.88
  } ],
  "latestQuarterlyResult" : {
    "date" : "2025-12-31",
    "sales" : 961.80,
    "salesGrowthYoY" : 12230.77,
    "grossProfitMargin" : 100.00,
    "grossProfit" : 961.80,
    "operatingProfitMargin" : 99.99,
    "operatingProfit" : 961.70,
    "netProfitMargin" : 85.66,
    "netProfit" : 823.88
  },
  "companyScore" : {
    "priceHigherThanDma50" : 5.00,
    "priceHigherThanDma100" : 5.00,
    "priceHigherThanDma200" : 5.00,
    "dma50HigherThanDma100" : 5.00,
    "dma50HigherThanDma200" : 5.00,
    "dma100HigherThanDma200" : 5.00,
    "pricePercentageAboveDma50" : 3.70,
    "pricePercentageAboveDma100" : 3.53,
    "pricePercentageAboveDma200" : 3.10,
    "weeklyVolumeHigherThanYearlyVolume" : 5.00,
    "salesGrowthPercentile" : 20.00,
    "operatingProfitMarginPercentile" : 20.00,
    "netProfitMarginPercentile" : 9.81,
    "totalTechnicalScore" : 45.33,
    "totalFundamentalScore" : 49.81,
    "totalScore" : 95.14
  }
}