{
  "metadata" : {
    "screenerCompanyId" : "1626",
    "companyCode" : "JSL",
    "companyName" : "Jindal Stain.",
    "screenerCompanyLink" : "https://www.screener.in/company/JSL/consolidated/",
    "screenerTechnicalHistoryLink" : "https://www.screener.in/api/company/1626/chart/?q=Price-DMA50-DMA200-Volume&days=365",
    "screenerQuarterlyResultsLink" : "https://www.screener.in/api/company/1626/chart/?q=GPM-OPM-NPM-Quarter+Sales&days=10000",
    "attributes" : {
      "companyCode" : "JSL",
      "companyName" : "Jindal Stain.",
      "marketCap" : 70595.00,
      "peRatio" : 25.60,
      "description" : "Jindal Stainless Ltd is one of the largest manufacturers of Stainless Steel flat products, in Austenitic, Ferritic, Martensitic and Duplex grades in India used in a variety of industries like automobile, railways, construction, consumer goods etc. [1]"
    },
    "companyScore" : {
      "priceHigherThanDma50" : 5.00,
      "priceHigherThanDma100" : 5.00,
      "priceHigherThanDma200" : 5.00,
      "dma50HigherThanDma100" : 5.00,
      "dma50HigherThanDma200" : 5.00,
      "dma100HigherThanDma200" : 5.00,
      "pricePercentageAboveDma50" : 4.54,
      "pricePercentageAboveDma100" : 4.44,
      "pricePercentageAboveDma200" : 4.16,
      "weeklyVolumeHigherThanYearlyVolume" : 5.00,
      "salesGrowthPercentile" : 9.62,
      "operatingProfitMarginPercentile" : 15.22,
      "netProfitMarginPercentile" : 8.96,
      "totalTechnicalScore" : 48.15,
      "totalFundamentalScore" : 33.80,
      "totalScore" : 81.94
    }
  },
  "attributes" : {
    "companyCode" : "JSL",
    "companyName" : "Jindal Stain.",
    "marketCap" : 70595.00,
    "peRatio" : 25.60,
    "description" : "Jindal Stainless Ltd is one of the largest manufacturers of Stainless Steel flat products, in Austenitic, Ferritic, Martensitic and Duplex grades in India used in a variety of industries like automobile, railways, construction, consumer goods etc. [1]"
  },
  "technicalHistory" : [ {
    "date" : "2025-01-03",
    "price" : 677.60,
    "dma50" : 716.85,
    "dma100" : null,
    "dma200" : 696.34,
    "volume" : 744835.00
  }, {
    "date" : "2025-01-06",
    "price" : 664.15,
    "dma50" : 714.78,
    "dma100" : null,
    "dma200" : 696.02,
    "volume" : 750312.00
  }, {
    "date" : "2025-01-07",
    "price" : 669.00,
    "dma50" : 712.99,
    "dma100" : null,
    "dma200" : 695.75,
    "volume" : 513419.00
  }, {
    "date" : "2025-01-08",
    "price" : 645.45,
    "dma50" : 710.34,
    "dma100" : null,
    "dma200" : 695.25,
    "volume" : 778014.00
  }, {
    "date" : "2025-01-09",
    "price" : 632.15,
    "dma50" : 707.27,
    "dma100" : null,
    "dma200" : 694.62,
    "volume" : 999242.00
  }, {
    "date" : "2025-01-10",
    "price" : 625.55,
    "dma50" : 704.07,
    "dma100" : null,
    "dma200" : 693.93,
    "volume" : 802334.00
  }, {
    "date" : "2025-01-13",
    "price" : 606.40,
    "dma50" : 700.24,
    "dma100" : null,
    "dma200" : 693.06,
    "volume" : 1284734.00
  }, {
    "date" : "2025-01-14",
    "price" : 625.45,
    "dma50" : 697.31,
    "dma100" : null,
    "dma200" : 692.39,
    "volume" : 1563509.00
  }, {
    "date" : "2025-01-15",
    "price" : 615.05,
    "dma50" : 694.08,
    "dma100" : null,
    "dma200" : 691.62,
    "volume" : 660898.00
  }, {
    "date" : "2025-01-16",
    "price" : 625.40,
    "dma50" : 691.39,
    "dma100" : null,
    "dma200" : 690.96,
    "volume" : 498887.00
  }, {
    "date" : "2025-01-17",
    "price" : 634.35,
    "dma50" : 689.15,
    "dma100" : null,
    "dma200" : 690.40,
    "volume" : 403522.00
  }, {
    "date" : "2025-01-20",
    "price" : 627.55,
    "dma50" : 686.73,
    "dma100" : null,
    "dma200" : 689.77,
    "volume" : 333775.00
  }, {
    "date" : "2025-01-21",
    "price" : 633.05,
    "dma50" : 684.63,
    "dma100" : null,
    "dma200" : 689.21,
    "volume" : 622364.00
  }, {
    "date" : "2025-01-22",
    "price" : 633.40,
    "dma50" : 682.62,
    "dma100" : null,
    "dma200" : 688.65,
    "volume" : 763581.00
  }, {
    "date" : "2025-01-23",
    "price" : 639.75,
    "dma50" : 680.94,
    "dma100" : null,
    "dma200" : 688.17,
    "volume" : 541207.00
  }, {
    "date" : "2025-01-24",
    "price" : 634.10,
    "dma50" : 679.10,
    "dma100" : null,
    "dma200" : 687.63,
    "volume" : 603480.00
  }, {
    "date" : "2025-01-27",
    "price" : 622.60,
    "dma50" : 676.89,
    "dma100" : null,
    "dma200" : 686.98,
    "volume" : 644920.00
  }, {
    "date" : "2025-01-28",
    "price" : 614.85,
    "dma50" : 674.45,
    "dma100" : null,
    "dma200" : 686.26,
    "volume" : 559532.00
  }, {
    "date" : "2025-01-29",
    "price" : 637.70,
    "dma50" : 673.01,
    "dma100" : null,
    "dma200" : 685.78,
    "volume" : 333134.00
  }, {
    "date" : "2025-01-30",
    "price" : 648.85,
    "dma50" : 672.06,
    "dma100" : null,
    "dma200" : 685.41,
    "volume" : 1289396.00
  }, {
    "date" : "2025-01-31",
    "price" : 653.30,
    "dma50" : 671.33,
    "dma100" : null,
    "dma200" : 685.09,
    "volume" : 1347377.00
  }, {
    "date" : "2025-02-01",
    "price" : 624.15,
    "dma50" : 669.48,
    "dma100" : null,
    "dma200" : 684.49,
    "volume" : 1387488.00
  }, {
    "date" : "2025-02-03",
    "price" : 595.00,
    "dma50" : 666.56,
    "dma100" : null,
    "dma200" : 683.60,
    "volume" : 2877446.00
  }, {
    "date" : "2025-02-04",
    "price" : 622.55,
    "dma50" : 664.83,
    "dma100" : null,
    "dma200" : 682.99,
    "volume" : 1332393.00
  }, {
    "date" : "2025-02-05",
    "price" : 634.70,
    "dma50" : 663.65,
    "dma100" : null,
    "dma200" : 682.51,
    "volume" : 940707.00
  }, {
    "date" : "2025-02-06",
    "price" : 636.20,
    "dma50" : 662.57,
    "dma100" : null,
    "dma200" : 682.05,
    "volume" : 401720.00
  }, {
    "date" : "2025-02-07",
    "price" : 642.10,
    "dma50" : 661.77,
    "dma100" : null,
    "dma200" : 681.65,
    "volume" : 629616.00
  }, {
    "date" : "2025-02-10",
    "price" : 633.25,
    "dma50" : 660.65,
    "dma100" : null,
    "dma200" : 681.17,
    "volume" : 642923.00
  }, {
    "date" : "2025-02-11",
    "price" : 608.45,
    "dma50" : 658.61,
    "dma100" : null,
    "dma200" : 680.44,
    "volume" : 740728.00
  }, {
    "date" : "2025-02-12",
    "price" : 603.15,
    "dma50" : 656.43,
    "dma100" : null,
    "dma200" : 679.67,
    "volume" : 844992.00
  }, {
    "date" : "2025-02-13",
    "price" : 608.75,
    "dma50" : 654.56,
    "dma100" : null,
    "dma200" : 678.97,
    "volume" : 580490.00
  }, {
    "date" : "2025-02-14",
    "price" : 584.85,
    "dma50" : 651.83,
    "dma100" : null,
    "dma200" : 678.03,
    "volume" : 967338.00
  }, {
    "date" : "2025-02-17",
    "price" : 590.30,
    "dma50" : 649.41,
    "dma100" : null,
    "dma200" : 677.16,
    "volume" : 871376.00
  }, {
    "date" : "2025-02-18",
    "price" : 582.75,
    "dma50" : 646.80,
    "dma100" : null,
    "dma200" : 676.22,
    "volume" : 936988.00
  }, {
    "date" : "2025-02-19",
    "price" : 602.55,
    "dma50" : 645.06,
    "dma100" : null,
    "dma200" : 675.49,
    "volume" : 824128.00
  }, {
    "date" : "2025-02-20",
    "price" : 618.70,
    "dma50" : 644.03,
    "dma100" : null,
    "dma200" : 674.92,
    "volume" : 777044.00
  }, {
    "date" : "2025-02-21",
    "price" : 625.60,
    "dma50" : 643.31,
    "dma100" : null,
    "dma200" : 674.43,
    "volume" : 786405.00
  }, {
    "date" : "2025-02-24",
    "price" : 615.90,
    "dma50" : 642.23,
    "dma100" : null,
    "dma200" : 673.85,
    "volume" : 460006.00
  }, {
    "date" : "2025-02-25",
    "price" : 599.40,
    "dma50" : 640.55,
    "dma100" : null,
    "dma200" : 673.11,
    "volume" : 686616.00
  }, {
    "date" : "2025-02-27",
    "price" : 596.55,
    "dma50" : 638.83,
    "dma100" : null,
    "dma200" : 672.35,
    "volume" : 712414.00
  }, {
    "date" : "2025-02-28",
    "price" : 584.85,
    "dma50" : 636.71,
    "dma100" : null,
    "dma200" : 671.48,
    "volume" : 1202536.00
  }, {
    "date" : "2025-03-03",
    "price" : 594.85,
    "dma50" : 635.07,
    "dma100" : null,
    "dma200" : 670.71,
    "volume" : 619975.00
  }, {
    "date" : "2025-03-04",
    "price" : 594.35,
    "dma50" : 633.47,
    "dma100" : null,
    "dma200" : 669.95,
    "volume" : 619573.00
  }, {
    "date" : "2025-03-05",
    "price" : 613.45,
    "dma50" : 632.69,
    "dma100" : null,
    "dma200" : 669.39,
    "volume" : 729322.00
  }, {
    "date" : "2025-03-06",
    "price" : 651.90,
    "dma50" : 633.44,
    "dma100" : null,
    "dma200" : 669.22,
    "volume" : 2333746.00
  }, {
    "date" : "2025-03-07",
    "price" : 654.60,
    "dma50" : 634.27,
    "dma100" : null,
    "dma200" : 669.07,
    "volume" : 1356885.00
  }, {
    "date" : "2025-03-10",
    "price" : 640.60,
    "dma50" : 634.52,
    "dma100" : null,
    "dma200" : 668.79,
    "volume" : 1091838.00
  }, {
    "date" : "2025-03-11",
    "price" : 649.35,
    "dma50" : 635.10,
    "dma100" : null,
    "dma200" : 668.60,
    "volume" : 786055.00
  }, {
    "date" : "2025-03-12",
    "price" : 637.10,
    "dma50" : 635.18,
    "dma100" : null,
    "dma200" : 668.28,
    "volume" : 648639.00
  }, {
    "date" : "2025-03-13",
    "price" : 632.30,
    "dma50" : 635.07,
    "dma100" : null,
    "dma200" : 667.92,
    "volume" : 639028.00
  }, {
    "date" : "2025-03-17",
    "price" : 641.60,
    "dma50" : 635.32,
    "dma100" : null,
    "dma200" : 667.66,
    "volume" : 520888.00
  }, {
    "date" : "2025-03-18",
    "price" : 647.85,
    "dma50" : 635.81,
    "dma100" : null,
    "dma200" : 667.46,
    "volume" : 575118.00
  }, {
    "date" : "2025-03-19",
    "price" : 655.35,
    "dma50" : 636.58,
    "dma100" : null,
    "dma200" : 667.34,
    "volume" : 820303.00
  }, {
    "date" : "2025-03-20",
    "price" : 654.05,
    "dma50" : 637.26,
    "dma100" : null,
    "dma200" : 667.21,
    "volume" : 562046.00
  }, {
    "date" : "2025-03-21",
    "price" : 625.70,
    "dma50" : 636.81,
    "dma100" : null,
    "dma200" : 666.80,
    "volume" : 1909386.00
  }, {
    "date" : "2025-03-24",
    "price" : 591.35,
    "dma50" : 635.03,
    "dma100" : null,
    "dma200" : 666.05,
    "volume" : 4562179.00
  }, {
    "date" : "2025-03-25",
    "price" : 588.15,
    "dma50" : 633.19,
    "dma100" : null,
    "dma200" : 665.27,
    "volume" : 1453438.00
  }, {
    "date" : "2025-03-26",
    "price" : 595.15,
    "dma50" : 631.70,
    "dma100" : null,
    "dma200" : 664.58,
    "volume" : 3052459.00
  }, {
    "date" : "2025-03-27",
    "price" : 581.95,
    "dma50" : 629.75,
    "dma100" : null,
    "dma200" : 663.75,
    "volume" : 2167229.00
  }, {
    "date" : "2025-03-28",
    "price" : 581.60,
    "dma50" : 627.86,
    "dma100" : null,
    "dma200" : 662.94,
    "volume" : 1339239.00
  }, {
    "date" : "2025-04-01",
    "price" : 576.55,
    "dma50" : 625.85,
    "dma100" : null,
    "dma200" : 662.08,
    "volume" : 1172914.00
  }, {
    "date" : "2025-04-02",
    "price" : 589.90,
    "dma50" : 624.44,
    "dma100" : null,
    "dma200" : 661.36,
    "volume" : 919809.00
  }, {
    "date" : "2025-04-03",
    "price" : 594.60,
    "dma50" : 623.27,
    "dma100" : null,
    "dma200" : 660.69,
    "volume" : 649463.00
  }, {
    "date" : "2025-04-04",
    "price" : 551.70,
    "dma50" : 620.46,
    "dma100" : null,
    "dma200" : 659.61,
    "volume" : 1744120.00
  }, {
    "date" : "2025-04-07",
    "price" : 516.65,
    "dma50" : 616.39,
    "dma100" : null,
    "dma200" : 658.19,
    "volume" : 2204841.00
  }, {
    "date" : "2025-04-08",
    "price" : 523.35,
    "dma50" : 612.74,
    "dma100" : null,
    "dma200" : 656.85,
    "volume" : 1474730.00
  }, {
    "date" : "2025-04-09",
    "price" : 512.60,
    "dma50" : 608.81,
    "dma100" : null,
    "dma200" : 655.41,
    "volume" : 930543.00
  }, {
    "date" : "2025-04-11",
    "price" : 542.05,
    "dma50" : 606.20,
    "dma100" : null,
    "dma200" : 654.28,
    "volume" : 1157412.00
  }, {
    "date" : "2025-04-15",
    "price" : 557.80,
    "dma50" : 604.30,
    "dma100" : null,
    "dma200" : 653.32,
    "volume" : 1466885.00
  }, {
    "date" : "2025-04-16",
    "price" : 558.70,
    "dma50" : 602.51,
    "dma100" : null,
    "dma200" : 652.38,
    "volume" : 1044980.00
  }, {
    "date" : "2025-04-17",
    "price" : 561.45,
    "dma50" : 600.90,
    "dma100" : null,
    "dma200" : 651.48,
    "volume" : 838055.00
  }, {
    "date" : "2025-04-21",
    "price" : 569.35,
    "dma50" : 599.66,
    "dma100" : null,
    "dma200" : 650.66,
    "volume" : 932413.00
  }, {
    "date" : "2025-04-22",
    "price" : 581.10,
    "dma50" : 598.93,
    "dma100" : null,
    "dma200" : 649.97,
    "volume" : 1328888.00
  }, {
    "date" : "2025-04-23",
    "price" : 575.40,
    "dma50" : 598.01,
    "dma100" : null,
    "dma200" : 649.22,
    "volume" : 1174708.00
  }, {
    "date" : "2025-04-24",
    "price" : 571.95,
    "dma50" : 596.99,
    "dma100" : null,
    "dma200" : 648.46,
    "volume" : 801109.00
  }, {
    "date" : "2025-04-25",
    "price" : 559.40,
    "dma50" : 595.52,
    "dma100" : null,
    "dma200" : 647.57,
    "volume" : 1002458.00
  }, {
    "date" : "2025-04-28",
    "price" : 559.70,
    "dma50" : 594.11,
    "dma100" : null,
    "dma200" : 646.69,
    "volume" : 808838.00
  }, {
    "date" : "2025-04-29",
    "price" : 566.55,
    "dma50" : 593.03,
    "dma100" : null,
    "dma200" : 645.90,
    "volume" : 559751.00
  }, {
    "date" : "2025-04-30",
    "price" : 583.10,
    "dma50" : 592.64,
    "dma100" : null,
    "dma200" : 645.27,
    "volume" : 2284783.00
  }, {
    "date" : "2025-05-02",
    "price" : 588.25,
    "dma50" : 592.47,
    "dma100" : null,
    "dma200" : 644.71,
    "volume" : 1093095.00
  }, {
    "date" : "2025-05-05",
    "price" : 586.00,
    "dma50" : 592.21,
    "dma100" : null,
    "dma200" : 644.12,
    "volume" : 603155.00
  }, {
    "date" : "2025-05-06",
    "price" : 588.30,
    "dma50" : 592.06,
    "dma100" : null,
    "dma200" : 643.57,
    "volume" : 833166.00
  }, {
    "date" : "2025-05-07",
    "price" : 595.35,
    "dma50" : 592.19,
    "dma100" : null,
    "dma200" : 643.09,
    "volume" : 682956.00
  }, {
    "date" : "2025-05-08",
    "price" : 588.25,
    "dma50" : 592.04,
    "dma100" : null,
    "dma200" : 642.54,
    "volume" : 1150314.00
  }, {
    "date" : "2025-05-09",
    "price" : 579.60,
    "dma50" : 591.55,
    "dma100" : null,
    "dma200" : 641.91,
    "volume" : 1739247.00
  }, {
    "date" : "2025-05-12",
    "price" : 610.00,
    "dma50" : 592.27,
    "dma100" : null,
    "dma200" : 641.60,
    "volume" : 2133206.00
  }, {
    "date" : "2025-05-13",
    "price" : 624.85,
    "dma50" : 593.55,
    "dma100" : null,
    "dma200" : 641.43,
    "volume" : 1405082.00
  }, {
    "date" : "2025-05-14",
    "price" : 653.45,
    "dma50" : 595.90,
    "dma100" : null,
    "dma200" : 641.55,
    "volume" : 2029936.00
  }, {
    "date" : "2025-05-15",
    "price" : 649.15,
    "dma50" : 597.99,
    "dma100" : null,
    "dma200" : 641.63,
    "volume" : 965112.00
  }, {
    "date" : "2025-05-16",
    "price" : 663.10,
    "dma50" : 600.54,
    "dma100" : null,
    "dma200" : 641.84,
    "volume" : 600702.00
  }, {
    "date" : "2025-05-19",
    "price" : 660.35,
    "dma50" : 602.89,
    "dma100" : null,
    "dma200" : 642.02,
    "volume" : 526188.00
  }, {
    "date" : "2025-05-20",
    "price" : 641.75,
    "dma50" : 604.41,
    "dma100" : null,
    "dma200" : 642.02,
    "volume" : 953660.00
  }, {
    "date" : "2025-05-21",
    "price" : 643.40,
    "dma50" : 605.94,
    "dma100" : null,
    "dma200" : 642.03,
    "volume" : 666541.00
  }, {
    "date" : "2025-05-22",
    "price" : 639.45,
    "dma50" : 607.25,
    "dma100" : null,
    "dma200" : 642.01,
    "volume" : 617257.00
  }, {
    "date" : "2025-05-23",
    "price" : 649.85,
    "dma50" : 608.92,
    "dma100" : null,
    "dma200" : 642.09,
    "volume" : 356956.00
  }, {
    "date" : "2025-05-26",
    "price" : 657.85,
    "dma50" : 610.84,
    "dma100" : null,
    "dma200" : 642.24,
    "volume" : 616771.00
  }, {
    "date" : "2025-05-27",
    "price" : 647.85,
    "dma50" : 612.29,
    "dma100" : null,
    "dma200" : 642.30,
    "volume" : 463179.00
  }, {
    "date" : "2025-05-28",
    "price" : 647.05,
    "dma50" : 613.66,
    "dma100" : null,
    "dma200" : 642.35,
    "volume" : 615749.00
  }, {
    "date" : "2025-05-29",
    "price" : 669.20,
    "dma50" : 615.83,
    "dma100" : null,
    "dma200" : 642.61,
    "volume" : 1376563.00
  }, {
    "date" : "2025-05-30",
    "price" : 644.75,
    "dma50" : 616.97,
    "dma100" : null,
    "dma200" : 642.63,
    "volume" : 1904575.00
  }, {
    "date" : "2025-06-02",
    "price" : 643.05,
    "dma50" : 617.99,
    "dma100" : 612.52,
    "dma200" : 642.64,
    "volume" : 508165.00
  }, {
    "date" : "2025-06-03",
    "price" : 663.90,
    "dma50" : 619.79,
    "dma100" : 612.52,
    "dma200" : 642.85,
    "volume" : 1289417.00
  }, {
    "date" : "2025-06-04",
    "price" : 655.95,
    "dma50" : 621.21,
    "dma100" : 612.39,
    "dma200" : 642.98,
    "volume" : 1062279.00
  }, {
    "date" : "2025-06-05",
    "price" : 673.50,
    "dma50" : 623.26,
    "dma100" : 612.67,
    "dma200" : 643.28,
    "volume" : 953591.00
  }, {
    "date" : "2025-06-06",
    "price" : 694.70,
    "dma50" : 626.06,
    "dma100" : 613.29,
    "dma200" : 643.80,
    "volume" : 2087026.00
  }, {
    "date" : "2025-06-09",
    "price" : 716.35,
    "dma50" : 629.60,
    "dma100" : 614.20,
    "dma200" : 644.52,
    "volume" : 2406919.00
  }, {
    "date" : "2025-06-10",
    "price" : 726.10,
    "dma50" : 633.39,
    "dma100" : 615.40,
    "dma200" : 645.33,
    "volume" : 1590209.00
  }, {
    "date" : "2025-06-11",
    "price" : 720.60,
    "dma50" : 636.81,
    "dma100" : 616.35,
    "dma200" : 646.08,
    "volume" : 1060004.00
  }, {
    "date" : "2025-06-12",
    "price" : 723.75,
    "dma50" : 640.22,
    "dma100" : 617.43,
    "dma200" : 646.85,
    "volume" : 1353803.00
  }, {
    "date" : "2025-06-13",
    "price" : 712.05,
    "dma50" : 643.03,
    "dma100" : 618.30,
    "dma200" : 647.50,
    "volume" : 693702.00
  }, {
    "date" : "2025-06-16",
    "price" : 701.95,
    "dma50" : 645.34,
    "dma100" : 618.98,
    "dma200" : 648.04,
    "volume" : 886644.00
  }, {
    "date" : "2025-06-17",
    "price" : 687.15,
    "dma50" : 646.98,
    "dma100" : 619.57,
    "dma200" : 648.43,
    "volume" : 700773.00
  }, {
    "date" : "2025-06-18",
    "price" : 671.05,
    "dma50" : 647.93,
    "dma100" : 619.95,
    "dma200" : 648.66,
    "volume" : 707511.00
  }, {
    "date" : "2025-06-19",
    "price" : 657.25,
    "dma50" : 648.29,
    "dma100" : 620.19,
    "dma200" : 648.74,
    "volume" : 392793.00
  }, {
    "date" : "2025-06-20",
    "price" : 670.20,
    "dma50" : 649.15,
    "dma100" : 620.50,
    "dma200" : 648.96,
    "volume" : 1264006.00
  }, {
    "date" : "2025-06-23",
    "price" : 687.00,
    "dma50" : 650.64,
    "dma100" : 621.03,
    "dma200" : 649.33,
    "volume" : 712272.00
  }, {
    "date" : "2025-06-24",
    "price" : 677.65,
    "dma50" : 651.70,
    "dma100" : 621.58,
    "dma200" : 649.62,
    "volume" : 728333.00
  }, {
    "date" : "2025-06-25",
    "price" : 673.60,
    "dma50" : 652.55,
    "dma100" : 622.16,
    "dma200" : 649.85,
    "volume" : 1792322.00
  }, {
    "date" : "2025-06-26",
    "price" : 694.05,
    "dma50" : 654.18,
    "dma100" : 622.73,
    "dma200" : 650.29,
    "volume" : 1888210.00
  }, {
    "date" : "2025-06-27",
    "price" : 690.05,
    "dma50" : 655.59,
    "dma100" : 623.14,
    "dma200" : 650.69,
    "volume" : 1282544.00
  }, {
    "date" : "2025-06-30",
    "price" : 705.10,
    "dma50" : 657.53,
    "dma100" : 623.66,
    "dma200" : 651.23,
    "volume" : 1180475.00
  }, {
    "date" : "2025-07-01",
    "price" : 707.00,
    "dma50" : 659.47,
    "dma100" : 624.49,
    "dma200" : 651.79,
    "volume" : 768620.00
  }, {
    "date" : "2025-07-02",
    "price" : 703.60,
    "dma50" : 661.20,
    "dma100" : 625.57,
    "dma200" : 652.30,
    "volume" : 850333.00
  }, {
    "date" : "2025-07-03",
    "price" : 697.85,
    "dma50" : 662.64,
    "dma100" : 626.32,
    "dma200" : 652.75,
    "volume" : 839904.00
  }, {
    "date" : "2025-07-04",
    "price" : 679.90,
    "dma50" : 663.31,
    "dma100" : 626.78,
    "dma200" : 653.02,
    "volume" : 944188.00
  }, {
    "date" : "2025-07-07",
    "price" : 675.45,
    "dma50" : 663.79,
    "dma100" : 627.17,
    "dma200" : 653.25,
    "volume" : 264023.00
  }, {
    "date" : "2025-07-08",
    "price" : 684.30,
    "dma50" : 664.59,
    "dma100" : 627.59,
    "dma200" : 653.56,
    "volume" : 448497.00
  }, {
    "date" : "2025-07-09",
    "price" : 681.20,
    "dma50" : 665.25,
    "dma100" : 628.07,
    "dma200" : 653.83,
    "volume" : 593504.00
  }, {
    "date" : "2025-07-10",
    "price" : 681.80,
    "dma50" : 665.90,
    "dma100" : 628.80,
    "dma200" : 654.11,
    "volume" : 513245.00
  }, {
    "date" : "2025-07-11",
    "price" : 684.50,
    "dma50" : 666.62,
    "dma100" : 629.62,
    "dma200" : 654.41,
    "volume" : 453459.00
  }, {
    "date" : "2025-07-14",
    "price" : 691.10,
    "dma50" : 667.58,
    "dma100" : 630.44,
    "dma200" : 654.78,
    "volume" : 1051048.00
  }, {
    "date" : "2025-07-15",
    "price" : 688.05,
    "dma50" : 668.39,
    "dma100" : 631.47,
    "dma200" : 655.11,
    "volume" : 382508.00
  }, {
    "date" : "2025-07-16",
    "price" : 675.90,
    "dma50" : 668.68,
    "dma100" : 632.33,
    "dma200" : 655.32,
    "volume" : 426480.00
  }, {
    "date" : "2025-07-17",
    "price" : 678.85,
    "dma50" : 669.08,
    "dma100" : 633.29,
    "dma200" : 655.55,
    "volume" : 665297.00
  }, {
    "date" : "2025-07-18",
    "price" : 676.55,
    "dma50" : 669.37,
    "dma100" : 634.03,
    "dma200" : 655.76,
    "volume" : 996126.00
  }, {
    "date" : "2025-07-21",
    "price" : 697.85,
    "dma50" : 670.49,
    "dma100" : 634.82,
    "dma200" : 656.18,
    "volume" : 1680972.00
  }, {
    "date" : "2025-07-22",
    "price" : 688.90,
    "dma50" : 671.21,
    "dma100" : 635.45,
    "dma200" : 656.50,
    "volume" : 353570.00
  }, {
    "date" : "2025-07-23",
    "price" : 675.80,
    "dma50" : 671.39,
    "dma100" : 636.05,
    "dma200" : 656.70,
    "volume" : 436949.00
  }, {
    "date" : "2025-07-24",
    "price" : 664.20,
    "dma50" : 671.11,
    "dma100" : 636.70,
    "dma200" : 656.77,
    "volume" : 484510.00
  }, {
    "date" : "2025-07-25",
    "price" : 656.05,
    "dma50" : 670.52,
    "dma100" : 637.30,
    "dma200" : 656.76,
    "volume" : 414599.00
  }, {
    "date" : "2025-07-28",
    "price" : 659.75,
    "dma50" : 670.10,
    "dma100" : 638.05,
    "dma200" : 656.79,
    "volume" : 457753.00
  }, {
    "date" : "2025-07-29",
    "price" : 677.85,
    "dma50" : 670.40,
    "dma100" : 638.88,
    "dma200" : 657.00,
    "volume" : 2188874.00
  }, {
    "date" : "2025-07-30",
    "price" : 681.10,
    "dma50" : 670.82,
    "dma100" : 639.74,
    "dma200" : 657.24,
    "volume" : 315995.00
  }, {
    "date" : "2025-07-31",
    "price" : 694.10,
    "dma50" : 671.73,
    "dma100" : 640.55,
    "dma200" : 657.61,
    "volume" : 1193910.00
  }, {
    "date" : "2025-08-01",
    "price" : 706.05,
    "dma50" : 673.08,
    "dma100" : 641.09,
    "dma200" : 658.09,
    "volume" : 1342350.00
  }, {
    "date" : "2025-08-04",
    "price" : 728.05,
    "dma50" : 675.24,
    "dma100" : 641.83,
    "dma200" : 658.79,
    "volume" : 1475493.00
  }, {
    "date" : "2025-08-05",
    "price" : 725.65,
    "dma50" : 677.21,
    "dma100" : 642.68,
    "dma200" : 659.45,
    "volume" : 670553.00
  }, {
    "date" : "2025-08-06",
    "price" : 734.00,
    "dma50" : 679.44,
    "dma100" : 643.52,
    "dma200" : 660.19,
    "volume" : 1464478.00
  }, {
    "date" : "2025-08-07",
    "price" : 724.60,
    "dma50" : 681.21,
    "dma100" : 644.40,
    "dma200" : 660.83,
    "volume" : 2840903.00
  }, {
    "date" : "2025-08-08",
    "price" : 683.40,
    "dma50" : 681.30,
    "dma100" : 644.91,
    "dma200" : 661.06,
    "volume" : 1940213.00
  }, {
    "date" : "2025-08-11",
    "price" : 678.30,
    "dma50" : 681.18,
    "dma100" : 645.28,
    "dma200" : 661.23,
    "volume" : 797865.00
  }, {
    "date" : "2025-08-12",
    "price" : 713.15,
    "dma50" : 682.43,
    "dma100" : 645.93,
    "dma200" : 661.75,
    "volume" : 1411500.00
  }, {
    "date" : "2025-08-13",
    "price" : 721.75,
    "dma50" : 683.97,
    "dma100" : 646.59,
    "dma200" : 662.34,
    "volume" : 1006404.00
  }, {
    "date" : "2025-08-14",
    "price" : 729.90,
    "dma50" : 685.78,
    "dma100" : 647.35,
    "dma200" : 663.02,
    "volume" : 480639.00
  }, {
    "date" : "2025-08-18",
    "price" : 747.40,
    "dma50" : 688.19,
    "dma100" : 648.57,
    "dma200" : 663.86,
    "volume" : 858522.00
  }, {
    "date" : "2025-08-19",
    "price" : 757.90,
    "dma50" : 690.93,
    "dma100" : 650.23,
    "dma200" : 664.79,
    "volume" : 780415.00
  }, {
    "date" : "2025-08-20",
    "price" : 765.05,
    "dma50" : 693.83,
    "dma100" : 652.00,
    "dma200" : 665.79,
    "volume" : 819803.00
  }, {
    "date" : "2025-08-21",
    "price" : 774.30,
    "dma50" : 696.99,
    "dma100" : 653.79,
    "dma200" : 666.87,
    "volume" : 2153712.00
  }, {
    "date" : "2025-08-22",
    "price" : 777.55,
    "dma50" : 700.15,
    "dma100" : 655.75,
    "dma200" : 667.97,
    "volume" : 918070.00
  }, {
    "date" : "2025-08-25",
    "price" : 796.45,
    "dma50" : 703.92,
    "dma100" : 657.90,
    "dma200" : 669.25,
    "volume" : 4020030.00
  }, {
    "date" : "2025-08-26",
    "price" : 795.25,
    "dma50" : 707.51,
    "dma100" : 660.09,
    "dma200" : 670.50,
    "volume" : 2419527.00
  }, {
    "date" : "2025-08-28",
    "price" : 806.45,
    "dma50" : 711.39,
    "dma100" : 662.25,
    "dma200" : 671.86,
    "volume" : 2394705.00
  }, {
    "date" : "2025-08-29",
    "price" : 762.95,
    "dma50" : 713.41,
    "dma100" : 663.93,
    "dma200" : 672.76,
    "volume" : 1968283.00
  }, {
    "date" : "2025-09-01",
    "price" : 755.35,
    "dma50" : 715.05,
    "dma100" : 665.97,
    "dma200" : 673.58,
    "volume" : 1039676.00
  }, {
    "date" : "2025-09-02",
    "price" : 761.25,
    "dma50" : 716.86,
    "dma100" : 668.42,
    "dma200" : 674.46,
    "volume" : 731369.00
  }, {
    "date" : "2025-09-03",
    "price" : 760.65,
    "dma50" : 718.58,
    "dma100" : 670.79,
    "dma200" : 675.31,
    "volume" : 1496644.00
  }, {
    "date" : "2025-09-04",
    "price" : 746.90,
    "dma50" : 719.69,
    "dma100" : 673.13,
    "dma200" : 676.03,
    "volume" : 1570413.00
  }, {
    "date" : "2025-09-05",
    "price" : 755.70,
    "dma50" : 721.10,
    "dma100" : 675.27,
    "dma200" : 676.82,
    "volume" : 477514.00
  }, {
    "date" : "2025-09-08",
    "price" : 748.70,
    "dma50" : 722.19,
    "dma100" : 677.18,
    "dma200" : 677.53,
    "volume" : 465189.00
  }, {
    "date" : "2025-09-09",
    "price" : 769.05,
    "dma50" : 724.02,
    "dma100" : 679.28,
    "dma200" : 678.44,
    "volume" : 601681.00
  }, {
    "date" : "2025-09-10",
    "price" : 778.30,
    "dma50" : 726.15,
    "dma100" : 681.45,
    "dma200" : 679.44,
    "volume" : 779121.00
  }, {
    "date" : "2025-09-11",
    "price" : 761.20,
    "dma50" : 727.53,
    "dma100" : 683.37,
    "dma200" : 680.25,
    "volume" : 608995.00
  }, {
    "date" : "2025-09-12",
    "price" : 740.95,
    "dma50" : 728.05,
    "dma100" : 684.97,
    "dma200" : 680.86,
    "volume" : 685009.00
  }, {
    "date" : "2025-09-15",
    "price" : 750.20,
    "dma50" : 728.92,
    "dma100" : 686.72,
    "dma200" : 681.55,
    "volume" : 523058.00
  }, {
    "date" : "2025-09-16",
    "price" : 753.70,
    "dma50" : 729.89,
    "dma100" : 688.53,
    "dma200" : 682.26,
    "volume" : 529827.00
  }, {
    "date" : "2025-09-17",
    "price" : 760.60,
    "dma50" : 731.10,
    "dma100" : 690.54,
    "dma200" : 683.04,
    "volume" : 394896.00
  }, {
    "date" : "2025-09-18",
    "price" : 762.20,
    "dma50" : 732.32,
    "dma100" : 692.57,
    "dma200" : 683.83,
    "volume" : 410981.00
  }, {
    "date" : "2025-09-19",
    "price" : 778.95,
    "dma50" : 734.15,
    "dma100" : 694.69,
    "dma200" : 684.78,
    "volume" : 1136582.00
  }, {
    "date" : "2025-09-22",
    "price" : 787.55,
    "dma50" : 736.24,
    "dma100" : 696.74,
    "dma200" : 685.80,
    "volume" : 575504.00
  }, {
    "date" : "2025-09-23",
    "price" : 801.00,
    "dma50" : 738.78,
    "dma100" : 698.87,
    "dma200" : 686.95,
    "volume" : 787428.00
  }, {
    "date" : "2025-09-24",
    "price" : 799.45,
    "dma50" : 741.16,
    "dma100" : 701.00,
    "dma200" : 688.07,
    "volume" : 982297.00
  }, {
    "date" : "2025-09-25",
    "price" : 784.45,
    "dma50" : 742.86,
    "dma100" : 702.96,
    "dma200" : 689.02,
    "volume" : 496206.00
  }, {
    "date" : "2025-09-26",
    "price" : 789.15,
    "dma50" : 744.67,
    "dma100" : 704.90,
    "dma200" : 690.02,
    "volume" : 395061.00
  }, {
    "date" : "2025-09-29",
    "price" : 737.70,
    "dma50" : 744.40,
    "dma100" : 706.39,
    "dma200" : 690.50,
    "volume" : 1022916.00
  }, {
    "date" : "2025-09-30",
    "price" : 737.75,
    "dma50" : 744.14,
    "dma100" : 707.98,
    "dma200" : 690.97,
    "volume" : 969550.00
  }, {
    "date" : "2025-10-01",
    "price" : 762.40,
    "dma50" : 744.85,
    "dma100" : 709.50,
    "dma200" : 691.68,
    "volume" : 645333.00
  }, {
    "date" : "2025-10-03",
    "price" : 788.25,
    "dma50" : 746.56,
    "dma100" : 711.13,
    "dma200" : 692.64,
    "volume" : 1457924.00
  }, {
    "date" : "2025-10-06",
    "price" : 761.00,
    "dma50" : 747.12,
    "dma100" : 712.21,
    "dma200" : 693.32,
    "volume" : 548742.00
  }, {
    "date" : "2025-10-07",
    "price" : 758.00,
    "dma50" : 747.55,
    "dma100" : 713.30,
    "dma200" : 693.96,
    "volume" : 357133.00
  }, {
    "date" : "2025-10-08",
    "price" : 753.60,
    "dma50" : 747.79,
    "dma100" : 714.20,
    "dma200" : 694.55,
    "volume" : 437056.00
  }, {
    "date" : "2025-10-09",
    "price" : 770.15,
    "dma50" : 748.66,
    "dma100" : 715.30,
    "dma200" : 695.31,
    "volume" : 513860.00
  }, {
    "date" : "2025-10-10",
    "price" : 772.70,
    "dma50" : 749.61,
    "dma100" : 716.61,
    "dma200" : 696.08,
    "volume" : 328057.00
  }, {
    "date" : "2025-10-13",
    "price" : 774.00,
    "dma50" : 750.56,
    "dma100" : 717.92,
    "dma200" : 696.85,
    "volume" : 261538.00
  }, {
    "date" : "2025-10-14",
    "price" : 775.55,
    "dma50" : 751.54,
    "dma100" : 719.28,
    "dma200" : 697.63,
    "volume" : 383950.00
  }, {
    "date" : "2025-10-15",
    "price" : 783.85,
    "dma50" : 752.81,
    "dma100" : 720.62,
    "dma200" : 698.49,
    "volume" : 491930.00
  }, {
    "date" : "2025-10-16",
    "price" : 808.90,
    "dma50" : 755.01,
    "dma100" : 722.13,
    "dma200" : 699.59,
    "volume" : 727475.00
  }, {
    "date" : "2025-10-17",
    "price" : 791.60,
    "dma50" : 756.44,
    "dma100" : 723.57,
    "dma200" : 700.51,
    "volume" : 562325.00
  }, {
    "date" : "2025-10-20",
    "price" : 784.85,
    "dma50" : 757.56,
    "dma100" : 724.94,
    "dma200" : 701.35,
    "volume" : 284547.00
  }, {
    "date" : "2025-10-21",
    "price" : 797.50,
    "dma50" : 759.12,
    "dma100" : 726.23,
    "dma200" : 702.30,
    "volume" : 74348.00
  }, {
    "date" : "2025-10-23",
    "price" : 800.30,
    "dma50" : 760.74,
    "dma100" : 727.78,
    "dma200" : 703.28,
    "volume" : 277356.00
  }, {
    "date" : "2025-10-24",
    "price" : 802.05,
    "dma50" : 762.36,
    "dma100" : 729.37,
    "dma200" : 704.26,
    "volume" : 744332.00
  }, {
    "date" : "2025-10-27",
    "price" : 811.30,
    "dma50" : 764.28,
    "dma100" : 730.85,
    "dma200" : 705.33,
    "volume" : 741896.00
  }, {
    "date" : "2025-10-28",
    "price" : 803.70,
    "dma50" : 765.82,
    "dma100" : 732.32,
    "dma200" : 706.30,
    "volume" : 421160.00
  }, {
    "date" : "2025-10-29",
    "price" : 803.70,
    "dma50" : 767.31,
    "dma100" : 733.63,
    "dma200" : 707.27,
    "volume" : 1081678.00
  }, {
    "date" : "2025-10-30",
    "price" : 782.70,
    "dma50" : 767.91,
    "dma100" : 734.51,
    "dma200" : 708.02,
    "volume" : 827829.00
  }, {
    "date" : "2025-10-31",
    "price" : 753.70,
    "dma50" : 767.36,
    "dma100" : 734.88,
    "dma200" : 708.48,
    "volume" : 817702.00
  }, {
    "date" : "2025-11-03",
    "price" : 750.40,
    "dma50" : 766.69,
    "dma100" : 735.12,
    "dma200" : 708.90,
    "volume" : 809570.00
  }, {
    "date" : "2025-11-04",
    "price" : 738.40,
    "dma50" : 765.58,
    "dma100" : 735.30,
    "dma200" : 709.19,
    "volume" : 674952.00
  }, {
    "date" : "2025-11-06",
    "price" : 729.80,
    "dma50" : 764.18,
    "dma100" : 735.36,
    "dma200" : 709.39,
    "volume" : 627841.00
  }, {
    "date" : "2025-11-07",
    "price" : 731.75,
    "dma50" : 762.91,
    "dma100" : 735.56,
    "dma200" : 709.62,
    "volume" : 507915.00
  }, {
    "date" : "2025-11-10",
    "price" : 722.75,
    "dma50" : 761.33,
    "dma100" : 735.77,
    "dma200" : 709.75,
    "volume" : 651932.00
  }, {
    "date" : "2025-11-11",
    "price" : 740.95,
    "dma50" : 760.53,
    "dma100" : 736.30,
    "dma200" : 710.06,
    "volume" : 2006178.00
  }, {
    "date" : "2025-11-12",
    "price" : 728.25,
    "dma50" : 759.27,
    "dma100" : 736.88,
    "dma200" : 710.24,
    "volume" : 599982.00
  }, {
    "date" : "2025-11-13",
    "price" : 738.90,
    "dma50" : 758.47,
    "dma100" : 737.69,
    "dma200" : 710.52,
    "volume" : 966727.00
  }, {
    "date" : "2025-11-14",
    "price" : 738.05,
    "dma50" : 757.67,
    "dma100" : 738.37,
    "dma200" : 710.80,
    "volume" : 439870.00
  }, {
    "date" : "2025-11-17",
    "price" : 749.20,
    "dma50" : 757.34,
    "dma100" : 738.99,
    "dma200" : 711.18,
    "volume" : 554430.00
  }, {
    "date" : "2025-11-18",
    "price" : 751.00,
    "dma50" : 757.09,
    "dma100" : 739.73,
    "dma200" : 711.58,
    "volume" : 537580.00
  }, {
    "date" : "2025-11-19",
    "price" : 771.30,
    "dma50" : 757.64,
    "dma100" : 740.70,
    "dma200" : 712.17,
    "volume" : 546649.00
  }, {
    "date" : "2025-11-20",
    "price" : 768.35,
    "dma50" : 758.06,
    "dma100" : 741.45,
    "dma200" : 712.73,
    "volume" : 344563.00
  }, {
    "date" : "2025-11-21",
    "price" : 752.50,
    "dma50" : 757.85,
    "dma100" : 742.07,
    "dma200" : 713.13,
    "volume" : 229554.00
  }, {
    "date" : "2025-11-24",
    "price" : 754.50,
    "dma50" : 757.71,
    "dma100" : 742.56,
    "dma200" : 713.54,
    "volume" : 1889403.00
  }, {
    "date" : "2025-11-25",
    "price" : 746.55,
    "dma50" : 757.28,
    "dma100" : 742.96,
    "dma200" : 713.87,
    "volume" : 732621.00
  }, {
    "date" : "2025-11-26",
    "price" : 764.15,
    "dma50" : 757.55,
    "dma100" : 743.57,
    "dma200" : 714.37,
    "volume" : 729635.00
  }, {
    "date" : "2025-11-27",
    "price" : 772.45,
    "dma50" : 758.13,
    "dma100" : 744.31,
    "dma200" : 714.94,
    "volume" : 343132.00
  }, {
    "date" : "2025-11-28",
    "price" : 771.05,
    "dma50" : 758.64,
    "dma100" : 745.22,
    "dma200" : 715.50,
    "volume" : 327358.00
  }, {
    "date" : "2025-12-01",
    "price" : 755.00,
    "dma50" : 758.49,
    "dma100" : 746.02,
    "dma200" : 715.90,
    "volume" : 536182.00
  }, {
    "date" : "2025-12-02",
    "price" : 760.75,
    "dma50" : 758.58,
    "dma100" : 746.78,
    "dma200" : 716.34,
    "volume" : 461878.00
  }, {
    "date" : "2025-12-03",
    "price" : 748.40,
    "dma50" : 758.18,
    "dma100" : 747.45,
    "dma200" : 716.66,
    "volume" : 395769.00
  }, {
    "date" : "2025-12-04",
    "price" : 747.85,
    "dma50" : 757.78,
    "dma100" : 748.12,
    "dma200" : 716.97,
    "volume" : 291540.00
  }, {
    "date" : "2025-12-05",
    "price" : 755.40,
    "dma50" : 757.69,
    "dma100" : 748.82,
    "dma200" : 717.35,
    "volume" : 231054.00
  }, {
    "date" : "2025-12-08",
    "price" : 766.85,
    "dma50" : 758.04,
    "dma100" : 749.58,
    "dma200" : 717.85,
    "volume" : 458943.00
  }, {
    "date" : "2025-12-09",
    "price" : 773.95,
    "dma50" : 758.67,
    "dma100" : 750.44,
    "dma200" : 718.40,
    "volume" : 554553.00
  }, {
    "date" : "2025-12-10",
    "price" : 784.80,
    "dma50" : 759.69,
    "dma100" : 751.53,
    "dma200" : 719.06,
    "volume" : 552322.00
  }, {
    "date" : "2025-12-11",
    "price" : 778.00,
    "dma50" : 760.41,
    "dma100" : 752.52,
    "dma200" : 719.65,
    "volume" : 672993.00
  }, {
    "date" : "2025-12-12",
    "price" : 785.65,
    "dma50" : 761.40,
    "dma100" : 753.61,
    "dma200" : 720.31,
    "volume" : 509920.00
  }, {
    "date" : "2025-12-15",
    "price" : 797.05,
    "dma50" : 762.80,
    "dma100" : 754.60,
    "dma200" : 721.07,
    "volume" : 488001.00
  }, {
    "date" : "2025-12-16",
    "price" : 800.10,
    "dma50" : 764.26,
    "dma100" : 755.72,
    "dma200" : 721.86,
    "volume" : 535655.00
  }, {
    "date" : "2025-12-17",
    "price" : 789.40,
    "dma50" : 765.25,
    "dma100" : 756.85,
    "dma200" : 722.53,
    "volume" : 258148.00
  }, {
    "date" : "2025-12-18",
    "price" : 798.10,
    "dma50" : 766.54,
    "dma100" : 758.19,
    "dma200" : 723.28,
    "volume" : 320567.00
  }, {
    "date" : "2025-12-19",
    "price" : 802.20,
    "dma50" : 767.93,
    "dma100" : 759.65,
    "dma200" : 724.07,
    "volume" : 485539.00
  }, {
    "date" : "2025-12-22",
    "price" : 792.60,
    "dma50" : 768.90,
    "dma100" : 760.98,
    "dma200" : 724.75,
    "volume" : 258829.00
  }, {
    "date" : "2025-12-23",
    "price" : 797.35,
    "dma50" : 770.02,
    "dma100" : 762.18,
    "dma200" : 725.47,
    "volume" : 366417.00
  }, {
    "date" : "2025-12-24",
    "price" : 794.65,
    "dma50" : 770.98,
    "dma100" : 763.31,
    "dma200" : 726.16,
    "volume" : 336348.00
  }, {
    "date" : "2025-12-26",
    "price" : 792.05,
    "dma50" : 771.81,
    "dma100" : 764.29,
    "dma200" : 726.82,
    "volume" : 177604.00
  }, {
    "date" : "2025-12-29",
    "price" : 795.10,
    "dma50" : 772.72,
    "dma100" : 765.18,
    "dma200" : 727.49,
    "volume" : 347160.00
  }, {
    "date" : "2025-12-30",
    "price" : 836.00,
    "dma50" : 775.20,
    "dma100" : 766.26,
    "dma200" : 728.57,
    "volume" : 2875447.00
  }, {
    "date" : "2025-12-31",
    "price" : 839.25,
    "dma50" : 777.72,
    "dma100" : 767.40,
    "dma200" : 729.68,
    "volume" : 2320018.00
  }, {
    "date" : "2026-01-01",
    "price" : 853.75,
    "dma50" : 780.70,
    "dma100" : 768.59,
    "dma200" : 730.91,
    "volume" : 651808.00
  }, {
    "date" : "2026-01-02",
    "price" : 855.40,
    "dma50" : 783.63,
    "dma100" : 769.90,
    "dma200" : 732.15,
    "volume" : 676605.00
  } ],
  "latestTechnicalAttributes" : {
    "date" : "2026-01-02",
    "price" : 855.40,
    "dma50" : 783.63,
    "dma100" : 769.90,
    "dma200" : 732.15,
    "volume" : 676605.00
  },
  "quarterlyResults" : [ {
    "date" : "2005-03-31",
    "sales" : 953.06,
    "salesGrowthYoY" : null,
    "grossProfitMargin" : 28.72,
    "grossProfit" : 273.72,
    "operatingProfitMargin" : 15.17,
    "operatingProfit" : 144.58,
    "netProfitMargin" : 9.75,
    "netProfit" : 92.92
  }, {
    "date" : "2005-06-30",
    "sales" : 858.92,
    "salesGrowthYoY" : null,
    "grossProfitMargin" : 28.85,
    "grossProfit" : 247.80,
    "operatingProfitMargin" : 15.56,
    "operatingProfit" : 133.65,
    "netProfitMargin" : 7.70,
    "netProfit" : 66.14
  }, {
    "date" : "2005-09-30",
    "sales" : 807.38,
    "salesGrowthYoY" : null,
    "grossProfitMargin" : 26.10,
    "grossProfit" : 210.73,
    "operatingProfitMargin" : 13.90,
    "operatingProfit" : 112.23,
    "netProfitMargin" : 5.45,
    "netProfit" : 44.00
  }, {
    "date" : "2005-12-31",
    "sales" : 707.36,
    "salesGrowthYoY" : null,
    "grossProfitMargin" : 27.82,
    "grossProfit" : 196.79,
    "operatingProfitMargin" : 12.41,
    "operatingProfit" : 87.78,
    "netProfitMargin" : 2.96,
    "netProfit" : 20.94
  }, {
    "date" : "2006-03-31",
    "sales" : 827.04,
    "salesGrowthYoY" : -13.22,
    "grossProfitMargin" : 24.39,
    "grossProfit" : 201.72,
    "operatingProfitMargin" : 10.84,
    "operatingProfit" : 89.65,
    "netProfitMargin" : 3.95,
    "netProfit" : 32.67
  }, {
    "date" : "2006-06-30",
    "sales" : 854.87,
    "salesGrowthYoY" : -0.47,
    "grossProfitMargin" : 27.98,
    "grossProfit" : 239.19,
    "operatingProfitMargin" : 16.18,
    "operatingProfit" : 138.32,
    "netProfitMargin" : 5.94,
    "netProfit" : 50.78
  }, {
    "date" : "2006-09-30",
    "sales" : 1144.64,
    "salesGrowthYoY" : 41.77,
    "grossProfitMargin" : 33.15,
    "grossProfit" : 379.45,
    "operatingProfitMargin" : 20.13,
    "operatingProfit" : 230.42,
    "netProfitMargin" : 8.48,
    "netProfit" : 97.07
  }, {
    "date" : "2006-12-31",
    "sales" : 1445.59,
    "salesGrowthYoY" : 104.36,
    "grossProfitMargin" : 26.32,
    "grossProfit" : 380.48,
    "operatingProfitMargin" : 15.59,
    "operatingProfit" : 225.37,
    "netProfitMargin" : 7.82,
    "netProfit" : 113.05
  }, {
    "date" : "2007-03-31",
    "sales" : 1432.40,
    "salesGrowthYoY" : 73.20,
    "grossProfitMargin" : 28.28,
    "grossProfit" : 405.08,
    "operatingProfitMargin" : 16.15,
    "operatingProfit" : 231.33,
    "netProfitMargin" : 6.43,
    "netProfit" : 92.10
  }, {
    "date" : "2007-06-30",
    "sales" : 1196.82,
    "salesGrowthYoY" : 40.00,
    "grossProfitMargin" : 30.05,
    "grossProfit" : 359.64,
    "operatingProfitMargin" : 17.06,
    "operatingProfit" : 204.18,
    "netProfitMargin" : 6.90,
    "netProfit" : 82.58
  }, {
    "date" : "2007-09-30",
    "sales" : 1127.65,
    "salesGrowthYoY" : -1.48,
    "grossProfitMargin" : 23.63,
    "grossProfit" : 266.46,
    "operatingProfitMargin" : 11.51,
    "operatingProfit" : 129.79,
    "netProfitMargin" : 1.64,
    "netProfit" : 18.49
  }, {
    "date" : "2007-12-31",
    "sales" : 1348.29,
    "salesGrowthYoY" : -6.73,
    "grossProfitMargin" : 22.60,
    "grossProfit" : 304.71,
    "operatingProfitMargin" : 11.89,
    "operatingProfit" : 160.31,
    "netProfitMargin" : 3.39,
    "netProfit" : 45.71
  }, {
    "date" : "2008-03-31",
    "sales" : 1496.28,
    "salesGrowthYoY" : 4.46,
    "grossProfitMargin" : 28.45,
    "grossProfit" : 425.69,
    "operatingProfitMargin" : 16.19,
    "operatingProfit" : 242.25,
    "netProfitMargin" : 5.96,
    "netProfit" : 89.18
  }, {
    "date" : "2008-06-30",
    "sales" : 1555.38,
    "salesGrowthYoY" : 29.96,
    "grossProfitMargin" : 30.04,
    "grossProfit" : 467.24,
    "operatingProfitMargin" : 19.87,
    "operatingProfit" : 309.05,
    "netProfitMargin" : 9.55,
    "netProfit" : 148.54
  }, {
    "date" : "2008-09-30",
    "sales" : 1094.90,
    "salesGrowthYoY" : -2.90,
    "grossProfitMargin" : 25.62,
    "grossProfit" : 280.51,
    "operatingProfitMargin" : 15.71,
    "operatingProfit" : 172.01,
    "netProfitMargin" : 7.04,
    "netProfit" : 77.08
  }, {
    "date" : "2008-12-31",
    "sales" : 844.03,
    "salesGrowthYoY" : -37.40,
    "grossProfitMargin" : -13.13,
    "grossProfit" : -110.82,
    "operatingProfitMargin" : -29.77,
    "operatingProfit" : -251.27,
    "netProfitMargin" : -27.09,
    "netProfit" : -228.65
  }, {
    "date" : "2009-03-31",
    "sales" : 1367.82,
    "salesGrowthYoY" : -8.59,
    "grossProfitMargin" : 22.04,
    "grossProfit" : 301.47,
    "operatingProfitMargin" : 8.53,
    "operatingProfit" : 116.68,
    "netProfitMargin" : 0.95,
    "netProfit" : 12.99
  }, {
    "date" : "2009-06-30",
    "sales" : 1347.28,
    "salesGrowthYoY" : -13.38,
    "grossProfitMargin" : 28.11,
    "grossProfit" : 378.72,
    "operatingProfitMargin" : 7.70,
    "operatingProfit" : 103.74,
    "netProfitMargin" : 1.02,
    "netProfit" : 13.74
  }, {
    "date" : "2009-09-30",
    "sales" : 1330.02,
    "salesGrowthYoY" : 21.47,
    "grossProfitMargin" : 36.23,
    "grossProfit" : 481.87,
    "operatingProfitMargin" : 22.16,
    "operatingProfit" : 294.73,
    "netProfitMargin" : 5.39,
    "netProfit" : 71.69
  }, {
    "date" : "2009-12-31",
    "sales" : 1401.03,
    "salesGrowthYoY" : 65.99,
    "grossProfitMargin" : 32.49,
    "grossProfit" : 455.19,
    "operatingProfitMargin" : 19.67,
    "operatingProfit" : 275.58,
    "netProfitMargin" : 4.02,
    "netProfit" : 56.32
  }, {
    "date" : "2010-03-31",
    "sales" : 1688.85,
    "salesGrowthYoY" : 23.47,
    "grossProfitMargin" : 29.13,
    "grossProfit" : 491.96,
    "operatingProfitMargin" : 16.91,
    "operatingProfit" : 285.58,
    "netProfitMargin" : 4.12,
    "netProfit" : 69.58
  }, {
    "date" : "2010-06-30",
    "sales" : 1627.45,
    "salesGrowthYoY" : 20.80,
    "grossProfitMargin" : 32.58,
    "grossProfit" : 530.22,
    "operatingProfitMargin" : 19.74,
    "operatingProfit" : 321.26,
    "netProfitMargin" : 6.23,
    "netProfit" : 101.39
  }, {
    "date" : "2010-09-30",
    "sales" : 1739.41,
    "salesGrowthYoY" : 30.78,
    "grossProfitMargin" : 25.68,
    "grossProfit" : 446.68,
    "operatingProfitMargin" : 14.45,
    "operatingProfit" : 251.34,
    "netProfitMargin" : 2.95,
    "netProfit" : 51.31
  }, {
    "date" : "2010-12-31",
    "sales" : 1730.83,
    "salesGrowthYoY" : 23.54,
    "grossProfitMargin" : 27.76,
    "grossProfit" : 480.48,
    "operatingProfitMargin" : 14.79,
    "operatingProfit" : 255.99,
    "netProfitMargin" : 3.94,
    "netProfit" : 68.19
  }, {
    "date" : "2011-03-31",
    "sales" : 1742.04,
    "salesGrowthYoY" : 3.15,
    "grossProfitMargin" : 26.11,
    "grossProfit" : 454.85,
    "operatingProfitMargin" : 14.53,
    "operatingProfit" : 253.12,
    "netProfitMargin" : 3.48,
    "netProfit" : 60.62
  }, {
    "date" : "2011-06-30",
    "sales" : 1976.93,
    "salesGrowthYoY" : 21.47,
    "grossProfitMargin" : 27.23,
    "grossProfit" : 538.32,
    "operatingProfitMargin" : 15.25,
    "operatingProfit" : 301.48,
    "netProfitMargin" : 3.75,
    "netProfit" : 74.13
  }, {
    "date" : "2011-09-30",
    "sales" : 1837.59,
    "salesGrowthYoY" : 5.64,
    "grossProfitMargin" : 25.10,
    "grossProfit" : 461.24,
    "operatingProfitMargin" : 11.65,
    "operatingProfit" : 214.08,
    "netProfitMargin" : 3.34,
    "netProfit" : 61.38
  }, {
    "date" : "2011-12-31",
    "sales" : 1910.06,
    "salesGrowthYoY" : 10.36,
    "grossProfitMargin" : 24.17,
    "grossProfit" : 461.66,
    "operatingProfitMargin" : 10.46,
    "operatingProfit" : 199.79,
    "netProfitMargin" : 1.96,
    "netProfit" : 37.44
  }, {
    "date" : "2012-03-31",
    "sales" : 2166.46,
    "salesGrowthYoY" : 24.36,
    "grossProfitMargin" : 21.62,
    "grossProfit" : 468.39,
    "operatingProfitMargin" : 8.71,
    "operatingProfit" : 188.70,
    "netProfitMargin" : -2.56,
    "netProfit" : -55.46
  }, {
    "date" : "2012-06-30",
    "sales" : 2216.90,
    "salesGrowthYoY" : 12.14,
    "grossProfitMargin" : 24.38,
    "grossProfit" : 540.48,
    "operatingProfitMargin" : 10.44,
    "operatingProfit" : 231.44,
    "netProfitMargin" : -1.01,
    "netProfit" : -22.39
  }, {
    "date" : "2012-09-30",
    "sales" : 2463.86,
    "salesGrowthYoY" : 34.08,
    "grossProfitMargin" : 18.84,
    "grossProfit" : 464.19,
    "operatingProfitMargin" : 4.76,
    "operatingProfit" : 117.28,
    "netProfitMargin" : -8.93,
    "netProfit" : -220.02
  }, {
    "date" : "2012-12-31",
    "sales" : 2584.27,
    "salesGrowthYoY" : 35.30,
    "grossProfitMargin" : 18.25,
    "grossProfit" : 471.63,
    "operatingProfitMargin" : 4.67,
    "operatingProfit" : 120.69,
    "netProfitMargin" : -6.88,
    "netProfit" : -177.80
  }, {
    "date" : "2013-03-31",
    "sales" : 3021.18,
    "salesGrowthYoY" : 39.45,
    "grossProfitMargin" : 21.32,
    "grossProfit" : 644.12,
    "operatingProfitMargin" : 4.82,
    "operatingProfit" : 145.62,
    "netProfitMargin" : -7.74,
    "netProfit" : -233.84
  }, {
    "date" : "2013-06-30",
    "sales" : 2830.21,
    "salesGrowthYoY" : 27.67,
    "grossProfitMargin" : 23.14,
    "grossProfit" : 654.91,
    "operatingProfitMargin" : 7.99,
    "operatingProfit" : 226.13,
    "netProfitMargin" : -7.81,
    "netProfit" : -221.04
  }, {
    "date" : "2013-09-30",
    "sales" : 3037.32,
    "salesGrowthYoY" : 23.27,
    "grossProfitMargin" : 22.40,
    "grossProfit" : 680.36,
    "operatingProfitMargin" : 8.05,
    "operatingProfit" : 244.50,
    "netProfitMargin" : -6.23,
    "netProfit" : -189.23
  }, {
    "date" : "2013-12-31",
    "sales" : 3011.63,
    "salesGrowthYoY" : 16.54,
    "grossProfitMargin" : 19.64,
    "grossProfit" : 591.48,
    "operatingProfitMargin" : 5.08,
    "operatingProfit" : 152.99,
    "netProfitMargin" : -10.79,
    "netProfit" : -324.95
  }, {
    "date" : "2014-03-31",
    "sales" : 3068.05,
    "salesGrowthYoY" : 1.55,
    "grossProfitMargin" : 24.12,
    "grossProfit" : 740.01,
    "operatingProfitMargin" : 8.34,
    "operatingProfit" : 255.88,
    "netProfitMargin" : -7.76,
    "netProfit" : -238.08
  }, {
    "date" : "2014-06-30",
    "sales" : 3237.75,
    "salesGrowthYoY" : 14.40,
    "grossProfitMargin" : 25.06,
    "grossProfit" : 811.38,
    "operatingProfitMargin" : 10.49,
    "operatingProfit" : 339.64,
    "netProfitMargin" : -3.60,
    "netProfit" : -116.56
  }, {
    "date" : "2014-09-30",
    "sales" : 3303.77,
    "salesGrowthYoY" : 8.77,
    "grossProfitMargin" : 20.68,
    "grossProfit" : 683.22,
    "operatingProfitMargin" : 6.48,
    "operatingProfit" : 214.08,
    "netProfitMargin" : -7.54,
    "netProfit" : -249.10
  }, {
    "date" : "2014-12-31",
    "sales" : 2973.55,
    "salesGrowthYoY" : -1.26,
    "grossProfitMargin" : 19.44,
    "grossProfit" : 578.06,
    "operatingProfitMargin" : 4.71,
    "operatingProfit" : 140.05,
    "netProfitMargin" : -10.43,
    "netProfit" : -310.14
  }, {
    "date" : "2015-03-31",
    "sales" : 3287.39,
    "salesGrowthYoY" : 7.15,
    "grossProfitMargin" : 25.88,
    "grossProfit" : 850.78,
    "operatingProfitMargin" : 10.55,
    "operatingProfit" : 346.82,
    "netProfitMargin" : -2.38,
    "netProfit" : -78.24
  }, {
    "date" : "2015-06-30",
    "sales" : 1652.08,
    "salesGrowthYoY" : -48.97,
    "grossProfitMargin" : 24.66,
    "grossProfit" : 407.40,
    "operatingProfitMargin" : 8.32,
    "operatingProfit" : 137.45,
    "netProfitMargin" : -7.95,
    "netProfit" : -131.34
  }, {
    "date" : "2015-09-30",
    "sales" : 1532.32,
    "salesGrowthYoY" : -53.62,
    "grossProfitMargin" : 29.89,
    "grossProfit" : 458.01,
    "operatingProfitMargin" : 9.41,
    "operatingProfit" : 144.19,
    "netProfitMargin" : -6.78,
    "netProfit" : -103.89
  }, {
    "date" : "2015-12-31",
    "sales" : 1612.20,
    "salesGrowthYoY" : -45.78,
    "grossProfitMargin" : 26.76,
    "grossProfit" : 431.42,
    "operatingProfitMargin" : 9.66,
    "operatingProfit" : 155.74,
    "netProfitMargin" : -11.37,
    "netProfit" : -183.31
  }, {
    "date" : "2016-03-31",
    "sales" : 1860.03,
    "salesGrowthYoY" : -43.42,
    "grossProfitMargin" : 29.63,
    "grossProfit" : 551.13,
    "operatingProfitMargin" : 7.75,
    "operatingProfit" : 144.15,
    "netProfitMargin" : -8.98,
    "netProfit" : -167.03
  }, {
    "date" : "2016-06-30",
    "sales" : 2000.10,
    "salesGrowthYoY" : 21.07,
    "grossProfitMargin" : 30.58,
    "grossProfit" : 611.63,
    "operatingProfitMargin" : 10.96,
    "operatingProfit" : 219.21,
    "netProfitMargin" : -3.14,
    "netProfit" : -62.80
  }, {
    "date" : "2016-09-30",
    "sales" : 1916.87,
    "salesGrowthYoY" : 25.10,
    "grossProfitMargin" : 33.66,
    "grossProfit" : 645.22,
    "operatingProfitMargin" : 12.20,
    "operatingProfit" : 233.86,
    "netProfitMargin" : -3.81,
    "netProfit" : -73.03
  }, {
    "date" : "2016-12-31",
    "sales" : 2092.92,
    "salesGrowthYoY" : 29.82,
    "grossProfitMargin" : 37.15,
    "grossProfit" : 777.52,
    "operatingProfitMargin" : 16.28,
    "operatingProfit" : 340.73,
    "netProfitMargin" : 1.87,
    "netProfit" : 39.14
  }, {
    "date" : "2017-03-31",
    "sales" : 2301.39,
    "salesGrowthYoY" : 23.73,
    "grossProfitMargin" : 33.48,
    "grossProfit" : 770.51,
    "operatingProfitMargin" : 13.60,
    "operatingProfit" : 312.99,
    "netProfitMargin" : 6.10,
    "netProfit" : 140.38
  }, {
    "date" : "2017-06-30",
    "sales" : 2015.19,
    "salesGrowthYoY" : 0.75,
    "grossProfitMargin" : 31.72,
    "grossProfit" : 639.22,
    "operatingProfitMargin" : 12.43,
    "operatingProfit" : 250.49,
    "netProfitMargin" : 2.67,
    "netProfit" : 53.81
  }, {
    "date" : "2017-09-30",
    "sales" : 2607.84,
    "salesGrowthYoY" : 36.05,
    "grossProfitMargin" : 26.48,
    "grossProfit" : 690.56,
    "operatingProfitMargin" : 9.83,
    "operatingProfit" : 256.35,
    "netProfitMargin" : 0.73,
    "netProfit" : 19.04
  }, {
    "date" : "2017-12-31",
    "sales" : 2988.86,
    "salesGrowthYoY" : 42.81,
    "grossProfitMargin" : 31.49,
    "grossProfit" : 941.19,
    "operatingProfitMargin" : 12.90,
    "operatingProfit" : 385.56,
    "netProfitMargin" : 3.66,
    "netProfit" : 109.39
  }, {
    "date" : "2018-03-31",
    "sales" : 3172.66,
    "salesGrowthYoY" : 37.86,
    "grossProfitMargin" : 29.58,
    "grossProfit" : 938.47,
    "operatingProfitMargin" : 12.24,
    "operatingProfit" : 388.33,
    "netProfitMargin" : 4.33,
    "netProfit" : 137.38
  }, {
    "date" : "2018-06-30",
    "sales" : 3137.92,
    "salesGrowthYoY" : 55.71,
    "grossProfitMargin" : 29.76,
    "grossProfit" : 933.84,
    "operatingProfitMargin" : 11.95,
    "operatingProfit" : 374.98,
    "netProfitMargin" : 3.21,
    "netProfit" : 100.73
  }, {
    "date" : "2018-09-30",
    "sales" : 3068.11,
    "salesGrowthYoY" : 17.65,
    "grossProfitMargin" : 25.36,
    "grossProfit" : 778.07,
    "operatingProfitMargin" : 7.54,
    "operatingProfit" : 231.34,
    "netProfitMargin" : 0.54,
    "netProfit" : 16.57
  }, {
    "date" : "2018-12-31",
    "sales" : 3127.70,
    "salesGrowthYoY" : 4.65,
    "grossProfitMargin" : 25.37,
    "grossProfit" : 793.50,
    "operatingProfitMargin" : 7.27,
    "operatingProfit" : 227.38,
    "netProfitMargin" : 0.01,
    "netProfit" : 0.31
  }, {
    "date" : "2019-03-31",
    "sales" : 3251.28,
    "salesGrowthYoY" : 2.48,
    "grossProfitMargin" : 27.62,
    "grossProfit" : 898.00,
    "operatingProfitMargin" : 9.30,
    "operatingProfit" : 302.37,
    "netProfitMargin" : 1.01,
    "netProfit" : 32.84
  }, {
    "date" : "2019-06-30",
    "sales" : 3066.72,
    "salesGrowthYoY" : -2.27,
    "grossProfitMargin" : 28.98,
    "grossProfit" : 888.74,
    "operatingProfitMargin" : 10.23,
    "operatingProfit" : 313.73,
    "netProfitMargin" : 1.69,
    "netProfit" : 51.83
  }, {
    "date" : "2019-09-30",
    "sales" : 3170.38,
    "salesGrowthYoY" : 3.33,
    "grossProfitMargin" : 28.81,
    "grossProfit" : 913.39,
    "operatingProfitMargin" : 10.00,
    "operatingProfit" : 317.04,
    "netProfitMargin" : 1.50,
    "netProfit" : 47.56
  }, {
    "date" : "2019-12-31",
    "sales" : 3179.05,
    "salesGrowthYoY" : 1.64,
    "grossProfitMargin" : 28.33,
    "grossProfit" : 900.62,
    "operatingProfitMargin" : 9.51,
    "operatingProfit" : 302.33,
    "netProfitMargin" : 1.29,
    "netProfit" : 41.01
  }, {
    "date" : "2020-03-31",
    "sales" : 2903.96,
    "salesGrowthYoY" : -10.68,
    "grossProfitMargin" : 27.08,
    "grossProfit" : 786.39,
    "operatingProfitMargin" : 8.32,
    "operatingProfit" : 241.61,
    "netProfitMargin" : 0.90,
    "netProfit" : 26.14
  }, {
    "date" : "2020-06-30",
    "sales" : 1261.52,
    "salesGrowthYoY" : -58.86,
    "grossProfitMargin" : 28.29,
    "grossProfit" : 356.88,
    "operatingProfitMargin" : 6.15,
    "operatingProfit" : 77.58,
    "netProfitMargin" : -7.96,
    "netProfit" : -100.42
  }, {
    "date" : "2020-09-30",
    "sales" : 3156.00,
    "salesGrowthYoY" : -0.45,
    "grossProfitMargin" : 29.59,
    "grossProfit" : 933.86,
    "operatingProfitMargin" : 11.16,
    "operatingProfit" : 352.21,
    "netProfitMargin" : 2.65,
    "netProfit" : 83.63
  }, {
    "date" : "2020-12-31",
    "sales" : 3451.99,
    "salesGrowthYoY" : 8.59,
    "grossProfitMargin" : 31.28,
    "grossProfit" : 1079.78,
    "operatingProfitMargin" : 12.88,
    "operatingProfit" : 444.62,
    "netProfitMargin" : 4.28,
    "netProfit" : 147.75
  }, {
    "date" : "2021-03-31",
    "sales" : 3809.63,
    "salesGrowthYoY" : 31.19,
    "grossProfitMargin" : 33.04,
    "grossProfit" : 1258.70,
    "operatingProfitMargin" : 13.69,
    "operatingProfit" : 521.54,
    "netProfitMargin" : 6.03,
    "netProfit" : 229.72
  }, {
    "date" : "2021-06-30",
    "sales" : 3841.27,
    "salesGrowthYoY" : 204.50,
    "grossProfitMargin" : 32.02,
    "grossProfit" : 1229.97,
    "operatingProfitMargin" : 15.09,
    "operatingProfit" : 579.65,
    "netProfitMargin" : 7.07,
    "netProfit" : 271.58
  }, {
    "date" : "2021-09-30",
    "sales" : 4814.99,
    "salesGrowthYoY" : 52.57,
    "grossProfitMargin" : 28.48,
    "grossProfit" : 1371.31,
    "operatingProfitMargin" : 14.76,
    "operatingProfit" : 710.69,
    "netProfitMargin" : 7.53,
    "netProfit" : 362.57
  }, {
    "date" : "2021-12-31",
    "sales" : 5368.47,
    "salesGrowthYoY" : 55.52,
    "grossProfitMargin" : 27.09,
    "grossProfit" : 1454.32,
    "operatingProfitMargin" : 13.77,
    "operatingProfit" : 739.24,
    "netProfitMargin" : 6.93,
    "netProfit" : 372.03
  }, {
    "date" : "2022-03-31",
    "sales" : 9596.17,
    "salesGrowthYoY" : 151.89,
    "grossProfitMargin" : 25.86,
    "grossProfit" : 2481.57,
    "operatingProfitMargin" : 13.37,
    "operatingProfit" : 1283.01,
    "netProfitMargin" : 8.19,
    "netProfit" : 785.93
  }, {
    "date" : "2022-06-30",
    "sales" : 8028.39,
    "salesGrowthYoY" : 109.00,
    "grossProfitMargin" : 27.26,
    "grossProfit" : 2188.54,
    "operatingProfitMargin" : 10.31,
    "operatingProfit" : 827.73,
    "netProfitMargin" : 5.65,
    "netProfit" : 453.60
  }, {
    "date" : "2022-09-30",
    "sales" : 8556.34,
    "salesGrowthYoY" : 77.70,
    "grossProfitMargin" : 22.50,
    "grossProfit" : 1925.18,
    "operatingProfitMargin" : 8.12,
    "operatingProfit" : 694.77,
    "netProfitMargin" : 4.08,
    "netProfit" : 349.10
  }, {
    "date" : "2022-12-31",
    "sales" : 9001.30,
    "salesGrowthYoY" : 67.67,
    "grossProfitMargin" : 26.51,
    "grossProfit" : 2386.24,
    "operatingProfitMargin" : 10.52,
    "operatingProfit" : 946.94,
    "netProfitMargin" : 6.13,
    "netProfit" : 551.78
  }, {
    "date" : "2023-03-31",
    "sales" : 9444.31,
    "salesGrowthYoY" : -1.58,
    "grossProfitMargin" : 25.82,
    "grossProfit" : 2438.52,
    "operatingProfitMargin" : 11.62,
    "operatingProfit" : 1097.43,
    "netProfitMargin" : 6.98,
    "netProfit" : 659.21
  }, {
    "date" : "2023-06-30",
    "sales" : 10027.34,
    "salesGrowthYoY" : 24.90,
    "grossProfitMargin" : 24.25,
    "grossProfit" : 2431.63,
    "operatingProfitMargin" : 11.15,
    "operatingProfit" : 1118.05,
    "netProfitMargin" : 6.64,
    "netProfit" : 665.82
  }, {
    "date" : "2023-09-30",
    "sales" : 9720.35,
    "salesGrowthYoY" : 13.60,
    "grossProfitMargin" : 24.64,
    "grossProfit" : 2395.09,
    "operatingProfitMargin" : 11.01,
    "operatingProfit" : 1070.21,
    "netProfitMargin" : 6.27,
    "netProfit" : 609.47
  }, {
    "date" : "2023-12-31",
    "sales" : 9087.57,
    "salesGrowthYoY" : 0.96,
    "grossProfitMargin" : 26.77,
    "grossProfit" : 2432.74,
    "operatingProfitMargin" : 11.23,
    "operatingProfit" : 1020.53,
    "netProfitMargin" : 8.58,
    "netProfit" : 779.71
  }, {
    "date" : "2024-03-31",
    "sales" : 9520.74,
    "salesGrowthYoY" : 0.81,
    "grossProfitMargin" : 25.08,
    "grossProfit" : 2387.80,
    "operatingProfitMargin" : 8.69,
    "operatingProfit" : 827.35,
    "netProfitMargin" : 4.76,
    "netProfit" : 453.19
  }, {
    "date" : "2024-06-30",
    "sales" : 9584.90,
    "salesGrowthYoY" : -4.41,
    "grossProfitMargin" : 26.95,
    "grossProfit" : 2583.13,
    "operatingProfitMargin" : 10.48,
    "operatingProfit" : 1004.50,
    "netProfitMargin" : 6.03,
    "netProfit" : 577.97
  }, {
    "date" : "2024-09-30",
    "sales" : 9745.65,
    "salesGrowthYoY" : 0.26,
    "grossProfitMargin" : 25.71,
    "grossProfit" : 2505.61,
    "operatingProfitMargin" : 10.33,
    "operatingProfit" : 1006.73,
    "netProfitMargin" : 6.05,
    "netProfit" : 589.61
  }, {
    "date" : "2024-12-31",
    "sales" : 10065.60,
    "salesGrowthYoY" : 10.76,
    "grossProfitMargin" : 26.09,
    "grossProfit" : 2626.12,
    "operatingProfitMargin" : 9.97,
    "operatingProfit" : 1003.54,
    "netProfitMargin" : 6.15,
    "netProfit" : 619.03
  }, {
    "date" : "2025-03-31",
    "sales" : 10785.53,
    "salesGrowthYoY" : 13.28,
    "grossProfitMargin" : 24.05,
    "grossProfit" : 2593.92,
    "operatingProfitMargin" : 8.26,
    "operatingProfit" : 890.88,
    "netProfitMargin" : 7.40,
    "netProfit" : 798.13
  }, {
    "date" : "2025-06-30",
    "sales" : 10340.51,
    "salesGrowthYoY" : 7.88,
    "grossProfitMargin" : 27.03,
    "grossProfit" : 2795.04,
    "operatingProfitMargin" : 10.13,
    "operatingProfit" : 1047.49,
    "netProfitMargin" : 6.21,
    "netProfit" : 642.15
  }, {
    "date" : "2025-09-30",
    "sales" : 10880.89,
    "salesGrowthYoY" : 11.65,
    "grossProfitMargin" : 26.13,
    "grossProfit" : 2843.18,
    "operatingProfitMargin" : 9.74,
    "operatingProfit" : 1059.80,
    "netProfitMargin" : 5.92,
    "netProfit" : 644.15
  } ],
  "latestQuarterlyResult" : {
    "date" : "2025-09-30",
    "sales" : 10880.89,
    "salesGrowthYoY" : 11.65,
    "grossProfitMargin" : 26.13,
    "grossProfit" : 2843.18,
    "operatingProfitMargin" : 9.74,
    "operatingProfit" : 1059.80,
    "netProfitMargin" : 5.92,
    "netProfit" : 644.15
  },
  "companyScore" : {
    "priceHigherThanDma50" : 5.00,
    "priceHigherThanDma100" : 5.00,
    "priceHigherThanDma200" : 5.00,
    "dma50HigherThanDma100" : 5.00,
    "dma50HigherThanDma200" : 5.00,
    "dma100HigherThanDma200" : 5.00,
    "pricePercentageAboveDma50" : 4.54,
    "pricePercentageAboveDma100" : 4.44,
    "pricePercentageAboveDma200" : 4.16,
    "weeklyVolumeHigherThanYearlyVolume" : 5.00,
    "salesGrowthPercentile" : 9.62,
    "operatingProfitMarginPercentile" : 15.22,
    "netProfitMarginPercentile" : 8.96,
    "totalTechnicalScore" : 48.15,
    "totalFundamentalScore" : 33.80,
    "totalScore" : 81.94
  }
}