{
  "metadata" : {
    "screenerCompanyId" : "1671",
    "companyCode" : "JYOTISTRUC",
    "companyName" : "Jyoti Structures",
    "screenerCompanyLink" : "https://www.screener.in/company/JYOTISTRUC/consolidated/",
    "screenerTechnicalHistoryLink" : "https://www.screener.in/api/company/1671/chart/?q=Price-DMA50-DMA200-Volume&days=365",
    "screenerQuarterlyResultsLink" : "https://www.screener.in/api/company/1671/chart/?q=GPM-OPM-NPM-Quarter+Sales&days=10000",
    "attributes" : {
      "companyCode" : "JYOTISTRUC",
      "companyName" : "Jyoti Structures",
      "marketCap" : 1308.00,
      "peRatio" : 26.30,
      "description" : "Jyoti Structures Limited was incorporated in 1974. The company is engaged in Electricity, transmission, distribution and substation. The registered office of the Company is in Mumbai.[1]"
    },
    "companyScore" : {
      "priceHigherThanDma50" : 5.00,
      "priceHigherThanDma100" : 0.00,
      "priceHigherThanDma200" : 0.00,
      "dma50HigherThanDma100" : 0.00,
      "dma50HigherThanDma200" : 0.00,
      "dma100HigherThanDma200" : 0.00,
      "pricePercentageAboveDma50" : 4.65,
      "pricePercentageAboveDma100" : 5.27,
      "pricePercentageAboveDma200" : 6.09,
      "weeklyVolumeHigherThanYearlyVolume" : 5.00,
      "salesGrowthPercentile" : 17.50,
      "operatingProfitMarginPercentile" : 19.85,
      "netProfitMarginPercentile" : 10.00,
      "totalTechnicalScore" : 26.00,
      "totalFundamentalScore" : 47.35,
      "totalScore" : 73.35
    }
  },
  "attributes" : {
    "companyCode" : "JYOTISTRUC",
    "companyName" : "Jyoti Structures",
    "marketCap" : 1308.00,
    "peRatio" : 26.30,
    "description" : "Jyoti Structures Limited was incorporated in 1974. The company is engaged in Electricity, transmission, distribution and substation. The registered office of the Company is in Mumbai.[1]"
  },
  "technicalHistory" : [ {
    "date" : "2025-02-13",
    "price" : 20.71,
    "dma50" : 23.57,
    "dma100" : null,
    "dma200" : 24.07,
    "volume" : 10534457.00
  }, {
    "date" : "2025-02-14",
    "price" : 19.24,
    "dma50" : 23.40,
    "dma100" : null,
    "dma200" : 24.02,
    "volume" : 17657467.00
  }, {
    "date" : "2025-02-17",
    "price" : 18.52,
    "dma50" : 23.21,
    "dma100" : null,
    "dma200" : 23.97,
    "volume" : 18606647.00
  }, {
    "date" : "2025-02-18",
    "price" : 18.03,
    "dma50" : 23.00,
    "dma100" : null,
    "dma200" : 23.91,
    "volume" : 23857212.00
  }, {
    "date" : "2025-02-19",
    "price" : 18.17,
    "dma50" : 22.81,
    "dma100" : null,
    "dma200" : 23.85,
    "volume" : 15681179.00
  }, {
    "date" : "2025-02-20",
    "price" : 18.01,
    "dma50" : 22.63,
    "dma100" : null,
    "dma200" : 23.79,
    "volume" : 12868550.00
  }, {
    "date" : "2025-02-21",
    "price" : 18.00,
    "dma50" : 22.44,
    "dma100" : null,
    "dma200" : 23.73,
    "volume" : 18797885.00
  }, {
    "date" : "2025-02-24",
    "price" : 17.30,
    "dma50" : 22.24,
    "dma100" : null,
    "dma200" : 23.67,
    "volume" : 10333484.00
  }, {
    "date" : "2025-02-25",
    "price" : 16.93,
    "dma50" : 22.03,
    "dma100" : null,
    "dma200" : 23.60,
    "volume" : 18779310.00
  }, {
    "date" : "2025-02-27",
    "price" : 17.35,
    "dma50" : 21.85,
    "dma100" : null,
    "dma200" : 23.54,
    "volume" : 22798448.00
  }, {
    "date" : "2025-02-28",
    "price" : 16.95,
    "dma50" : 21.66,
    "dma100" : null,
    "dma200" : 23.48,
    "volume" : 15932883.00
  }, {
    "date" : "2025-03-03",
    "price" : 16.85,
    "dma50" : 21.47,
    "dma100" : null,
    "dma200" : 23.41,
    "volume" : 24685727.00
  }, {
    "date" : "2025-03-04",
    "price" : 16.93,
    "dma50" : 21.29,
    "dma100" : null,
    "dma200" : 23.35,
    "volume" : 18751838.00
  }, {
    "date" : "2025-03-05",
    "price" : 17.41,
    "dma50" : 21.14,
    "dma100" : null,
    "dma200" : 23.29,
    "volume" : 15969569.00
  }, {
    "date" : "2025-03-06",
    "price" : 17.44,
    "dma50" : 20.99,
    "dma100" : null,
    "dma200" : 23.23,
    "volume" : 18279093.00
  }, {
    "date" : "2025-03-07",
    "price" : 17.30,
    "dma50" : 20.85,
    "dma100" : null,
    "dma200" : 23.17,
    "volume" : 14666433.00
  }, {
    "date" : "2025-03-10",
    "price" : 16.25,
    "dma50" : 20.67,
    "dma100" : null,
    "dma200" : 23.10,
    "volume" : 19840419.00
  }, {
    "date" : "2025-03-11",
    "price" : 15.93,
    "dma50" : 20.48,
    "dma100" : null,
    "dma200" : 23.03,
    "volume" : 17345563.00
  }, {
    "date" : "2025-03-12",
    "price" : 16.16,
    "dma50" : 20.31,
    "dma100" : null,
    "dma200" : 22.96,
    "volume" : 11219622.00
  }, {
    "date" : "2025-03-13",
    "price" : 15.89,
    "dma50" : 20.14,
    "dma100" : null,
    "dma200" : 22.89,
    "volume" : 12748283.00
  }, {
    "date" : "2025-03-17",
    "price" : 15.79,
    "dma50" : 19.97,
    "dma100" : null,
    "dma200" : 22.82,
    "volume" : 15793100.00
  }, {
    "date" : "2025-03-18",
    "price" : 17.52,
    "dma50" : 19.87,
    "dma100" : null,
    "dma200" : 22.77,
    "volume" : 46103948.00
  }, {
    "date" : "2025-03-19",
    "price" : 18.40,
    "dma50" : 19.82,
    "dma100" : null,
    "dma200" : 22.72,
    "volume" : 23063151.00
  }, {
    "date" : "2025-03-20",
    "price" : 18.59,
    "dma50" : 19.77,
    "dma100" : null,
    "dma200" : 22.68,
    "volume" : 16455925.00
  }, {
    "date" : "2025-03-21",
    "price" : 18.95,
    "dma50" : 19.74,
    "dma100" : null,
    "dma200" : 22.65,
    "volume" : 19310280.00
  }, {
    "date" : "2025-03-24",
    "price" : 17.91,
    "dma50" : 19.66,
    "dma100" : null,
    "dma200" : 22.60,
    "volume" : 34213575.00
  }, {
    "date" : "2025-03-25",
    "price" : 16.80,
    "dma50" : 19.55,
    "dma100" : null,
    "dma200" : 22.54,
    "volume" : 21945817.00
  }, {
    "date" : "2025-03-26",
    "price" : 16.52,
    "dma50" : 19.43,
    "dma100" : null,
    "dma200" : 22.48,
    "volume" : 18422201.00
  }, {
    "date" : "2025-03-27",
    "price" : 16.89,
    "dma50" : 19.33,
    "dma100" : null,
    "dma200" : 22.42,
    "volume" : 27628050.00
  }, {
    "date" : "2025-03-28",
    "price" : 17.06,
    "dma50" : 19.24,
    "dma100" : null,
    "dma200" : 22.37,
    "volume" : 17320834.00
  }, {
    "date" : "2025-04-01",
    "price" : 16.84,
    "dma50" : 19.15,
    "dma100" : null,
    "dma200" : 22.32,
    "volume" : 11611936.00
  }, {
    "date" : "2025-04-02",
    "price" : 16.91,
    "dma50" : 19.06,
    "dma100" : null,
    "dma200" : 22.26,
    "volume" : 11150500.00
  }, {
    "date" : "2025-04-03",
    "price" : 17.10,
    "dma50" : 18.99,
    "dma100" : null,
    "dma200" : 22.21,
    "volume" : 8250851.00
  }, {
    "date" : "2025-04-04",
    "price" : 16.17,
    "dma50" : 18.87,
    "dma100" : null,
    "dma200" : 22.15,
    "volume" : 13376771.00
  }, {
    "date" : "2025-04-07",
    "price" : 15.05,
    "dma50" : 18.72,
    "dma100" : null,
    "dma200" : 22.08,
    "volume" : 16532928.00
  }, {
    "date" : "2025-04-08",
    "price" : 15.70,
    "dma50" : 18.61,
    "dma100" : null,
    "dma200" : 22.02,
    "volume" : 9210233.00
  }, {
    "date" : "2025-04-09",
    "price" : 15.68,
    "dma50" : 18.49,
    "dma100" : null,
    "dma200" : 21.95,
    "volume" : 7691477.00
  }, {
    "date" : "2025-04-11",
    "price" : 16.15,
    "dma50" : 18.40,
    "dma100" : null,
    "dma200" : 21.90,
    "volume" : 7926821.00
  }, {
    "date" : "2025-04-15",
    "price" : 16.95,
    "dma50" : 18.34,
    "dma100" : null,
    "dma200" : 21.85,
    "volume" : 10394499.00
  }, {
    "date" : "2025-04-16",
    "price" : 16.86,
    "dma50" : 18.28,
    "dma100" : null,
    "dma200" : 21.80,
    "volume" : 7833773.00
  }, {
    "date" : "2025-04-17",
    "price" : 17.65,
    "dma50" : 18.26,
    "dma100" : null,
    "dma200" : 21.76,
    "volume" : 19491879.00
  }, {
    "date" : "2025-04-21",
    "price" : 18.50,
    "dma50" : 18.27,
    "dma100" : null,
    "dma200" : 21.72,
    "volume" : 18155263.00
  }, {
    "date" : "2025-04-22",
    "price" : 18.76,
    "dma50" : 18.29,
    "dma100" : null,
    "dma200" : 21.69,
    "volume" : 13662058.00
  }, {
    "date" : "2025-04-23",
    "price" : 21.23,
    "dma50" : 18.40,
    "dma100" : null,
    "dma200" : 21.69,
    "volume" : 58178717.00
  }, {
    "date" : "2025-04-24",
    "price" : 21.69,
    "dma50" : 18.53,
    "dma100" : null,
    "dma200" : 21.69,
    "volume" : 35669179.00
  }, {
    "date" : "2025-04-25",
    "price" : 20.30,
    "dma50" : 18.60,
    "dma100" : null,
    "dma200" : 21.68,
    "volume" : 31331663.00
  }, {
    "date" : "2025-04-28",
    "price" : 19.26,
    "dma50" : 18.63,
    "dma100" : null,
    "dma200" : 21.65,
    "volume" : 14193209.00
  }, {
    "date" : "2025-04-29",
    "price" : 19.11,
    "dma50" : 18.65,
    "dma100" : null,
    "dma200" : 21.63,
    "volume" : 12036978.00
  }, {
    "date" : "2025-04-30",
    "price" : 18.21,
    "dma50" : 18.63,
    "dma100" : null,
    "dma200" : 21.59,
    "volume" : 10987726.00
  }, {
    "date" : "2025-05-02",
    "price" : 17.89,
    "dma50" : 18.60,
    "dma100" : null,
    "dma200" : 21.56,
    "volume" : 7606531.00
  }, {
    "date" : "2025-05-05",
    "price" : 17.86,
    "dma50" : 18.57,
    "dma100" : null,
    "dma200" : 21.52,
    "volume" : 7233461.00
  }, {
    "date" : "2025-05-06",
    "price" : 17.00,
    "dma50" : 18.51,
    "dma100" : null,
    "dma200" : 21.47,
    "volume" : 8307680.00
  }, {
    "date" : "2025-05-07",
    "price" : 17.75,
    "dma50" : 18.48,
    "dma100" : null,
    "dma200" : 21.44,
    "volume" : 10664556.00
  }, {
    "date" : "2025-05-08",
    "price" : 17.04,
    "dma50" : 18.42,
    "dma100" : null,
    "dma200" : 21.39,
    "volume" : 14931300.00
  }, {
    "date" : "2025-05-09",
    "price" : 16.93,
    "dma50" : 18.37,
    "dma100" : null,
    "dma200" : 21.35,
    "volume" : 8688837.00
  }, {
    "date" : "2025-05-12",
    "price" : 18.57,
    "dma50" : 18.37,
    "dma100" : null,
    "dma200" : 21.32,
    "volume" : 12200872.00
  }, {
    "date" : "2025-05-13",
    "price" : 19.58,
    "dma50" : 18.42,
    "dma100" : null,
    "dma200" : 21.30,
    "volume" : 17414669.00
  }, {
    "date" : "2025-05-14",
    "price" : 20.25,
    "dma50" : 18.49,
    "dma100" : null,
    "dma200" : 21.29,
    "volume" : 16967303.00
  }, {
    "date" : "2025-05-15",
    "price" : 20.15,
    "dma50" : 18.56,
    "dma100" : null,
    "dma200" : 21.28,
    "volume" : 13818874.00
  }, {
    "date" : "2025-05-16",
    "price" : 20.05,
    "dma50" : 18.62,
    "dma100" : null,
    "dma200" : 21.27,
    "volume" : 10015547.00
  }, {
    "date" : "2025-05-19",
    "price" : 19.69,
    "dma50" : 18.66,
    "dma100" : null,
    "dma200" : 21.25,
    "volume" : 11332734.00
  }, {
    "date" : "2025-05-20",
    "price" : 19.14,
    "dma50" : 18.68,
    "dma100" : null,
    "dma200" : 21.23,
    "volume" : 10556965.00
  }, {
    "date" : "2025-05-21",
    "price" : 19.01,
    "dma50" : 18.69,
    "dma100" : null,
    "dma200" : 21.21,
    "volume" : 8032054.00
  }, {
    "date" : "2025-05-22",
    "price" : 19.61,
    "dma50" : 18.73,
    "dma100" : null,
    "dma200" : 21.19,
    "volume" : 9008071.00
  }, {
    "date" : "2025-05-23",
    "price" : 20.53,
    "dma50" : 18.80,
    "dma100" : null,
    "dma200" : 21.19,
    "volume" : 18712077.00
  }, {
    "date" : "2025-05-26",
    "price" : 20.25,
    "dma50" : 18.85,
    "dma100" : null,
    "dma200" : 21.18,
    "volume" : 7224254.00
  }, {
    "date" : "2025-05-27",
    "price" : 21.40,
    "dma50" : 18.95,
    "dma100" : null,
    "dma200" : 21.18,
    "volume" : 21011037.00
  }, {
    "date" : "2025-05-28",
    "price" : 21.48,
    "dma50" : 19.05,
    "dma100" : null,
    "dma200" : 21.18,
    "volume" : 13479962.00
  }, {
    "date" : "2025-05-29",
    "price" : 19.99,
    "dma50" : 19.09,
    "dma100" : null,
    "dma200" : 21.17,
    "volume" : 18072473.00
  }, {
    "date" : "2025-05-30",
    "price" : 20.07,
    "dma50" : 19.13,
    "dma100" : null,
    "dma200" : 21.16,
    "volume" : 11985530.00
  }, {
    "date" : "2025-06-02",
    "price" : 19.69,
    "dma50" : 19.15,
    "dma100" : null,
    "dma200" : 21.15,
    "volume" : 11064048.00
  }, {
    "date" : "2025-06-03",
    "price" : 19.32,
    "dma50" : 19.16,
    "dma100" : null,
    "dma200" : 21.13,
    "volume" : 6482680.00
  }, {
    "date" : "2025-06-04",
    "price" : 19.49,
    "dma50" : 19.17,
    "dma100" : null,
    "dma200" : 21.11,
    "volume" : 5941932.00
  }, {
    "date" : "2025-06-05",
    "price" : 19.52,
    "dma50" : 19.18,
    "dma100" : null,
    "dma200" : 21.10,
    "volume" : 7161903.00
  }, {
    "date" : "2025-06-06",
    "price" : 19.36,
    "dma50" : 19.19,
    "dma100" : null,
    "dma200" : 21.08,
    "volume" : 5114168.00
  }, {
    "date" : "2025-06-09",
    "price" : 19.82,
    "dma50" : 19.21,
    "dma100" : null,
    "dma200" : 21.07,
    "volume" : 11952214.00
  }, {
    "date" : "2025-06-10",
    "price" : 19.24,
    "dma50" : 19.22,
    "dma100" : null,
    "dma200" : 21.05,
    "volume" : 13441931.00
  }, {
    "date" : "2025-06-11",
    "price" : 20.07,
    "dma50" : 19.25,
    "dma100" : null,
    "dma200" : 21.04,
    "volume" : 31528063.00
  }, {
    "date" : "2025-06-12",
    "price" : 19.46,
    "dma50" : 19.26,
    "dma100" : null,
    "dma200" : 21.02,
    "volume" : 12621356.00
  }, {
    "date" : "2025-06-13",
    "price" : 19.09,
    "dma50" : 19.25,
    "dma100" : null,
    "dma200" : 21.00,
    "volume" : 7344665.00
  }, {
    "date" : "2025-06-16",
    "price" : 19.56,
    "dma50" : 19.26,
    "dma100" : null,
    "dma200" : 20.99,
    "volume" : 10796887.00
  }, {
    "date" : "2025-06-17",
    "price" : 19.06,
    "dma50" : 19.26,
    "dma100" : null,
    "dma200" : 20.97,
    "volume" : 7470302.00
  }, {
    "date" : "2025-06-18",
    "price" : 18.93,
    "dma50" : 19.24,
    "dma100" : null,
    "dma200" : 20.95,
    "volume" : 6079538.00
  }, {
    "date" : "2025-06-19",
    "price" : 18.23,
    "dma50" : 19.20,
    "dma100" : null,
    "dma200" : 20.92,
    "volume" : 8799932.00
  }, {
    "date" : "2025-06-20",
    "price" : 18.34,
    "dma50" : 19.17,
    "dma100" : null,
    "dma200" : 20.90,
    "volume" : 9416480.00
  }, {
    "date" : "2025-06-23",
    "price" : 18.24,
    "dma50" : 19.13,
    "dma100" : null,
    "dma200" : 20.87,
    "volume" : 5547564.00
  }, {
    "date" : "2025-06-24",
    "price" : 18.46,
    "dma50" : 19.11,
    "dma100" : null,
    "dma200" : 20.85,
    "volume" : 10896182.00
  }, {
    "date" : "2025-06-25",
    "price" : 19.03,
    "dma50" : 19.10,
    "dma100" : null,
    "dma200" : 20.83,
    "volume" : 11769569.00
  }, {
    "date" : "2025-06-26",
    "price" : 18.62,
    "dma50" : 19.08,
    "dma100" : null,
    "dma200" : 20.81,
    "volume" : 7857027.00
  }, {
    "date" : "2025-06-27",
    "price" : 18.46,
    "dma50" : 19.06,
    "dma100" : null,
    "dma200" : 20.78,
    "volume" : 9997003.00
  }, {
    "date" : "2025-06-30",
    "price" : 18.16,
    "dma50" : 19.02,
    "dma100" : null,
    "dma200" : 20.76,
    "volume" : 8424034.00
  }, {
    "date" : "2025-07-01",
    "price" : 17.74,
    "dma50" : 18.97,
    "dma100" : null,
    "dma200" : 20.73,
    "volume" : 11072420.00
  }, {
    "date" : "2025-07-02",
    "price" : 17.63,
    "dma50" : 18.92,
    "dma100" : null,
    "dma200" : 20.70,
    "volume" : 9202081.00
  }, {
    "date" : "2025-07-03",
    "price" : 17.55,
    "dma50" : 18.87,
    "dma100" : null,
    "dma200" : 20.66,
    "volume" : 7188988.00
  }, {
    "date" : "2025-07-04",
    "price" : 18.51,
    "dma50" : 18.85,
    "dma100" : null,
    "dma200" : 20.64,
    "volume" : 13419658.00
  }, {
    "date" : "2025-07-07",
    "price" : 17.97,
    "dma50" : 18.82,
    "dma100" : null,
    "dma200" : 20.62,
    "volume" : 10895872.00
  }, {
    "date" : "2025-07-08",
    "price" : 17.77,
    "dma50" : 18.78,
    "dma100" : null,
    "dma200" : 20.59,
    "volume" : 8510276.00
  }, {
    "date" : "2025-07-09",
    "price" : 19.69,
    "dma50" : 18.81,
    "dma100" : null,
    "dma200" : 20.58,
    "volume" : 112218836.00
  }, {
    "date" : "2025-07-10",
    "price" : 20.37,
    "dma50" : 18.87,
    "dma100" : null,
    "dma200" : 20.58,
    "volume" : 45276705.00
  }, {
    "date" : "2025-07-11",
    "price" : 19.99,
    "dma50" : 18.92,
    "dma100" : null,
    "dma200" : 20.57,
    "volume" : 19511879.00
  }, {
    "date" : "2025-07-14",
    "price" : 19.90,
    "dma50" : 18.96,
    "dma100" : 18.33,
    "dma200" : 20.57,
    "volume" : 17422018.00
  }, {
    "date" : "2025-07-15",
    "price" : 19.67,
    "dma50" : 18.98,
    "dma100" : 18.33,
    "dma200" : 20.56,
    "volume" : 13531657.00
  }, {
    "date" : "2025-07-16",
    "price" : 19.27,
    "dma50" : 19.00,
    "dma100" : 18.34,
    "dma200" : 20.54,
    "volume" : 8903710.00
  }, {
    "date" : "2025-07-17",
    "price" : 19.07,
    "dma50" : 19.00,
    "dma100" : 18.35,
    "dma200" : 20.53,
    "volume" : 9203331.00
  }, {
    "date" : "2025-07-18",
    "price" : 18.78,
    "dma50" : 18.99,
    "dma100" : 18.36,
    "dma200" : 20.51,
    "volume" : 6982838.00
  }, {
    "date" : "2025-07-21",
    "price" : 17.96,
    "dma50" : 18.95,
    "dma100" : 18.35,
    "dma200" : 20.49,
    "volume" : 16393653.00
  }, {
    "date" : "2025-07-22",
    "price" : 17.94,
    "dma50" : 18.91,
    "dma100" : 18.35,
    "dma200" : 20.46,
    "volume" : 7189252.00
  }, {
    "date" : "2025-07-23",
    "price" : 17.76,
    "dma50" : 18.87,
    "dma100" : 18.36,
    "dma200" : 20.43,
    "volume" : 9108847.00
  }, {
    "date" : "2025-07-24",
    "price" : 17.23,
    "dma50" : 18.80,
    "dma100" : 18.36,
    "dma200" : 20.40,
    "volume" : 12561204.00
  }, {
    "date" : "2025-07-25",
    "price" : 16.95,
    "dma50" : 18.73,
    "dma100" : 18.36,
    "dma200" : 20.37,
    "volume" : 8791640.00
  }, {
    "date" : "2025-07-28",
    "price" : 17.13,
    "dma50" : 18.67,
    "dma100" : 18.36,
    "dma200" : 20.34,
    "volume" : 8151085.00
  }, {
    "date" : "2025-07-29",
    "price" : 17.12,
    "dma50" : 18.61,
    "dma100" : 18.36,
    "dma200" : 20.30,
    "volume" : 5828060.00
  }, {
    "date" : "2025-07-30",
    "price" : 16.94,
    "dma50" : 18.54,
    "dma100" : 18.36,
    "dma200" : 20.27,
    "volume" : 3668024.00
  }, {
    "date" : "2025-07-31",
    "price" : 16.84,
    "dma50" : 18.47,
    "dma100" : 18.36,
    "dma200" : 20.24,
    "volume" : 5264531.00
  }, {
    "date" : "2025-08-01",
    "price" : 16.53,
    "dma50" : 18.40,
    "dma100" : 18.35,
    "dma200" : 20.20,
    "volume" : 4347409.00
  }, {
    "date" : "2025-08-04",
    "price" : 16.59,
    "dma50" : 18.33,
    "dma100" : 18.34,
    "dma200" : 20.16,
    "volume" : 6591912.00
  }, {
    "date" : "2025-08-05",
    "price" : 16.33,
    "dma50" : 18.25,
    "dma100" : 18.34,
    "dma200" : 20.12,
    "volume" : 4892489.00
  }, {
    "date" : "2025-08-06",
    "price" : 16.26,
    "dma50" : 18.17,
    "dma100" : 18.34,
    "dma200" : 20.09,
    "volume" : 5284703.00
  }, {
    "date" : "2025-08-07",
    "price" : 16.65,
    "dma50" : 18.11,
    "dma100" : 18.35,
    "dma200" : 20.05,
    "volume" : 4790759.00
  }, {
    "date" : "2025-08-08",
    "price" : 16.73,
    "dma50" : 18.06,
    "dma100" : 18.36,
    "dma200" : 20.02,
    "volume" : 6223136.00
  }, {
    "date" : "2025-08-11",
    "price" : 16.63,
    "dma50" : 18.00,
    "dma100" : 18.37,
    "dma200" : 19.99,
    "volume" : 13713639.00
  }, {
    "date" : "2025-08-12",
    "price" : 16.12,
    "dma50" : 17.93,
    "dma100" : 18.35,
    "dma200" : 19.95,
    "volume" : 9681743.00
  }, {
    "date" : "2025-08-13",
    "price" : 16.11,
    "dma50" : 17.86,
    "dma100" : 18.33,
    "dma200" : 19.91,
    "volume" : 7086675.00
  }, {
    "date" : "2025-08-14",
    "price" : 16.10,
    "dma50" : 17.79,
    "dma100" : 18.30,
    "dma200" : 19.87,
    "volume" : 13701654.00
  }, {
    "date" : "2025-08-18",
    "price" : 15.98,
    "dma50" : 17.72,
    "dma100" : 18.27,
    "dma200" : 19.83,
    "volume" : 10191552.00
  }, {
    "date" : "2025-08-19",
    "price" : 16.15,
    "dma50" : 17.65,
    "dma100" : 18.26,
    "dma200" : 19.80,
    "volume" : 10287090.00
  }, {
    "date" : "2025-08-20",
    "price" : 15.94,
    "dma50" : 17.59,
    "dma100" : 18.25,
    "dma200" : 19.76,
    "volume" : 8241549.00
  }, {
    "date" : "2025-08-21",
    "price" : 15.91,
    "dma50" : 17.52,
    "dma100" : 18.24,
    "dma200" : 19.72,
    "volume" : 8928280.00
  }, {
    "date" : "2025-08-22",
    "price" : 15.84,
    "dma50" : 17.46,
    "dma100" : 18.23,
    "dma200" : 19.68,
    "volume" : 3646434.00
  }, {
    "date" : "2025-08-25",
    "price" : 15.78,
    "dma50" : 17.39,
    "dma100" : 18.22,
    "dma200" : 19.64,
    "volume" : 5310114.00
  }, {
    "date" : "2025-08-26",
    "price" : 15.61,
    "dma50" : 17.32,
    "dma100" : 18.21,
    "dma200" : 19.60,
    "volume" : 4496499.00
  }, {
    "date" : "2025-08-28",
    "price" : 15.04,
    "dma50" : 17.23,
    "dma100" : 18.19,
    "dma200" : 19.56,
    "volume" : 7695513.00
  }, {
    "date" : "2025-08-29",
    "price" : 15.05,
    "dma50" : 17.14,
    "dma100" : 18.17,
    "dma200" : 19.51,
    "volume" : 4211216.00
  }, {
    "date" : "2025-09-01",
    "price" : 15.05,
    "dma50" : 17.06,
    "dma100" : 18.16,
    "dma200" : 19.47,
    "volume" : 5068075.00
  }, {
    "date" : "2025-09-02",
    "price" : 15.62,
    "dma50" : 17.01,
    "dma100" : 18.16,
    "dma200" : 19.43,
    "volume" : 12602277.00
  }, {
    "date" : "2025-09-03",
    "price" : 16.37,
    "dma50" : 16.98,
    "dma100" : 18.17,
    "dma200" : 19.40,
    "volume" : 10823397.00
  }, {
    "date" : "2025-09-04",
    "price" : 16.18,
    "dma50" : 16.95,
    "dma100" : 18.17,
    "dma200" : 19.37,
    "volume" : 6712303.00
  }, {
    "date" : "2025-09-05",
    "price" : 15.89,
    "dma50" : 16.91,
    "dma100" : 18.17,
    "dma200" : 19.33,
    "volume" : 2903808.00
  }, {
    "date" : "2025-09-08",
    "price" : 15.81,
    "dma50" : 16.87,
    "dma100" : 18.16,
    "dma200" : 19.30,
    "volume" : 5258668.00
  }, {
    "date" : "2025-09-09",
    "price" : 15.51,
    "dma50" : 16.81,
    "dma100" : 18.15,
    "dma200" : 19.26,
    "volume" : 3063276.00
  }, {
    "date" : "2025-09-10",
    "price" : 15.46,
    "dma50" : 16.76,
    "dma100" : 18.12,
    "dma200" : 19.22,
    "volume" : 7584115.00
  }, {
    "date" : "2025-09-11",
    "price" : 16.31,
    "dma50" : 16.74,
    "dma100" : 18.10,
    "dma200" : 19.19,
    "volume" : 10497116.00
  }, {
    "date" : "2025-09-12",
    "price" : 16.63,
    "dma50" : 16.74,
    "dma100" : 18.08,
    "dma200" : 19.17,
    "volume" : 12018334.00
  }, {
    "date" : "2025-09-15",
    "price" : 16.28,
    "dma50" : 16.72,
    "dma100" : 18.03,
    "dma200" : 19.14,
    "volume" : 6510460.00
  }, {
    "date" : "2025-09-16",
    "price" : 16.12,
    "dma50" : 16.70,
    "dma100" : 17.98,
    "dma200" : 19.11,
    "volume" : 5491800.00
  }, {
    "date" : "2025-09-17",
    "price" : 16.71,
    "dma50" : 16.70,
    "dma100" : 17.94,
    "dma200" : 19.08,
    "volume" : 11627056.00
  }, {
    "date" : "2025-09-18",
    "price" : 17.08,
    "dma50" : 16.71,
    "dma100" : 17.92,
    "dma200" : 19.06,
    "volume" : 13539894.00
  }, {
    "date" : "2025-09-19",
    "price" : 16.66,
    "dma50" : 16.71,
    "dma100" : 17.89,
    "dma200" : 19.04,
    "volume" : 6677078.00
  }, {
    "date" : "2025-09-22",
    "price" : 16.46,
    "dma50" : 16.70,
    "dma100" : 17.88,
    "dma200" : 19.01,
    "volume" : 3455201.00
  }, {
    "date" : "2025-09-23",
    "price" : 16.17,
    "dma50" : 16.68,
    "dma100" : 17.86,
    "dma200" : 18.99,
    "volume" : 3177032.00
  }, {
    "date" : "2025-09-24",
    "price" : 16.02,
    "dma50" : 16.65,
    "dma100" : 17.84,
    "dma200" : 18.96,
    "volume" : 4339240.00
  }, {
    "date" : "2025-09-25",
    "price" : 15.60,
    "dma50" : 16.61,
    "dma100" : 17.83,
    "dma200" : 18.92,
    "volume" : 3687002.00
  }, {
    "date" : "2025-09-26",
    "price" : 15.15,
    "dma50" : 16.55,
    "dma100" : 17.80,
    "dma200" : 18.89,
    "volume" : 7297098.00
  }, {
    "date" : "2025-09-29",
    "price" : 14.82,
    "dma50" : 16.49,
    "dma100" : 17.78,
    "dma200" : 18.85,
    "volume" : 5522500.00
  }, {
    "date" : "2025-09-30",
    "price" : 14.96,
    "dma50" : 16.43,
    "dma100" : 17.76,
    "dma200" : 18.81,
    "volume" : 3290446.00
  }, {
    "date" : "2025-10-01",
    "price" : 15.08,
    "dma50" : 16.37,
    "dma100" : 17.72,
    "dma200" : 18.77,
    "volume" : 3381620.00
  }, {
    "date" : "2025-10-03",
    "price" : 15.33,
    "dma50" : 16.33,
    "dma100" : 17.68,
    "dma200" : 18.74,
    "volume" : 4239688.00
  }, {
    "date" : "2025-10-06",
    "price" : 15.02,
    "dma50" : 16.28,
    "dma100" : 17.63,
    "dma200" : 18.70,
    "volume" : 3831689.00
  }, {
    "date" : "2025-10-07",
    "price" : 14.90,
    "dma50" : 16.23,
    "dma100" : 17.58,
    "dma200" : 18.66,
    "volume" : 4237463.00
  }, {
    "date" : "2025-10-08",
    "price" : 14.79,
    "dma50" : 16.17,
    "dma100" : 17.52,
    "dma200" : 18.62,
    "volume" : 3817353.00
  }, {
    "date" : "2025-10-09",
    "price" : 14.33,
    "dma50" : 16.10,
    "dma100" : 17.47,
    "dma200" : 18.58,
    "volume" : 7172512.00
  }, {
    "date" : "2025-10-10",
    "price" : 14.60,
    "dma50" : 16.04,
    "dma100" : 17.43,
    "dma200" : 18.54,
    "volume" : 8214697.00
  }, {
    "date" : "2025-10-13",
    "price" : 14.35,
    "dma50" : 15.97,
    "dma100" : 17.38,
    "dma200" : 18.50,
    "volume" : 5594135.00
  }, {
    "date" : "2025-10-14",
    "price" : 13.51,
    "dma50" : 15.88,
    "dma100" : 17.32,
    "dma200" : 18.45,
    "volume" : 11420294.00
  }, {
    "date" : "2025-10-15",
    "price" : 14.61,
    "dma50" : 15.83,
    "dma100" : 17.26,
    "dma200" : 18.41,
    "volume" : 18088145.00
  }, {
    "date" : "2025-10-16",
    "price" : 14.62,
    "dma50" : 15.78,
    "dma100" : 17.20,
    "dma200" : 18.37,
    "volume" : 10781490.00
  }, {
    "date" : "2025-10-17",
    "price" : 13.84,
    "dma50" : 15.70,
    "dma100" : 17.13,
    "dma200" : 18.33,
    "volume" : 8890175.00
  }, {
    "date" : "2025-10-20",
    "price" : 13.64,
    "dma50" : 15.62,
    "dma100" : 17.05,
    "dma200" : 18.28,
    "volume" : 5857388.00
  }, {
    "date" : "2025-10-21",
    "price" : 13.85,
    "dma50" : 15.55,
    "dma100" : 16.99,
    "dma200" : 18.24,
    "volume" : 1697361.00
  }, {
    "date" : "2025-10-23",
    "price" : 13.98,
    "dma50" : 15.49,
    "dma100" : 16.93,
    "dma200" : 18.19,
    "volume" : 4155757.00
  }, {
    "date" : "2025-10-24",
    "price" : 13.73,
    "dma50" : 15.42,
    "dma100" : 16.87,
    "dma200" : 18.15,
    "volume" : 3931587.00
  }, {
    "date" : "2025-10-27",
    "price" : 13.36,
    "dma50" : 15.34,
    "dma100" : 16.81,
    "dma200" : 18.10,
    "volume" : 7791853.00
  }, {
    "date" : "2025-10-28",
    "price" : 13.21,
    "dma50" : 15.26,
    "dma100" : 16.74,
    "dma200" : 18.05,
    "volume" : 6545417.00
  }, {
    "date" : "2025-10-29",
    "price" : 13.47,
    "dma50" : 15.19,
    "dma100" : 16.68,
    "dma200" : 18.01,
    "volume" : 9804199.00
  }, {
    "date" : "2025-10-30",
    "price" : 13.35,
    "dma50" : 15.12,
    "dma100" : 16.62,
    "dma200" : 17.96,
    "volume" : 4124134.00
  }, {
    "date" : "2025-10-31",
    "price" : 13.05,
    "dma50" : 15.03,
    "dma100" : 16.56,
    "dma200" : 17.91,
    "volume" : 5921143.00
  }, {
    "date" : "2025-11-03",
    "price" : 12.93,
    "dma50" : 14.95,
    "dma100" : 16.49,
    "dma200" : 17.86,
    "volume" : 7418675.00
  }, {
    "date" : "2025-11-04",
    "price" : 12.35,
    "dma50" : 14.85,
    "dma100" : 16.42,
    "dma200" : 17.81,
    "volume" : 26602074.00
  }, {
    "date" : "2025-11-06",
    "price" : 11.06,
    "dma50" : 14.70,
    "dma100" : 16.33,
    "dma200" : 17.74,
    "volume" : 22987648.00
  }, {
    "date" : "2025-11-07",
    "price" : 11.17,
    "dma50" : 14.56,
    "dma100" : 16.25,
    "dma200" : 17.68,
    "volume" : 30268062.00
  }, {
    "date" : "2025-11-10",
    "price" : 11.09,
    "dma50" : 14.43,
    "dma100" : 16.17,
    "dma200" : 17.61,
    "volume" : 8922829.00
  }, {
    "date" : "2025-11-11",
    "price" : 11.30,
    "dma50" : 14.30,
    "dma100" : 16.09,
    "dma200" : 17.55,
    "volume" : 8151753.00
  }, {
    "date" : "2025-11-12",
    "price" : 12.04,
    "dma50" : 14.22,
    "dma100" : 16.02,
    "dma200" : 17.49,
    "volume" : 19317357.00
  }, {
    "date" : "2025-11-13",
    "price" : 11.56,
    "dma50" : 14.11,
    "dma100" : 15.95,
    "dma200" : 17.43,
    "volume" : 9384276.00
  }, {
    "date" : "2025-11-14",
    "price" : 11.70,
    "dma50" : 14.02,
    "dma100" : 15.89,
    "dma200" : 17.38,
    "volume" : 5955783.00
  }, {
    "date" : "2025-11-17",
    "price" : 13.09,
    "dma50" : 13.98,
    "dma100" : 15.84,
    "dma200" : 17.33,
    "volume" : 35669954.00
  }, {
    "date" : "2025-11-18",
    "price" : 12.42,
    "dma50" : 13.92,
    "dma100" : 15.78,
    "dma200" : 17.28,
    "volume" : 12787038.00
  }, {
    "date" : "2025-11-19",
    "price" : 12.01,
    "dma50" : 13.84,
    "dma100" : 15.71,
    "dma200" : 17.23,
    "volume" : 9644269.00
  }, {
    "date" : "2025-11-20",
    "price" : 11.78,
    "dma50" : 13.76,
    "dma100" : 15.64,
    "dma200" : 17.18,
    "volume" : 7966471.00
  }, {
    "date" : "2025-11-21",
    "price" : 11.95,
    "dma50" : 13.69,
    "dma100" : 15.57,
    "dma200" : 17.13,
    "volume" : 7245049.00
  }, {
    "date" : "2025-11-24",
    "price" : 11.15,
    "dma50" : 13.59,
    "dma100" : 15.50,
    "dma200" : 17.07,
    "volume" : 6965438.00
  }, {
    "date" : "2025-11-25",
    "price" : 11.15,
    "dma50" : 13.50,
    "dma100" : 15.44,
    "dma200" : 17.01,
    "volume" : 5762708.00
  }, {
    "date" : "2025-11-26",
    "price" : 11.25,
    "dma50" : 13.41,
    "dma100" : 15.37,
    "dma200" : 16.95,
    "volume" : 4542148.00
  }, {
    "date" : "2025-11-27",
    "price" : 11.43,
    "dma50" : 13.33,
    "dma100" : 15.31,
    "dma200" : 16.90,
    "volume" : 7228466.00
  }, {
    "date" : "2025-11-28",
    "price" : 11.34,
    "dma50" : 13.25,
    "dma100" : 15.24,
    "dma200" : 16.84,
    "volume" : 4171737.00
  }, {
    "date" : "2025-12-01",
    "price" : 11.38,
    "dma50" : 13.18,
    "dma100" : 15.17,
    "dma200" : 16.79,
    "volume" : 2987009.00
  }, {
    "date" : "2025-12-02",
    "price" : 11.24,
    "dma50" : 13.10,
    "dma100" : 15.11,
    "dma200" : 16.73,
    "volume" : 3404298.00
  }, {
    "date" : "2025-12-03",
    "price" : 11.19,
    "dma50" : 13.03,
    "dma100" : 15.02,
    "dma200" : 16.68,
    "volume" : 4393300.00
  }, {
    "date" : "2025-12-04",
    "price" : 11.28,
    "dma50" : 12.96,
    "dma100" : 14.93,
    "dma200" : 16.62,
    "volume" : 7771824.00
  }, {
    "date" : "2025-12-05",
    "price" : 10.96,
    "dma50" : 12.88,
    "dma100" : 14.84,
    "dma200" : 16.57,
    "volume" : 5076508.00
  }, {
    "date" : "2025-12-08",
    "price" : 10.36,
    "dma50" : 12.78,
    "dma100" : 14.75,
    "dma200" : 16.50,
    "volume" : 10243207.00
  }, {
    "date" : "2025-12-09",
    "price" : 10.40,
    "dma50" : 12.69,
    "dma100" : 14.65,
    "dma200" : 16.44,
    "volume" : 10756086.00
  }, {
    "date" : "2025-12-10",
    "price" : 10.63,
    "dma50" : 12.61,
    "dma100" : 14.57,
    "dma200" : 16.39,
    "volume" : 12949861.00
  }, {
    "date" : "2025-12-11",
    "price" : 10.85,
    "dma50" : 12.54,
    "dma100" : 14.49,
    "dma200" : 16.33,
    "volume" : 11857030.00
  }, {
    "date" : "2025-12-12",
    "price" : 10.81,
    "dma50" : 12.47,
    "dma100" : 14.41,
    "dma200" : 16.28,
    "volume" : 6099518.00
  }, {
    "date" : "2025-12-15",
    "price" : 10.38,
    "dma50" : 12.39,
    "dma100" : 14.33,
    "dma200" : 16.22,
    "volume" : 11375822.00
  }, {
    "date" : "2025-12-16",
    "price" : 10.20,
    "dma50" : 12.30,
    "dma100" : 14.25,
    "dma200" : 16.16,
    "volume" : 12496926.00
  }, {
    "date" : "2025-12-17",
    "price" : 9.95,
    "dma50" : 12.21,
    "dma100" : 14.17,
    "dma200" : 16.09,
    "volume" : 14844904.00
  }, {
    "date" : "2025-12-18",
    "price" : 9.86,
    "dma50" : 12.12,
    "dma100" : 14.10,
    "dma200" : 16.03,
    "volume" : 6178403.00
  }, {
    "date" : "2025-12-19",
    "price" : 10.02,
    "dma50" : 12.04,
    "dma100" : 14.03,
    "dma200" : 15.97,
    "volume" : 6824088.00
  }, {
    "date" : "2025-12-22",
    "price" : 9.93,
    "dma50" : 11.95,
    "dma100" : 13.96,
    "dma200" : 15.91,
    "volume" : 13422113.00
  }, {
    "date" : "2025-12-23",
    "price" : 9.98,
    "dma50" : 11.88,
    "dma100" : 13.89,
    "dma200" : 15.85,
    "volume" : 6209972.00
  }, {
    "date" : "2025-12-24",
    "price" : 9.89,
    "dma50" : 11.80,
    "dma100" : 13.82,
    "dma200" : 15.79,
    "volume" : 6071754.00
  }, {
    "date" : "2025-12-26",
    "price" : 9.46,
    "dma50" : 11.71,
    "dma100" : 13.74,
    "dma200" : 15.73,
    "volume" : 10752588.00
  }, {
    "date" : "2025-12-29",
    "price" : 9.19,
    "dma50" : 11.61,
    "dma100" : 13.67,
    "dma200" : 15.67,
    "volume" : 13113155.00
  }, {
    "date" : "2025-12-30",
    "price" : 9.26,
    "dma50" : 11.52,
    "dma100" : 13.60,
    "dma200" : 15.60,
    "volume" : 9080153.00
  }, {
    "date" : "2025-12-31",
    "price" : 9.76,
    "dma50" : 11.45,
    "dma100" : 13.53,
    "dma200" : 15.54,
    "volume" : 16154522.00
  }, {
    "date" : "2026-01-01",
    "price" : 9.56,
    "dma50" : 11.37,
    "dma100" : 13.46,
    "dma200" : 15.49,
    "volume" : 5218524.00
  }, {
    "date" : "2026-01-02",
    "price" : 10.18,
    "dma50" : 11.33,
    "dma100" : 13.40,
    "dma200" : 15.43,
    "volume" : 23687270.00
  }, {
    "date" : "2026-01-05",
    "price" : 9.76,
    "dma50" : 11.27,
    "dma100" : 13.33,
    "dma200" : 15.38,
    "volume" : 8963457.00
  }, {
    "date" : "2026-01-06",
    "price" : 9.70,
    "dma50" : 11.20,
    "dma100" : 13.26,
    "dma200" : 15.32,
    "volume" : 5373584.00
  }, {
    "date" : "2026-01-07",
    "price" : 9.71,
    "dma50" : 11.15,
    "dma100" : 13.20,
    "dma200" : 15.26,
    "volume" : 3988331.00
  }, {
    "date" : "2026-01-08",
    "price" : 9.31,
    "dma50" : 11.07,
    "dma100" : 13.13,
    "dma200" : 15.20,
    "volume" : 6108923.00
  }, {
    "date" : "2026-01-09",
    "price" : 9.03,
    "dma50" : 10.99,
    "dma100" : 13.06,
    "dma200" : 15.14,
    "volume" : 9181632.00
  }, {
    "date" : "2026-01-12",
    "price" : 9.02,
    "dma50" : 10.92,
    "dma100" : 12.99,
    "dma200" : 15.08,
    "volume" : 11722898.00
  }, {
    "date" : "2026-01-13",
    "price" : 8.77,
    "dma50" : 10.83,
    "dma100" : 12.91,
    "dma200" : 15.02,
    "volume" : 8394324.00
  }, {
    "date" : "2026-01-14",
    "price" : 8.83,
    "dma50" : 10.75,
    "dma100" : 12.84,
    "dma200" : 14.96,
    "volume" : 6545802.00
  }, {
    "date" : "2026-01-16",
    "price" : 8.77,
    "dma50" : 10.68,
    "dma100" : 12.77,
    "dma200" : 14.90,
    "volume" : 6570055.00
  }, {
    "date" : "2026-01-19",
    "price" : 8.59,
    "dma50" : 10.59,
    "dma100" : 12.70,
    "dma200" : 14.83,
    "volume" : 3538833.00
  }, {
    "date" : "2026-01-20",
    "price" : 8.19,
    "dma50" : 10.50,
    "dma100" : 12.62,
    "dma200" : 14.77,
    "volume" : 6178438.00
  }, {
    "date" : "2026-01-21",
    "price" : 7.97,
    "dma50" : 10.40,
    "dma100" : 12.55,
    "dma200" : 14.70,
    "volume" : 9705719.00
  }, {
    "date" : "2026-01-22",
    "price" : 8.95,
    "dma50" : 10.34,
    "dma100" : 12.49,
    "dma200" : 14.64,
    "volume" : 17800286.00
  }, {
    "date" : "2026-01-23",
    "price" : 9.06,
    "dma50" : 10.29,
    "dma100" : 12.43,
    "dma200" : 14.59,
    "volume" : 17098626.00
  }, {
    "date" : "2026-01-27",
    "price" : 9.22,
    "dma50" : 10.25,
    "dma100" : 12.37,
    "dma200" : 14.53,
    "volume" : 13541165.00
  }, {
    "date" : "2026-01-28",
    "price" : 9.88,
    "dma50" : 10.24,
    "dma100" : 12.31,
    "dma200" : 14.49,
    "volume" : 17941635.00
  }, {
    "date" : "2026-01-29",
    "price" : 9.70,
    "dma50" : 10.22,
    "dma100" : 12.24,
    "dma200" : 14.44,
    "volume" : 8579106.00
  }, {
    "date" : "2026-01-30",
    "price" : 9.64,
    "dma50" : 10.19,
    "dma100" : 12.18,
    "dma200" : 14.39,
    "volume" : 6741138.00
  }, {
    "date" : "2026-02-01",
    "price" : 9.33,
    "dma50" : 10.16,
    "dma100" : 12.11,
    "dma200" : 14.34,
    "volume" : 5478907.00
  }, {
    "date" : "2026-02-02",
    "price" : 9.26,
    "dma50" : 10.12,
    "dma100" : 12.05,
    "dma200" : 14.29,
    "volume" : 5186839.00
  }, {
    "date" : "2026-02-03",
    "price" : 9.46,
    "dma50" : 10.10,
    "dma100" : 11.99,
    "dma200" : 14.24,
    "volume" : 5831507.00
  }, {
    "date" : "2026-02-04",
    "price" : 10.44,
    "dma50" : 10.11,
    "dma100" : 11.94,
    "dma200" : 14.20,
    "volume" : 24231448.00
  }, {
    "date" : "2026-02-05",
    "price" : 10.25,
    "dma50" : 10.12,
    "dma100" : 11.88,
    "dma200" : 14.17,
    "volume" : 11278335.00
  }, {
    "date" : "2026-02-06",
    "price" : 10.02,
    "dma50" : 10.11,
    "dma100" : 11.81,
    "dma200" : 14.12,
    "volume" : 5610487.00
  }, {
    "date" : "2026-02-09",
    "price" : 10.10,
    "dma50" : 10.11,
    "dma100" : 11.75,
    "dma200" : 14.08,
    "volume" : 13215634.00
  }, {
    "date" : "2026-02-10",
    "price" : 11.51,
    "dma50" : 10.17,
    "dma100" : 11.70,
    "dma200" : 14.06,
    "volume" : 43515945.00
  }, {
    "date" : "2026-02-11",
    "price" : 11.25,
    "dma50" : 10.21,
    "dma100" : 11.65,
    "dma200" : 14.03,
    "volume" : 14288913.00
  }, {
    "date" : "2026-02-12",
    "price" : 10.96,
    "dma50" : 10.24,
    "dma100" : 11.59,
    "dma200" : 14.00,
    "volume" : 7585934.00
  } ],
  "latestTechnicalAttributes" : {
    "date" : "2026-02-12",
    "price" : 10.96,
    "dma50" : 10.24,
    "dma100" : 11.59,
    "dma200" : 14.00,
    "volume" : 7585934.00
  },
  "quarterlyResults" : [ {
    "date" : "2005-03-31",
    "sales" : 183.71,
    "salesGrowthYoY" : null,
    "grossProfitMargin" : 35.50,
    "grossProfit" : 65.22,
    "operatingProfitMargin" : 7.45,
    "operatingProfit" : 13.69,
    "netProfitMargin" : 2.61,
    "netProfit" : 4.79
  }, {
    "date" : "2005-06-30",
    "sales" : 144.61,
    "salesGrowthYoY" : null,
    "grossProfitMargin" : 37.85,
    "grossProfit" : 54.73,
    "operatingProfitMargin" : 9.37,
    "operatingProfit" : 13.55,
    "netProfitMargin" : 3.10,
    "netProfit" : 4.48
  }, {
    "date" : "2005-09-30",
    "sales" : 158.49,
    "salesGrowthYoY" : null,
    "grossProfitMargin" : 34.55,
    "grossProfit" : 54.76,
    "operatingProfitMargin" : 9.75,
    "operatingProfit" : 15.45,
    "netProfitMargin" : 3.34,
    "netProfit" : 5.29
  }, {
    "date" : "2005-12-31",
    "sales" : 198.60,
    "salesGrowthYoY" : null,
    "grossProfitMargin" : 42.10,
    "grossProfit" : 83.61,
    "operatingProfitMargin" : 10.51,
    "operatingProfit" : 20.87,
    "netProfitMargin" : 3.78,
    "netProfit" : 7.51
  }, {
    "date" : "2006-03-31",
    "sales" : 236.37,
    "salesGrowthYoY" : 28.66,
    "grossProfitMargin" : 50.28,
    "grossProfit" : 118.85,
    "operatingProfitMargin" : 10.54,
    "operatingProfit" : 24.91,
    "netProfitMargin" : 4.40,
    "netProfit" : 10.40
  }, {
    "date" : "2006-06-30",
    "sales" : 208.58,
    "salesGrowthYoY" : 44.24,
    "grossProfitMargin" : 42.53,
    "grossProfit" : 88.71,
    "operatingProfitMargin" : 11.39,
    "operatingProfit" : 23.76,
    "netProfitMargin" : 4.66,
    "netProfit" : 9.72
  }, {
    "date" : "2006-09-30",
    "sales" : 230.52,
    "salesGrowthYoY" : 45.45,
    "grossProfitMargin" : 35.93,
    "grossProfit" : 82.83,
    "operatingProfitMargin" : 11.67,
    "operatingProfit" : 26.90,
    "netProfitMargin" : 4.98,
    "netProfit" : 11.48
  }, {
    "date" : "2006-12-31",
    "sales" : 244.56,
    "salesGrowthYoY" : 23.14,
    "grossProfitMargin" : 35.47,
    "grossProfit" : 86.75,
    "operatingProfitMargin" : 14.64,
    "operatingProfit" : 35.80,
    "netProfitMargin" : 7.11,
    "netProfit" : 17.39
  }, {
    "date" : "2007-03-31",
    "sales" : 287.18,
    "salesGrowthYoY" : 21.50,
    "grossProfitMargin" : 43.31,
    "grossProfit" : 124.38,
    "operatingProfitMargin" : 13.55,
    "operatingProfit" : 38.91,
    "netProfitMargin" : 5.72,
    "netProfit" : 16.43
  }, {
    "date" : "2007-06-30",
    "sales" : 296.65,
    "salesGrowthYoY" : 42.22,
    "grossProfitMargin" : 40.57,
    "grossProfit" : 120.35,
    "operatingProfitMargin" : 12.38,
    "operatingProfit" : 36.73,
    "netProfitMargin" : 5.40,
    "netProfit" : 16.02
  }, {
    "date" : "2007-09-30",
    "sales" : 318.15,
    "salesGrowthYoY" : 38.01,
    "grossProfitMargin" : 36.66,
    "grossProfit" : 116.63,
    "operatingProfitMargin" : 12.52,
    "operatingProfit" : 39.83,
    "netProfitMargin" : 5.33,
    "netProfit" : 16.96
  }, {
    "date" : "2007-12-31",
    "sales" : 345.53,
    "salesGrowthYoY" : 41.29,
    "grossProfitMargin" : 32.97,
    "grossProfit" : 113.92,
    "operatingProfitMargin" : 12.67,
    "operatingProfit" : 43.78,
    "netProfitMargin" : 5.83,
    "netProfit" : 20.14
  }, {
    "date" : "2008-03-31",
    "sales" : 410.68,
    "salesGrowthYoY" : 43.00,
    "grossProfitMargin" : 30.77,
    "grossProfit" : 126.37,
    "operatingProfitMargin" : 12.70,
    "operatingProfit" : 52.16,
    "netProfitMargin" : 4.69,
    "netProfit" : 19.26
  }, {
    "date" : "2008-06-30",
    "sales" : 401.99,
    "salesGrowthYoY" : 35.51,
    "grossProfitMargin" : 34.26,
    "grossProfit" : 137.72,
    "operatingProfitMargin" : 12.04,
    "operatingProfit" : 48.40,
    "netProfitMargin" : 5.11,
    "netProfit" : 20.54
  }, {
    "date" : "2008-09-30",
    "sales" : 415.64,
    "salesGrowthYoY" : 30.64,
    "grossProfitMargin" : 32.13,
    "grossProfit" : 133.55,
    "operatingProfitMargin" : 12.14,
    "operatingProfit" : 50.46,
    "netProfitMargin" : 4.84,
    "netProfit" : 20.12
  }, {
    "date" : "2008-12-31",
    "sales" : 433.07,
    "salesGrowthYoY" : 25.33,
    "grossProfitMargin" : 34.40,
    "grossProfit" : 148.98,
    "operatingProfitMargin" : 11.92,
    "operatingProfit" : 51.62,
    "netProfitMargin" : 4.17,
    "netProfit" : 18.06
  }, {
    "date" : "2009-03-31",
    "sales" : 473.64,
    "salesGrowthYoY" : 15.33,
    "grossProfitMargin" : 42.68,
    "grossProfit" : 202.15,
    "operatingProfitMargin" : 11.13,
    "operatingProfit" : 52.72,
    "netProfitMargin" : 4.44,
    "netProfit" : 21.03
  }, {
    "date" : "2009-06-30",
    "sales" : 485.82,
    "salesGrowthYoY" : 20.85,
    "grossProfitMargin" : 36.77,
    "grossProfit" : 178.64,
    "operatingProfitMargin" : 11.10,
    "operatingProfit" : 53.93,
    "netProfitMargin" : 4.61,
    "netProfit" : 22.40
  }, {
    "date" : "2009-09-30",
    "sales" : 472.84,
    "salesGrowthYoY" : 13.76,
    "grossProfitMargin" : 37.13,
    "grossProfit" : 175.57,
    "operatingProfitMargin" : 11.38,
    "operatingProfit" : 53.81,
    "netProfitMargin" : 4.42,
    "netProfit" : 20.90
  }, {
    "date" : "2009-12-31",
    "sales" : 510.99,
    "salesGrowthYoY" : 17.99,
    "grossProfitMargin" : 37.66,
    "grossProfit" : 192.44,
    "operatingProfitMargin" : 11.41,
    "operatingProfit" : 58.30,
    "netProfitMargin" : 4.57,
    "netProfit" : 23.35
  }, {
    "date" : "2010-03-31",
    "sales" : 547.17,
    "salesGrowthYoY" : 15.52,
    "grossProfitMargin" : 43.12,
    "grossProfit" : 235.94,
    "operatingProfitMargin" : 13.02,
    "operatingProfit" : 71.24,
    "netProfitMargin" : 4.62,
    "netProfit" : 25.28
  }, {
    "date" : "2010-06-30",
    "sales" : 564.34,
    "salesGrowthYoY" : 16.16,
    "grossProfitMargin" : 42.56,
    "grossProfit" : 240.18,
    "operatingProfitMargin" : 11.33,
    "operatingProfit" : 63.94,
    "netProfitMargin" : 4.67,
    "netProfit" : 26.35
  }, {
    "date" : "2010-09-30",
    "sales" : 542.34,
    "salesGrowthYoY" : 14.70,
    "grossProfitMargin" : 40.26,
    "grossProfit" : 218.35,
    "operatingProfitMargin" : 11.64,
    "operatingProfit" : 63.13,
    "netProfitMargin" : 4.58,
    "netProfit" : 24.84
  }, {
    "date" : "2010-12-31",
    "sales" : 551.30,
    "salesGrowthYoY" : 7.89,
    "grossProfitMargin" : 46.17,
    "grossProfit" : 254.54,
    "operatingProfitMargin" : 11.41,
    "operatingProfit" : 62.90,
    "netProfitMargin" : 4.48,
    "netProfit" : 24.70
  }, {
    "date" : "2011-03-31",
    "sales" : 721.82,
    "salesGrowthYoY" : 31.92,
    "grossProfitMargin" : 45.73,
    "grossProfit" : 330.09,
    "operatingProfitMargin" : 11.86,
    "operatingProfit" : 85.61,
    "netProfitMargin" : 4.85,
    "netProfit" : 35.01
  }, {
    "date" : "2011-06-30",
    "sales" : 637.68,
    "salesGrowthYoY" : 13.00,
    "grossProfitMargin" : 41.89,
    "grossProfit" : 267.12,
    "operatingProfitMargin" : 11.00,
    "operatingProfit" : 70.14,
    "netProfitMargin" : 4.10,
    "netProfit" : 26.14
  }, {
    "date" : "2011-09-30",
    "sales" : 632.07,
    "salesGrowthYoY" : 16.54,
    "grossProfitMargin" : 43.37,
    "grossProfit" : 274.13,
    "operatingProfitMargin" : 10.76,
    "operatingProfit" : 68.01,
    "netProfitMargin" : 3.50,
    "netProfit" : 22.12
  }, {
    "date" : "2011-12-31",
    "sales" : 587.20,
    "salesGrowthYoY" : 6.51,
    "grossProfitMargin" : 54.21,
    "grossProfit" : 318.32,
    "operatingProfitMargin" : 10.46,
    "operatingProfit" : 61.42,
    "netProfitMargin" : 2.35,
    "netProfit" : 13.80
  }, {
    "date" : "2012-03-31",
    "sales" : 736.08,
    "salesGrowthYoY" : 1.98,
    "grossProfitMargin" : 49.77,
    "grossProfit" : 366.35,
    "operatingProfitMargin" : 11.26,
    "operatingProfit" : 82.88,
    "netProfitMargin" : 4.27,
    "netProfit" : 31.43
  }, {
    "date" : "2012-06-30",
    "sales" : 654.77,
    "salesGrowthYoY" : 2.68,
    "grossProfitMargin" : 45.01,
    "grossProfit" : 294.71,
    "operatingProfitMargin" : 9.78,
    "operatingProfit" : 64.04,
    "netProfitMargin" : 2.65,
    "netProfit" : 17.35
  }, {
    "date" : "2012-09-30",
    "sales" : 592.94,
    "salesGrowthYoY" : -6.19,
    "grossProfitMargin" : 45.36,
    "grossProfit" : 268.96,
    "operatingProfitMargin" : 9.65,
    "operatingProfit" : 57.22,
    "netProfitMargin" : 2.01,
    "netProfit" : 11.92
  }, {
    "date" : "2012-12-31",
    "sales" : 619.69,
    "salesGrowthYoY" : 5.53,
    "grossProfitMargin" : 21.73,
    "grossProfit" : 134.66,
    "operatingProfitMargin" : 10.10,
    "operatingProfit" : 62.59,
    "netProfitMargin" : 2.16,
    "netProfit" : 13.39
  }, {
    "date" : "2013-03-31",
    "sales" : 938.50,
    "salesGrowthYoY" : 27.50,
    "grossProfitMargin" : 21.61,
    "grossProfit" : 202.81,
    "operatingProfitMargin" : 10.55,
    "operatingProfit" : 99.01,
    "netProfitMargin" : 2.37,
    "netProfit" : 22.24
  }, {
    "date" : "2013-06-30",
    "sales" : 711.27,
    "salesGrowthYoY" : 8.63,
    "grossProfitMargin" : 19.89,
    "grossProfit" : 141.47,
    "operatingProfitMargin" : 9.95,
    "operatingProfit" : 70.77,
    "netProfitMargin" : 2.30,
    "netProfit" : 16.36
  }, {
    "date" : "2013-09-30",
    "sales" : 649.33,
    "salesGrowthYoY" : 9.51,
    "grossProfitMargin" : 19.48,
    "grossProfit" : 126.49,
    "operatingProfitMargin" : 9.07,
    "operatingProfit" : 58.89,
    "netProfitMargin" : 2.25,
    "netProfit" : 14.61
  }, {
    "date" : "2013-12-31",
    "sales" : 662.56,
    "salesGrowthYoY" : 6.92,
    "grossProfitMargin" : 25.47,
    "grossProfit" : 168.75,
    "operatingProfitMargin" : 9.37,
    "operatingProfit" : 62.08,
    "netProfitMargin" : 2.09,
    "netProfit" : 13.85
  }, {
    "date" : "2014-03-31",
    "sales" : 1307.62,
    "salesGrowthYoY" : 39.33,
    "grossProfitMargin" : 16.78,
    "grossProfit" : 219.42,
    "operatingProfitMargin" : 5.26,
    "operatingProfit" : 68.78,
    "netProfitMargin" : -0.96,
    "netProfit" : -12.55
  }, {
    "date" : "2014-06-30",
    "sales" : 690.17,
    "salesGrowthYoY" : -2.97,
    "grossProfitMargin" : 35.76,
    "grossProfit" : 246.80,
    "operatingProfitMargin" : 8.10,
    "operatingProfit" : 55.90,
    "netProfitMargin" : -2.31,
    "netProfit" : -15.94
  }, {
    "date" : "2014-09-30",
    "sales" : 632.76,
    "salesGrowthYoY" : -2.55,
    "grossProfitMargin" : 12.23,
    "grossProfit" : 77.39,
    "operatingProfitMargin" : -0.83,
    "operatingProfit" : -5.25,
    "netProfitMargin" : -10.96,
    "netProfit" : -69.35
  }, {
    "date" : "2014-12-31",
    "sales" : 582.17,
    "salesGrowthYoY" : -12.13,
    "grossProfitMargin" : 10.43,
    "grossProfit" : 60.72,
    "operatingProfitMargin" : -2.04,
    "operatingProfit" : -11.88,
    "netProfitMargin" : -16.09,
    "netProfit" : -93.67
  }, {
    "date" : "2015-03-31",
    "sales" : 881.98,
    "salesGrowthYoY" : -32.55,
    "grossProfitMargin" : 35.07,
    "grossProfit" : 309.31,
    "operatingProfitMargin" : 3.34,
    "operatingProfit" : 29.46,
    "netProfitMargin" : -10.31,
    "netProfit" : -90.93
  }, {
    "date" : "2015-06-30",
    "sales" : 600.58,
    "salesGrowthYoY" : -12.98,
    "grossProfitMargin" : 26.18,
    "grossProfit" : 157.23,
    "operatingProfitMargin" : 1.22,
    "operatingProfit" : 7.33,
    "netProfitMargin" : -23.32,
    "netProfit" : -140.06
  }, {
    "date" : "2015-09-30",
    "sales" : 394.85,
    "salesGrowthYoY" : -37.60,
    "grossProfitMargin" : 34.83,
    "grossProfit" : 137.53,
    "operatingProfitMargin" : -6.60,
    "operatingProfit" : -26.06,
    "netProfitMargin" : -39.80,
    "netProfit" : -157.15
  }, {
    "date" : "2015-12-31",
    "sales" : 759.46,
    "salesGrowthYoY" : 30.45,
    "grossProfitMargin" : 13.61,
    "grossProfit" : 103.36,
    "operatingProfitMargin" : 1.77,
    "operatingProfit" : 13.44,
    "netProfitMargin" : -17.86,
    "netProfit" : -135.64
  }, {
    "date" : "2016-03-31",
    "sales" : 740.02,
    "salesGrowthYoY" : -16.10,
    "grossProfitMargin" : 29.80,
    "grossProfit" : 220.53,
    "operatingProfitMargin" : 5.26,
    "operatingProfit" : 38.93,
    "netProfitMargin" : -9.18,
    "netProfit" : -67.93
  }, {
    "date" : "2016-06-30",
    "sales" : 226.56,
    "salesGrowthYoY" : -62.28,
    "grossProfitMargin" : 48.76,
    "grossProfit" : 110.47,
    "operatingProfitMargin" : -5.30,
    "operatingProfit" : -12.01,
    "netProfitMargin" : -87.84,
    "netProfit" : -199.01
  }, {
    "date" : "2016-09-30",
    "sales" : 270.46,
    "salesGrowthYoY" : -31.50,
    "grossProfitMargin" : 32.51,
    "grossProfit" : 87.93,
    "operatingProfitMargin" : -27.58,
    "operatingProfit" : -74.59,
    "netProfitMargin" : -100.55,
    "netProfit" : -271.95
  }, {
    "date" : "2016-12-31",
    "sales" : 144.97,
    "salesGrowthYoY" : -80.91,
    "grossProfitMargin" : 40.03,
    "grossProfit" : 58.03,
    "operatingProfitMargin" : -53.27,
    "operatingProfit" : -77.23,
    "netProfitMargin" : -194.10,
    "netProfit" : -281.39
  }, {
    "date" : "2017-03-31",
    "sales" : 208.22,
    "salesGrowthYoY" : -71.86,
    "grossProfitMargin" : 18.91,
    "grossProfit" : 39.37,
    "operatingProfitMargin" : -213.68,
    "operatingProfit" : -444.92,
    "netProfitMargin" : -350.78,
    "netProfit" : -730.39
  }, {
    "date" : "2017-06-30",
    "sales" : 144.54,
    "salesGrowthYoY" : -36.20,
    "grossProfitMargin" : 49.56,
    "grossProfit" : 71.63,
    "operatingProfitMargin" : -98.06,
    "operatingProfit" : -141.74,
    "netProfitMargin" : -251.95,
    "netProfit" : -364.17
  }, {
    "date" : "2017-09-30",
    "sales" : 55.99,
    "salesGrowthYoY" : -79.30,
    "grossProfitMargin" : 79.82,
    "grossProfit" : 44.69,
    "operatingProfitMargin" : -2244.81,
    "operatingProfit" : -1256.87,
    "netProfitMargin" : -2840.74,
    "netProfit" : -1590.53
  }, {
    "date" : "2017-12-31",
    "sales" : 33.51,
    "salesGrowthYoY" : -76.88,
    "grossProfitMargin" : 99.76,
    "grossProfit" : 33.43,
    "operatingProfitMargin" : -4384.03,
    "operatingProfit" : -1469.09,
    "netProfitMargin" : -5091.70,
    "netProfit" : -1706.23
  }, {
    "date" : "2018-03-31",
    "sales" : 20.74,
    "salesGrowthYoY" : -90.04,
    "grossProfitMargin" : 24.49,
    "grossProfit" : 5.08,
    "operatingProfitMargin" : -1330.62,
    "operatingProfit" : -275.97,
    "netProfitMargin" : -2438.48,
    "netProfit" : -505.74
  }, {
    "date" : "2018-06-30",
    "sales" : 45.06,
    "salesGrowthYoY" : -68.83,
    "grossProfitMargin" : -21.24,
    "grossProfit" : -9.57,
    "operatingProfitMargin" : -267.44,
    "operatingProfit" : -120.51,
    "netProfitMargin" : -840.57,
    "netProfit" : -378.76
  }, {
    "date" : "2018-09-30",
    "sales" : 25.50,
    "salesGrowthYoY" : -54.46,
    "grossProfitMargin" : 15.41,
    "grossProfit" : 3.93,
    "operatingProfitMargin" : -573.14,
    "operatingProfit" : -146.15,
    "netProfitMargin" : -1627.22,
    "netProfit" : -414.94
  }, {
    "date" : "2018-12-31",
    "sales" : -22.45,
    "salesGrowthYoY" : -166.99,
    "grossProfitMargin" : 0.00,
    "grossProfit" : -0.00,
    "operatingProfitMargin" : 0.00,
    "operatingProfit" : -0.00,
    "netProfitMargin" : 0.00,
    "netProfit" : -0.00
  }, {
    "date" : "2019-03-31",
    "sales" : 10.75,
    "salesGrowthYoY" : -48.17,
    "grossProfitMargin" : 429.12,
    "grossProfit" : 46.13,
    "operatingProfitMargin" : -3072.65,
    "operatingProfit" : -330.31,
    "netProfitMargin" : -5868.65,
    "netProfit" : -630.88
  }, {
    "date" : "2019-06-30",
    "sales" : 0.00,
    "salesGrowthYoY" : -100.00,
    "grossProfitMargin" : 0.00,
    "grossProfit" : 0.00,
    "operatingProfitMargin" : 0.00,
    "operatingProfit" : 0.00,
    "netProfitMargin" : 0.00,
    "netProfit" : 0.00
  }, {
    "date" : "2019-09-30",
    "sales" : 0.81,
    "salesGrowthYoY" : -96.82,
    "grossProfitMargin" : -376.54,
    "grossProfit" : -3.05,
    "operatingProfitMargin" : 502.47,
    "operatingProfit" : 4.07,
    "netProfitMargin" : -41788.89,
    "netProfit" : -338.49
  }, {
    "date" : "2019-12-31",
    "sales" : 0.04,
    "salesGrowthYoY" : -100.18,
    "grossProfitMargin" : -200.00,
    "grossProfit" : -0.08,
    "operatingProfitMargin" : -3900.00,
    "operatingProfit" : -1.56,
    "netProfitMargin" : -883475.00,
    "netProfit" : -353.39
  }, {
    "date" : "2020-03-31",
    "sales" : 1.22,
    "salesGrowthYoY" : -88.65,
    "grossProfitMargin" : 27.87,
    "grossProfit" : 0.34,
    "operatingProfitMargin" : -65497.54,
    "operatingProfit" : -799.07,
    "netProfitMargin" : -101464.75,
    "netProfit" : -1237.87
  }, {
    "date" : "2020-06-30",
    "sales" : 0.00,
    "salesGrowthYoY" : 0.00,
    "grossProfitMargin" : 0.00,
    "grossProfit" : 0.00,
    "operatingProfitMargin" : 0.00,
    "operatingProfit" : 0.00,
    "netProfitMargin" : 0.00,
    "netProfit" : 0.00
  }, {
    "date" : "2020-09-30",
    "sales" : 0.00,
    "salesGrowthYoY" : -100.00,
    "grossProfitMargin" : 0.00,
    "grossProfit" : 0.00,
    "operatingProfitMargin" : 0.00,
    "operatingProfit" : 0.00,
    "netProfitMargin" : 0.00,
    "netProfit" : 0.00
  }, {
    "date" : "2020-12-31",
    "sales" : 0.00,
    "salesGrowthYoY" : -100.00,
    "grossProfitMargin" : 0.00,
    "grossProfit" : 0.00,
    "operatingProfitMargin" : 0.00,
    "operatingProfit" : 0.00,
    "netProfitMargin" : 0.00,
    "netProfit" : 0.00
  }, {
    "date" : "2021-03-31",
    "sales" : 0.00,
    "salesGrowthYoY" : -100.00,
    "grossProfitMargin" : 0.00,
    "grossProfit" : 0.00,
    "operatingProfitMargin" : 0.00,
    "operatingProfit" : 0.00,
    "netProfitMargin" : 0.00,
    "netProfit" : 0.00
  }, {
    "date" : "2021-06-30",
    "sales" : 0.00,
    "salesGrowthYoY" : 0.00,
    "grossProfitMargin" : 0.00,
    "grossProfit" : 0.00,
    "operatingProfitMargin" : 0.00,
    "operatingProfit" : 0.00,
    "netProfitMargin" : 0.00,
    "netProfit" : 0.00
  }, {
    "date" : "2021-09-30",
    "sales" : 2.22,
    "salesGrowthYoY" : 100.00,
    "grossProfitMargin" : -11.71,
    "grossProfit" : -0.26,
    "operatingProfitMargin" : -579.73,
    "operatingProfit" : -12.87,
    "netProfitMargin" : -16672.52,
    "netProfit" : -370.13
  }, {
    "date" : "2021-12-31",
    "sales" : 0.00,
    "salesGrowthYoY" : 0.00,
    "grossProfitMargin" : 0.00,
    "grossProfit" : 0.00,
    "operatingProfitMargin" : 0.00,
    "operatingProfit" : 0.00,
    "netProfitMargin" : 0.00,
    "netProfit" : 0.00
  }, {
    "date" : "2022-03-31",
    "sales" : 2.17,
    "salesGrowthYoY" : 100.00,
    "grossProfitMargin" : -95.39,
    "grossProfit" : -2.07,
    "operatingProfitMargin" : -823.04,
    "operatingProfit" : -17.86,
    "netProfitMargin" : -838.25,
    "netProfit" : -18.19
  }, {
    "date" : "2022-06-30",
    "sales" : 15.65,
    "salesGrowthYoY" : 100.00,
    "grossProfitMargin" : 27.86,
    "grossProfit" : 4.36,
    "operatingProfitMargin" : 2.94,
    "operatingProfit" : 0.46,
    "netProfitMargin" : -0.70,
    "netProfit" : -0.11
  }, {
    "date" : "2022-09-30",
    "sales" : 13.89,
    "salesGrowthYoY" : 525.68,
    "grossProfitMargin" : 47.95,
    "grossProfit" : 6.66,
    "operatingProfitMargin" : -21.96,
    "operatingProfit" : -3.05,
    "netProfitMargin" : -29.01,
    "netProfit" : -4.03
  }, {
    "date" : "2022-12-31",
    "sales" : 43.86,
    "salesGrowthYoY" : 100.00,
    "grossProfitMargin" : 44.87,
    "grossProfit" : 19.68,
    "operatingProfitMargin" : -9.30,
    "operatingProfit" : -4.08,
    "netProfitMargin" : -12.47,
    "netProfit" : -5.47
  }, {
    "date" : "2023-03-31",
    "sales" : 155.83,
    "salesGrowthYoY" : 7081.11,
    "grossProfitMargin" : 45.39,
    "grossProfit" : 70.73,
    "operatingProfitMargin" : 4.20,
    "operatingProfit" : 6.54,
    "netProfitMargin" : 3.56,
    "netProfit" : 5.55
  }, {
    "date" : "2023-06-30",
    "sales" : 185.27,
    "salesGrowthYoY" : 1083.83,
    "grossProfitMargin" : 43.12,
    "grossProfit" : 79.89,
    "operatingProfitMargin" : 2.22,
    "operatingProfit" : 4.11,
    "netProfitMargin" : 1.36,
    "netProfit" : 2.52
  }, {
    "date" : "2023-09-30",
    "sales" : 81.36,
    "salesGrowthYoY" : 485.75,
    "grossProfitMargin" : 48.45,
    "grossProfit" : 39.42,
    "operatingProfitMargin" : 12.52,
    "operatingProfit" : 10.19,
    "netProfitMargin" : 13.75,
    "netProfit" : 11.19
  }, {
    "date" : "2023-12-31",
    "sales" : 55.80,
    "salesGrowthYoY" : 27.22,
    "grossProfitMargin" : 65.04,
    "grossProfit" : 36.29,
    "operatingProfitMargin" : -7.63,
    "operatingProfit" : -4.26,
    "netProfitMargin" : 1.94,
    "netProfit" : 1.08
  }, {
    "date" : "2024-03-31",
    "sales" : 128.96,
    "salesGrowthYoY" : -17.24,
    "grossProfitMargin" : 69.09,
    "grossProfit" : 89.10,
    "operatingProfitMargin" : 5.16,
    "operatingProfit" : 6.65,
    "netProfitMargin" : 11.37,
    "netProfit" : 14.66
  }, {
    "date" : "2024-06-30",
    "sales" : 88.29,
    "salesGrowthYoY" : -52.35,
    "grossProfitMargin" : 65.24,
    "grossProfit" : 57.60,
    "operatingProfitMargin" : 6.50,
    "operatingProfit" : 5.74,
    "netProfitMargin" : 5.77,
    "netProfit" : 5.09
  }, {
    "date" : "2024-09-30",
    "sales" : 107.49,
    "salesGrowthYoY" : 32.12,
    "grossProfitMargin" : 58.11,
    "grossProfit" : 62.46,
    "operatingProfitMargin" : 6.42,
    "operatingProfit" : 6.90,
    "netProfitMargin" : 6.57,
    "netProfit" : 7.06
  }, {
    "date" : "2024-12-31",
    "sales" : 137.35,
    "salesGrowthYoY" : 146.15,
    "grossProfitMargin" : 53.89,
    "grossProfit" : 74.02,
    "operatingProfitMargin" : 8.95,
    "operatingProfit" : 12.29,
    "netProfitMargin" : 8.53,
    "netProfit" : 11.72
  }, {
    "date" : "2025-03-31",
    "sales" : 164.69,
    "salesGrowthYoY" : 27.71,
    "grossProfitMargin" : 64.59,
    "grossProfit" : 106.37,
    "operatingProfitMargin" : 7.69,
    "operatingProfit" : 12.66,
    "netProfitMargin" : 7.26,
    "netProfit" : 11.96
  }, {
    "date" : "2025-06-30",
    "sales" : 156.16,
    "salesGrowthYoY" : 76.87,
    "grossProfitMargin" : 47.29,
    "grossProfit" : 73.85,
    "operatingProfitMargin" : 4.42,
    "operatingProfit" : 6.90,
    "netProfitMargin" : 7.15,
    "netProfit" : 11.17
  }, {
    "date" : "2025-09-30",
    "sales" : 150.60,
    "salesGrowthYoY" : 40.11,
    "grossProfitMargin" : 53.79,
    "grossProfit" : 81.01,
    "operatingProfitMargin" : 5.84,
    "operatingProfit" : 8.80,
    "netProfitMargin" : 6.45,
    "netProfit" : 9.71
  }, {
    "date" : "2025-12-31",
    "sales" : 208.96,
    "salesGrowthYoY" : 52.14,
    "grossProfitMargin" : 47.55,
    "grossProfit" : 99.36,
    "operatingProfitMargin" : 7.00,
    "operatingProfit" : 14.63,
    "netProfitMargin" : 8.15,
    "netProfit" : 17.03
  } ],
  "latestQuarterlyResult" : {
    "date" : "2025-12-31",
    "sales" : 208.96,
    "salesGrowthYoY" : 52.14,
    "grossProfitMargin" : 47.55,
    "grossProfit" : 99.36,
    "operatingProfitMargin" : 7.00,
    "operatingProfit" : 14.63,
    "netProfitMargin" : 8.15,
    "netProfit" : 17.03
  },
  "companyScore" : {
    "priceHigherThanDma50" : 5.00,
    "priceHigherThanDma100" : 0.00,
    "priceHigherThanDma200" : 0.00,
    "dma50HigherThanDma100" : 0.00,
    "dma50HigherThanDma200" : 0.00,
    "dma100HigherThanDma200" : 0.00,
    "pricePercentageAboveDma50" : 4.65,
    "pricePercentageAboveDma100" : 5.27,
    "pricePercentageAboveDma200" : 6.09,
    "weeklyVolumeHigherThanYearlyVolume" : 5.00,
    "salesGrowthPercentile" : 17.50,
    "operatingProfitMarginPercentile" : 19.85,
    "netProfitMarginPercentile" : 10.00,
    "totalTechnicalScore" : 26.00,
    "totalFundamentalScore" : 47.35,
    "totalScore" : 73.35
  }
}