{
  "metadata" : {
    "screenerCompanyId" : "1724",
    "companyCode" : "KARURVYSYA",
    "companyName" : "Karur Vysya Bank",
    "screenerCompanyLink" : "https://www.screener.in/company/KARURVYSYA/",
    "screenerTechnicalHistoryLink" : "https://www.screener.in/api/company/1724/chart/?q=Price-DMA50-DMA200-Volume&days=365",
    "screenerQuarterlyResultsLink" : "https://www.screener.in/api/company/1724/chart/?q=GPM-OPM-NPM-Quarter+Sales&days=10000",
    "attributes" : {
      "companyCode" : "KARURVYSYA",
      "companyName" : "Karur Vysya Bank",
      "marketCap" : 31184.00,
      "peRatio" : 13.60,
      "description" : "Karur Vysya Bank is engaged in providing a wide range of banking and financial services including commercial banking and treasury operations.[1]"
    },
    "companyScore" : {
      "priceHigherThanDma50" : 5.00,
      "priceHigherThanDma100" : 5.00,
      "priceHigherThanDma200" : 5.00,
      "dma50HigherThanDma100" : 5.00,
      "dma50HigherThanDma200" : 5.00,
      "dma100HigherThanDma200" : 5.00,
      "pricePercentageAboveDma50" : 4.40,
      "pricePercentageAboveDma100" : 3.81,
      "pricePercentageAboveDma200" : 3.35,
      "weeklyVolumeHigherThanYearlyVolume" : 0.00,
      "salesGrowthPercentile" : 8.50,
      "operatingProfitMarginPercentile" : 12.96,
      "netProfitMarginPercentile" : 9.88,
      "totalTechnicalScore" : 41.55,
      "totalFundamentalScore" : 31.34,
      "totalScore" : 72.89
    }
  },
  "attributes" : {
    "companyCode" : "KARURVYSYA",
    "companyName" : "Karur Vysya Bank",
    "marketCap" : 31184.00,
    "peRatio" : 13.60,
    "description" : "Karur Vysya Bank is engaged in providing a wide range of banking and financial services including commercial banking and treasury operations.[1]"
  },
  "technicalHistory" : [ {
    "date" : "2025-02-21",
    "price" : 177.79,
    "dma50" : 187.03,
    "dma100" : null,
    "dma200" : 177.23,
    "volume" : 1555049.00
  }, {
    "date" : "2025-02-24",
    "price" : 176.26,
    "dma50" : 186.61,
    "dma100" : null,
    "dma200" : 177.22,
    "volume" : 1403059.00
  }, {
    "date" : "2025-02-25",
    "price" : 174.66,
    "dma50" : 186.14,
    "dma100" : null,
    "dma200" : 177.19,
    "volume" : 1780461.00
  }, {
    "date" : "2025-02-27",
    "price" : 174.85,
    "dma50" : 185.69,
    "dma100" : null,
    "dma200" : 177.17,
    "volume" : 2381644.00
  }, {
    "date" : "2025-02-28",
    "price" : 167.59,
    "dma50" : 184.98,
    "dma100" : null,
    "dma200" : 177.07,
    "volume" : 4304491.00
  }, {
    "date" : "2025-03-03",
    "price" : 166.64,
    "dma50" : 184.27,
    "dma100" : null,
    "dma200" : 176.97,
    "volume" : 2828711.00
  }, {
    "date" : "2025-03-04",
    "price" : 162.24,
    "dma50" : 183.40,
    "dma100" : null,
    "dma200" : 176.82,
    "volume" : 1557720.00
  }, {
    "date" : "2025-03-05",
    "price" : 166.32,
    "dma50" : 182.73,
    "dma100" : null,
    "dma200" : 176.72,
    "volume" : 1531453.00
  }, {
    "date" : "2025-03-06",
    "price" : 170.08,
    "dma50" : 182.24,
    "dma100" : null,
    "dma200" : 176.65,
    "volume" : 3387903.00
  }, {
    "date" : "2025-03-07",
    "price" : 170.02,
    "dma50" : 181.76,
    "dma100" : null,
    "dma200" : 176.59,
    "volume" : 1082737.00
  }, {
    "date" : "2025-03-10",
    "price" : 166.35,
    "dma50" : 181.15,
    "dma100" : null,
    "dma200" : 176.48,
    "volume" : 1124963.00
  }, {
    "date" : "2025-03-11",
    "price" : 164.85,
    "dma50" : 180.51,
    "dma100" : null,
    "dma200" : 176.37,
    "volume" : 638337.00
  }, {
    "date" : "2025-03-12",
    "price" : 160.73,
    "dma50" : 179.74,
    "dma100" : null,
    "dma200" : 176.21,
    "volume" : 1237156.00
  }, {
    "date" : "2025-03-13",
    "price" : 155.59,
    "dma50" : 178.79,
    "dma100" : null,
    "dma200" : 176.01,
    "volume" : 2334988.00
  }, {
    "date" : "2025-03-17",
    "price" : 164.60,
    "dma50" : 178.23,
    "dma100" : null,
    "dma200" : 175.89,
    "volume" : 8234703.00
  }, {
    "date" : "2025-03-18",
    "price" : 166.29,
    "dma50" : 177.77,
    "dma100" : null,
    "dma200" : 175.80,
    "volume" : 2758212.00
  }, {
    "date" : "2025-03-19",
    "price" : 167.62,
    "dma50" : 177.37,
    "dma100" : null,
    "dma200" : 175.72,
    "volume" : 1990435.00
  }, {
    "date" : "2025-03-20",
    "price" : 169.77,
    "dma50" : 177.07,
    "dma100" : null,
    "dma200" : 175.66,
    "volume" : 2568862.00
  }, {
    "date" : "2025-03-21",
    "price" : 174.77,
    "dma50" : 176.98,
    "dma100" : null,
    "dma200" : 175.65,
    "volume" : 2540022.00
  }, {
    "date" : "2025-03-24",
    "price" : 174.25,
    "dma50" : 176.87,
    "dma100" : null,
    "dma200" : 175.64,
    "volume" : 4269542.00
  }, {
    "date" : "2025-03-25",
    "price" : 175.82,
    "dma50" : 176.83,
    "dma100" : null,
    "dma200" : 175.64,
    "volume" : 7232698.00
  }, {
    "date" : "2025-03-26",
    "price" : 174.68,
    "dma50" : 176.75,
    "dma100" : null,
    "dma200" : 175.63,
    "volume" : 2467403.00
  }, {
    "date" : "2025-03-27",
    "price" : 174.29,
    "dma50" : 176.65,
    "dma100" : null,
    "dma200" : 175.61,
    "volume" : 5277096.00
  }, {
    "date" : "2025-03-28",
    "price" : 174.37,
    "dma50" : 176.56,
    "dma100" : null,
    "dma200" : 175.60,
    "volume" : 2319404.00
  }, {
    "date" : "2025-04-01",
    "price" : 178.41,
    "dma50" : 176.63,
    "dma100" : null,
    "dma200" : 175.63,
    "volume" : 1825159.00
  }, {
    "date" : "2025-04-02",
    "price" : 177.46,
    "dma50" : 176.67,
    "dma100" : null,
    "dma200" : 175.65,
    "volume" : 1286914.00
  }, {
    "date" : "2025-04-03",
    "price" : 179.15,
    "dma50" : 176.76,
    "dma100" : null,
    "dma200" : 175.68,
    "volume" : 1322823.00
  }, {
    "date" : "2025-04-04",
    "price" : 180.75,
    "dma50" : 176.92,
    "dma100" : null,
    "dma200" : 175.73,
    "volume" : 5085933.00
  }, {
    "date" : "2025-04-07",
    "price" : 170.11,
    "dma50" : 176.65,
    "dma100" : null,
    "dma200" : 175.68,
    "volume" : 4609193.00
  }, {
    "date" : "2025-04-08",
    "price" : 175.62,
    "dma50" : 176.61,
    "dma100" : null,
    "dma200" : 175.68,
    "volume" : 3357030.00
  }, {
    "date" : "2025-04-09",
    "price" : 169.93,
    "dma50" : 176.35,
    "dma100" : null,
    "dma200" : 175.62,
    "volume" : 1860068.00
  }, {
    "date" : "2025-04-11",
    "price" : 174.58,
    "dma50" : 176.28,
    "dma100" : null,
    "dma200" : 175.61,
    "volume" : 2300112.00
  }, {
    "date" : "2025-04-15",
    "price" : 175.91,
    "dma50" : 176.27,
    "dma100" : null,
    "dma200" : 175.61,
    "volume" : 2987655.00
  }, {
    "date" : "2025-04-16",
    "price" : 182.05,
    "dma50" : 176.49,
    "dma100" : null,
    "dma200" : 175.68,
    "volume" : 8347083.00
  }, {
    "date" : "2025-04-17",
    "price" : 185.51,
    "dma50" : 176.85,
    "dma100" : null,
    "dma200" : 175.77,
    "volume" : 6077914.00
  }, {
    "date" : "2025-04-21",
    "price" : 187.19,
    "dma50" : 177.25,
    "dma100" : null,
    "dma200" : 175.89,
    "volume" : 3518392.00
  }, {
    "date" : "2025-04-22",
    "price" : 188.47,
    "dma50" : 177.69,
    "dma100" : null,
    "dma200" : 176.01,
    "volume" : 3066727.00
  }, {
    "date" : "2025-04-23",
    "price" : 184.97,
    "dma50" : 177.98,
    "dma100" : null,
    "dma200" : 176.10,
    "volume" : 6010010.00
  }, {
    "date" : "2025-04-24",
    "price" : 185.37,
    "dma50" : 178.27,
    "dma100" : null,
    "dma200" : 176.19,
    "volume" : 1093214.00
  }, {
    "date" : "2025-04-25",
    "price" : 179.97,
    "dma50" : 178.33,
    "dma100" : null,
    "dma200" : 176.23,
    "volume" : 3716061.00
  }, {
    "date" : "2025-04-28",
    "price" : 181.92,
    "dma50" : 178.47,
    "dma100" : null,
    "dma200" : 176.29,
    "volume" : 1488791.00
  }, {
    "date" : "2025-04-29",
    "price" : 181.39,
    "dma50" : 178.59,
    "dma100" : null,
    "dma200" : 176.34,
    "volume" : 2361665.00
  }, {
    "date" : "2025-04-30",
    "price" : 181.81,
    "dma50" : 178.72,
    "dma100" : null,
    "dma200" : 176.39,
    "volume" : 2038277.00
  }, {
    "date" : "2025-05-02",
    "price" : 179.67,
    "dma50" : 178.75,
    "dma100" : null,
    "dma200" : 176.43,
    "volume" : 1825163.00
  }, {
    "date" : "2025-05-05",
    "price" : 177.51,
    "dma50" : 178.70,
    "dma100" : null,
    "dma200" : 176.44,
    "volume" : 4362633.00
  }, {
    "date" : "2025-05-06",
    "price" : 175.38,
    "dma50" : 178.57,
    "dma100" : null,
    "dma200" : 176.43,
    "volume" : 1815411.00
  }, {
    "date" : "2025-05-07",
    "price" : 177.68,
    "dma50" : 178.54,
    "dma100" : null,
    "dma200" : 176.44,
    "volume" : 1764908.00
  }, {
    "date" : "2025-05-08",
    "price" : 174.82,
    "dma50" : 178.39,
    "dma100" : null,
    "dma200" : 176.42,
    "volume" : 1819294.00
  }, {
    "date" : "2025-05-09",
    "price" : 173.92,
    "dma50" : 178.22,
    "dma100" : null,
    "dma200" : 176.40,
    "volume" : 3274374.00
  }, {
    "date" : "2025-05-12",
    "price" : 176.02,
    "dma50" : 178.13,
    "dma100" : null,
    "dma200" : 176.39,
    "volume" : 2389006.00
  }, {
    "date" : "2025-05-13",
    "price" : 182.77,
    "dma50" : 178.31,
    "dma100" : null,
    "dma200" : 176.46,
    "volume" : 3575574.00
  }, {
    "date" : "2025-05-14",
    "price" : 185.15,
    "dma50" : 178.58,
    "dma100" : null,
    "dma200" : 176.54,
    "volume" : 2688711.00
  }, {
    "date" : "2025-05-15",
    "price" : 183.77,
    "dma50" : 178.78,
    "dma100" : null,
    "dma200" : 176.62,
    "volume" : 1118553.00
  }, {
    "date" : "2025-05-16",
    "price" : 188.12,
    "dma50" : 179.15,
    "dma100" : null,
    "dma200" : 176.73,
    "volume" : 2195725.00
  }, {
    "date" : "2025-05-19",
    "price" : 187.89,
    "dma50" : 179.49,
    "dma100" : null,
    "dma200" : 176.84,
    "volume" : 2283649.00
  }, {
    "date" : "2025-05-20",
    "price" : 190.19,
    "dma50" : 179.91,
    "dma100" : null,
    "dma200" : 176.97,
    "volume" : 7949254.00
  }, {
    "date" : "2025-05-21",
    "price" : 188.77,
    "dma50" : 180.26,
    "dma100" : null,
    "dma200" : 177.09,
    "volume" : 3736573.00
  }, {
    "date" : "2025-05-22",
    "price" : 184.91,
    "dma50" : 180.44,
    "dma100" : null,
    "dma200" : 177.17,
    "volume" : 1608478.00
  }, {
    "date" : "2025-05-23",
    "price" : 188.50,
    "dma50" : 180.76,
    "dma100" : null,
    "dma200" : 177.28,
    "volume" : 1565406.00
  }, {
    "date" : "2025-05-26",
    "price" : 191.35,
    "dma50" : 181.17,
    "dma100" : null,
    "dma200" : 177.42,
    "volume" : 2502419.00
  }, {
    "date" : "2025-05-27",
    "price" : 188.97,
    "dma50" : 181.48,
    "dma100" : null,
    "dma200" : 177.54,
    "volume" : 969439.00
  }, {
    "date" : "2025-05-28",
    "price" : 185.29,
    "dma50" : 181.63,
    "dma100" : null,
    "dma200" : 177.61,
    "volume" : 2164347.00
  }, {
    "date" : "2025-05-29",
    "price" : 184.59,
    "dma50" : 181.75,
    "dma100" : null,
    "dma200" : 177.68,
    "volume" : 2154704.00
  }, {
    "date" : "2025-05-30",
    "price" : 184.74,
    "dma50" : 181.86,
    "dma100" : null,
    "dma200" : 177.75,
    "volume" : 2929961.00
  }, {
    "date" : "2025-06-02",
    "price" : 199.72,
    "dma50" : 182.56,
    "dma100" : null,
    "dma200" : 177.97,
    "volume" : 16923466.00
  }, {
    "date" : "2025-06-03",
    "price" : 196.37,
    "dma50" : 183.10,
    "dma100" : null,
    "dma200" : 178.16,
    "volume" : 5863281.00
  }, {
    "date" : "2025-06-04",
    "price" : 191.26,
    "dma50" : 183.42,
    "dma100" : null,
    "dma200" : 178.29,
    "volume" : 2884121.00
  }, {
    "date" : "2025-06-05",
    "price" : 192.98,
    "dma50" : 183.80,
    "dma100" : null,
    "dma200" : 178.43,
    "volume" : 1658691.00
  }, {
    "date" : "2025-06-06",
    "price" : 198.36,
    "dma50" : 184.37,
    "dma100" : null,
    "dma200" : 178.63,
    "volume" : 3902190.00
  }, {
    "date" : "2025-06-09",
    "price" : 197.61,
    "dma50" : 184.89,
    "dma100" : null,
    "dma200" : 178.82,
    "volume" : 2450634.00
  }, {
    "date" : "2025-06-10",
    "price" : 197.74,
    "dma50" : 185.39,
    "dma100" : null,
    "dma200" : 179.01,
    "volume" : 1525025.00
  }, {
    "date" : "2025-06-11",
    "price" : 199.62,
    "dma50" : 185.95,
    "dma100" : null,
    "dma200" : 179.21,
    "volume" : 6359207.00
  }, {
    "date" : "2025-06-12",
    "price" : 200.71,
    "dma50" : 186.53,
    "dma100" : null,
    "dma200" : 179.43,
    "volume" : 4256935.00
  }, {
    "date" : "2025-06-13",
    "price" : 206.47,
    "dma50" : 187.31,
    "dma100" : null,
    "dma200" : 179.70,
    "volume" : 7047458.00
  }, {
    "date" : "2025-06-16",
    "price" : 207.12,
    "dma50" : 188.09,
    "dma100" : null,
    "dma200" : 179.97,
    "volume" : 7362566.00
  }, {
    "date" : "2025-06-17",
    "price" : 205.66,
    "dma50" : 188.78,
    "dma100" : null,
    "dma200" : 180.22,
    "volume" : 2565730.00
  }, {
    "date" : "2025-06-18",
    "price" : 206.22,
    "dma50" : 189.46,
    "dma100" : null,
    "dma200" : 180.48,
    "volume" : 3003047.00
  }, {
    "date" : "2025-06-19",
    "price" : 202.82,
    "dma50" : 189.99,
    "dma100" : null,
    "dma200" : 180.70,
    "volume" : 1567843.00
  }, {
    "date" : "2025-06-20",
    "price" : 206.06,
    "dma50" : 190.62,
    "dma100" : null,
    "dma200" : 180.96,
    "volume" : 2488377.00
  }, {
    "date" : "2025-06-23",
    "price" : 204.74,
    "dma50" : 191.17,
    "dma100" : null,
    "dma200" : 181.19,
    "volume" : 1690982.00
  }, {
    "date" : "2025-06-24",
    "price" : 207.19,
    "dma50" : 191.80,
    "dma100" : null,
    "dma200" : 181.45,
    "volume" : 3365445.00
  }, {
    "date" : "2025-06-25",
    "price" : 206.72,
    "dma50" : 192.38,
    "dma100" : null,
    "dma200" : 181.70,
    "volume" : 3114381.00
  }, {
    "date" : "2025-06-26",
    "price" : 208.18,
    "dma50" : 193.00,
    "dma100" : null,
    "dma200" : 181.97,
    "volume" : 3086923.00
  }, {
    "date" : "2025-06-27",
    "price" : 214.09,
    "dma50" : 193.83,
    "dma100" : null,
    "dma200" : 182.29,
    "volume" : 8938164.00
  }, {
    "date" : "2025-06-30",
    "price" : 222.95,
    "dma50" : 194.97,
    "dma100" : null,
    "dma200" : 182.69,
    "volume" : 11115882.00
  }, {
    "date" : "2025-07-01",
    "price" : 228.29,
    "dma50" : 196.28,
    "dma100" : null,
    "dma200" : 183.15,
    "volume" : 10069981.00
  }, {
    "date" : "2025-07-02",
    "price" : 227.54,
    "dma50" : 197.50,
    "dma100" : null,
    "dma200" : 183.59,
    "volume" : 5543844.00
  }, {
    "date" : "2025-07-03",
    "price" : 220.50,
    "dma50" : 198.41,
    "dma100" : null,
    "dma200" : 183.95,
    "volume" : 2939951.00
  }, {
    "date" : "2025-07-04",
    "price" : 226.25,
    "dma50" : 199.50,
    "dma100" : null,
    "dma200" : 184.38,
    "volume" : 4270485.00
  }, {
    "date" : "2025-07-07",
    "price" : 224.67,
    "dma50" : 200.49,
    "dma100" : null,
    "dma200" : 184.78,
    "volume" : 3327030.00
  }, {
    "date" : "2025-07-08",
    "price" : 226.29,
    "dma50" : 201.50,
    "dma100" : null,
    "dma200" : 185.19,
    "volume" : 3841307.00
  }, {
    "date" : "2025-07-09",
    "price" : 226.46,
    "dma50" : 202.48,
    "dma100" : null,
    "dma200" : 185.60,
    "volume" : 3188489.00
  }, {
    "date" : "2025-07-10",
    "price" : 226.54,
    "dma50" : 203.42,
    "dma100" : null,
    "dma200" : 186.01,
    "volume" : 2632884.00
  }, {
    "date" : "2025-07-11",
    "price" : 224.29,
    "dma50" : 204.24,
    "dma100" : null,
    "dma200" : 186.39,
    "volume" : 2421663.00
  }, {
    "date" : "2025-07-14",
    "price" : 225.00,
    "dma50" : 205.05,
    "dma100" : null,
    "dma200" : 186.77,
    "volume" : 2161027.00
  }, {
    "date" : "2025-07-15",
    "price" : 226.42,
    "dma50" : 205.89,
    "dma100" : null,
    "dma200" : 187.17,
    "volume" : 4229434.00
  }, {
    "date" : "2025-07-16",
    "price" : 228.33,
    "dma50" : 206.77,
    "dma100" : null,
    "dma200" : 187.58,
    "volume" : 2391474.00
  }, {
    "date" : "2025-07-17",
    "price" : 225.42,
    "dma50" : 207.50,
    "dma100" : null,
    "dma200" : 187.95,
    "volume" : 2179660.00
  }, {
    "date" : "2025-07-18",
    "price" : 223.50,
    "dma50" : 208.13,
    "dma100" : null,
    "dma200" : 188.31,
    "volume" : 1676525.00
  }, {
    "date" : "2025-07-21",
    "price" : 224.79,
    "dma50" : 208.78,
    "dma100" : null,
    "dma200" : 188.67,
    "volume" : 5831753.00
  }, {
    "date" : "2025-07-22",
    "price" : 225.87,
    "dma50" : 209.45,
    "dma100" : 190.46,
    "dma200" : 189.04,
    "volume" : 1962388.00
  }, {
    "date" : "2025-07-23",
    "price" : 226.08,
    "dma50" : 210.10,
    "dma100" : 190.96,
    "dma200" : 189.41,
    "volume" : 2772625.00
  }, {
    "date" : "2025-07-24",
    "price" : 225.58,
    "dma50" : 210.71,
    "dma100" : 191.47,
    "dma200" : 189.77,
    "volume" : 3658145.00
  }, {
    "date" : "2025-07-25",
    "price" : 217.17,
    "dma50" : 210.96,
    "dma100" : 191.89,
    "dma200" : 190.04,
    "volume" : 4488795.00
  }, {
    "date" : "2025-07-28",
    "price" : 216.67,
    "dma50" : 211.19,
    "dma100" : 192.38,
    "dma200" : 190.31,
    "volume" : 2910038.00
  }, {
    "date" : "2025-07-29",
    "price" : 216.71,
    "dma50" : 211.40,
    "dma100" : 192.88,
    "dma200" : 190.57,
    "volume" : 1303530.00
  }, {
    "date" : "2025-07-30",
    "price" : 215.71,
    "dma50" : 211.57,
    "dma100" : 193.42,
    "dma200" : 190.82,
    "volume" : 779912.00
  }, {
    "date" : "2025-07-31",
    "price" : 219.67,
    "dma50" : 211.89,
    "dma100" : 193.95,
    "dma200" : 191.11,
    "volume" : 2445525.00
  }, {
    "date" : "2025-08-01",
    "price" : 216.42,
    "dma50" : 212.07,
    "dma100" : 194.41,
    "dma200" : 191.36,
    "volume" : 1488988.00
  }, {
    "date" : "2025-08-04",
    "price" : 219.67,
    "dma50" : 212.37,
    "dma100" : 194.91,
    "dma200" : 191.64,
    "volume" : 1274472.00
  }, {
    "date" : "2025-08-05",
    "price" : 216.87,
    "dma50" : 212.54,
    "dma100" : 195.42,
    "dma200" : 191.89,
    "volume" : 1039333.00
  }, {
    "date" : "2025-08-06",
    "price" : 218.17,
    "dma50" : 212.76,
    "dma100" : 195.95,
    "dma200" : 192.15,
    "volume" : 1455867.00
  }, {
    "date" : "2025-08-07",
    "price" : 217.96,
    "dma50" : 212.97,
    "dma100" : 196.52,
    "dma200" : 192.41,
    "volume" : 1087051.00
  }, {
    "date" : "2025-08-08",
    "price" : 219.08,
    "dma50" : 213.21,
    "dma100" : 197.16,
    "dma200" : 192.67,
    "volume" : 2048270.00
  }, {
    "date" : "2025-08-11",
    "price" : 218.12,
    "dma50" : 213.40,
    "dma100" : 197.69,
    "dma200" : 192.93,
    "volume" : 1349776.00
  }, {
    "date" : "2025-08-12",
    "price" : 215.29,
    "dma50" : 213.47,
    "dma100" : 198.18,
    "dma200" : 193.15,
    "volume" : 738689.00
  }, {
    "date" : "2025-08-13",
    "price" : 213.71,
    "dma50" : 213.48,
    "dma100" : 198.64,
    "dma200" : 193.35,
    "volume" : 1329296.00
  }, {
    "date" : "2025-08-14",
    "price" : 214.29,
    "dma50" : 213.52,
    "dma100" : 199.09,
    "dma200" : 193.56,
    "volume" : 682899.00
  }, {
    "date" : "2025-08-18",
    "price" : 219.96,
    "dma50" : 213.77,
    "dma100" : 199.54,
    "dma200" : 193.83,
    "volume" : 1487562.00
  }, {
    "date" : "2025-08-19",
    "price" : 219.04,
    "dma50" : 213.97,
    "dma100" : 199.99,
    "dma200" : 194.08,
    "volume" : 1041877.00
  }, {
    "date" : "2025-08-20",
    "price" : 216.21,
    "dma50" : 214.06,
    "dma100" : 200.39,
    "dma200" : 194.30,
    "volume" : 1220954.00
  }, {
    "date" : "2025-08-21",
    "price" : 215.17,
    "dma50" : 214.11,
    "dma100" : 200.80,
    "dma200" : 194.50,
    "volume" : 929064.00
  }, {
    "date" : "2025-08-22",
    "price" : 215.17,
    "dma50" : 214.15,
    "dma100" : 201.20,
    "dma200" : 194.71,
    "volume" : 5858026.00
  }, {
    "date" : "2025-08-25",
    "price" : 219.96,
    "dma50" : 214.38,
    "dma100" : 201.66,
    "dma200" : 194.96,
    "volume" : 5228306.00
  }, {
    "date" : "2025-08-26",
    "price" : 216.10,
    "dma50" : 214.44,
    "dma100" : 202.04,
    "dma200" : 195.17,
    "volume" : 5213497.00
  }, {
    "date" : "2025-08-28",
    "price" : 212.25,
    "dma50" : 214.36,
    "dma100" : 202.38,
    "dma200" : 195.34,
    "volume" : 1419034.00
  }, {
    "date" : "2025-08-29",
    "price" : 214.05,
    "dma50" : 214.35,
    "dma100" : 202.73,
    "dma200" : 195.53,
    "volume" : 1311087.00
  }, {
    "date" : "2025-09-01",
    "price" : 209.10,
    "dma50" : 214.14,
    "dma100" : 203.02,
    "dma200" : 195.66,
    "volume" : 2182253.00
  }, {
    "date" : "2025-09-02",
    "price" : 210.01,
    "dma50" : 213.98,
    "dma100" : 203.42,
    "dma200" : 195.81,
    "volume" : 1553396.00
  }, {
    "date" : "2025-09-03",
    "price" : 208.31,
    "dma50" : 213.76,
    "dma100" : 203.74,
    "dma200" : 195.93,
    "volume" : 1364718.00
  }, {
    "date" : "2025-09-04",
    "price" : 202.96,
    "dma50" : 213.33,
    "dma100" : 204.07,
    "dma200" : 196.00,
    "volume" : 2543394.00
  }, {
    "date" : "2025-09-05",
    "price" : 206.10,
    "dma50" : 213.05,
    "dma100" : 204.39,
    "dma200" : 196.10,
    "volume" : 916232.00
  }, {
    "date" : "2025-09-08",
    "price" : 205.65,
    "dma50" : 212.76,
    "dma100" : 204.69,
    "dma200" : 196.20,
    "volume" : 710897.00
  }, {
    "date" : "2025-09-09",
    "price" : 204.82,
    "dma50" : 212.45,
    "dma100" : 204.91,
    "dma200" : 196.28,
    "volume" : 935962.00
  }, {
    "date" : "2025-09-10",
    "price" : 206.49,
    "dma50" : 212.21,
    "dma100" : 205.12,
    "dma200" : 196.38,
    "volume" : 1296670.00
  }, {
    "date" : "2025-09-11",
    "price" : 209.61,
    "dma50" : 212.11,
    "dma100" : 205.35,
    "dma200" : 196.51,
    "volume" : 1379715.00
  }, {
    "date" : "2025-09-12",
    "price" : 210.76,
    "dma50" : 212.06,
    "dma100" : 205.57,
    "dma200" : 196.66,
    "volume" : 3046059.00
  }, {
    "date" : "2025-09-15",
    "price" : 209.21,
    "dma50" : 211.95,
    "dma100" : 205.81,
    "dma200" : 196.78,
    "volume" : 1142513.00
  }, {
    "date" : "2025-09-16",
    "price" : 211.59,
    "dma50" : 211.93,
    "dma100" : 206.08,
    "dma200" : 196.93,
    "volume" : 1616586.00
  }, {
    "date" : "2025-09-17",
    "price" : 215.91,
    "dma50" : 212.09,
    "dma100" : 206.43,
    "dma200" : 197.12,
    "volume" : 1982642.00
  }, {
    "date" : "2025-09-18",
    "price" : 218.93,
    "dma50" : 212.36,
    "dma100" : 206.80,
    "dma200" : 197.33,
    "volume" : 1761401.00
  }, {
    "date" : "2025-09-19",
    "price" : 217.18,
    "dma50" : 212.55,
    "dma100" : 207.16,
    "dma200" : 197.53,
    "volume" : 1298173.00
  }, {
    "date" : "2025-09-22",
    "price" : 212.85,
    "dma50" : 212.56,
    "dma100" : 207.47,
    "dma200" : 197.68,
    "volume" : 1042009.00
  }, {
    "date" : "2025-09-23",
    "price" : 213.43,
    "dma50" : 212.59,
    "dma100" : 207.81,
    "dma200" : 197.84,
    "volume" : 680002.00
  }, {
    "date" : "2025-09-24",
    "price" : 212.29,
    "dma50" : 212.58,
    "dma100" : 208.16,
    "dma200" : 197.98,
    "volume" : 928512.00
  }, {
    "date" : "2025-09-25",
    "price" : 209.88,
    "dma50" : 212.47,
    "dma100" : 208.50,
    "dma200" : 198.10,
    "volume" : 1218970.00
  }, {
    "date" : "2025-09-26",
    "price" : 205.64,
    "dma50" : 212.21,
    "dma100" : 208.78,
    "dma200" : 198.18,
    "volume" : 1345282.00
  }, {
    "date" : "2025-09-29",
    "price" : 213.88,
    "dma50" : 212.27,
    "dma100" : 209.17,
    "dma200" : 198.33,
    "volume" : 3396606.00
  }, {
    "date" : "2025-09-30",
    "price" : 210.91,
    "dma50" : 212.22,
    "dma100" : 209.54,
    "dma200" : 198.46,
    "volume" : 2408963.00
  }, {
    "date" : "2025-10-01",
    "price" : 210.61,
    "dma50" : 212.16,
    "dma100" : 209.89,
    "dma200" : 198.58,
    "volume" : 1372636.00
  }, {
    "date" : "2025-10-03",
    "price" : 209.18,
    "dma50" : 212.04,
    "dma100" : 210.15,
    "dma200" : 198.69,
    "volume" : 2226934.00
  }, {
    "date" : "2025-10-06",
    "price" : 217.32,
    "dma50" : 212.25,
    "dma100" : 210.48,
    "dma200" : 198.87,
    "volume" : 5118737.00
  }, {
    "date" : "2025-10-07",
    "price" : 218.57,
    "dma50" : 212.49,
    "dma100" : 210.82,
    "dma200" : 199.07,
    "volume" : 992708.00
  }, {
    "date" : "2025-10-08",
    "price" : 225.11,
    "dma50" : 212.99,
    "dma100" : 211.19,
    "dma200" : 199.33,
    "volume" : 11207648.00
  }, {
    "date" : "2025-10-09",
    "price" : 222.36,
    "dma50" : 213.36,
    "dma100" : 211.54,
    "dma200" : 199.56,
    "volume" : 2481526.00
  }, {
    "date" : "2025-10-10",
    "price" : 226.59,
    "dma50" : 213.88,
    "dma100" : 211.90,
    "dma200" : 199.82,
    "volume" : 1588536.00
  }, {
    "date" : "2025-10-13",
    "price" : 225.95,
    "dma50" : 214.35,
    "dma100" : 212.27,
    "dma200" : 200.08,
    "volume" : 2663625.00
  }, {
    "date" : "2025-10-14",
    "price" : 221.18,
    "dma50" : 214.62,
    "dma100" : 212.64,
    "dma200" : 200.29,
    "volume" : 5452092.00
  }, {
    "date" : "2025-10-15",
    "price" : 222.52,
    "dma50" : 214.93,
    "dma100" : 212.98,
    "dma200" : 200.52,
    "volume" : 1879615.00
  }, {
    "date" : "2025-10-16",
    "price" : 226.50,
    "dma50" : 215.38,
    "dma100" : 213.33,
    "dma200" : 200.77,
    "volume" : 2586644.00
  }, {
    "date" : "2025-10-17",
    "price" : 227.39,
    "dma50" : 215.85,
    "dma100" : 213.71,
    "dma200" : 201.04,
    "volume" : 2941085.00
  }, {
    "date" : "2025-10-20",
    "price" : 241.31,
    "dma50" : 216.85,
    "dma100" : 214.27,
    "dma200" : 201.44,
    "volume" : 13693908.00
  }, {
    "date" : "2025-10-21",
    "price" : 244.84,
    "dma50" : 217.95,
    "dma100" : 214.88,
    "dma200" : 201.87,
    "volume" : 909608.00
  }, {
    "date" : "2025-10-23",
    "price" : 246.17,
    "dma50" : 219.05,
    "dma100" : 215.49,
    "dma200" : 202.31,
    "volume" : 3628147.00
  }, {
    "date" : "2025-10-24",
    "price" : 243.05,
    "dma50" : 220.00,
    "dma100" : 215.92,
    "dma200" : 202.72,
    "volume" : 1336654.00
  }, {
    "date" : "2025-10-27",
    "price" : 249.75,
    "dma50" : 221.16,
    "dma100" : 216.46,
    "dma200" : 203.19,
    "volume" : 3070750.00
  }, {
    "date" : "2025-10-28",
    "price" : 248.97,
    "dma50" : 222.25,
    "dma100" : 217.03,
    "dma200" : 203.64,
    "volume" : 2099638.00
  }, {
    "date" : "2025-10-29",
    "price" : 248.67,
    "dma50" : 223.29,
    "dma100" : 217.59,
    "dma200" : 204.09,
    "volume" : 830805.00
  }, {
    "date" : "2025-10-30",
    "price" : 245.00,
    "dma50" : 224.14,
    "dma100" : 218.06,
    "dma200" : 204.50,
    "volume" : 813173.00
  }, {
    "date" : "2025-10-31",
    "price" : 243.15,
    "dma50" : 224.89,
    "dma100" : 218.51,
    "dma200" : 204.88,
    "volume" : 1275688.00
  }, {
    "date" : "2025-11-03",
    "price" : 251.80,
    "dma50" : 225.94,
    "dma100" : 219.05,
    "dma200" : 205.35,
    "volume" : 7559752.00
  }, {
    "date" : "2025-11-04",
    "price" : 250.96,
    "dma50" : 226.92,
    "dma100" : 219.57,
    "dma200" : 205.80,
    "volume" : 1938817.00
  }, {
    "date" : "2025-11-06",
    "price" : 246.71,
    "dma50" : 227.70,
    "dma100" : 220.03,
    "dma200" : 206.21,
    "volume" : 2238286.00
  }, {
    "date" : "2025-11-07",
    "price" : 249.12,
    "dma50" : 228.54,
    "dma100" : 220.45,
    "dma200" : 206.64,
    "volume" : 1928225.00
  }, {
    "date" : "2025-11-10",
    "price" : 247.64,
    "dma50" : 229.29,
    "dma100" : 220.86,
    "dma200" : 207.04,
    "volume" : 952305.00
  }, {
    "date" : "2025-11-11",
    "price" : 245.81,
    "dma50" : 229.94,
    "dma100" : 221.26,
    "dma200" : 207.43,
    "volume" : 931093.00
  }, {
    "date" : "2025-11-12",
    "price" : 250.02,
    "dma50" : 230.72,
    "dma100" : 221.70,
    "dma200" : 207.85,
    "volume" : 2037039.00
  }, {
    "date" : "2025-11-13",
    "price" : 251.84,
    "dma50" : 231.55,
    "dma100" : 222.19,
    "dma200" : 208.29,
    "volume" : 2489029.00
  }, {
    "date" : "2025-11-14",
    "price" : 249.60,
    "dma50" : 232.26,
    "dma100" : 222.62,
    "dma200" : 208.70,
    "volume" : 846081.00
  }, {
    "date" : "2025-11-17",
    "price" : 252.78,
    "dma50" : 233.06,
    "dma100" : 223.10,
    "dma200" : 209.14,
    "volume" : 1194489.00
  }, {
    "date" : "2025-11-18",
    "price" : 253.39,
    "dma50" : 233.86,
    "dma100" : 223.57,
    "dma200" : 209.58,
    "volume" : 1078952.00
  }, {
    "date" : "2025-11-19",
    "price" : 253.70,
    "dma50" : 234.64,
    "dma100" : 224.04,
    "dma200" : 210.02,
    "volume" : 1036304.00
  }, {
    "date" : "2025-11-20",
    "price" : 248.03,
    "dma50" : 235.16,
    "dma100" : 224.43,
    "dma200" : 210.40,
    "volume" : 1617963.00
  }, {
    "date" : "2025-11-21",
    "price" : 247.07,
    "dma50" : 235.63,
    "dma100" : 224.76,
    "dma200" : 210.76,
    "volume" : 1908782.00
  }, {
    "date" : "2025-11-24",
    "price" : 243.52,
    "dma50" : 235.94,
    "dma100" : 224.97,
    "dma200" : 211.09,
    "volume" : 2091150.00
  }, {
    "date" : "2025-11-25",
    "price" : 247.95,
    "dma50" : 236.41,
    "dma100" : 225.17,
    "dma200" : 211.46,
    "volume" : 1242715.00
  }, {
    "date" : "2025-11-26",
    "price" : 251.84,
    "dma50" : 237.02,
    "dma100" : 225.41,
    "dma200" : 211.86,
    "volume" : 1879026.00
  }, {
    "date" : "2025-11-27",
    "price" : 251.33,
    "dma50" : 237.58,
    "dma100" : 225.72,
    "dma200" : 212.25,
    "volume" : 1593371.00
  }, {
    "date" : "2025-11-28",
    "price" : 247.97,
    "dma50" : 237.98,
    "dma100" : 225.93,
    "dma200" : 212.61,
    "volume" : 1281764.00
  }, {
    "date" : "2025-12-01",
    "price" : 253.83,
    "dma50" : 238.61,
    "dma100" : 226.23,
    "dma200" : 213.02,
    "volume" : 3567741.00
  }, {
    "date" : "2025-12-02",
    "price" : 250.74,
    "dma50" : 239.08,
    "dma100" : 226.47,
    "dma200" : 213.39,
    "volume" : 1497155.00
  }, {
    "date" : "2025-12-03",
    "price" : 249.30,
    "dma50" : 239.48,
    "dma100" : 226.70,
    "dma200" : 213.75,
    "volume" : 2995243.00
  }, {
    "date" : "2025-12-04",
    "price" : 247.03,
    "dma50" : 239.78,
    "dma100" : 226.90,
    "dma200" : 214.08,
    "volume" : 1635150.00
  }, {
    "date" : "2025-12-05",
    "price" : 248.15,
    "dma50" : 240.11,
    "dma100" : 227.14,
    "dma200" : 214.42,
    "volume" : 2587145.00
  }, {
    "date" : "2025-12-08",
    "price" : 242.30,
    "dma50" : 240.19,
    "dma100" : 227.32,
    "dma200" : 214.70,
    "volume" : 1412595.00
  }, {
    "date" : "2025-12-09",
    "price" : 243.01,
    "dma50" : 240.30,
    "dma100" : 227.48,
    "dma200" : 214.98,
    "volume" : 1349967.00
  }, {
    "date" : "2025-12-10",
    "price" : 241.12,
    "dma50" : 240.34,
    "dma100" : 227.61,
    "dma200" : 215.24,
    "volume" : 731674.00
  }, {
    "date" : "2025-12-11",
    "price" : 241.69,
    "dma50" : 240.39,
    "dma100" : 227.77,
    "dma200" : 215.50,
    "volume" : 457630.00
  }, {
    "date" : "2025-12-12",
    "price" : 245.36,
    "dma50" : 240.58,
    "dma100" : 227.99,
    "dma200" : 215.80,
    "volume" : 930245.00
  }, {
    "date" : "2025-12-15",
    "price" : 245.10,
    "dma50" : 240.76,
    "dma100" : 228.19,
    "dma200" : 216.09,
    "volume" : 763994.00
  }, {
    "date" : "2025-12-16",
    "price" : 245.25,
    "dma50" : 240.94,
    "dma100" : 228.39,
    "dma200" : 216.38,
    "volume" : 798538.00
  }, {
    "date" : "2025-12-17",
    "price" : 250.13,
    "dma50" : 241.30,
    "dma100" : 228.63,
    "dma200" : 216.72,
    "volume" : 1893632.00
  }, {
    "date" : "2025-12-18",
    "price" : 247.86,
    "dma50" : 241.55,
    "dma100" : 228.85,
    "dma200" : 217.03,
    "volume" : 872908.00
  }, {
    "date" : "2025-12-19",
    "price" : 252.39,
    "dma50" : 241.98,
    "dma100" : 229.20,
    "dma200" : 217.38,
    "volume" : 1559906.00
  }, {
    "date" : "2025-12-22",
    "price" : 252.58,
    "dma50" : 242.40,
    "dma100" : 229.56,
    "dma200" : 217.73,
    "volume" : 1135441.00
  }, {
    "date" : "2025-12-23",
    "price" : 250.86,
    "dma50" : 242.73,
    "dma100" : 229.90,
    "dma200" : 218.06,
    "volume" : 1427838.00
  }, {
    "date" : "2025-12-24",
    "price" : 250.10,
    "dma50" : 243.02,
    "dma100" : 230.25,
    "dma200" : 218.38,
    "volume" : 1441331.00
  }, {
    "date" : "2025-12-26",
    "price" : 262.81,
    "dma50" : 243.79,
    "dma100" : 230.68,
    "dma200" : 218.82,
    "volume" : 15638040.00
  }, {
    "date" : "2025-12-29",
    "price" : 254.61,
    "dma50" : 244.22,
    "dma100" : 231.06,
    "dma200" : 219.17,
    "volume" : 3245194.00
  }, {
    "date" : "2025-12-30",
    "price" : 259.17,
    "dma50" : 244.80,
    "dma100" : 231.46,
    "dma200" : 219.57,
    "volume" : 4656698.00
  }, {
    "date" : "2025-12-31",
    "price" : 263.83,
    "dma50" : 245.55,
    "dma100" : 231.93,
    "dma200" : 220.01,
    "volume" : 2672719.00
  }, {
    "date" : "2026-01-01",
    "price" : 269.40,
    "dma50" : 246.48,
    "dma100" : 232.44,
    "dma200" : 220.50,
    "volume" : 4410408.00
  }, {
    "date" : "2026-01-02",
    "price" : 272.50,
    "dma50" : 247.50,
    "dma100" : 232.98,
    "dma200" : 221.02,
    "volume" : 3793367.00
  }, {
    "date" : "2026-01-05",
    "price" : 277.40,
    "dma50" : 248.68,
    "dma100" : 233.57,
    "dma200" : 221.58,
    "volume" : 3457144.00
  }, {
    "date" : "2026-01-06",
    "price" : 274.95,
    "dma50" : 249.71,
    "dma100" : 234.13,
    "dma200" : 222.11,
    "volume" : 1963755.00
  }, {
    "date" : "2026-01-07",
    "price" : 270.10,
    "dma50" : 250.51,
    "dma100" : 234.68,
    "dma200" : 222.59,
    "volume" : 850319.00
  }, {
    "date" : "2026-01-08",
    "price" : 274.60,
    "dma50" : 251.45,
    "dma100" : 235.29,
    "dma200" : 223.11,
    "volume" : 2421142.00
  }, {
    "date" : "2026-01-09",
    "price" : 263.65,
    "dma50" : 251.93,
    "dma100" : 235.79,
    "dma200" : 223.51,
    "volume" : 3551306.00
  }, {
    "date" : "2026-01-12",
    "price" : 263.60,
    "dma50" : 252.39,
    "dma100" : 236.22,
    "dma200" : 223.91,
    "volume" : 2390923.00
  }, {
    "date" : "2026-01-13",
    "price" : 264.80,
    "dma50" : 252.87,
    "dma100" : 236.68,
    "dma200" : 224.32,
    "volume" : 2126349.00
  }, {
    "date" : "2026-01-14",
    "price" : 266.85,
    "dma50" : 253.42,
    "dma100" : 237.19,
    "dma200" : 224.74,
    "volume" : 3008611.00
  }, {
    "date" : "2026-01-16",
    "price" : 267.50,
    "dma50" : 253.97,
    "dma100" : 237.71,
    "dma200" : 225.17,
    "volume" : 2615305.00
  }, {
    "date" : "2026-01-19",
    "price" : 266.70,
    "dma50" : 254.47,
    "dma100" : 238.22,
    "dma200" : 225.58,
    "volume" : 1942429.00
  }, {
    "date" : "2026-01-20",
    "price" : 259.10,
    "dma50" : 254.66,
    "dma100" : 238.62,
    "dma200" : 225.91,
    "volume" : 2106058.00
  }, {
    "date" : "2026-01-21",
    "price" : 254.75,
    "dma50" : 254.66,
    "dma100" : 239.00,
    "dma200" : 226.20,
    "volume" : 3836341.00
  }, {
    "date" : "2026-01-22",
    "price" : 263.65,
    "dma50" : 255.01,
    "dma100" : 239.52,
    "dma200" : 226.57,
    "volume" : 2913193.00
  }, {
    "date" : "2026-01-23",
    "price" : 265.50,
    "dma50" : 255.42,
    "dma100" : 240.03,
    "dma200" : 226.96,
    "volume" : 9175868.00
  }, {
    "date" : "2026-01-27",
    "price" : 292.55,
    "dma50" : 256.88,
    "dma100" : 240.87,
    "dma200" : 227.61,
    "volume" : 60331945.00
  }, {
    "date" : "2026-01-28",
    "price" : 293.80,
    "dma50" : 258.33,
    "dma100" : 241.70,
    "dma200" : 228.27,
    "volume" : 8814946.00
  }, {
    "date" : "2026-01-29",
    "price" : 302.45,
    "dma50" : 260.06,
    "dma100" : 242.64,
    "dma200" : 229.01,
    "volume" : 8189101.00
  }, {
    "date" : "2026-01-30",
    "price" : 301.40,
    "dma50" : 261.68,
    "dma100" : 243.63,
    "dma200" : 229.73,
    "volume" : 3980126.00
  }, {
    "date" : "2026-02-01",
    "price" : 286.05,
    "dma50" : 262.63,
    "dma100" : 244.43,
    "dma200" : 230.29,
    "volume" : 6370584.00
  }, {
    "date" : "2026-02-02",
    "price" : 295.75,
    "dma50" : 263.93,
    "dma100" : 245.33,
    "dma200" : 230.94,
    "volume" : 5902184.00
  }, {
    "date" : "2026-02-03",
    "price" : 304.65,
    "dma50" : 265.53,
    "dma100" : 246.33,
    "dma200" : 231.67,
    "volume" : 4849369.00
  }, {
    "date" : "2026-02-04",
    "price" : 317.25,
    "dma50" : 267.56,
    "dma100" : 247.44,
    "dma200" : 232.53,
    "volume" : 5341376.00
  }, {
    "date" : "2026-02-05",
    "price" : 314.15,
    "dma50" : 269.38,
    "dma100" : 248.48,
    "dma200" : 233.34,
    "volume" : 3297241.00
  }, {
    "date" : "2026-02-06",
    "price" : 318.10,
    "dma50" : 271.30,
    "dma100" : 249.55,
    "dma200" : 234.18,
    "volume" : 2847003.00
  }, {
    "date" : "2026-02-09",
    "price" : 326.55,
    "dma50" : 273.46,
    "dma100" : 250.73,
    "dma200" : 235.10,
    "volume" : 3731072.00
  }, {
    "date" : "2026-02-10",
    "price" : 325.50,
    "dma50" : 275.50,
    "dma100" : 251.87,
    "dma200" : 236.00,
    "volume" : 3669179.00
  }, {
    "date" : "2026-02-11",
    "price" : 319.00,
    "dma50" : 277.21,
    "dma100" : 252.90,
    "dma200" : 236.83,
    "volume" : 1948960.00
  }, {
    "date" : "2026-02-12",
    "price" : 318.85,
    "dma50" : 278.84,
    "dma100" : 253.90,
    "dma200" : 237.64,
    "volume" : 2189164.00
  }, {
    "date" : "2026-02-13",
    "price" : 316.00,
    "dma50" : 280.30,
    "dma100" : 254.88,
    "dma200" : 238.42,
    "volume" : 2009561.00
  }, {
    "date" : "2026-02-16",
    "price" : 316.35,
    "dma50" : 281.71,
    "dma100" : 255.92,
    "dma200" : 239.20,
    "volume" : 1185972.00
  }, {
    "date" : "2026-02-17",
    "price" : 324.95,
    "dma50" : 283.41,
    "dma100" : 257.03,
    "dma200" : 240.05,
    "volume" : 3477712.00
  }, {
    "date" : "2026-02-18",
    "price" : 326.00,
    "dma50" : 285.08,
    "dma100" : 258.17,
    "dma200" : 240.91,
    "volume" : 1448912.00
  }, {
    "date" : "2026-02-19",
    "price" : 319.50,
    "dma50" : 286.43,
    "dma100" : 259.27,
    "dma200" : 241.69,
    "volume" : 1540278.00
  }, {
    "date" : "2026-02-20",
    "price" : 322.60,
    "dma50" : 287.85,
    "dma100" : 260.44,
    "dma200" : 242.49,
    "volume" : 2098747.00
  } ],
  "latestTechnicalAttributes" : {
    "date" : "2026-02-20",
    "price" : 322.60,
    "dma50" : 287.85,
    "dma100" : 260.44,
    "dma200" : 242.49,
    "volume" : 2098747.00
  },
  "quarterlyResults" : [ {
    "date" : "2005-03-31",
    "sales" : 145.04,
    "salesGrowthYoY" : null,
    "grossProfitMargin" : 100.00,
    "grossProfit" : 145.04,
    "operatingProfitMargin" : 54.81,
    "operatingProfit" : 79.50,
    "netProfitMargin" : 20.74,
    "netProfit" : 30.08
  }, {
    "date" : "2005-06-30",
    "sales" : 153.01,
    "salesGrowthYoY" : null,
    "grossProfitMargin" : 100.00,
    "grossProfit" : 153.01,
    "operatingProfitMargin" : 73.42,
    "operatingProfit" : 112.34,
    "netProfitMargin" : 24.59,
    "netProfit" : 37.63
  }, {
    "date" : "2005-09-30",
    "sales" : 161.92,
    "salesGrowthYoY" : null,
    "grossProfitMargin" : 100.00,
    "grossProfit" : 161.92,
    "operatingProfitMargin" : 61.70,
    "operatingProfit" : 99.90,
    "netProfitMargin" : 16.98,
    "netProfit" : 27.49
  }, {
    "date" : "2005-12-31",
    "sales" : 163.78,
    "salesGrowthYoY" : null,
    "grossProfitMargin" : 100.00,
    "grossProfit" : 163.78,
    "operatingProfitMargin" : 60.03,
    "operatingProfit" : 98.32,
    "netProfitMargin" : 15.79,
    "netProfit" : 25.86
  }, {
    "date" : "2006-03-31",
    "sales" : 172.14,
    "salesGrowthYoY" : 18.68,
    "grossProfitMargin" : 100.00,
    "grossProfit" : 172.14,
    "operatingProfitMargin" : 55.19,
    "operatingProfit" : 95.00,
    "netProfitMargin" : 25.78,
    "netProfit" : 44.38
  }, {
    "date" : "2006-06-30",
    "sales" : 190.30,
    "salesGrowthYoY" : 24.37,
    "grossProfitMargin" : 100.00,
    "grossProfit" : 190.30,
    "operatingProfitMargin" : 69.43,
    "operatingProfit" : 132.13,
    "netProfitMargin" : 20.17,
    "netProfit" : 38.38
  }, {
    "date" : "2006-09-30",
    "sales" : 208.95,
    "salesGrowthYoY" : 29.05,
    "grossProfitMargin" : 100.00,
    "grossProfit" : 208.95,
    "operatingProfitMargin" : 75.51,
    "operatingProfit" : 157.78,
    "netProfitMargin" : 20.37,
    "netProfit" : 42.56
  }, {
    "date" : "2006-12-31",
    "sales" : 225.28,
    "salesGrowthYoY" : 37.55,
    "grossProfitMargin" : 100.00,
    "grossProfit" : 225.28,
    "operatingProfitMargin" : 73.41,
    "operatingProfit" : 165.38,
    "netProfitMargin" : 11.63,
    "netProfit" : 26.20
  }, {
    "date" : "2007-03-31",
    "sales" : 242.87,
    "salesGrowthYoY" : 41.09,
    "grossProfitMargin" : 100.00,
    "grossProfit" : 242.87,
    "operatingProfitMargin" : 72.50,
    "operatingProfit" : 176.08,
    "netProfitMargin" : 21.77,
    "netProfit" : 52.87
  }, {
    "date" : "2007-06-30",
    "sales" : 256.18,
    "salesGrowthYoY" : 34.62,
    "grossProfitMargin" : 100.00,
    "grossProfit" : 256.18,
    "operatingProfitMargin" : 78.94,
    "operatingProfit" : 202.23,
    "netProfitMargin" : 18.72,
    "netProfit" : 47.96
  }, {
    "date" : "2007-09-30",
    "sales" : 272.91,
    "salesGrowthYoY" : 30.61,
    "grossProfitMargin" : 100.00,
    "grossProfit" : 272.91,
    "operatingProfitMargin" : 79.81,
    "operatingProfit" : 217.81,
    "netProfitMargin" : 15.91,
    "netProfit" : 43.42
  }, {
    "date" : "2007-12-31",
    "sales" : 295.62,
    "salesGrowthYoY" : 31.22,
    "grossProfitMargin" : 100.00,
    "grossProfit" : 295.62,
    "operatingProfitMargin" : 82.98,
    "operatingProfit" : 245.31,
    "netProfitMargin" : 15.71,
    "netProfit" : 46.44
  }, {
    "date" : "2008-03-31",
    "sales" : 295.49,
    "salesGrowthYoY" : 21.67,
    "grossProfitMargin" : 100.00,
    "grossProfit" : 295.49,
    "operatingProfitMargin" : 80.92,
    "operatingProfit" : 239.11,
    "netProfitMargin" : 23.87,
    "netProfit" : 70.53
  }, {
    "date" : "2008-06-30",
    "sales" : 335.17,
    "salesGrowthYoY" : 30.83,
    "grossProfitMargin" : 100.00,
    "grossProfit" : 335.17,
    "operatingProfitMargin" : 68.04,
    "operatingProfit" : 228.05,
    "netProfitMargin" : 9.11,
    "netProfit" : 30.53
  }, {
    "date" : "2008-09-30",
    "sales" : 351.07,
    "salesGrowthYoY" : 28.64,
    "grossProfitMargin" : 100.00,
    "grossProfit" : 351.07,
    "operatingProfitMargin" : 79.03,
    "operatingProfit" : 277.45,
    "netProfitMargin" : 17.73,
    "netProfit" : 62.24
  }, {
    "date" : "2008-12-31",
    "sales" : 375.14,
    "salesGrowthYoY" : 26.90,
    "grossProfitMargin" : 100.00,
    "grossProfit" : 375.14,
    "operatingProfitMargin" : 79.90,
    "operatingProfit" : 299.74,
    "netProfitMargin" : 15.79,
    "netProfit" : 59.23
  }, {
    "date" : "2009-03-31",
    "sales" : 399.14,
    "salesGrowthYoY" : 35.08,
    "grossProfitMargin" : 100.00,
    "grossProfit" : 399.14,
    "operatingProfitMargin" : 77.82,
    "operatingProfit" : 310.61,
    "netProfitMargin" : 21.00,
    "netProfit" : 83.82
  }, {
    "date" : "2009-06-30",
    "sales" : 406.90,
    "salesGrowthYoY" : 21.40,
    "grossProfitMargin" : 100.00,
    "grossProfit" : 406.90,
    "operatingProfitMargin" : 81.44,
    "operatingProfit" : 331.38,
    "netProfitMargin" : 17.29,
    "netProfit" : 70.35
  }, {
    "date" : "2009-09-30",
    "sales" : 433.97,
    "salesGrowthYoY" : 23.61,
    "grossProfitMargin" : 100.00,
    "grossProfit" : 433.97,
    "operatingProfitMargin" : 77.00,
    "operatingProfit" : 334.16,
    "netProfitMargin" : 20.95,
    "netProfit" : 90.92
  }, {
    "date" : "2009-12-31",
    "sales" : 451.22,
    "salesGrowthYoY" : 20.28,
    "grossProfitMargin" : 100.00,
    "grossProfit" : 451.22,
    "operatingProfitMargin" : 75.75,
    "operatingProfit" : 341.80,
    "netProfitMargin" : 16.81,
    "netProfit" : 75.85
  }, {
    "date" : "2010-03-31",
    "sales" : 465.85,
    "salesGrowthYoY" : 16.71,
    "grossProfitMargin" : 100.00,
    "grossProfit" : 465.85,
    "operatingProfitMargin" : 77.74,
    "operatingProfit" : 362.15,
    "netProfitMargin" : 21.23,
    "netProfit" : 98.90
  }, {
    "date" : "2010-06-30",
    "sales" : 492.08,
    "salesGrowthYoY" : 20.93,
    "grossProfitMargin" : 100.00,
    "grossProfit" : 492.08,
    "operatingProfitMargin" : 80.45,
    "operatingProfit" : 395.88,
    "netProfitMargin" : 17.17,
    "netProfit" : 84.49
  }, {
    "date" : "2010-09-30",
    "sales" : 518.38,
    "salesGrowthYoY" : 19.45,
    "grossProfitMargin" : 100.00,
    "grossProfit" : 518.38,
    "operatingProfitMargin" : 75.68,
    "operatingProfit" : 392.31,
    "netProfitMargin" : 19.79,
    "netProfit" : 102.59
  }, {
    "date" : "2010-12-31",
    "sales" : 575.49,
    "salesGrowthYoY" : 27.54,
    "grossProfitMargin" : 100.00,
    "grossProfit" : 575.49,
    "operatingProfitMargin" : 79.89,
    "operatingProfit" : 459.76,
    "netProfitMargin" : 19.67,
    "netProfit" : 113.20
  }, {
    "date" : "2011-03-31",
    "sales" : 631.74,
    "salesGrowthYoY" : 35.61,
    "grossProfitMargin" : 100.00,
    "grossProfit" : 631.74,
    "operatingProfitMargin" : 79.13,
    "operatingProfit" : 499.90,
    "netProfitMargin" : 18.25,
    "netProfit" : 115.29
  }, {
    "date" : "2011-06-30",
    "sales" : 694.52,
    "salesGrowthYoY" : 41.14,
    "grossProfitMargin" : 100.00,
    "grossProfit" : 694.52,
    "operatingProfitMargin" : 78.18,
    "operatingProfit" : 542.98,
    "netProfitMargin" : 16.80,
    "netProfit" : 116.68
  }, {
    "date" : "2011-09-30",
    "sales" : 772.05,
    "salesGrowthYoY" : 48.94,
    "grossProfitMargin" : 100.00,
    "grossProfit" : 772.05,
    "operatingProfitMargin" : 80.99,
    "operatingProfit" : 625.28,
    "netProfitMargin" : 14.68,
    "netProfit" : 113.34
  }, {
    "date" : "2011-12-31",
    "sales" : 856.33,
    "salesGrowthYoY" : 48.80,
    "grossProfitMargin" : 100.00,
    "grossProfit" : 856.33,
    "operatingProfitMargin" : 80.10,
    "operatingProfit" : 685.92,
    "netProfitMargin" : 14.59,
    "netProfit" : 124.94
  }, {
    "date" : "2012-03-31",
    "sales" : 947.47,
    "salesGrowthYoY" : 49.98,
    "grossProfitMargin" : 100.00,
    "grossProfit" : 947.47,
    "operatingProfitMargin" : 82.42,
    "operatingProfit" : 780.90,
    "netProfitMargin" : 15.49,
    "netProfit" : 146.76
  }, {
    "date" : "2012-06-30",
    "sales" : 1005.53,
    "salesGrowthYoY" : 44.78,
    "grossProfitMargin" : 100.00,
    "grossProfit" : 1005.53,
    "operatingProfitMargin" : 85.52,
    "operatingProfit" : 859.93,
    "netProfitMargin" : 14.51,
    "netProfit" : 145.90
  }, {
    "date" : "2012-09-30",
    "sales" : 1038.65,
    "salesGrowthYoY" : 34.53,
    "grossProfitMargin" : 100.00,
    "grossProfit" : 1038.65,
    "operatingProfitMargin" : 84.99,
    "operatingProfit" : 882.75,
    "netProfitMargin" : 12.78,
    "netProfit" : 132.74
  }, {
    "date" : "2012-12-31",
    "sales" : 1072.10,
    "salesGrowthYoY" : 25.20,
    "grossProfitMargin" : 100.00,
    "grossProfit" : 1072.10,
    "operatingProfitMargin" : 75.08,
    "operatingProfit" : 804.93,
    "netProfitMargin" : 10.54,
    "netProfit" : 113.00
  }, {
    "date" : "2013-03-31",
    "sales" : 1126.15,
    "salesGrowthYoY" : 18.86,
    "grossProfitMargin" : 100.00,
    "grossProfit" : 1126.15,
    "operatingProfitMargin" : 71.85,
    "operatingProfit" : 809.14,
    "netProfitMargin" : 14.08,
    "netProfit" : 158.56
  }, {
    "date" : "2013-06-30",
    "sales" : 1222.53,
    "salesGrowthYoY" : 21.58,
    "grossProfitMargin" : 100.00,
    "grossProfit" : 1222.53,
    "operatingProfitMargin" : 68.65,
    "operatingProfit" : 839.27,
    "netProfitMargin" : 9.84,
    "netProfit" : 120.30
  }, {
    "date" : "2013-09-30",
    "sales" : 1272.69,
    "salesGrowthYoY" : 22.53,
    "grossProfitMargin" : 100.00,
    "grossProfit" : 1272.69,
    "operatingProfitMargin" : 71.22,
    "operatingProfit" : 906.41,
    "netProfitMargin" : 6.51,
    "netProfit" : 82.85
  }, {
    "date" : "2013-12-31",
    "sales" : 1298.00,
    "salesGrowthYoY" : 21.07,
    "grossProfitMargin" : 100.00,
    "grossProfit" : 1298.00,
    "operatingProfitMargin" : 76.24,
    "operatingProfit" : 989.60,
    "netProfitMargin" : 8.23,
    "netProfit" : 106.83
  }, {
    "date" : "2014-03-31",
    "sales" : 1322.74,
    "salesGrowthYoY" : 17.46,
    "grossProfitMargin" : 100.00,
    "grossProfit" : 1322.74,
    "operatingProfitMargin" : 70.15,
    "operatingProfit" : 927.90,
    "netProfitMargin" : 9.04,
    "netProfit" : 119.58
  }, {
    "date" : "2014-06-30",
    "sales" : 1344.49,
    "salesGrowthYoY" : 9.98,
    "grossProfitMargin" : 100.00,
    "grossProfit" : 1344.49,
    "operatingProfitMargin" : 75.39,
    "operatingProfit" : 1013.61,
    "netProfitMargin" : 9.08,
    "netProfit" : 122.08
  }, {
    "date" : "2014-09-30",
    "sales" : 1358.90,
    "salesGrowthYoY" : 6.77,
    "grossProfitMargin" : 100.00,
    "grossProfit" : 1358.90,
    "operatingProfitMargin" : 73.55,
    "operatingProfit" : 999.47,
    "netProfitMargin" : 6.66,
    "netProfit" : 90.50
  }, {
    "date" : "2014-12-31",
    "sales" : 1364.66,
    "salesGrowthYoY" : 5.14,
    "grossProfitMargin" : 100.00,
    "grossProfit" : 1364.66,
    "operatingProfitMargin" : 72.03,
    "operatingProfit" : 982.96,
    "netProfitMargin" : 8.34,
    "netProfit" : 113.81
  }, {
    "date" : "2015-03-31",
    "sales" : 1327.82,
    "salesGrowthYoY" : 0.38,
    "grossProfitMargin" : 100.00,
    "grossProfit" : 1327.82,
    "operatingProfitMargin" : 61.44,
    "operatingProfit" : 815.81,
    "netProfitMargin" : 9.73,
    "netProfit" : 129.20
  }, {
    "date" : "2015-06-30",
    "sales" : 1356.34,
    "salesGrowthYoY" : 0.88,
    "grossProfitMargin" : 100.00,
    "grossProfit" : 1356.34,
    "operatingProfitMargin" : 69.98,
    "operatingProfit" : 949.17,
    "netProfitMargin" : 9.92,
    "netProfit" : 134.55
  }, {
    "date" : "2015-09-30",
    "sales" : 1364.53,
    "salesGrowthYoY" : 0.41,
    "grossProfitMargin" : 100.00,
    "grossProfit" : 1364.53,
    "operatingProfitMargin" : 69.66,
    "operatingProfit" : 950.53,
    "netProfitMargin" : 10.42,
    "netProfit" : 142.18
  }, {
    "date" : "2015-12-31",
    "sales" : 1352.36,
    "salesGrowthYoY" : -0.90,
    "grossProfitMargin" : 100.00,
    "grossProfit" : 1352.36,
    "operatingProfitMargin" : 71.30,
    "operatingProfit" : 964.23,
    "netProfitMargin" : 11.30,
    "netProfit" : 152.82
  }, {
    "date" : "2016-03-31",
    "sales" : 1370.18,
    "salesGrowthYoY" : 3.19,
    "grossProfitMargin" : 100.00,
    "grossProfit" : 1370.18,
    "operatingProfitMargin" : 73.19,
    "operatingProfit" : 1002.83,
    "netProfitMargin" : 10.07,
    "netProfit" : 137.98
  }, {
    "date" : "2016-06-30",
    "sales" : 1385.03,
    "salesGrowthYoY" : 2.12,
    "grossProfitMargin" : 100.00,
    "grossProfit" : 1385.03,
    "operatingProfitMargin" : 69.15,
    "operatingProfit" : 957.75,
    "netProfitMargin" : 10.57,
    "netProfit" : 146.40
  }, {
    "date" : "2016-09-30",
    "sales" : 1392.92,
    "salesGrowthYoY" : 2.08,
    "grossProfitMargin" : 100.00,
    "grossProfit" : 1392.92,
    "operatingProfitMargin" : 63.21,
    "operatingProfit" : 880.46,
    "netProfitMargin" : 9.07,
    "netProfit" : 126.34
  }, {
    "date" : "2016-12-31",
    "sales" : 1411.16,
    "salesGrowthYoY" : 4.35,
    "grossProfitMargin" : 100.00,
    "grossProfit" : 1411.16,
    "operatingProfitMargin" : 63.84,
    "operatingProfit" : 900.88,
    "netProfitMargin" : 8.20,
    "netProfit" : 115.72
  }, {
    "date" : "2017-03-31",
    "sales" : 1433.24,
    "salesGrowthYoY" : 4.60,
    "grossProfitMargin" : 100.00,
    "grossProfit" : 1433.24,
    "operatingProfitMargin" : 63.55,
    "operatingProfit" : 910.82,
    "netProfitMargin" : 15.18,
    "netProfit" : 217.57
  }, {
    "date" : "2017-06-30",
    "sales" : 1384.08,
    "salesGrowthYoY" : -0.07,
    "grossProfitMargin" : 100.00,
    "grossProfit" : 1384.08,
    "operatingProfitMargin" : 59.62,
    "operatingProfit" : 825.19,
    "netProfitMargin" : 10.69,
    "netProfit" : 147.96
  }, {
    "date" : "2017-09-30",
    "sales" : 1402.37,
    "salesGrowthYoY" : 0.68,
    "grossProfitMargin" : 100.00,
    "grossProfit" : 1402.37,
    "operatingProfitMargin" : 51.55,
    "operatingProfit" : 722.92,
    "netProfitMargin" : 5.39,
    "netProfit" : 75.59
  }, {
    "date" : "2017-12-31",
    "sales" : 1422.32,
    "salesGrowthYoY" : 0.79,
    "grossProfitMargin" : 100.00,
    "grossProfit" : 1422.32,
    "operatingProfitMargin" : 51.49,
    "operatingProfit" : 732.35,
    "netProfitMargin" : 5.03,
    "netProfit" : 71.54
  }, {
    "date" : "2018-03-31",
    "sales" : 1490.88,
    "salesGrowthYoY" : 4.02,
    "grossProfitMargin" : 100.00,
    "grossProfit" : 1490.88,
    "operatingProfitMargin" : 48.62,
    "operatingProfit" : 724.87,
    "netProfitMargin" : 3.39,
    "netProfit" : 50.54
  }, {
    "date" : "2018-06-30",
    "sales" : 1442.53,
    "salesGrowthYoY" : 4.22,
    "grossProfitMargin" : 100.00,
    "grossProfit" : 1442.53,
    "operatingProfitMargin" : 44.44,
    "operatingProfit" : 641.06,
    "netProfitMargin" : 3.18,
    "netProfit" : 45.87
  }, {
    "date" : "2018-09-30",
    "sales" : 1456.94,
    "salesGrowthYoY" : 3.89,
    "grossProfitMargin" : 100.00,
    "grossProfit" : 1456.94,
    "operatingProfitMargin" : 58.38,
    "operatingProfit" : 850.56,
    "netProfitMargin" : 5.75,
    "netProfit" : 83.77
  }, {
    "date" : "2018-12-31",
    "sales" : 1442.76,
    "salesGrowthYoY" : 1.44,
    "grossProfitMargin" : 100.00,
    "grossProfit" : 1442.76,
    "operatingProfitMargin" : 43.43,
    "operatingProfit" : 626.59,
    "netProfitMargin" : 1.47,
    "netProfit" : 21.21
  }, {
    "date" : "2019-03-31",
    "sales" : 1473.59,
    "salesGrowthYoY" : -1.16,
    "grossProfitMargin" : 100.00,
    "grossProfit" : 1473.59,
    "operatingProfitMargin" : 47.12,
    "operatingProfit" : 694.36,
    "netProfitMargin" : 4.07,
    "netProfit" : 59.98
  }, {
    "date" : "2019-06-30",
    "sales" : 1492.53,
    "salesGrowthYoY" : 3.47,
    "grossProfitMargin" : 100.00,
    "grossProfit" : 1492.53,
    "operatingProfitMargin" : 50.51,
    "operatingProfit" : 753.88,
    "netProfitMargin" : 4.89,
    "netProfit" : 72.98
  }, {
    "date" : "2019-09-30",
    "sales" : 1537.51,
    "salesGrowthYoY" : 5.53,
    "grossProfitMargin" : 100.00,
    "grossProfit" : 1537.51,
    "operatingProfitMargin" : 47.45,
    "operatingProfit" : 729.55,
    "netProfitMargin" : 4.12,
    "netProfit" : 63.35
  }, {
    "date" : "2019-12-31",
    "sales" : 1503.78,
    "salesGrowthYoY" : 4.23,
    "grossProfitMargin" : 100.00,
    "grossProfit" : 1503.78,
    "operatingProfitMargin" : 45.68,
    "operatingProfit" : 686.93,
    "netProfitMargin" : 1.00,
    "netProfit" : 15.04
  }, {
    "date" : "2020-03-31",
    "sales" : 1456.16,
    "salesGrowthYoY" : -1.18,
    "grossProfitMargin" : 100.00,
    "grossProfit" : 1456.16,
    "operatingProfitMargin" : 40.47,
    "operatingProfit" : 589.31,
    "netProfitMargin" : 5.75,
    "netProfit" : 83.73
  }, {
    "date" : "2020-06-30",
    "sales" : 1376.10,
    "salesGrowthYoY" : -7.80,
    "grossProfitMargin" : 100.00,
    "grossProfit" : 1376.10,
    "operatingProfitMargin" : 46.03,
    "operatingProfit" : 633.42,
    "netProfitMargin" : 7.67,
    "netProfit" : 105.55
  }, {
    "date" : "2020-09-30",
    "sales" : 1394.70,
    "salesGrowthYoY" : -9.29,
    "grossProfitMargin" : 100.00,
    "grossProfit" : 1394.70,
    "operatingProfitMargin" : 55.53,
    "operatingProfit" : 774.48,
    "netProfitMargin" : 8.24,
    "netProfit" : 114.92
  }, {
    "date" : "2020-12-31",
    "sales" : 1350.31,
    "salesGrowthYoY" : -10.21,
    "grossProfitMargin" : 100.00,
    "grossProfit" : 1350.31,
    "operatingProfitMargin" : 42.28,
    "operatingProfit" : 570.91,
    "netProfitMargin" : 2.56,
    "netProfit" : 34.57
  }, {
    "date" : "2021-03-31",
    "sales" : 1349.31,
    "salesGrowthYoY" : -7.34,
    "grossProfitMargin" : 100.00,
    "grossProfit" : 1349.31,
    "operatingProfitMargin" : 55.28,
    "operatingProfit" : 745.90,
    "netProfitMargin" : 7.74,
    "netProfit" : 104.44
  }, {
    "date" : "2021-06-30",
    "sales" : 1375.94,
    "salesGrowthYoY" : -0.01,
    "grossProfitMargin" : 100.00,
    "grossProfit" : 1375.94,
    "operatingProfitMargin" : 50.82,
    "operatingProfit" : 699.25,
    "netProfitMargin" : 7.91,
    "netProfit" : 108.84
  }, {
    "date" : "2021-09-30",
    "sales" : 1397.95,
    "salesGrowthYoY" : 0.23,
    "grossProfitMargin" : 100.00,
    "grossProfit" : 1397.95,
    "operatingProfitMargin" : 54.67,
    "operatingProfit" : 764.26,
    "netProfitMargin" : 11.84,
    "netProfit" : 165.52
  }, {
    "date" : "2021-12-31",
    "sales" : 1404.51,
    "salesGrowthYoY" : 4.01,
    "grossProfitMargin" : 100.00,
    "grossProfit" : 1404.51,
    "operatingProfitMargin" : 55.33,
    "operatingProfit" : 777.12,
    "netProfitMargin" : 13.21,
    "netProfit" : 185.54
  }, {
    "date" : "2022-03-31",
    "sales" : 1409.27,
    "salesGrowthYoY" : 4.44,
    "grossProfitMargin" : 100.00,
    "grossProfit" : 1409.27,
    "operatingProfitMargin" : 56.42,
    "operatingProfit" : 795.11,
    "netProfitMargin" : 15.15,
    "netProfit" : 213.50
  }, {
    "date" : "2022-06-30",
    "sales" : 1473.53,
    "salesGrowthYoY" : 7.09,
    "grossProfitMargin" : 100.00,
    "grossProfit" : 1473.53,
    "operatingProfitMargin" : 57.64,
    "operatingProfit" : 849.34,
    "netProfitMargin" : 15.52,
    "netProfit" : 228.69
  }, {
    "date" : "2022-09-30",
    "sales" : 1579.48,
    "salesGrowthYoY" : 12.99,
    "grossProfitMargin" : 100.00,
    "grossProfit" : 1579.48,
    "operatingProfitMargin" : 54.56,
    "operatingProfit" : 861.76,
    "netProfitMargin" : 15.84,
    "netProfit" : 250.19
  }, {
    "date" : "2022-12-31",
    "sales" : 1695.22,
    "salesGrowthYoY" : 20.70,
    "grossProfitMargin" : 100.00,
    "grossProfit" : 1695.22,
    "operatingProfitMargin" : 47.99,
    "operatingProfit" : 813.54,
    "netProfitMargin" : 17.07,
    "netProfit" : 289.37
  }, {
    "date" : "2023-03-31",
    "sales" : 1768.32,
    "salesGrowthYoY" : 25.48,
    "grossProfitMargin" : 100.00,
    "grossProfit" : 1768.32,
    "operatingProfitMargin" : 52.08,
    "operatingProfit" : 920.94,
    "netProfitMargin" : 19.10,
    "netProfit" : 337.75
  }, {
    "date" : "2023-06-30",
    "sales" : 1882.91,
    "salesGrowthYoY" : 27.78,
    "grossProfitMargin" : 100.00,
    "grossProfit" : 1882.91,
    "operatingProfitMargin" : 60.63,
    "operatingProfit" : 1141.61,
    "netProfitMargin" : 19.05,
    "netProfit" : 358.69
  }, {
    "date" : "2023-09-30",
    "sales" : 1997.08,
    "salesGrowthYoY" : 26.44,
    "grossProfitMargin" : 100.00,
    "grossProfit" : 1997.08,
    "operatingProfitMargin" : 62.81,
    "operatingProfit" : 1254.37,
    "netProfitMargin" : 18.95,
    "netProfit" : 378.45
  }, {
    "date" : "2023-12-31",
    "sales" : 2139.38,
    "salesGrowthYoY" : 26.20,
    "grossProfitMargin" : 100.00,
    "grossProfit" : 2139.38,
    "operatingProfitMargin" : 61.07,
    "operatingProfit" : 1306.52,
    "netProfitMargin" : 19.24,
    "netProfit" : 411.62
  }, {
    "date" : "2024-03-31",
    "sales" : 2187.05,
    "salesGrowthYoY" : 23.68,
    "grossProfitMargin" : 100.00,
    "grossProfit" : 2187.05,
    "operatingProfitMargin" : 51.95,
    "operatingProfit" : 1136.17,
    "netProfitMargin" : 20.85,
    "netProfit" : 456.00
  }, {
    "date" : "2024-06-30",
    "sales" : 2284.53,
    "salesGrowthYoY" : 21.33,
    "grossProfitMargin" : 100.00,
    "grossProfit" : 2284.53,
    "operatingProfitMargin" : 64.99,
    "operatingProfit" : 1484.72,
    "netProfitMargin" : 20.08,
    "netProfit" : 458.73
  }, {
    "date" : "2024-09-30",
    "sales" : 2386.53,
    "salesGrowthYoY" : 19.50,
    "grossProfitMargin" : 100.00,
    "grossProfit" : 2386.53,
    "operatingProfitMargin" : 62.47,
    "operatingProfit" : 1490.87,
    "netProfitMargin" : 19.84,
    "netProfit" : 473.49
  }, {
    "date" : "2024-12-31",
    "sales" : 2488.62,
    "salesGrowthYoY" : 16.32,
    "grossProfitMargin" : 100.00,
    "grossProfit" : 2488.62,
    "operatingProfitMargin" : 64.70,
    "operatingProfit" : 1610.14,
    "netProfitMargin" : 19.93,
    "netProfit" : 495.98
  }, {
    "date" : "2025-03-31",
    "sales" : 2515.93,
    "salesGrowthYoY" : 15.04,
    "grossProfitMargin" : 100.00,
    "grossProfit" : 2515.93,
    "operatingProfitMargin" : 63.23,
    "operatingProfit" : 1590.82,
    "netProfitMargin" : 20.40,
    "netProfit" : 513.25
  }, {
    "date" : "2025-06-30",
    "sales" : 2568.55,
    "salesGrowthYoY" : 12.43,
    "grossProfitMargin" : 100.00,
    "grossProfit" : 2568.55,
    "operatingProfitMargin" : 67.33,
    "operatingProfit" : 1729.40,
    "netProfitMargin" : 20.30,
    "netProfit" : 521.42
  }, {
    "date" : "2025-09-30",
    "sales" : 2807.97,
    "salesGrowthYoY" : 17.66,
    "grossProfitMargin" : 100.00,
    "grossProfit" : 2807.97,
    "operatingProfitMargin" : 63.30,
    "operatingProfit" : 1777.45,
    "netProfitMargin" : 20.44,
    "netProfit" : 573.95
  }, {
    "date" : "2025-12-31",
    "sales" : 2794.18,
    "salesGrowthYoY" : 12.28,
    "grossProfitMargin" : 100.00,
    "grossProfit" : 2794.18,
    "operatingProfitMargin" : 69.66,
    "operatingProfit" : 1946.43,
    "netProfitMargin" : 24.69,
    "netProfit" : 689.88
  } ],
  "latestQuarterlyResult" : {
    "date" : "2025-12-31",
    "sales" : 2794.18,
    "salesGrowthYoY" : 12.28,
    "grossProfitMargin" : 100.00,
    "grossProfit" : 2794.18,
    "operatingProfitMargin" : 69.66,
    "operatingProfit" : 1946.43,
    "netProfitMargin" : 24.69,
    "netProfit" : 689.88
  },
  "companyScore" : {
    "priceHigherThanDma50" : 5.00,
    "priceHigherThanDma100" : 5.00,
    "priceHigherThanDma200" : 5.00,
    "dma50HigherThanDma100" : 5.00,
    "dma50HigherThanDma200" : 5.00,
    "dma100HigherThanDma200" : 5.00,
    "pricePercentageAboveDma50" : 4.40,
    "pricePercentageAboveDma100" : 3.81,
    "pricePercentageAboveDma200" : 3.35,
    "weeklyVolumeHigherThanYearlyVolume" : 0.00,
    "salesGrowthPercentile" : 8.50,
    "operatingProfitMarginPercentile" : 12.96,
    "netProfitMarginPercentile" : 9.88,
    "totalTechnicalScore" : 41.55,
    "totalFundamentalScore" : 31.34,
    "totalScore" : 72.89
  }
}