{
  "metadata" : {
    "screenerCompanyId" : "1378",
    "companyCode" : "KINGFA",
    "companyName" : "Kingfa Science",
    "screenerCompanyLink" : "https://www.screener.in/company/KINGFA/",
    "screenerTechnicalHistoryLink" : "https://www.screener.in/api/company/1378/chart/?q=Price-DMA50-DMA200-Volume&days=365",
    "screenerQuarterlyResultsLink" : "https://www.screener.in/api/company/1378/chart/?q=GPM-OPM-NPM-Quarter+Sales&days=10000",
    "attributes" : {
      "companyCode" : "KINGFA",
      "companyName" : "Kingfa Science",
      "marketCap" : 5833.00,
      "peRatio" : 34.70,
      "description" : "Kingfa Science & Technology (India) Limited, a subsidiary company of M/s Kingfa Science & Technology Co. Ltd China, is engaged in the business of manufacturing and supply of high-quality modified plastic compounds for automotive and consumer products and personal protective equipments like masks and gloves. [1]"
    },
    "companyScore" : {
      "priceHigherThanDma50" : 5.00,
      "priceHigherThanDma100" : 0.00,
      "priceHigherThanDma200" : 5.00,
      "dma50HigherThanDma100" : 0.00,
      "dma50HigherThanDma200" : 5.00,
      "dma100HigherThanDma200" : 5.00,
      "pricePercentageAboveDma50" : 4.96,
      "pricePercentageAboveDma100" : 5.01,
      "pricePercentageAboveDma200" : 4.58,
      "weeklyVolumeHigherThanYearlyVolume" : 0.00,
      "salesGrowthPercentile" : 6.50,
      "operatingProfitMarginPercentile" : 18.33,
      "netProfitMarginPercentile" : 9.64,
      "totalTechnicalScore" : 34.55,
      "totalFundamentalScore" : 34.48,
      "totalScore" : 69.03
    }
  },
  "attributes" : {
    "companyCode" : "KINGFA",
    "companyName" : "Kingfa Science",
    "marketCap" : 5833.00,
    "peRatio" : 34.70,
    "description" : "Kingfa Science & Technology (India) Limited, a subsidiary company of M/s Kingfa Science & Technology Co. Ltd China, is engaged in the business of manufacturing and supply of high-quality modified plastic compounds for automotive and consumer products and personal protective equipments like masks and gloves. [1]"
  },
  "technicalHistory" : [ {
    "date" : "2025-02-17",
    "price" : 2725.15,
    "dma50" : 3114.15,
    "dma100" : null,
    "dma200" : 2910.30,
    "volume" : 9593.00
  }, {
    "date" : "2025-02-18",
    "price" : 2702.50,
    "dma50" : 3098.00,
    "dma100" : null,
    "dma200" : 2908.23,
    "volume" : 3892.00
  }, {
    "date" : "2025-02-19",
    "price" : 2820.45,
    "dma50" : 3087.12,
    "dma100" : null,
    "dma200" : 2907.36,
    "volume" : 5152.00
  }, {
    "date" : "2025-02-20",
    "price" : 2870.75,
    "dma50" : 3078.63,
    "dma100" : null,
    "dma200" : 2907.00,
    "volume" : 4962.00
  }, {
    "date" : "2025-02-21",
    "price" : 2863.95,
    "dma50" : 3070.21,
    "dma100" : null,
    "dma200" : 2906.57,
    "volume" : 6828.00
  }, {
    "date" : "2025-02-24",
    "price" : 2910.40,
    "dma50" : 3063.95,
    "dma100" : null,
    "dma200" : 2906.61,
    "volume" : 6967.00
  }, {
    "date" : "2025-02-25",
    "price" : 2919.30,
    "dma50" : 3058.28,
    "dma100" : null,
    "dma200" : 2906.73,
    "volume" : 9471.00
  }, {
    "date" : "2025-02-27",
    "price" : 2848.20,
    "dma50" : 3050.04,
    "dma100" : null,
    "dma200" : 2906.15,
    "volume" : 16362.00
  }, {
    "date" : "2025-02-28",
    "price" : 2895.70,
    "dma50" : 3043.98,
    "dma100" : null,
    "dma200" : 2906.05,
    "volume" : 6220.00
  }, {
    "date" : "2025-03-03",
    "price" : 2791.05,
    "dma50" : 3034.07,
    "dma100" : null,
    "dma200" : 2904.90,
    "volume" : 11328.00
  }, {
    "date" : "2025-03-04",
    "price" : 2750.75,
    "dma50" : 3022.96,
    "dma100" : null,
    "dma200" : 2903.37,
    "volume" : 8603.00
  }, {
    "date" : "2025-03-05",
    "price" : 2870.35,
    "dma50" : 3016.97,
    "dma100" : null,
    "dma200" : 2903.04,
    "volume" : 10185.00
  }, {
    "date" : "2025-03-06",
    "price" : 2943.50,
    "dma50" : 3014.09,
    "dma100" : null,
    "dma200" : 2903.44,
    "volume" : 7993.00
  }, {
    "date" : "2025-03-07",
    "price" : 2924.20,
    "dma50" : 3010.56,
    "dma100" : null,
    "dma200" : 2903.65,
    "volume" : 7546.00
  }, {
    "date" : "2025-03-10",
    "price" : 2827.70,
    "dma50" : 3003.39,
    "dma100" : null,
    "dma200" : 2902.89,
    "volume" : 7737.00
  }, {
    "date" : "2025-03-11",
    "price" : 2785.25,
    "dma50" : 2994.84,
    "dma100" : null,
    "dma200" : 2901.72,
    "volume" : 4013.00
  }, {
    "date" : "2025-03-12",
    "price" : 2752.15,
    "dma50" : 2985.32,
    "dma100" : null,
    "dma200" : 2900.23,
    "volume" : 3919.00
  }, {
    "date" : "2025-03-13",
    "price" : 2797.00,
    "dma50" : 2977.94,
    "dma100" : null,
    "dma200" : 2899.21,
    "volume" : 4828.00
  }, {
    "date" : "2025-03-17",
    "price" : 2763.05,
    "dma50" : 2969.51,
    "dma100" : null,
    "dma200" : 2897.85,
    "volume" : 3603.00
  }, {
    "date" : "2025-03-18",
    "price" : 2829.15,
    "dma50" : 2964.01,
    "dma100" : null,
    "dma200" : 2897.17,
    "volume" : 5660.00
  }, {
    "date" : "2025-03-19",
    "price" : 2816.00,
    "dma50" : 2958.20,
    "dma100" : null,
    "dma200" : 2896.36,
    "volume" : 6706.00
  }, {
    "date" : "2025-03-20",
    "price" : 2794.90,
    "dma50" : 2951.80,
    "dma100" : null,
    "dma200" : 2895.35,
    "volume" : 8468.00
  }, {
    "date" : "2025-03-21",
    "price" : 2752.00,
    "dma50" : 2943.96,
    "dma100" : null,
    "dma200" : 2893.93,
    "volume" : 10366.00
  }, {
    "date" : "2025-03-24",
    "price" : 2854.55,
    "dma50" : 2940.46,
    "dma100" : null,
    "dma200" : 2893.53,
    "volume" : 18188.00
  }, {
    "date" : "2025-03-25",
    "price" : 2815.75,
    "dma50" : 2935.57,
    "dma100" : null,
    "dma200" : 2892.76,
    "volume" : 7512.00
  }, {
    "date" : "2025-03-26",
    "price" : 2805.35,
    "dma50" : 2930.46,
    "dma100" : null,
    "dma200" : 2891.89,
    "volume" : 4807.00
  }, {
    "date" : "2025-03-27",
    "price" : 2885.85,
    "dma50" : 2928.71,
    "dma100" : null,
    "dma200" : 2891.83,
    "volume" : 9478.00
  }, {
    "date" : "2025-03-28",
    "price" : 2949.30,
    "dma50" : 2929.52,
    "dma100" : null,
    "dma200" : 2892.40,
    "volume" : 9374.00
  }, {
    "date" : "2025-04-01",
    "price" : 2940.40,
    "dma50" : 2929.94,
    "dma100" : null,
    "dma200" : 2892.88,
    "volume" : 5640.00
  }, {
    "date" : "2025-04-02",
    "price" : 2957.40,
    "dma50" : 2931.02,
    "dma100" : null,
    "dma200" : 2893.52,
    "volume" : 2742.00
  }, {
    "date" : "2025-04-03",
    "price" : 3115.80,
    "dma50" : 2938.27,
    "dma100" : null,
    "dma200" : 2895.73,
    "volume" : 27969.00
  }, {
    "date" : "2025-04-04",
    "price" : 3053.45,
    "dma50" : 2942.78,
    "dma100" : null,
    "dma200" : 2897.30,
    "volume" : 8627.00
  }, {
    "date" : "2025-04-07",
    "price" : 2953.35,
    "dma50" : 2943.20,
    "dma100" : null,
    "dma200" : 2897.86,
    "volume" : 11767.00
  }, {
    "date" : "2025-04-08",
    "price" : 2964.70,
    "dma50" : 2944.04,
    "dma100" : null,
    "dma200" : 2898.53,
    "volume" : 6845.00
  }, {
    "date" : "2025-04-09",
    "price" : 2925.70,
    "dma50" : 2943.32,
    "dma100" : null,
    "dma200" : 2898.80,
    "volume" : 3037.00
  }, {
    "date" : "2025-04-11",
    "price" : 2992.35,
    "dma50" : 2945.24,
    "dma100" : null,
    "dma200" : 2899.73,
    "volume" : 7260.00
  }, {
    "date" : "2025-04-15",
    "price" : 3190.90,
    "dma50" : 2954.88,
    "dma100" : null,
    "dma200" : 2902.62,
    "volume" : 28545.00
  }, {
    "date" : "2025-04-16",
    "price" : 3162.50,
    "dma50" : 2963.02,
    "dma100" : null,
    "dma200" : 2905.21,
    "volume" : 5330.00
  }, {
    "date" : "2025-04-17",
    "price" : 3114.20,
    "dma50" : 2968.95,
    "dma100" : null,
    "dma200" : 2907.29,
    "volume" : 8354.00
  }, {
    "date" : "2025-04-21",
    "price" : 3141.10,
    "dma50" : 2975.70,
    "dma100" : null,
    "dma200" : 2909.62,
    "volume" : 6399.00
  }, {
    "date" : "2025-04-22",
    "price" : 3141.10,
    "dma50" : 2982.19,
    "dma100" : null,
    "dma200" : 2911.92,
    "volume" : 10702.00
  }, {
    "date" : "2025-04-23",
    "price" : 3116.40,
    "dma50" : 2987.45,
    "dma100" : null,
    "dma200" : 2913.95,
    "volume" : 6003.00
  }, {
    "date" : "2025-04-24",
    "price" : 3105.80,
    "dma50" : 2992.09,
    "dma100" : null,
    "dma200" : 2915.86,
    "volume" : 4155.00
  }, {
    "date" : "2025-04-25",
    "price" : 2964.90,
    "dma50" : 2991.02,
    "dma100" : null,
    "dma200" : 2916.35,
    "volume" : 8740.00
  }, {
    "date" : "2025-04-28",
    "price" : 2987.00,
    "dma50" : 2990.87,
    "dma100" : null,
    "dma200" : 2917.05,
    "volume" : 4092.00
  }, {
    "date" : "2025-04-29",
    "price" : 3048.40,
    "dma50" : 2993.12,
    "dma100" : null,
    "dma200" : 2918.36,
    "volume" : 5664.00
  }, {
    "date" : "2025-04-30",
    "price" : 3137.20,
    "dma50" : 2998.77,
    "dma100" : null,
    "dma200" : 2920.54,
    "volume" : 8294.00
  }, {
    "date" : "2025-05-02",
    "price" : 3140.80,
    "dma50" : 3004.34,
    "dma100" : null,
    "dma200" : 2922.73,
    "volume" : 23049.00
  }, {
    "date" : "2025-05-05",
    "price" : 3179.80,
    "dma50" : 3011.22,
    "dma100" : null,
    "dma200" : 2925.29,
    "volume" : 10931.00
  }, {
    "date" : "2025-05-06",
    "price" : 3040.00,
    "dma50" : 3012.35,
    "dma100" : null,
    "dma200" : 2926.43,
    "volume" : 6108.00
  }, {
    "date" : "2025-05-07",
    "price" : 2995.80,
    "dma50" : 3011.70,
    "dma100" : null,
    "dma200" : 2927.12,
    "volume" : 7139.00
  }, {
    "date" : "2025-05-08",
    "price" : 2995.70,
    "dma50" : 3011.07,
    "dma100" : null,
    "dma200" : 2927.80,
    "volume" : 8108.00
  }, {
    "date" : "2025-05-09",
    "price" : 2952.20,
    "dma50" : 3008.77,
    "dma100" : null,
    "dma200" : 2928.04,
    "volume" : 9480.00
  }, {
    "date" : "2025-05-12",
    "price" : 3187.60,
    "dma50" : 3015.78,
    "dma100" : null,
    "dma200" : 2930.63,
    "volume" : 13418.00
  }, {
    "date" : "2025-05-13",
    "price" : 3193.20,
    "dma50" : 3022.74,
    "dma100" : null,
    "dma200" : 2933.24,
    "volume" : 7428.00
  }, {
    "date" : "2025-05-14",
    "price" : 3221.50,
    "dma50" : 3030.53,
    "dma100" : null,
    "dma200" : 2936.11,
    "volume" : 6515.00
  }, {
    "date" : "2025-05-15",
    "price" : 3269.10,
    "dma50" : 3039.89,
    "dma100" : null,
    "dma200" : 2939.42,
    "volume" : 6974.00
  }, {
    "date" : "2025-05-16",
    "price" : 3205.70,
    "dma50" : 3046.39,
    "dma100" : null,
    "dma200" : 2942.07,
    "volume" : 10752.00
  }, {
    "date" : "2025-05-19",
    "price" : 3305.10,
    "dma50" : 3056.54,
    "dma100" : null,
    "dma200" : 2945.68,
    "volume" : 14027.00
  }, {
    "date" : "2025-05-20",
    "price" : 3261.80,
    "dma50" : 3064.58,
    "dma100" : null,
    "dma200" : 2948.83,
    "volume" : 3541.00
  }, {
    "date" : "2025-05-21",
    "price" : 3176.30,
    "dma50" : 3068.97,
    "dma100" : null,
    "dma200" : 2951.09,
    "volume" : 8407.00
  }, {
    "date" : "2025-05-22",
    "price" : 3309.30,
    "dma50" : 3078.39,
    "dma100" : null,
    "dma200" : 2954.66,
    "volume" : 22872.00
  }, {
    "date" : "2025-05-23",
    "price" : 3317.80,
    "dma50" : 3087.78,
    "dma100" : null,
    "dma200" : 2958.27,
    "volume" : 9754.00
  }, {
    "date" : "2025-05-26",
    "price" : 3358.70,
    "dma50" : 3098.40,
    "dma100" : null,
    "dma200" : 2962.25,
    "volume" : 11440.00
  }, {
    "date" : "2025-05-27",
    "price" : 3412.30,
    "dma50" : 3110.71,
    "dma100" : null,
    "dma200" : 2966.73,
    "volume" : 8589.00
  }, {
    "date" : "2025-05-28",
    "price" : 3466.50,
    "dma50" : 3124.67,
    "dma100" : null,
    "dma200" : 2971.70,
    "volume" : 15981.00
  }, {
    "date" : "2025-05-29",
    "price" : 3406.40,
    "dma50" : 3135.71,
    "dma100" : null,
    "dma200" : 2976.03,
    "volume" : 37158.00
  }, {
    "date" : "2025-05-30",
    "price" : 3452.90,
    "dma50" : 3148.15,
    "dma100" : null,
    "dma200" : 2980.77,
    "volume" : 11175.00
  }, {
    "date" : "2025-06-02",
    "price" : 3365.50,
    "dma50" : 3156.68,
    "dma100" : null,
    "dma200" : 2984.60,
    "volume" : 11631.00
  }, {
    "date" : "2025-06-03",
    "price" : 3307.40,
    "dma50" : 3162.59,
    "dma100" : null,
    "dma200" : 2987.81,
    "volume" : 7517.00
  }, {
    "date" : "2025-06-04",
    "price" : 3296.20,
    "dma50" : 3167.83,
    "dma100" : null,
    "dma200" : 2990.88,
    "volume" : 3598.00
  }, {
    "date" : "2025-06-05",
    "price" : 3293.50,
    "dma50" : 3172.75,
    "dma100" : null,
    "dma200" : 2993.89,
    "volume" : 6398.00
  }, {
    "date" : "2025-06-06",
    "price" : 3215.20,
    "dma50" : 3174.42,
    "dma100" : null,
    "dma200" : 2996.10,
    "volume" : 5071.00
  }, {
    "date" : "2025-06-09",
    "price" : 3103.60,
    "dma50" : 3171.64,
    "dma100" : null,
    "dma200" : 2997.17,
    "volume" : 24106.00
  }, {
    "date" : "2025-06-10",
    "price" : 3096.10,
    "dma50" : 3168.68,
    "dma100" : null,
    "dma200" : 2998.15,
    "volume" : 11247.00
  }, {
    "date" : "2025-06-11",
    "price" : 3114.90,
    "dma50" : 3166.57,
    "dma100" : null,
    "dma200" : 2999.31,
    "volume" : 10647.00
  }, {
    "date" : "2025-06-12",
    "price" : 3071.00,
    "dma50" : 3162.82,
    "dma100" : null,
    "dma200" : 3000.03,
    "volume" : 10424.00
  }, {
    "date" : "2025-06-13",
    "price" : 3107.20,
    "dma50" : 3160.64,
    "dma100" : null,
    "dma200" : 3001.09,
    "volume" : 11203.00
  }, {
    "date" : "2025-06-16",
    "price" : 3076.20,
    "dma50" : 3157.33,
    "dma100" : null,
    "dma200" : 3001.84,
    "volume" : 8539.00
  }, {
    "date" : "2025-06-17",
    "price" : 3062.40,
    "dma50" : 3153.61,
    "dma100" : null,
    "dma200" : 3002.44,
    "volume" : 5439.00
  }, {
    "date" : "2025-06-18",
    "price" : 3109.90,
    "dma50" : 3151.89,
    "dma100" : null,
    "dma200" : 3003.51,
    "volume" : 11010.00
  }, {
    "date" : "2025-06-19",
    "price" : 3050.90,
    "dma50" : 3147.93,
    "dma100" : null,
    "dma200" : 3003.98,
    "volume" : 8682.00
  }, {
    "date" : "2025-06-20",
    "price" : 3060.50,
    "dma50" : 3144.50,
    "dma100" : null,
    "dma200" : 3004.55,
    "volume" : 5362.00
  }, {
    "date" : "2025-06-23",
    "price" : 3068.10,
    "dma50" : 3141.51,
    "dma100" : null,
    "dma200" : 3005.18,
    "volume" : 5228.00
  }, {
    "date" : "2025-06-24",
    "price" : 3095.10,
    "dma50" : 3139.69,
    "dma100" : null,
    "dma200" : 3006.07,
    "volume" : 8559.00
  }, {
    "date" : "2025-06-25",
    "price" : 3164.50,
    "dma50" : 3140.66,
    "dma100" : null,
    "dma200" : 3007.65,
    "volume" : 7728.00
  }, {
    "date" : "2025-06-26",
    "price" : 3243.50,
    "dma50" : 3144.69,
    "dma100" : null,
    "dma200" : 3010.00,
    "volume" : 11448.00
  }, {
    "date" : "2025-06-27",
    "price" : 3325.60,
    "dma50" : 3151.79,
    "dma100" : null,
    "dma200" : 3013.14,
    "volume" : 14278.00
  }, {
    "date" : "2025-06-30",
    "price" : 3450.10,
    "dma50" : 3163.49,
    "dma100" : null,
    "dma200" : 3017.48,
    "volume" : 24560.00
  }, {
    "date" : "2025-07-01",
    "price" : 3533.00,
    "dma50" : 3177.98,
    "dma100" : null,
    "dma200" : 3022.61,
    "volume" : 32323.00
  }, {
    "date" : "2025-07-02",
    "price" : 3434.00,
    "dma50" : 3188.02,
    "dma100" : null,
    "dma200" : 3026.71,
    "volume" : 7246.00
  }, {
    "date" : "2025-07-03",
    "price" : 3394.20,
    "dma50" : 3196.10,
    "dma100" : null,
    "dma200" : 3030.36,
    "volume" : 6449.00
  }, {
    "date" : "2025-07-04",
    "price" : 3405.50,
    "dma50" : 3204.31,
    "dma100" : null,
    "dma200" : 3034.10,
    "volume" : 8550.00
  }, {
    "date" : "2025-07-07",
    "price" : 3637.20,
    "dma50" : 3221.29,
    "dma100" : null,
    "dma200" : 3040.10,
    "volume" : 56450.00
  }, {
    "date" : "2025-07-08",
    "price" : 3572.10,
    "dma50" : 3235.05,
    "dma100" : null,
    "dma200" : 3045.39,
    "volume" : 28121.00
  }, {
    "date" : "2025-07-09",
    "price" : 3562.30,
    "dma50" : 3247.88,
    "dma100" : null,
    "dma200" : 3050.53,
    "volume" : 7012.00
  }, {
    "date" : "2025-07-10",
    "price" : 3537.60,
    "dma50" : 3259.24,
    "dma100" : null,
    "dma200" : 3055.38,
    "volume" : 3796.00
  }, {
    "date" : "2025-07-11",
    "price" : 3471.50,
    "dma50" : 3267.57,
    "dma100" : null,
    "dma200" : 3059.52,
    "volume" : 5217.00
  }, {
    "date" : "2025-07-14",
    "price" : 3406.50,
    "dma50" : 3273.02,
    "dma100" : null,
    "dma200" : 3062.97,
    "volume" : 4041.00
  }, {
    "date" : "2025-07-15",
    "price" : 3423.10,
    "dma50" : 3278.90,
    "dma100" : null,
    "dma200" : 3066.56,
    "volume" : 3899.00
  }, {
    "date" : "2025-07-16",
    "price" : 3436.10,
    "dma50" : 3285.07,
    "dma100" : 3108.91,
    "dma200" : 3070.23,
    "volume" : 3764.00
  }, {
    "date" : "2025-07-17",
    "price" : 3402.30,
    "dma50" : 3289.66,
    "dma100" : 3115.91,
    "dma200" : 3073.54,
    "volume" : 10017.00
  }, {
    "date" : "2025-07-18",
    "price" : 3367.30,
    "dma50" : 3292.71,
    "dma100" : 3121.37,
    "dma200" : 3076.46,
    "volume" : 6847.00
  }, {
    "date" : "2025-07-21",
    "price" : 3495.00,
    "dma50" : 3300.64,
    "dma100" : 3127.62,
    "dma200" : 3080.63,
    "volume" : 11545.00
  }, {
    "date" : "2025-07-22",
    "price" : 3594.20,
    "dma50" : 3312.15,
    "dma100" : 3134.92,
    "dma200" : 3085.74,
    "volume" : 20655.00
  }, {
    "date" : "2025-07-23",
    "price" : 3670.80,
    "dma50" : 3326.22,
    "dma100" : 3142.52,
    "dma200" : 3091.56,
    "volume" : 18160.00
  }, {
    "date" : "2025-07-24",
    "price" : 3654.00,
    "dma50" : 3339.07,
    "dma100" : 3149.87,
    "dma200" : 3097.15,
    "volume" : 17096.00
  }, {
    "date" : "2025-07-25",
    "price" : 3612.40,
    "dma50" : 3349.79,
    "dma100" : 3157.51,
    "dma200" : 3102.28,
    "volume" : 6262.00
  }, {
    "date" : "2025-07-28",
    "price" : 3591.00,
    "dma50" : 3359.25,
    "dma100" : 3164.46,
    "dma200" : 3107.14,
    "volume" : 14128.00
  }, {
    "date" : "2025-07-29",
    "price" : 3580.40,
    "dma50" : 3367.92,
    "dma100" : 3172.36,
    "dma200" : 3111.85,
    "volume" : 11842.00
  }, {
    "date" : "2025-07-30",
    "price" : 3512.40,
    "dma50" : 3373.59,
    "dma100" : 3179.97,
    "dma200" : 3115.84,
    "volume" : 13633.00
  }, {
    "date" : "2025-07-31",
    "price" : 3518.80,
    "dma50" : 3379.28,
    "dma100" : 3186.46,
    "dma200" : 3119.85,
    "volume" : 20143.00
  }, {
    "date" : "2025-08-01",
    "price" : 3207.50,
    "dma50" : 3372.55,
    "dma100" : 3189.10,
    "dma200" : 3120.72,
    "volume" : 37966.00
  }, {
    "date" : "2025-08-04",
    "price" : 3348.90,
    "dma50" : 3371.62,
    "dma100" : 3193.35,
    "dma200" : 3122.99,
    "volume" : 22493.00
  }, {
    "date" : "2025-08-05",
    "price" : 3383.50,
    "dma50" : 3372.08,
    "dma100" : 3198.90,
    "dma200" : 3125.58,
    "volume" : 30144.00
  }, {
    "date" : "2025-08-06",
    "price" : 3308.00,
    "dma50" : 3369.57,
    "dma100" : 3204.13,
    "dma200" : 3127.40,
    "volume" : 6574.00
  }, {
    "date" : "2025-08-07",
    "price" : 3498.40,
    "dma50" : 3374.62,
    "dma100" : 3211.59,
    "dma200" : 3131.09,
    "volume" : 22130.00
  }, {
    "date" : "2025-08-08",
    "price" : 3483.20,
    "dma50" : 3378.88,
    "dma100" : 3218.46,
    "dma200" : 3134.59,
    "volume" : 6440.00
  }, {
    "date" : "2025-08-11",
    "price" : 3498.20,
    "dma50" : 3383.56,
    "dma100" : 3225.81,
    "dma200" : 3138.21,
    "volume" : 3111.00
  }, {
    "date" : "2025-08-12",
    "price" : 3601.50,
    "dma50" : 3392.11,
    "dma100" : 3233.53,
    "dma200" : 3142.82,
    "volume" : 16188.00
  }, {
    "date" : "2025-08-13",
    "price" : 3605.40,
    "dma50" : 3400.47,
    "dma100" : 3241.43,
    "dma200" : 3147.42,
    "volume" : 4676.00
  }, {
    "date" : "2025-08-14",
    "price" : 3817.80,
    "dma50" : 3416.84,
    "dma100" : 3251.65,
    "dma200" : 3154.09,
    "volume" : 34459.00
  }, {
    "date" : "2025-08-18",
    "price" : 4145.30,
    "dma50" : 3445.40,
    "dma100" : 3265.59,
    "dma200" : 3163.96,
    "volume" : 57325.00
  }, {
    "date" : "2025-08-19",
    "price" : 4288.10,
    "dma50" : 3478.45,
    "dma100" : 3279.92,
    "dma200" : 3175.14,
    "volume" : 45292.00
  }, {
    "date" : "2025-08-20",
    "price" : 4570.20,
    "dma50" : 3521.27,
    "dma100" : 3297.47,
    "dma200" : 3189.02,
    "volume" : 78240.00
  }, {
    "date" : "2025-08-21",
    "price" : 4444.90,
    "dma50" : 3557.49,
    "dma100" : 3313.86,
    "dma200" : 3201.52,
    "volume" : 32876.00
  }, {
    "date" : "2025-08-22",
    "price" : 4509.10,
    "dma50" : 3594.80,
    "dma100" : 3330.10,
    "dma200" : 3214.53,
    "volume" : 25447.00
  }, {
    "date" : "2025-08-25",
    "price" : 4328.50,
    "dma50" : 3623.58,
    "dma100" : 3343.89,
    "dma200" : 3225.61,
    "volume" : 23681.00
  }, {
    "date" : "2025-08-26",
    "price" : 4235.20,
    "dma50" : 3647.56,
    "dma100" : 3356.84,
    "dma200" : 3235.66,
    "volume" : 12942.00
  }, {
    "date" : "2025-08-28",
    "price" : 4152.90,
    "dma50" : 3667.38,
    "dma100" : 3368.79,
    "dma200" : 3244.79,
    "volume" : 6684.00
  }, {
    "date" : "2025-08-29",
    "price" : 4174.50,
    "dma50" : 3687.27,
    "dma100" : 3379.38,
    "dma200" : 3254.04,
    "volume" : 7773.00
  }, {
    "date" : "2025-09-01",
    "price" : 4393.60,
    "dma50" : 3714.97,
    "dma100" : 3392.78,
    "dma200" : 3265.38,
    "volume" : 12673.00
  }, {
    "date" : "2025-09-02",
    "price" : 4377.40,
    "dma50" : 3740.94,
    "dma100" : 3407.02,
    "dma200" : 3276.44,
    "volume" : 8835.00
  }, {
    "date" : "2025-09-03",
    "price" : 4379.70,
    "dma50" : 3765.99,
    "dma100" : 3421.17,
    "dma200" : 3287.42,
    "volume" : 6340.00
  }, {
    "date" : "2025-09-04",
    "price" : 4375.00,
    "dma50" : 3789.88,
    "dma100" : 3435.66,
    "dma200" : 3298.24,
    "volume" : 5522.00
  }, {
    "date" : "2025-09-05",
    "price" : 4261.50,
    "dma50" : 3808.37,
    "dma100" : 3448.35,
    "dma200" : 3307.83,
    "volume" : 24396.00
  }, {
    "date" : "2025-09-08",
    "price" : 4253.70,
    "dma50" : 3825.83,
    "dma100" : 3458.98,
    "dma200" : 3317.24,
    "volume" : 10256.00
  }, {
    "date" : "2025-09-09",
    "price" : 4327.70,
    "dma50" : 3845.52,
    "dma100" : 3470.63,
    "dma200" : 3327.29,
    "volume" : 4624.00
  }, {
    "date" : "2025-09-10",
    "price" : 4507.30,
    "dma50" : 3871.47,
    "dma100" : 3484.56,
    "dma200" : 3339.03,
    "volume" : 9326.00
  }, {
    "date" : "2025-09-11",
    "price" : 4732.60,
    "dma50" : 3905.24,
    "dma100" : 3500.48,
    "dma200" : 3352.90,
    "volume" : 12923.00
  }, {
    "date" : "2025-09-12",
    "price" : 4715.30,
    "dma50" : 3937.00,
    "dma100" : 3516.22,
    "dma200" : 3366.46,
    "volume" : 7013.00
  }, {
    "date" : "2025-09-15",
    "price" : 4481.60,
    "dma50" : 3958.36,
    "dma100" : 3529.87,
    "dma200" : 3377.55,
    "volume" : 7778.00
  }, {
    "date" : "2025-09-16",
    "price" : 4530.90,
    "dma50" : 3980.81,
    "dma100" : 3544.12,
    "dma200" : 3389.03,
    "volume" : 2551.00
  }, {
    "date" : "2025-09-17",
    "price" : 4495.10,
    "dma50" : 4000.98,
    "dma100" : 3559.43,
    "dma200" : 3400.03,
    "volume" : 1796.00
  }, {
    "date" : "2025-09-18",
    "price" : 4485.40,
    "dma50" : 4019.98,
    "dma100" : 3574.41,
    "dma200" : 3410.83,
    "volume" : 1486.00
  }, {
    "date" : "2025-09-19",
    "price" : 4404.00,
    "dma50" : 4035.04,
    "dma100" : 3587.97,
    "dma200" : 3420.72,
    "volume" : 2610.00
  }, {
    "date" : "2025-09-22",
    "price" : 4487.50,
    "dma50" : 4052.78,
    "dma100" : 3601.47,
    "dma200" : 3431.33,
    "volume" : 3244.00
  }, {
    "date" : "2025-09-23",
    "price" : 4382.70,
    "dma50" : 4065.72,
    "dma100" : 3613.89,
    "dma200" : 3440.80,
    "volume" : 1432.00
  }, {
    "date" : "2025-09-24",
    "price" : 4262.80,
    "dma50" : 4073.45,
    "dma100" : 3624.72,
    "dma200" : 3448.98,
    "volume" : 4783.00
  }, {
    "date" : "2025-09-25",
    "price" : 4267.20,
    "dma50" : 4081.05,
    "dma100" : 3636.99,
    "dma200" : 3457.12,
    "volume" : 1568.00
  }, {
    "date" : "2025-09-26",
    "price" : 4346.30,
    "dma50" : 4091.45,
    "dma100" : 3650.50,
    "dma200" : 3465.96,
    "volume" : 4896.00
  }, {
    "date" : "2025-09-29",
    "price" : 4468.90,
    "dma50" : 4106.25,
    "dma100" : 3665.23,
    "dma200" : 3475.94,
    "volume" : 4501.00
  }, {
    "date" : "2025-09-30",
    "price" : 4544.20,
    "dma50" : 4123.43,
    "dma100" : 3681.15,
    "dma200" : 3486.57,
    "volume" : 6395.00
  }, {
    "date" : "2025-10-01",
    "price" : 4470.40,
    "dma50" : 4137.03,
    "dma100" : 3693.98,
    "dma200" : 3496.36,
    "volume" : 2062.00
  }, {
    "date" : "2025-10-03",
    "price" : 4556.00,
    "dma50" : 4153.46,
    "dma100" : 3707.60,
    "dma200" : 3506.91,
    "volume" : 1995.00
  }, {
    "date" : "2025-10-06",
    "price" : 4484.10,
    "dma50" : 4166.43,
    "dma100" : 3720.23,
    "dma200" : 3516.63,
    "volume" : 1460.00
  }, {
    "date" : "2025-10-07",
    "price" : 4395.00,
    "dma50" : 4175.39,
    "dma100" : 3731.49,
    "dma200" : 3525.37,
    "volume" : 1394.00
  }, {
    "date" : "2025-10-08",
    "price" : 4415.20,
    "dma50" : 4184.80,
    "dma100" : 3743.58,
    "dma200" : 3534.22,
    "volume" : 3662.00
  }, {
    "date" : "2025-10-09",
    "price" : 4456.60,
    "dma50" : 4195.46,
    "dma100" : 3755.10,
    "dma200" : 3543.40,
    "volume" : 2733.00
  }, {
    "date" : "2025-10-10",
    "price" : 4666.50,
    "dma50" : 4213.93,
    "dma100" : 3769.15,
    "dma200" : 3554.58,
    "volume" : 32714.00
  }, {
    "date" : "2025-10-13",
    "price" : 4558.00,
    "dma50" : 4227.42,
    "dma100" : 3782.96,
    "dma200" : 3564.56,
    "volume" : 2104.00
  }, {
    "date" : "2025-10-14",
    "price" : 4739.70,
    "dma50" : 4247.51,
    "dma100" : 3797.27,
    "dma200" : 3576.25,
    "volume" : 7665.00
  }, {
    "date" : "2025-10-15",
    "price" : 4813.50,
    "dma50" : 4269.71,
    "dma100" : 3812.22,
    "dma200" : 3588.56,
    "volume" : 8974.00
  }, {
    "date" : "2025-10-16",
    "price" : 4752.90,
    "dma50" : 4288.65,
    "dma100" : 3826.17,
    "dma200" : 3600.15,
    "volume" : 4032.00
  }, {
    "date" : "2025-10-17",
    "price" : 4730.50,
    "dma50" : 4305.98,
    "dma100" : 3839.35,
    "dma200" : 3611.40,
    "volume" : 2573.00
  }, {
    "date" : "2025-10-20",
    "price" : 4635.40,
    "dma50" : 4318.90,
    "dma100" : 3851.04,
    "dma200" : 3621.59,
    "volume" : 1907.00
  }, {
    "date" : "2025-10-21",
    "price" : 4723.50,
    "dma50" : 4334.77,
    "dma100" : 3864.21,
    "dma200" : 3632.55,
    "volume" : 998.00
  }, {
    "date" : "2025-10-23",
    "price" : 4621.90,
    "dma50" : 4346.03,
    "dma100" : 3875.90,
    "dma200" : 3642.40,
    "volume" : 1775.00
  }, {
    "date" : "2025-10-24",
    "price" : 4622.20,
    "dma50" : 4356.86,
    "dma100" : 3888.47,
    "dma200" : 3652.14,
    "volume" : 13520.00
  }, {
    "date" : "2025-10-27",
    "price" : 4502.80,
    "dma50" : 4362.58,
    "dma100" : 3900.42,
    "dma200" : 3660.61,
    "volume" : 2321.00
  }, {
    "date" : "2025-10-28",
    "price" : 4514.10,
    "dma50" : 4368.52,
    "dma100" : 3912.60,
    "dma200" : 3669.10,
    "volume" : 4238.00
  }, {
    "date" : "2025-10-29",
    "price" : 4540.40,
    "dma50" : 4375.26,
    "dma100" : 3925.07,
    "dma200" : 3677.77,
    "volume" : 2291.00
  }, {
    "date" : "2025-10-30",
    "price" : 4593.20,
    "dma50" : 4383.81,
    "dma100" : 3938.85,
    "dma200" : 3686.88,
    "volume" : 22476.00
  }, {
    "date" : "2025-10-31",
    "price" : 4647.00,
    "dma50" : 4394.13,
    "dma100" : 3954.28,
    "dma200" : 3696.43,
    "volume" : 5539.00
  }, {
    "date" : "2025-11-03",
    "price" : 4598.80,
    "dma50" : 4402.16,
    "dma100" : 3969.31,
    "dma200" : 3705.41,
    "volume" : 1551.00
  }, {
    "date" : "2025-11-04",
    "price" : 4559.00,
    "dma50" : 4408.31,
    "dma100" : 3983.75,
    "dma200" : 3713.91,
    "volume" : 1794.00
  }, {
    "date" : "2025-11-06",
    "price" : 4514.20,
    "dma50" : 4412.46,
    "dma100" : 3998.18,
    "dma200" : 3721.87,
    "volume" : 1710.00
  }, {
    "date" : "2025-11-07",
    "price" : 4473.50,
    "dma50" : 4414.85,
    "dma100" : 4011.84,
    "dma200" : 3729.35,
    "volume" : 1273.00
  }, {
    "date" : "2025-11-10",
    "price" : 4450.30,
    "dma50" : 4416.24,
    "dma100" : 4025.58,
    "dma200" : 3736.52,
    "volume" : 1723.00
  }, {
    "date" : "2025-11-11",
    "price" : 4450.30,
    "dma50" : 4417.58,
    "dma100" : 4039.46,
    "dma200" : 3743.62,
    "volume" : 1970.00
  }, {
    "date" : "2025-11-12",
    "price" : 4455.90,
    "dma50" : 4419.08,
    "dma100" : 4052.92,
    "dma200" : 3750.71,
    "volume" : 1283.00
  }, {
    "date" : "2025-11-13",
    "price" : 4389.10,
    "dma50" : 4417.91,
    "dma100" : 4066.31,
    "dma200" : 3757.06,
    "volume" : 4363.00
  }, {
    "date" : "2025-11-14",
    "price" : 4269.90,
    "dma50" : 4412.10,
    "dma100" : 4078.40,
    "dma200" : 3762.17,
    "volume" : 3440.00
  }, {
    "date" : "2025-11-17",
    "price" : 4202.70,
    "dma50" : 4403.89,
    "dma100" : 4089.75,
    "dma200" : 3766.55,
    "volume" : 3050.00
  }, {
    "date" : "2025-11-18",
    "price" : 4178.00,
    "dma50" : 4395.03,
    "dma100" : 4100.57,
    "dma200" : 3770.64,
    "volume" : 1442.00
  }, {
    "date" : "2025-11-19",
    "price" : 4197.20,
    "dma50" : 4387.27,
    "dma100" : 4110.90,
    "dma200" : 3774.89,
    "volume" : 4857.00
  }, {
    "date" : "2025-11-20",
    "price" : 4184.90,
    "dma50" : 4379.34,
    "dma100" : 4120.32,
    "dma200" : 3778.97,
    "volume" : 4046.00
  }, {
    "date" : "2025-11-21",
    "price" : 4017.60,
    "dma50" : 4365.15,
    "dma100" : 4127.24,
    "dma200" : 3781.34,
    "volume" : 3726.00
  }, {
    "date" : "2025-11-24",
    "price" : 3954.40,
    "dma50" : 4349.04,
    "dma100" : 4132.28,
    "dma200" : 3783.06,
    "volume" : 3847.00
  }, {
    "date" : "2025-11-25",
    "price" : 3996.40,
    "dma50" : 4335.21,
    "dma100" : 4136.91,
    "dma200" : 3785.19,
    "volume" : 3411.00
  }, {
    "date" : "2025-11-26",
    "price" : 4191.60,
    "dma50" : 4329.58,
    "dma100" : 4144.49,
    "dma200" : 3789.23,
    "volume" : 3456.00
  }, {
    "date" : "2025-11-27",
    "price" : 4382.40,
    "dma50" : 4331.65,
    "dma100" : 4154.37,
    "dma200" : 3795.13,
    "volume" : 3768.00
  }, {
    "date" : "2025-11-28",
    "price" : 4502.60,
    "dma50" : 4338.36,
    "dma100" : 4165.34,
    "dma200" : 3802.17,
    "volume" : 4910.00
  }, {
    "date" : "2025-12-01",
    "price" : 4305.00,
    "dma50" : 4337.05,
    "dma100" : 4172.02,
    "dma200" : 3807.18,
    "volume" : 2334.00
  }, {
    "date" : "2025-12-02",
    "price" : 4152.60,
    "dma50" : 4329.82,
    "dma100" : 4177.82,
    "dma200" : 3810.61,
    "volume" : 3512.00
  }, {
    "date" : "2025-12-03",
    "price" : 4052.10,
    "dma50" : 4318.93,
    "dma100" : 4182.72,
    "dma200" : 3813.02,
    "volume" : 1717.00
  }, {
    "date" : "2025-12-04",
    "price" : 4007.80,
    "dma50" : 4306.72,
    "dma100" : 4187.43,
    "dma200" : 3814.95,
    "volume" : 1169.00
  }, {
    "date" : "2025-12-05",
    "price" : 3927.20,
    "dma50" : 4291.84,
    "dma100" : 4191.98,
    "dma200" : 3816.07,
    "volume" : 3072.00
  }, {
    "date" : "2025-12-08",
    "price" : 3778.80,
    "dma50" : 4271.72,
    "dma100" : 4195.70,
    "dma200" : 3815.70,
    "volume" : 6294.00
  }, {
    "date" : "2025-12-09",
    "price" : 3776.40,
    "dma50" : 4252.30,
    "dma100" : 4199.24,
    "dma200" : 3815.31,
    "volume" : 5440.00
  }, {
    "date" : "2025-12-10",
    "price" : 3864.70,
    "dma50" : 4237.10,
    "dma100" : 4203.52,
    "dma200" : 3815.80,
    "volume" : 2860.00
  }, {
    "date" : "2025-12-11",
    "price" : 3873.90,
    "dma50" : 4222.85,
    "dma100" : 4208.24,
    "dma200" : 3816.38,
    "volume" : 3160.00
  }, {
    "date" : "2025-12-12",
    "price" : 3853.30,
    "dma50" : 4208.36,
    "dma100" : 4213.10,
    "dma200" : 3816.75,
    "volume" : 2025.00
  }, {
    "date" : "2025-12-15",
    "price" : 3818.30,
    "dma50" : 4193.07,
    "dma100" : 4216.33,
    "dma200" : 3816.76,
    "volume" : 2510.00
  }, {
    "date" : "2025-12-16",
    "price" : 3820.40,
    "dma50" : 4178.45,
    "dma100" : 4218.60,
    "dma200" : 3816.80,
    "volume" : 2113.00
  }, {
    "date" : "2025-12-17",
    "price" : 3791.50,
    "dma50" : 4163.28,
    "dma100" : 4219.80,
    "dma200" : 3816.55,
    "volume" : 1871.00
  }, {
    "date" : "2025-12-18",
    "price" : 3758.70,
    "dma50" : 4147.41,
    "dma100" : 4220.85,
    "dma200" : 3815.97,
    "volume" : 1604.00
  }, {
    "date" : "2025-12-19",
    "price" : 4014.70,
    "dma50" : 4142.21,
    "dma100" : 4224.87,
    "dma200" : 3817.95,
    "volume" : 12937.00
  }, {
    "date" : "2025-12-22",
    "price" : 4283.60,
    "dma50" : 4147.75,
    "dma100" : 4231.80,
    "dma200" : 3822.58,
    "volume" : 7682.00
  }, {
    "date" : "2025-12-23",
    "price" : 4240.60,
    "dma50" : 4151.39,
    "dma100" : 4238.40,
    "dma200" : 3826.74,
    "volume" : 6565.00
  }, {
    "date" : "2025-12-24",
    "price" : 4141.40,
    "dma50" : 4151.00,
    "dma100" : 4244.69,
    "dma200" : 3829.87,
    "volume" : 2387.00
  }, {
    "date" : "2025-12-26",
    "price" : 4151.30,
    "dma50" : 4151.01,
    "dma100" : 4251.02,
    "dma200" : 3833.07,
    "volume" : 2819.00
  }, {
    "date" : "2025-12-29",
    "price" : 4214.00,
    "dma50" : 4153.48,
    "dma100" : 4261.08,
    "dma200" : 3836.86,
    "volume" : 4631.00
  }, {
    "date" : "2025-12-30",
    "price" : 4342.20,
    "dma50" : 4160.88,
    "dma100" : 4271.01,
    "dma200" : 3841.89,
    "volume" : 5748.00
  }, {
    "date" : "2025-12-31",
    "price" : 4440.40,
    "dma50" : 4171.84,
    "dma100" : 4281.58,
    "dma200" : 3847.84,
    "volume" : 6413.00
  }, {
    "date" : "2026-01-01",
    "price" : 4423.70,
    "dma50" : 4181.72,
    "dma100" : 4292.74,
    "dma200" : 3853.57,
    "volume" : 43937.00
  }, {
    "date" : "2026-01-02",
    "price" : 4436.20,
    "dma50" : 4191.70,
    "dma100" : 4302.12,
    "dma200" : 3859.37,
    "volume" : 8720.00
  }, {
    "date" : "2026-01-05",
    "price" : 4441.70,
    "dma50" : 4201.50,
    "dma100" : 4311.70,
    "dma200" : 3865.16,
    "volume" : 4077.00
  }, {
    "date" : "2026-01-06",
    "price" : 4382.10,
    "dma50" : 4208.59,
    "dma100" : 4320.54,
    "dma200" : 3870.31,
    "volume" : 2396.00
  }, {
    "date" : "2026-01-07",
    "price" : 4410.40,
    "dma50" : 4216.50,
    "dma100" : 4328.63,
    "dma200" : 3875.68,
    "volume" : 21699.00
  }, {
    "date" : "2026-01-08",
    "price" : 4374.80,
    "dma50" : 4222.71,
    "dma100" : 4336.32,
    "dma200" : 3880.65,
    "volume" : 6045.00
  }, {
    "date" : "2026-01-09",
    "price" : 4350.60,
    "dma50" : 4227.72,
    "dma100" : 4341.65,
    "dma200" : 3885.32,
    "volume" : 4970.00
  }, {
    "date" : "2026-01-12",
    "price" : 4330.20,
    "dma50" : 4231.74,
    "dma100" : 4343.50,
    "dma200" : 3889.75,
    "volume" : 4922.00
  }, {
    "date" : "2026-01-13",
    "price" : 4319.20,
    "dma50" : 4235.17,
    "dma100" : 4343.81,
    "dma200" : 3894.02,
    "volume" : 1968.00
  }, {
    "date" : "2026-01-14",
    "price" : 4340.60,
    "dma50" : 4239.31,
    "dma100" : 4341.52,
    "dma200" : 3898.47,
    "volume" : 8361.00
  }, {
    "date" : "2026-01-16",
    "price" : 4336.10,
    "dma50" : 4243.10,
    "dma100" : 4340.43,
    "dma200" : 3902.82,
    "volume" : 2570.00
  }, {
    "date" : "2026-01-19",
    "price" : 4362.10,
    "dma50" : 4247.77,
    "dma100" : 4338.96,
    "dma200" : 3907.39,
    "volume" : 2760.00
  }, {
    "date" : "2026-01-20",
    "price" : 4276.10,
    "dma50" : 4248.88,
    "dma100" : 4338.43,
    "dma200" : 3911.06,
    "volume" : 4448.00
  }, {
    "date" : "2026-01-21",
    "price" : 4158.20,
    "dma50" : 4245.32,
    "dma100" : 4337.66,
    "dma200" : 3913.52,
    "volume" : 10356.00
  }, {
    "date" : "2026-01-22",
    "price" : 4101.10,
    "dma50" : 4239.67,
    "dma100" : 4337.15,
    "dma200" : 3915.39,
    "volume" : 3564.00
  }, {
    "date" : "2026-01-23",
    "price" : 3913.90,
    "dma50" : 4226.89,
    "dma100" : 4334.54,
    "dma200" : 3915.37,
    "volume" : 3416.00
  }, {
    "date" : "2026-01-27",
    "price" : 4049.60,
    "dma50" : 4219.94,
    "dma100" : 4331.10,
    "dma200" : 3916.71,
    "volume" : 6529.00
  }, {
    "date" : "2026-01-28",
    "price" : 3997.60,
    "dma50" : 4211.22,
    "dma100" : 4327.30,
    "dma200" : 3917.51,
    "volume" : 5039.00
  }, {
    "date" : "2026-01-29",
    "price" : 4225.00,
    "dma50" : 4211.76,
    "dma100" : 4325.75,
    "dma200" : 3920.57,
    "volume" : 4581.00
  }, {
    "date" : "2026-01-30",
    "price" : 4363.70,
    "dma50" : 4217.72,
    "dma100" : 4325.64,
    "dma200" : 3924.98,
    "volume" : 8061.00
  }, {
    "date" : "2026-02-01",
    "price" : 4166.80,
    "dma50" : 4215.72,
    "dma100" : 4324.69,
    "dma200" : 3927.39,
    "volume" : 2354.00
  }, {
    "date" : "2026-02-02",
    "price" : 4260.70,
    "dma50" : 4217.49,
    "dma100" : 4324.76,
    "dma200" : 3930.70,
    "volume" : 6645.00
  }, {
    "date" : "2026-02-03",
    "price" : 4381.40,
    "dma50" : 4223.91,
    "dma100" : 4325.30,
    "dma200" : 3935.19,
    "volume" : 3275.00
  }, {
    "date" : "2026-02-04",
    "price" : 4403.30,
    "dma50" : 4230.95,
    "dma100" : 4324.26,
    "dma200" : 3939.85,
    "volume" : 2653.00
  }, {
    "date" : "2026-02-05",
    "price" : 4467.80,
    "dma50" : 4240.24,
    "dma100" : 4321.61,
    "dma200" : 3945.10,
    "volume" : 3898.00
  }, {
    "date" : "2026-02-06",
    "price" : 4261.80,
    "dma50" : 4241.08,
    "dma100" : 4317.08,
    "dma200" : 3948.25,
    "volume" : 3226.00
  }, {
    "date" : "2026-02-09",
    "price" : 4470.20,
    "dma50" : 4250.07,
    "dma100" : 4316.96,
    "dma200" : 3953.44,
    "volume" : 6858.00
  }, {
    "date" : "2026-02-10",
    "price" : 4482.20,
    "dma50" : 4259.17,
    "dma100" : 4316.48,
    "dma200" : 3958.71,
    "volume" : 2749.00
  }, {
    "date" : "2026-02-11",
    "price" : 4459.10,
    "dma50" : 4267.01,
    "dma100" : 4316.12,
    "dma200" : 3963.68,
    "volume" : 1566.00
  }, {
    "date" : "2026-02-12",
    "price" : 4374.60,
    "dma50" : 4271.23,
    "dma100" : 4315.01,
    "dma200" : 3967.77,
    "volume" : 9475.00
  }, {
    "date" : "2026-02-13",
    "price" : 4304.30,
    "dma50" : 4272.53,
    "dma100" : 4314.01,
    "dma200" : 3971.12,
    "volume" : 3027.00
  } ],
  "latestTechnicalAttributes" : {
    "date" : "2026-02-13",
    "price" : 4304.30,
    "dma50" : 4272.53,
    "dma100" : 4314.01,
    "dma200" : 3971.12,
    "volume" : 3027.00
  },
  "quarterlyResults" : [ {
    "date" : "2005-03-31",
    "sales" : 19.06,
    "salesGrowthYoY" : null,
    "grossProfitMargin" : 21.35,
    "grossProfit" : 4.07,
    "operatingProfitMargin" : 0.73,
    "operatingProfit" : 0.14,
    "netProfitMargin" : -3.46,
    "netProfit" : -0.66
  }, {
    "date" : "2005-06-30",
    "sales" : 18.00,
    "salesGrowthYoY" : null,
    "grossProfitMargin" : 20.33,
    "grossProfit" : 3.66,
    "operatingProfitMargin" : 6.94,
    "operatingProfit" : 1.25,
    "netProfitMargin" : 3.00,
    "netProfit" : 0.54
  }, {
    "date" : "2005-09-30",
    "sales" : 20.88,
    "salesGrowthYoY" : null,
    "grossProfitMargin" : 19.44,
    "grossProfit" : 4.06,
    "operatingProfitMargin" : 8.14,
    "operatingProfit" : 1.70,
    "netProfitMargin" : 4.50,
    "netProfit" : 0.94
  }, {
    "date" : "2005-12-31",
    "sales" : 19.50,
    "salesGrowthYoY" : null,
    "grossProfitMargin" : 16.05,
    "grossProfit" : 3.13,
    "operatingProfitMargin" : 3.18,
    "operatingProfit" : 0.62,
    "netProfitMargin" : -1.08,
    "netProfit" : -0.21
  }, {
    "date" : "2006-03-31",
    "sales" : 22.67,
    "salesGrowthYoY" : 18.94,
    "grossProfitMargin" : 13.67,
    "grossProfit" : 3.10,
    "operatingProfitMargin" : 0.40,
    "operatingProfit" : 0.09,
    "netProfitMargin" : 4.81,
    "netProfit" : 1.09
  }, {
    "date" : "2006-06-30",
    "sales" : 24.13,
    "salesGrowthYoY" : 34.06,
    "grossProfitMargin" : 17.86,
    "grossProfit" : 4.31,
    "operatingProfitMargin" : 7.25,
    "operatingProfit" : 1.75,
    "netProfitMargin" : 5.22,
    "netProfit" : 1.26
  }, {
    "date" : "2006-09-30",
    "sales" : 24.17,
    "salesGrowthYoY" : 15.76,
    "grossProfitMargin" : 16.05,
    "grossProfit" : 3.88,
    "operatingProfitMargin" : 5.59,
    "operatingProfit" : 1.35,
    "netProfitMargin" : 1.32,
    "netProfit" : 0.32
  }, {
    "date" : "2006-12-31",
    "sales" : 23.92,
    "salesGrowthYoY" : 22.67,
    "grossProfitMargin" : 16.76,
    "grossProfit" : 4.01,
    "operatingProfitMargin" : 4.97,
    "operatingProfit" : 1.19,
    "netProfitMargin" : 0.92,
    "netProfit" : 0.22
  }, {
    "date" : "2007-03-31",
    "sales" : 28.75,
    "salesGrowthYoY" : 26.82,
    "grossProfitMargin" : 18.89,
    "grossProfit" : 5.43,
    "operatingProfitMargin" : 9.01,
    "operatingProfit" : 2.59,
    "netProfitMargin" : 3.51,
    "netProfit" : 1.01
  }, {
    "date" : "2007-06-30",
    "sales" : 25.63,
    "salesGrowthYoY" : 6.22,
    "grossProfitMargin" : 21.38,
    "grossProfit" : 5.48,
    "operatingProfitMargin" : 11.90,
    "operatingProfit" : 3.05,
    "netProfitMargin" : 6.09,
    "netProfit" : 1.56
  }, {
    "date" : "2007-09-30",
    "sales" : 28.68,
    "salesGrowthYoY" : 18.66,
    "grossProfitMargin" : 20.36,
    "grossProfit" : 5.84,
    "operatingProfitMargin" : 10.74,
    "operatingProfit" : 3.08,
    "netProfitMargin" : 4.46,
    "netProfit" : 1.28
  }, {
    "date" : "2007-12-31",
    "sales" : 30.01,
    "salesGrowthYoY" : 25.46,
    "grossProfitMargin" : 21.33,
    "grossProfit" : 6.40,
    "operatingProfitMargin" : 11.73,
    "operatingProfit" : 3.52,
    "netProfitMargin" : 5.46,
    "netProfit" : 1.64
  }, {
    "date" : "2008-03-31",
    "sales" : 32.69,
    "salesGrowthYoY" : 13.70,
    "grossProfitMargin" : 19.58,
    "grossProfit" : 6.40,
    "operatingProfitMargin" : 8.44,
    "operatingProfit" : 2.76,
    "netProfitMargin" : 2.81,
    "netProfit" : 0.92
  }, {
    "date" : "2008-06-30",
    "sales" : 35.11,
    "salesGrowthYoY" : 36.99,
    "grossProfitMargin" : 13.93,
    "grossProfit" : 4.89,
    "operatingProfitMargin" : 4.33,
    "operatingProfit" : 1.52,
    "netProfitMargin" : 0.11,
    "netProfit" : 0.04
  }, {
    "date" : "2008-09-30",
    "sales" : 39.52,
    "salesGrowthYoY" : 37.80,
    "grossProfitMargin" : 20.70,
    "grossProfit" : 8.18,
    "operatingProfitMargin" : 12.27,
    "operatingProfit" : 4.85,
    "netProfitMargin" : 5.41,
    "netProfit" : 2.14
  }, {
    "date" : "2008-12-31",
    "sales" : 21.87,
    "salesGrowthYoY" : -27.12,
    "grossProfitMargin" : 16.83,
    "grossProfit" : 3.68,
    "operatingProfitMargin" : -0.64,
    "operatingProfit" : -0.14,
    "netProfitMargin" : -6.22,
    "netProfit" : -1.36
  }, {
    "date" : "2009-03-31",
    "sales" : 21.69,
    "salesGrowthYoY" : -33.65,
    "grossProfitMargin" : 6.87,
    "grossProfit" : 1.49,
    "operatingProfitMargin" : -9.54,
    "operatingProfit" : -2.07,
    "netProfitMargin" : -12.36,
    "netProfit" : -2.68
  }, {
    "date" : "2009-06-30",
    "sales" : 22.78,
    "salesGrowthYoY" : -35.12,
    "grossProfitMargin" : 17.82,
    "grossProfit" : 4.06,
    "operatingProfitMargin" : 4.13,
    "operatingProfit" : 0.94,
    "netProfitMargin" : -2.90,
    "netProfit" : -0.66
  }, {
    "date" : "2009-09-30",
    "sales" : 25.62,
    "salesGrowthYoY" : -35.17,
    "grossProfitMargin" : 17.80,
    "grossProfit" : 4.56,
    "operatingProfitMargin" : 5.39,
    "operatingProfit" : 1.38,
    "netProfitMargin" : -0.62,
    "netProfit" : -0.16
  }, {
    "date" : "2009-12-31",
    "sales" : 29.18,
    "salesGrowthYoY" : 33.42,
    "grossProfitMargin" : 20.39,
    "grossProfit" : 5.95,
    "operatingProfitMargin" : 7.40,
    "operatingProfit" : 2.16,
    "netProfitMargin" : 1.30,
    "netProfit" : 0.38
  }, {
    "date" : "2010-03-31",
    "sales" : 31.75,
    "salesGrowthYoY" : 46.38,
    "grossProfitMargin" : 20.50,
    "grossProfit" : 6.51,
    "operatingProfitMargin" : 7.53,
    "operatingProfit" : 2.39,
    "netProfitMargin" : 1.39,
    "netProfit" : 0.44
  }, {
    "date" : "2010-06-30",
    "sales" : 30.81,
    "salesGrowthYoY" : 35.25,
    "grossProfitMargin" : 17.75,
    "grossProfit" : 5.47,
    "operatingProfitMargin" : 5.55,
    "operatingProfit" : 1.71,
    "netProfitMargin" : -0.19,
    "netProfit" : -0.06
  }, {
    "date" : "2010-09-30",
    "sales" : 34.00,
    "salesGrowthYoY" : 32.71,
    "grossProfitMargin" : 18.29,
    "grossProfit" : 6.22,
    "operatingProfitMargin" : 7.15,
    "operatingProfit" : 2.43,
    "netProfitMargin" : 1.09,
    "netProfit" : 0.37
  }, {
    "date" : "2010-12-31",
    "sales" : 35.12,
    "salesGrowthYoY" : 20.36,
    "grossProfitMargin" : 19.48,
    "grossProfit" : 6.84,
    "operatingProfitMargin" : 6.52,
    "operatingProfit" : 2.29,
    "netProfitMargin" : 0.63,
    "netProfit" : 0.22
  }, {
    "date" : "2011-03-31",
    "sales" : 40.18,
    "salesGrowthYoY" : 26.55,
    "grossProfitMargin" : 18.62,
    "grossProfit" : 7.48,
    "operatingProfitMargin" : 5.28,
    "operatingProfit" : 2.12,
    "netProfitMargin" : 1.29,
    "netProfit" : 0.52
  }, {
    "date" : "2011-06-30",
    "sales" : 40.37,
    "salesGrowthYoY" : 31.03,
    "grossProfitMargin" : 16.99,
    "grossProfit" : 6.86,
    "operatingProfitMargin" : 7.68,
    "operatingProfit" : 3.10,
    "netProfitMargin" : 1.11,
    "netProfit" : 0.45
  }, {
    "date" : "2011-09-30",
    "sales" : 34.31,
    "salesGrowthYoY" : 0.91,
    "grossProfitMargin" : 20.58,
    "grossProfit" : 7.06,
    "operatingProfitMargin" : 6.50,
    "operatingProfit" : 2.23,
    "netProfitMargin" : 0.17,
    "netProfit" : 0.06
  }, {
    "date" : "2011-12-31",
    "sales" : 35.07,
    "salesGrowthYoY" : -0.14,
    "grossProfitMargin" : 19.05,
    "grossProfit" : 6.68,
    "operatingProfitMargin" : 5.45,
    "operatingProfit" : 1.91,
    "netProfitMargin" : 0.06,
    "netProfit" : 0.02
  }, {
    "date" : "2012-03-31",
    "sales" : 40.36,
    "salesGrowthYoY" : 0.45,
    "grossProfitMargin" : 17.02,
    "grossProfit" : 6.87,
    "operatingProfitMargin" : 4.24,
    "operatingProfit" : 1.71,
    "netProfitMargin" : -1.26,
    "netProfit" : -0.51
  }, {
    "date" : "2012-06-30",
    "sales" : 40.49,
    "salesGrowthYoY" : 0.30,
    "grossProfitMargin" : 11.85,
    "grossProfit" : 4.80,
    "operatingProfitMargin" : -0.10,
    "operatingProfit" : -0.04,
    "netProfitMargin" : -5.06,
    "netProfit" : -2.05
  }, {
    "date" : "2012-09-30",
    "sales" : 39.17,
    "salesGrowthYoY" : 14.16,
    "grossProfitMargin" : 14.30,
    "grossProfit" : 5.60,
    "operatingProfitMargin" : 3.06,
    "operatingProfit" : 1.20,
    "netProfitMargin" : -2.68,
    "netProfit" : -1.05
  }, {
    "date" : "2012-12-31",
    "sales" : 40.11,
    "salesGrowthYoY" : 14.37,
    "grossProfitMargin" : 15.68,
    "grossProfit" : 6.29,
    "operatingProfitMargin" : 3.34,
    "operatingProfit" : 1.34,
    "netProfitMargin" : -0.45,
    "netProfit" : -0.18
  }, {
    "date" : "2013-03-31",
    "sales" : 36.81,
    "salesGrowthYoY" : -8.80,
    "grossProfitMargin" : 13.75,
    "grossProfit" : 5.06,
    "operatingProfitMargin" : -1.74,
    "operatingProfit" : -0.64,
    "netProfitMargin" : -4.81,
    "netProfit" : -1.77
  }, {
    "date" : "2013-06-30",
    "sales" : 39.53,
    "salesGrowthYoY" : -2.37,
    "grossProfitMargin" : 14.39,
    "grossProfit" : 5.69,
    "operatingProfitMargin" : 1.87,
    "operatingProfit" : 0.74,
    "netProfitMargin" : -3.01,
    "netProfit" : -1.19
  }, {
    "date" : "2013-09-30",
    "sales" : 42.82,
    "salesGrowthYoY" : 9.32,
    "grossProfitMargin" : 9.46,
    "grossProfit" : 4.05,
    "operatingProfitMargin" : -2.83,
    "operatingProfit" : -1.21,
    "netProfitMargin" : -5.49,
    "netProfit" : -2.35
  }, {
    "date" : "2013-12-31",
    "sales" : 44.83,
    "salesGrowthYoY" : 11.77,
    "grossProfitMargin" : 13.12,
    "grossProfit" : 5.88,
    "operatingProfitMargin" : 0.16,
    "operatingProfit" : 0.07,
    "netProfitMargin" : -4.15,
    "netProfit" : -1.86
  }, {
    "date" : "2014-03-31",
    "sales" : 50.67,
    "salesGrowthYoY" : 37.65,
    "grossProfitMargin" : 13.14,
    "grossProfit" : 6.66,
    "operatingProfitMargin" : -5.66,
    "operatingProfit" : -2.87,
    "netProfitMargin" : -6.06,
    "netProfit" : -3.07
  }, {
    "date" : "2014-06-30",
    "sales" : 51.03,
    "salesGrowthYoY" : 29.09,
    "grossProfitMargin" : 16.34,
    "grossProfit" : 8.34,
    "operatingProfitMargin" : 1.06,
    "operatingProfit" : 0.54,
    "netProfitMargin" : -2.12,
    "netProfit" : -1.08
  }, {
    "date" : "2014-09-30",
    "sales" : 57.04,
    "salesGrowthYoY" : 33.21,
    "grossProfitMargin" : 13.99,
    "grossProfit" : 7.98,
    "operatingProfitMargin" : 1.10,
    "operatingProfit" : 0.63,
    "netProfitMargin" : -2.61,
    "netProfit" : -1.49
  }, {
    "date" : "2014-12-31",
    "sales" : 54.43,
    "salesGrowthYoY" : 21.41,
    "grossProfitMargin" : 15.27,
    "grossProfit" : 8.31,
    "operatingProfitMargin" : 1.71,
    "operatingProfit" : 0.93,
    "netProfitMargin" : -2.77,
    "netProfit" : -1.51
  }, {
    "date" : "2015-03-31",
    "sales" : 56.27,
    "salesGrowthYoY" : 11.05,
    "grossProfitMargin" : 22.00,
    "grossProfit" : 12.38,
    "operatingProfitMargin" : 7.71,
    "operatingProfit" : 4.34,
    "netProfitMargin" : 1.85,
    "netProfit" : 1.04
  }, {
    "date" : "2015-06-30",
    "sales" : 62.70,
    "salesGrowthYoY" : 22.87,
    "grossProfitMargin" : 14.23,
    "grossProfit" : 8.92,
    "operatingProfitMargin" : 3.81,
    "operatingProfit" : 2.39,
    "netProfitMargin" : -0.85,
    "netProfit" : -0.53
  }, {
    "date" : "2015-09-30",
    "sales" : 86.53,
    "salesGrowthYoY" : 51.70,
    "grossProfitMargin" : 18.29,
    "grossProfit" : 15.83,
    "operatingProfitMargin" : 8.85,
    "operatingProfit" : 7.66,
    "netProfitMargin" : 2.55,
    "netProfit" : 2.21
  }, {
    "date" : "2015-12-31",
    "sales" : 75.85,
    "salesGrowthYoY" : 39.35,
    "grossProfitMargin" : 19.84,
    "grossProfit" : 15.05,
    "operatingProfitMargin" : 8.79,
    "operatingProfit" : 6.67,
    "netProfitMargin" : 5.23,
    "netProfit" : 3.97
  }, {
    "date" : "2016-03-31",
    "sales" : 89.08,
    "salesGrowthYoY" : 58.31,
    "grossProfitMargin" : 21.52,
    "grossProfit" : 19.17,
    "operatingProfitMargin" : 11.14,
    "operatingProfit" : 9.92,
    "netProfitMargin" : 5.78,
    "netProfit" : 5.15
  }, {
    "date" : "2016-06-30",
    "sales" : 88.02,
    "salesGrowthYoY" : 40.38,
    "grossProfitMargin" : 17.98,
    "grossProfit" : 15.83,
    "operatingProfitMargin" : 6.93,
    "operatingProfit" : 6.10,
    "netProfitMargin" : 2.79,
    "netProfit" : 2.46
  }, {
    "date" : "2016-09-30",
    "sales" : 112.09,
    "salesGrowthYoY" : 29.54,
    "grossProfitMargin" : 16.19,
    "grossProfit" : 18.15,
    "operatingProfitMargin" : 5.87,
    "operatingProfit" : 6.58,
    "netProfitMargin" : 3.62,
    "netProfit" : 4.06
  }, {
    "date" : "2016-12-31",
    "sales" : 110.85,
    "salesGrowthYoY" : 46.14,
    "grossProfitMargin" : 14.81,
    "grossProfit" : 16.42,
    "operatingProfitMargin" : 4.51,
    "operatingProfit" : 5.00,
    "netProfitMargin" : 1.24,
    "netProfit" : 1.37
  }, {
    "date" : "2017-03-31",
    "sales" : 116.17,
    "salesGrowthYoY" : 30.41,
    "grossProfitMargin" : 11.46,
    "grossProfit" : 13.31,
    "operatingProfitMargin" : 3.49,
    "operatingProfit" : 4.05,
    "netProfitMargin" : 3.88,
    "netProfit" : 4.51
  }, {
    "date" : "2017-06-30",
    "sales" : 126.43,
    "salesGrowthYoY" : 43.64,
    "grossProfitMargin" : 14.55,
    "grossProfit" : 18.40,
    "operatingProfitMargin" : 3.99,
    "operatingProfit" : 5.04,
    "netProfitMargin" : 2.78,
    "netProfit" : 3.51
  }, {
    "date" : "2017-09-30",
    "sales" : 139.87,
    "salesGrowthYoY" : 24.78,
    "grossProfitMargin" : 17.02,
    "grossProfit" : 23.81,
    "operatingProfitMargin" : 6.66,
    "operatingProfit" : 9.32,
    "netProfitMargin" : 3.64,
    "netProfit" : 5.09
  }, {
    "date" : "2017-12-31",
    "sales" : 163.99,
    "salesGrowthYoY" : 47.94,
    "grossProfitMargin" : 17.47,
    "grossProfit" : 28.65,
    "operatingProfitMargin" : 7.20,
    "operatingProfit" : 11.81,
    "netProfitMargin" : 4.98,
    "netProfit" : 8.17
  }, {
    "date" : "2018-03-31",
    "sales" : 171.76,
    "salesGrowthYoY" : 47.85,
    "grossProfitMargin" : 18.36,
    "grossProfit" : 31.54,
    "operatingProfitMargin" : 6.93,
    "operatingProfit" : 11.90,
    "netProfitMargin" : 4.57,
    "netProfit" : 7.85
  }, {
    "date" : "2018-06-30",
    "sales" : 169.70,
    "salesGrowthYoY" : 34.22,
    "grossProfitMargin" : 13.74,
    "grossProfit" : 23.32,
    "operatingProfitMargin" : 1.47,
    "operatingProfit" : 2.49,
    "netProfitMargin" : 0.45,
    "netProfit" : 0.76
  }, {
    "date" : "2018-09-30",
    "sales" : 187.04,
    "salesGrowthYoY" : 33.72,
    "grossProfitMargin" : 14.29,
    "grossProfit" : 26.73,
    "operatingProfitMargin" : 1.14,
    "operatingProfit" : 2.13,
    "netProfitMargin" : 0.27,
    "netProfit" : 0.51
  }, {
    "date" : "2018-12-31",
    "sales" : 163.37,
    "salesGrowthYoY" : -0.38,
    "grossProfitMargin" : 11.40,
    "grossProfit" : 18.62,
    "operatingProfitMargin" : 1.59,
    "operatingProfit" : 2.60,
    "netProfitMargin" : 3.25,
    "netProfit" : 5.31
  }, {
    "date" : "2019-03-31",
    "sales" : 180.89,
    "salesGrowthYoY" : 5.32,
    "grossProfitMargin" : 19.94,
    "grossProfit" : 36.07,
    "operatingProfitMargin" : 10.23,
    "operatingProfit" : 18.51,
    "netProfitMargin" : 6.90,
    "netProfit" : 12.48
  }, {
    "date" : "2019-06-30",
    "sales" : 183.85,
    "salesGrowthYoY" : 8.34,
    "grossProfitMargin" : 18.07,
    "grossProfit" : 33.22,
    "operatingProfitMargin" : 9.56,
    "operatingProfit" : 17.58,
    "netProfitMargin" : 5.71,
    "netProfit" : 10.50
  }, {
    "date" : "2019-09-30",
    "sales" : 189.80,
    "salesGrowthYoY" : 1.48,
    "grossProfitMargin" : 17.52,
    "grossProfit" : 33.25,
    "operatingProfitMargin" : 5.63,
    "operatingProfit" : 10.69,
    "netProfitMargin" : 3.08,
    "netProfit" : 5.85
  }, {
    "date" : "2019-12-31",
    "sales" : 188.47,
    "salesGrowthYoY" : 15.36,
    "grossProfitMargin" : 17.47,
    "grossProfit" : 32.93,
    "operatingProfitMargin" : 5.21,
    "operatingProfit" : 9.82,
    "netProfitMargin" : 4.04,
    "netProfit" : 7.61
  }, {
    "date" : "2020-03-31",
    "sales" : 179.38,
    "salesGrowthYoY" : -0.83,
    "grossProfitMargin" : 19.25,
    "grossProfit" : 34.53,
    "operatingProfitMargin" : 2.22,
    "operatingProfit" : 3.98,
    "netProfitMargin" : 0.36,
    "netProfit" : 0.65
  }, {
    "date" : "2020-06-30",
    "sales" : 45.06,
    "salesGrowthYoY" : -75.49,
    "grossProfitMargin" : 28.18,
    "grossProfit" : 12.70,
    "operatingProfitMargin" : 2.93,
    "operatingProfit" : 1.32,
    "netProfitMargin" : -2.77,
    "netProfit" : -1.25
  }, {
    "date" : "2020-09-30",
    "sales" : 167.14,
    "salesGrowthYoY" : -11.94,
    "grossProfitMargin" : 17.09,
    "grossProfit" : 28.56,
    "operatingProfitMargin" : 2.97,
    "operatingProfit" : 4.96,
    "netProfitMargin" : 1.97,
    "netProfit" : 3.29
  }, {
    "date" : "2020-12-31",
    "sales" : 193.79,
    "salesGrowthYoY" : 2.82,
    "grossProfitMargin" : 14.56,
    "grossProfit" : 28.22,
    "operatingProfitMargin" : 2.00,
    "operatingProfit" : 3.88,
    "netProfitMargin" : 0.85,
    "netProfit" : 1.65
  }, {
    "date" : "2021-03-31",
    "sales" : 221.25,
    "salesGrowthYoY" : 23.34,
    "grossProfitMargin" : 15.51,
    "grossProfit" : 34.32,
    "operatingProfitMargin" : 4.46,
    "operatingProfit" : 9.87,
    "netProfitMargin" : 0.74,
    "netProfit" : 1.64
  }, {
    "date" : "2021-06-30",
    "sales" : 222.22,
    "salesGrowthYoY" : 393.16,
    "grossProfitMargin" : 20.22,
    "grossProfit" : 44.93,
    "operatingProfitMargin" : 9.00,
    "operatingProfit" : 20.00,
    "netProfitMargin" : 5.27,
    "netProfit" : 11.71
  }, {
    "date" : "2021-09-30",
    "sales" : 264.72,
    "salesGrowthYoY" : 58.38,
    "grossProfitMargin" : 13.57,
    "grossProfit" : 35.92,
    "operatingProfitMargin" : 5.34,
    "operatingProfit" : 14.14,
    "netProfitMargin" : 2.81,
    "netProfit" : 7.44
  }, {
    "date" : "2021-12-31",
    "sales" : 256.37,
    "salesGrowthYoY" : 32.29,
    "grossProfitMargin" : 14.77,
    "grossProfit" : 37.87,
    "operatingProfitMargin" : 5.41,
    "operatingProfit" : 13.87,
    "netProfitMargin" : 2.91,
    "netProfit" : 7.46
  }, {
    "date" : "2022-03-31",
    "sales" : 304.40,
    "salesGrowthYoY" : 37.58,
    "grossProfitMargin" : 16.28,
    "grossProfit" : 49.56,
    "operatingProfitMargin" : 5.59,
    "operatingProfit" : 17.02,
    "netProfitMargin" : 2.87,
    "netProfit" : 8.74
  }, {
    "date" : "2022-06-30",
    "sales" : 345.87,
    "salesGrowthYoY" : 55.64,
    "grossProfitMargin" : 14.28,
    "grossProfit" : 49.39,
    "operatingProfitMargin" : 2.31,
    "operatingProfit" : 7.99,
    "netProfitMargin" : 0.71,
    "netProfit" : 2.46
  }, {
    "date" : "2022-09-30",
    "sales" : 351.26,
    "salesGrowthYoY" : 32.69,
    "grossProfitMargin" : 21.21,
    "grossProfit" : 74.50,
    "operatingProfitMargin" : 9.63,
    "operatingProfit" : 33.83,
    "netProfitMargin" : 6.29,
    "netProfit" : 22.09
  }, {
    "date" : "2022-12-31",
    "sales" : 340.38,
    "salesGrowthYoY" : 32.77,
    "grossProfitMargin" : 21.13,
    "grossProfit" : 71.92,
    "operatingProfitMargin" : 9.06,
    "operatingProfit" : 30.84,
    "netProfitMargin" : 5.94,
    "netProfit" : 20.22
  }, {
    "date" : "2023-03-31",
    "sales" : 365.59,
    "salesGrowthYoY" : 20.10,
    "grossProfitMargin" : 24.62,
    "grossProfit" : 90.01,
    "operatingProfitMargin" : 14.96,
    "operatingProfit" : 54.69,
    "netProfitMargin" : 10.02,
    "netProfit" : 36.63
  }, {
    "date" : "2023-06-30",
    "sales" : 338.66,
    "salesGrowthYoY" : -2.08,
    "grossProfitMargin" : 23.97,
    "grossProfit" : 81.18,
    "operatingProfitMargin" : 14.66,
    "operatingProfit" : 49.65,
    "netProfitMargin" : 10.35,
    "netProfit" : 35.05
  }, {
    "date" : "2023-09-30",
    "sales" : 350.83,
    "salesGrowthYoY" : -0.12,
    "grossProfitMargin" : 22.81,
    "grossProfit" : 80.02,
    "operatingProfitMargin" : 12.79,
    "operatingProfit" : 44.87,
    "netProfitMargin" : 8.44,
    "netProfit" : 29.61
  }, {
    "date" : "2023-12-31",
    "sales" : 393.81,
    "salesGrowthYoY" : 15.70,
    "grossProfitMargin" : 20.33,
    "grossProfit" : 80.06,
    "operatingProfitMargin" : 9.63,
    "operatingProfit" : 37.92,
    "netProfitMargin" : 6.18,
    "netProfit" : 24.34
  }, {
    "date" : "2024-03-31",
    "sales" : 404.42,
    "salesGrowthYoY" : 10.62,
    "grossProfitMargin" : 22.49,
    "grossProfit" : 90.95,
    "operatingProfitMargin" : 12.58,
    "operatingProfit" : 50.88,
    "netProfitMargin" : 8.30,
    "netProfit" : 33.57
  }, {
    "date" : "2024-06-30",
    "sales" : 416.44,
    "salesGrowthYoY" : 22.97,
    "grossProfitMargin" : 22.97,
    "grossProfit" : 95.66,
    "operatingProfitMargin" : 13.79,
    "operatingProfit" : 57.43,
    "netProfitMargin" : 9.38,
    "netProfit" : 39.06
  }, {
    "date" : "2024-09-30",
    "sales" : 418.33,
    "salesGrowthYoY" : 19.24,
    "grossProfitMargin" : 23.18,
    "grossProfit" : 96.97,
    "operatingProfitMargin" : 13.35,
    "operatingProfit" : 55.85,
    "netProfitMargin" : 8.91,
    "netProfit" : 37.27
  }, {
    "date" : "2024-12-31",
    "sales" : 440.37,
    "salesGrowthYoY" : 11.82,
    "grossProfitMargin" : 22.22,
    "grossProfit" : 97.85,
    "operatingProfitMargin" : 11.66,
    "operatingProfit" : 51.35,
    "netProfitMargin" : 7.86,
    "netProfit" : 34.61
  }, {
    "date" : "2025-03-31",
    "sales" : 469.55,
    "salesGrowthYoY" : 16.10,
    "grossProfitMargin" : 22.69,
    "grossProfit" : 106.54,
    "operatingProfitMargin" : 12.87,
    "operatingProfit" : 60.43,
    "netProfitMargin" : 8.92,
    "netProfit" : 41.88
  }, {
    "date" : "2025-06-30",
    "sales" : 461.93,
    "salesGrowthYoY" : 10.92,
    "grossProfitMargin" : 22.30,
    "grossProfit" : 103.01,
    "operatingProfitMargin" : 12.54,
    "operatingProfit" : 57.93,
    "netProfitMargin" : 8.61,
    "netProfit" : 39.77
  }, {
    "date" : "2025-09-30",
    "sales" : 465.69,
    "salesGrowthYoY" : 11.32,
    "grossProfitMargin" : 24.02,
    "grossProfit" : 111.86,
    "operatingProfitMargin" : 13.01,
    "operatingProfit" : 60.59,
    "netProfitMargin" : 8.83,
    "netProfit" : 41.12
  }, {
    "date" : "2025-12-31",
    "sales" : 489.46,
    "salesGrowthYoY" : 11.15,
    "grossProfitMargin" : 24.32,
    "grossProfit" : 119.04,
    "operatingProfitMargin" : 12.64,
    "operatingProfit" : 61.87,
    "netProfitMargin" : 9.23,
    "netProfit" : 45.18
  } ],
  "latestQuarterlyResult" : {
    "date" : "2025-12-31",
    "sales" : 489.46,
    "salesGrowthYoY" : 11.15,
    "grossProfitMargin" : 24.32,
    "grossProfit" : 119.04,
    "operatingProfitMargin" : 12.64,
    "operatingProfit" : 61.87,
    "netProfitMargin" : 9.23,
    "netProfit" : 45.18
  },
  "companyScore" : {
    "priceHigherThanDma50" : 5.00,
    "priceHigherThanDma100" : 0.00,
    "priceHigherThanDma200" : 5.00,
    "dma50HigherThanDma100" : 0.00,
    "dma50HigherThanDma200" : 5.00,
    "dma100HigherThanDma200" : 5.00,
    "pricePercentageAboveDma50" : 4.96,
    "pricePercentageAboveDma100" : 5.01,
    "pricePercentageAboveDma200" : 4.58,
    "weeklyVolumeHigherThanYearlyVolume" : 0.00,
    "salesGrowthPercentile" : 6.50,
    "operatingProfitMarginPercentile" : 18.33,
    "netProfitMarginPercentile" : 9.64,
    "totalTechnicalScore" : 34.55,
    "totalFundamentalScore" : 34.48,
    "totalScore" : 69.03
  }
}