{
  "metadata" : {
    "screenerCompanyId" : "1273580",
    "companyCode" : "KIOCL",
    "companyName" : "KIOCL",
    "screenerCompanyLink" : "https://www.screener.in/company/KIOCL",
    "screenerTechnicalHistoryLink" : "https://www.screener.in/api/company/1273580/chart/?q=Price-DMA50-DMA200-Volume&days=365",
    "screenerQuarterlyResultsLink" : "https://www.screener.in/api/company/1273580/chart/?q=GPM-OPM-NPM-Quarter+Sales&days=10000",
    "attributes" : {
      "companyCode" : "KIOCL",
      "companyName" : "KIOCL",
      "marketCap" : 20642.00,
      "peRatio" : 0.00,
      "description" : "KIOCL is a flagship company under the Ministry of Steel, GoI, with Miniratna status. It is an export-oriented unit with expertise in iron ore mining, filtration technology, and the production of high-quality pellets. [1]"
    },
    "companyScore" : {
      "priceHigherThanDma50" : 0.00,
      "priceHigherThanDma100" : 0.00,
      "priceHigherThanDma200" : 0.00,
      "dma50HigherThanDma100" : 0.00,
      "dma50HigherThanDma200" : 5.00,
      "dma100HigherThanDma200" : 5.00,
      "pricePercentageAboveDma50" : 5.69,
      "pricePercentageAboveDma100" : 5.79,
      "pricePercentageAboveDma200" : 5.42,
      "weeklyVolumeHigherThanYearlyVolume" : 0.00,
      "salesGrowthPercentile" : 19.67,
      "operatingProfitMarginPercentile" : 18.08,
      "netProfitMarginPercentile" : 8.73,
      "totalTechnicalScore" : 26.90,
      "totalFundamentalScore" : 46.47,
      "totalScore" : 73.37
    }
  },
  "attributes" : {
    "companyCode" : "KIOCL",
    "companyName" : "KIOCL",
    "marketCap" : 20642.00,
    "peRatio" : 0.00,
    "description" : "KIOCL is a flagship company under the Ministry of Steel, GoI, with Miniratna status. It is an export-oriented unit with expertise in iron ore mining, filtration technology, and the production of high-quality pellets. [1]"
  },
  "technicalHistory" : [ {
    "date" : "2024-12-09",
    "price" : 385.15,
    "dma50" : 369.47,
    "dma100" : null,
    "dma200" : 386.84,
    "volume" : 120350.00
  }, {
    "date" : "2024-12-10",
    "price" : 384.00,
    "dma50" : 370.04,
    "dma100" : null,
    "dma200" : 386.81,
    "volume" : 51908.00
  }, {
    "date" : "2024-12-11",
    "price" : 385.35,
    "dma50" : 370.64,
    "dma100" : null,
    "dma200" : 386.80,
    "volume" : 50256.00
  }, {
    "date" : "2024-12-12",
    "price" : 376.90,
    "dma50" : 370.89,
    "dma100" : null,
    "dma200" : 386.70,
    "volume" : 32835.00
  }, {
    "date" : "2024-12-13",
    "price" : 373.15,
    "dma50" : 370.98,
    "dma100" : null,
    "dma200" : 386.57,
    "volume" : 34342.00
  }, {
    "date" : "2024-12-16",
    "price" : 392.40,
    "dma50" : 371.82,
    "dma100" : null,
    "dma200" : 386.62,
    "volume" : 287380.00
  }, {
    "date" : "2024-12-17",
    "price" : 396.00,
    "dma50" : 372.76,
    "dma100" : null,
    "dma200" : 386.72,
    "volume" : 246920.00
  }, {
    "date" : "2024-12-18",
    "price" : 380.10,
    "dma50" : 373.05,
    "dma100" : null,
    "dma200" : 386.65,
    "volume" : 81640.00
  }, {
    "date" : "2024-12-19",
    "price" : 370.45,
    "dma50" : 372.95,
    "dma100" : null,
    "dma200" : 386.49,
    "volume" : 73738.00
  }, {
    "date" : "2024-12-20",
    "price" : 361.20,
    "dma50" : 372.49,
    "dma100" : null,
    "dma200" : 386.24,
    "volume" : 66655.00
  }, {
    "date" : "2024-12-23",
    "price" : 377.00,
    "dma50" : 372.67,
    "dma100" : null,
    "dma200" : 386.15,
    "volume" : 208571.00
  }, {
    "date" : "2024-12-24",
    "price" : 361.75,
    "dma50" : 372.24,
    "dma100" : null,
    "dma200" : 385.90,
    "volume" : 125838.00
  }, {
    "date" : "2024-12-26",
    "price" : 358.05,
    "dma50" : 371.68,
    "dma100" : null,
    "dma200" : 385.63,
    "volume" : 67588.00
  }, {
    "date" : "2024-12-27",
    "price" : 355.65,
    "dma50" : 371.05,
    "dma100" : null,
    "dma200" : 385.33,
    "volume" : 51120.00
  }, {
    "date" : "2024-12-30",
    "price" : 343.35,
    "dma50" : 369.97,
    "dma100" : null,
    "dma200" : 384.91,
    "volume" : 72968.00
  }, {
    "date" : "2024-12-31",
    "price" : 400.30,
    "dma50" : 371.16,
    "dma100" : null,
    "dma200" : 385.06,
    "volume" : 4724138.00
  }, {
    "date" : "2025-01-01",
    "price" : 409.75,
    "dma50" : 372.67,
    "dma100" : null,
    "dma200" : 385.31,
    "volume" : 1705347.00
  }, {
    "date" : "2025-01-02",
    "price" : 407.40,
    "dma50" : 374.03,
    "dma100" : null,
    "dma200" : 385.53,
    "volume" : 897042.00
  }, {
    "date" : "2025-01-03",
    "price" : 397.60,
    "dma50" : 374.96,
    "dma100" : null,
    "dma200" : 385.65,
    "volume" : 206870.00
  }, {
    "date" : "2025-01-06",
    "price" : 429.15,
    "dma50" : 377.08,
    "dma100" : null,
    "dma200" : 386.08,
    "volume" : 6199488.00
  }, {
    "date" : "2025-01-07",
    "price" : 430.50,
    "dma50" : 379.18,
    "dma100" : null,
    "dma200" : 386.52,
    "volume" : 1191087.00
  }, {
    "date" : "2025-01-08",
    "price" : 418.35,
    "dma50" : 380.71,
    "dma100" : null,
    "dma200" : 386.84,
    "volume" : 457472.00
  }, {
    "date" : "2025-01-09",
    "price" : 400.10,
    "dma50" : 381.47,
    "dma100" : null,
    "dma200" : 386.97,
    "volume" : 632101.00
  }, {
    "date" : "2025-01-10",
    "price" : 385.80,
    "dma50" : 381.64,
    "dma100" : null,
    "dma200" : 386.96,
    "volume" : 361782.00
  }, {
    "date" : "2025-01-13",
    "price" : 358.25,
    "dma50" : 380.72,
    "dma100" : null,
    "dma200" : 386.67,
    "volume" : 463491.00
  }, {
    "date" : "2025-01-14",
    "price" : 371.20,
    "dma50" : 380.35,
    "dma100" : null,
    "dma200" : 386.52,
    "volume" : 174122.00
  }, {
    "date" : "2025-01-15",
    "price" : 365.00,
    "dma50" : 379.75,
    "dma100" : null,
    "dma200" : 386.31,
    "volume" : 135540.00
  }, {
    "date" : "2025-01-16",
    "price" : 368.90,
    "dma50" : 379.32,
    "dma100" : null,
    "dma200" : 386.13,
    "volume" : 135828.00
  }, {
    "date" : "2025-01-17",
    "price" : 368.80,
    "dma50" : 378.91,
    "dma100" : null,
    "dma200" : 385.96,
    "volume" : 126974.00
  }, {
    "date" : "2025-01-20",
    "price" : 370.30,
    "dma50" : 378.57,
    "dma100" : null,
    "dma200" : 385.81,
    "volume" : 126599.00
  }, {
    "date" : "2025-01-21",
    "price" : 362.25,
    "dma50" : 377.93,
    "dma100" : null,
    "dma200" : 385.57,
    "volume" : 126005.00
  }, {
    "date" : "2025-01-22",
    "price" : 352.65,
    "dma50" : 376.94,
    "dma100" : null,
    "dma200" : 385.24,
    "volume" : 108393.00
  }, {
    "date" : "2025-01-23",
    "price" : 350.15,
    "dma50" : 375.89,
    "dma100" : null,
    "dma200" : 384.89,
    "volume" : 88948.00
  }, {
    "date" : "2025-01-24",
    "price" : 338.85,
    "dma50" : 374.44,
    "dma100" : null,
    "dma200" : 384.44,
    "volume" : 83617.00
  }, {
    "date" : "2025-01-27",
    "price" : 325.85,
    "dma50" : 372.53,
    "dma100" : null,
    "dma200" : 383.85,
    "volume" : 142782.00
  }, {
    "date" : "2025-01-28",
    "price" : 319.80,
    "dma50" : 370.47,
    "dma100" : null,
    "dma200" : 383.22,
    "volume" : 228355.00
  }, {
    "date" : "2025-01-29",
    "price" : 330.70,
    "dma50" : 368.91,
    "dma100" : null,
    "dma200" : 382.69,
    "volume" : 181751.00
  }, {
    "date" : "2025-01-30",
    "price" : 330.50,
    "dma50" : 367.40,
    "dma100" : null,
    "dma200" : 382.17,
    "volume" : 116419.00
  }, {
    "date" : "2025-01-31",
    "price" : 334.15,
    "dma50" : 366.10,
    "dma100" : null,
    "dma200" : 381.70,
    "volume" : 118360.00
  }, {
    "date" : "2025-02-01",
    "price" : 333.25,
    "dma50" : 364.81,
    "dma100" : null,
    "dma200" : 381.21,
    "volume" : 104076.00
  }, {
    "date" : "2025-02-03",
    "price" : 320.70,
    "dma50" : 363.08,
    "dma100" : null,
    "dma200" : 380.61,
    "volume" : 119827.00
  }, {
    "date" : "2025-02-04",
    "price" : 320.70,
    "dma50" : 361.42,
    "dma100" : null,
    "dma200" : 380.02,
    "volume" : 85841.00
  }, {
    "date" : "2025-02-05",
    "price" : 326.20,
    "dma50" : 360.04,
    "dma100" : null,
    "dma200" : 379.48,
    "volume" : 76593.00
  }, {
    "date" : "2025-02-06",
    "price" : 324.30,
    "dma50" : 358.63,
    "dma100" : null,
    "dma200" : 378.93,
    "volume" : 43331.00
  }, {
    "date" : "2025-02-07",
    "price" : 320.80,
    "dma50" : 357.15,
    "dma100" : null,
    "dma200" : 378.35,
    "volume" : 71189.00
  }, {
    "date" : "2025-02-10",
    "price" : 308.80,
    "dma50" : 355.25,
    "dma100" : null,
    "dma200" : 377.66,
    "volume" : 87124.00
  }, {
    "date" : "2025-02-11",
    "price" : 290.50,
    "dma50" : 352.71,
    "dma100" : null,
    "dma200" : 376.79,
    "volume" : 148905.00
  }, {
    "date" : "2025-02-12",
    "price" : 291.35,
    "dma50" : 350.31,
    "dma100" : null,
    "dma200" : 375.94,
    "volume" : 172749.00
  }, {
    "date" : "2025-02-13",
    "price" : 279.70,
    "dma50" : 347.54,
    "dma100" : null,
    "dma200" : 374.99,
    "volume" : 375740.00
  }, {
    "date" : "2025-02-14",
    "price" : 261.05,
    "dma50" : 344.15,
    "dma100" : null,
    "dma200" : 373.85,
    "volume" : 228982.00
  }, {
    "date" : "2025-02-17",
    "price" : 261.80,
    "dma50" : 340.92,
    "dma100" : null,
    "dma200" : 372.74,
    "volume" : 153082.00
  }, {
    "date" : "2025-02-18",
    "price" : 250.40,
    "dma50" : 337.37,
    "dma100" : null,
    "dma200" : 371.52,
    "volume" : 91949.00
  }, {
    "date" : "2025-02-19",
    "price" : 259.90,
    "dma50" : 334.33,
    "dma100" : null,
    "dma200" : 370.41,
    "volume" : 196792.00
  }, {
    "date" : "2025-02-20",
    "price" : 265.35,
    "dma50" : 331.63,
    "dma100" : null,
    "dma200" : 369.36,
    "volume" : 73491.00
  }, {
    "date" : "2025-02-21",
    "price" : 255.60,
    "dma50" : 328.64,
    "dma100" : null,
    "dma200" : 368.23,
    "volume" : 145557.00
  }, {
    "date" : "2025-02-24",
    "price" : 251.20,
    "dma50" : 325.61,
    "dma100" : null,
    "dma200" : 367.07,
    "volume" : 126417.00
  }, {
    "date" : "2025-02-25",
    "price" : 250.20,
    "dma50" : 322.65,
    "dma100" : null,
    "dma200" : 365.90,
    "volume" : 80749.00
  }, {
    "date" : "2025-02-27",
    "price" : 241.90,
    "dma50" : 319.48,
    "dma100" : null,
    "dma200" : 364.67,
    "volume" : 74607.00
  }, {
    "date" : "2025-02-28",
    "price" : 231.85,
    "dma50" : 316.05,
    "dma100" : null,
    "dma200" : 363.35,
    "volume" : 154446.00
  }, {
    "date" : "2025-03-03",
    "price" : 225.07,
    "dma50" : 312.48,
    "dma100" : null,
    "dma200" : 361.97,
    "volume" : 162680.00
  }, {
    "date" : "2025-03-04",
    "price" : 229.28,
    "dma50" : 309.22,
    "dma100" : null,
    "dma200" : 360.65,
    "volume" : 104416.00
  }, {
    "date" : "2025-03-05",
    "price" : 240.50,
    "dma50" : 306.52,
    "dma100" : null,
    "dma200" : 359.46,
    "volume" : 96734.00
  }, {
    "date" : "2025-03-06",
    "price" : 250.38,
    "dma50" : 304.32,
    "dma100" : null,
    "dma200" : 358.37,
    "volume" : 129346.00
  }, {
    "date" : "2025-03-07",
    "price" : 258.95,
    "dma50" : 302.54,
    "dma100" : null,
    "dma200" : 357.38,
    "volume" : 304447.00
  }, {
    "date" : "2025-03-10",
    "price" : 245.45,
    "dma50" : 300.30,
    "dma100" : null,
    "dma200" : 356.27,
    "volume" : 125102.00
  }, {
    "date" : "2025-03-11",
    "price" : 240.50,
    "dma50" : 297.96,
    "dma100" : null,
    "dma200" : 355.12,
    "volume" : 94275.00
  }, {
    "date" : "2025-03-12",
    "price" : 235.89,
    "dma50" : 295.52,
    "dma100" : null,
    "dma200" : 353.93,
    "volume" : 123390.00
  }, {
    "date" : "2025-03-13",
    "price" : 229.54,
    "dma50" : 292.93,
    "dma100" : null,
    "dma200" : 352.69,
    "volume" : 98840.00
  }, {
    "date" : "2025-03-17",
    "price" : 227.90,
    "dma50" : 290.38,
    "dma100" : null,
    "dma200" : 351.45,
    "volume" : 78715.00
  }, {
    "date" : "2025-03-18",
    "price" : 233.04,
    "dma50" : 288.14,
    "dma100" : null,
    "dma200" : 350.27,
    "volume" : 81435.00
  }, {
    "date" : "2025-03-19",
    "price" : 245.67,
    "dma50" : 286.47,
    "dma100" : null,
    "dma200" : 349.23,
    "volume" : 181757.00
  }, {
    "date" : "2025-03-20",
    "price" : 244.33,
    "dma50" : 284.82,
    "dma100" : null,
    "dma200" : 348.19,
    "volume" : 105468.00
  }, {
    "date" : "2025-03-21",
    "price" : 252.08,
    "dma50" : 283.53,
    "dma100" : null,
    "dma200" : 347.23,
    "volume" : 187920.00
  }, {
    "date" : "2025-03-24",
    "price" : 258.23,
    "dma50" : 282.54,
    "dma100" : null,
    "dma200" : 346.35,
    "volume" : 183048.00
  }, {
    "date" : "2025-03-25",
    "price" : 245.94,
    "dma50" : 281.11,
    "dma100" : null,
    "dma200" : 345.35,
    "volume" : 160439.00
  }, {
    "date" : "2025-03-26",
    "price" : 237.71,
    "dma50" : 279.40,
    "dma100" : null,
    "dma200" : 344.28,
    "volume" : 173856.00
  }, {
    "date" : "2025-03-27",
    "price" : 243.24,
    "dma50" : 277.99,
    "dma100" : null,
    "dma200" : 343.27,
    "volume" : 223226.00
  }, {
    "date" : "2025-03-28",
    "price" : 236.77,
    "dma50" : 276.37,
    "dma100" : null,
    "dma200" : 342.21,
    "volume" : 135169.00
  }, {
    "date" : "2025-04-01",
    "price" : 249.73,
    "dma50" : 275.33,
    "dma100" : null,
    "dma200" : 341.29,
    "volume" : 186896.00
  }, {
    "date" : "2025-04-02",
    "price" : 246.34,
    "dma50" : 274.19,
    "dma100" : null,
    "dma200" : 340.35,
    "volume" : 73533.00
  }, {
    "date" : "2025-04-03",
    "price" : 247.52,
    "dma50" : 273.14,
    "dma100" : null,
    "dma200" : 339.42,
    "volume" : 69710.00
  }, {
    "date" : "2025-04-04",
    "price" : 232.46,
    "dma50" : 271.55,
    "dma100" : null,
    "dma200" : 338.36,
    "volume" : 155133.00
  }, {
    "date" : "2025-04-07",
    "price" : 221.16,
    "dma50" : 269.57,
    "dma100" : null,
    "dma200" : 337.19,
    "volume" : 145914.00
  }, {
    "date" : "2025-04-08",
    "price" : 224.87,
    "dma50" : 267.82,
    "dma100" : null,
    "dma200" : 336.07,
    "volume" : 99715.00
  }, {
    "date" : "2025-04-09",
    "price" : 220.42,
    "dma50" : 265.96,
    "dma100" : null,
    "dma200" : 334.92,
    "volume" : 52459.00
  }, {
    "date" : "2025-04-11",
    "price" : 228.73,
    "dma50" : 264.50,
    "dma100" : null,
    "dma200" : 333.87,
    "volume" : 68085.00
  }, {
    "date" : "2025-04-15",
    "price" : 237.75,
    "dma50" : 263.45,
    "dma100" : null,
    "dma200" : 332.91,
    "volume" : 88311.00
  }, {
    "date" : "2025-04-16",
    "price" : 245.36,
    "dma50" : 262.74,
    "dma100" : null,
    "dma200" : 332.04,
    "volume" : 144263.00
  }, {
    "date" : "2025-04-17",
    "price" : 245.73,
    "dma50" : 262.07,
    "dma100" : null,
    "dma200" : 331.18,
    "volume" : 67630.00
  }, {
    "date" : "2025-04-21",
    "price" : 251.71,
    "dma50" : 261.67,
    "dma100" : null,
    "dma200" : 330.39,
    "volume" : 102249.00
  }, {
    "date" : "2025-04-22",
    "price" : 251.86,
    "dma50" : 261.28,
    "dma100" : null,
    "dma200" : 329.61,
    "volume" : 73744.00
  }, {
    "date" : "2025-04-23",
    "price" : 252.69,
    "dma50" : 260.95,
    "dma100" : null,
    "dma200" : 328.84,
    "volume" : 76671.00
  }, {
    "date" : "2025-04-24",
    "price" : 284.46,
    "dma50" : 261.87,
    "dma100" : null,
    "dma200" : 328.40,
    "volume" : 4951114.00
  }, {
    "date" : "2025-04-25",
    "price" : 261.87,
    "dma50" : 261.87,
    "dma100" : null,
    "dma200" : 327.74,
    "volume" : 795554.00
  }, {
    "date" : "2025-04-28",
    "price" : 258.51,
    "dma50" : 261.74,
    "dma100" : null,
    "dma200" : 327.05,
    "volume" : 260833.00
  }, {
    "date" : "2025-04-29",
    "price" : 258.26,
    "dma50" : 261.60,
    "dma100" : null,
    "dma200" : 326.37,
    "volume" : 226332.00
  }, {
    "date" : "2025-04-30",
    "price" : 251.95,
    "dma50" : 261.22,
    "dma100" : null,
    "dma200" : 325.63,
    "volume" : 138577.00
  }, {
    "date" : "2025-05-02",
    "price" : 247.15,
    "dma50" : 260.67,
    "dma100" : null,
    "dma200" : 324.84,
    "volume" : 145297.00
  }, {
    "date" : "2025-05-05",
    "price" : 250.40,
    "dma50" : 260.27,
    "dma100" : null,
    "dma200" : 324.10,
    "volume" : 76542.00
  }, {
    "date" : "2025-05-06",
    "price" : 242.55,
    "dma50" : 259.57,
    "dma100" : null,
    "dma200" : 323.29,
    "volume" : 91033.00
  }, {
    "date" : "2025-05-07",
    "price" : 244.00,
    "dma50" : 258.96,
    "dma100" : 300.23,
    "dma200" : 322.50,
    "volume" : 64661.00
  }, {
    "date" : "2025-05-08",
    "price" : 237.45,
    "dma50" : 258.12,
    "dma100" : 298.77,
    "dma200" : 321.66,
    "volume" : 57828.00
  }, {
    "date" : "2025-05-09",
    "price" : 235.55,
    "dma50" : 257.23,
    "dma100" : 297.27,
    "dma200" : 320.80,
    "volume" : 76469.00
  }, {
    "date" : "2025-05-12",
    "price" : 252.95,
    "dma50" : 257.07,
    "dma100" : 296.03,
    "dma200" : 320.13,
    "volume" : 115350.00
  }, {
    "date" : "2025-05-13",
    "price" : 252.55,
    "dma50" : 256.89,
    "dma100" : 294.82,
    "dma200" : 319.45,
    "volume" : 66164.00
  }, {
    "date" : "2025-05-14",
    "price" : 270.00,
    "dma50" : 257.40,
    "dma100" : 293.60,
    "dma200" : 318.96,
    "volume" : 1106064.00
  }, {
    "date" : "2025-05-15",
    "price" : 273.75,
    "dma50" : 258.04,
    "dma100" : 292.38,
    "dma200" : 318.51,
    "volume" : 153637.00
  }, {
    "date" : "2025-05-16",
    "price" : 275.90,
    "dma50" : 258.74,
    "dma100" : 291.33,
    "dma200" : 318.09,
    "volume" : 191843.00
  }, {
    "date" : "2025-05-19",
    "price" : 276.30,
    "dma50" : 259.43,
    "dma100" : 290.39,
    "dma200" : 317.67,
    "volume" : 151402.00
  }, {
    "date" : "2025-05-20",
    "price" : 279.05,
    "dma50" : 260.20,
    "dma100" : 289.57,
    "dma200" : 317.29,
    "volume" : 362138.00
  }, {
    "date" : "2025-05-21",
    "price" : 279.80,
    "dma50" : 260.97,
    "dma100" : 288.60,
    "dma200" : 316.91,
    "volume" : 97577.00
  }, {
    "date" : "2025-05-22",
    "price" : 279.20,
    "dma50" : 261.68,
    "dma100" : 287.77,
    "dma200" : 316.54,
    "volume" : 104745.00
  }, {
    "date" : "2025-05-23",
    "price" : 283.15,
    "dma50" : 262.53,
    "dma100" : 287.02,
    "dma200" : 316.21,
    "volume" : 74413.00
  }, {
    "date" : "2025-05-26",
    "price" : 282.30,
    "dma50" : 263.30,
    "dma100" : 286.29,
    "dma200" : 315.87,
    "volume" : 50207.00
  }, {
    "date" : "2025-05-27",
    "price" : 281.15,
    "dma50" : 264.00,
    "dma100" : 285.67,
    "dma200" : 315.52,
    "volume" : 53746.00
  }, {
    "date" : "2025-05-28",
    "price" : 292.05,
    "dma50" : 265.10,
    "dma100" : 284.59,
    "dma200" : 315.29,
    "volume" : 454003.00
  }, {
    "date" : "2025-05-29",
    "price" : 308.05,
    "dma50" : 266.79,
    "dma100" : 283.57,
    "dma200" : 315.22,
    "volume" : 1462817.00
  }, {
    "date" : "2025-05-30",
    "price" : 304.55,
    "dma50" : 268.27,
    "dma100" : 282.54,
    "dma200" : 315.11,
    "volume" : 204243.00
  }, {
    "date" : "2025-06-02",
    "price" : 298.45,
    "dma50" : 269.45,
    "dma100" : 281.55,
    "dma200" : 314.95,
    "volume" : 102544.00
  }, {
    "date" : "2025-06-03",
    "price" : 315.10,
    "dma50" : 271.24,
    "dma100" : 280.41,
    "dma200" : 314.95,
    "volume" : 3664843.00
  }, {
    "date" : "2025-06-04",
    "price" : 312.85,
    "dma50" : 272.87,
    "dma100" : 279.23,
    "dma200" : 314.93,
    "volume" : 367408.00
  }, {
    "date" : "2025-06-05",
    "price" : 313.25,
    "dma50" : 274.46,
    "dma100" : 278.18,
    "dma200" : 314.91,
    "volume" : 204065.00
  }, {
    "date" : "2025-06-06",
    "price" : 315.70,
    "dma50" : 276.07,
    "dma100" : 277.34,
    "dma200" : 314.92,
    "volume" : 238814.00
  }, {
    "date" : "2025-06-09",
    "price" : 317.10,
    "dma50" : 277.68,
    "dma100" : 276.65,
    "dma200" : 314.94,
    "volume" : 136555.00
  }, {
    "date" : "2025-06-10",
    "price" : 313.45,
    "dma50" : 279.09,
    "dma100" : 276.20,
    "dma200" : 314.92,
    "volume" : 126530.00
  }, {
    "date" : "2025-06-11",
    "price" : 313.65,
    "dma50" : 280.44,
    "dma100" : 275.63,
    "dma200" : 314.91,
    "volume" : 129662.00
  }, {
    "date" : "2025-06-12",
    "price" : 309.35,
    "dma50" : 281.57,
    "dma100" : 275.07,
    "dma200" : 314.86,
    "volume" : 105988.00
  }, {
    "date" : "2025-06-13",
    "price" : 300.95,
    "dma50" : 282.33,
    "dma100" : 274.39,
    "dma200" : 314.72,
    "volume" : 145792.00
  }, {
    "date" : "2025-06-16",
    "price" : 300.55,
    "dma50" : 283.05,
    "dma100" : 273.71,
    "dma200" : 314.58,
    "volume" : 89054.00
  }, {
    "date" : "2025-06-17",
    "price" : 293.40,
    "dma50" : 283.45,
    "dma100" : 272.94,
    "dma200" : 314.37,
    "volume" : 72301.00
  }, {
    "date" : "2025-06-18",
    "price" : 290.75,
    "dma50" : 283.74,
    "dma100" : 272.22,
    "dma200" : 314.13,
    "volume" : 55364.00
  }, {
    "date" : "2025-06-19",
    "price" : 282.15,
    "dma50" : 283.68,
    "dma100" : 271.52,
    "dma200" : 313.81,
    "volume" : 73564.00
  }, {
    "date" : "2025-06-20",
    "price" : 287.30,
    "dma50" : 283.82,
    "dma100" : 270.89,
    "dma200" : 313.55,
    "volume" : 93636.00
  }, {
    "date" : "2025-06-23",
    "price" : 283.55,
    "dma50" : 283.81,
    "dma100" : 270.34,
    "dma200" : 313.25,
    "volume" : 147471.00
  }, {
    "date" : "2025-06-24",
    "price" : 286.40,
    "dma50" : 283.91,
    "dma100" : 269.94,
    "dma200" : 312.98,
    "volume" : 238386.00
  }, {
    "date" : "2025-06-25",
    "price" : 293.95,
    "dma50" : 284.30,
    "dma100" : 269.68,
    "dma200" : 312.79,
    "volume" : 102174.00
  }, {
    "date" : "2025-06-26",
    "price" : 293.30,
    "dma50" : 284.66,
    "dma100" : 269.31,
    "dma200" : 312.60,
    "volume" : 125653.00
  }, {
    "date" : "2025-06-27",
    "price" : 299.50,
    "dma50" : 285.24,
    "dma100" : 269.00,
    "dma200" : 312.47,
    "volume" : 156509.00
  }, {
    "date" : "2025-06-30",
    "price" : 300.15,
    "dma50" : 285.82,
    "dma100" : 268.66,
    "dma200" : 312.35,
    "volume" : 92660.00
  }, {
    "date" : "2025-07-01",
    "price" : 299.90,
    "dma50" : 286.38,
    "dma100" : 268.33,
    "dma200" : 312.22,
    "volume" : 73892.00
  }, {
    "date" : "2025-07-02",
    "price" : 295.30,
    "dma50" : 286.73,
    "dma100" : 268.07,
    "dma200" : 312.06,
    "volume" : 63864.00
  }, {
    "date" : "2025-07-03",
    "price" : 293.55,
    "dma50" : 286.99,
    "dma100" : 267.80,
    "dma200" : 311.87,
    "volume" : 55584.00
  }, {
    "date" : "2025-07-04",
    "price" : 291.25,
    "dma50" : 287.16,
    "dma100" : 267.45,
    "dma200" : 311.67,
    "volume" : 55249.00
  }, {
    "date" : "2025-07-07",
    "price" : 291.60,
    "dma50" : 287.33,
    "dma100" : 267.13,
    "dma200" : 311.47,
    "volume" : 63155.00
  }, {
    "date" : "2025-07-08",
    "price" : 292.80,
    "dma50" : 287.55,
    "dma100" : 266.85,
    "dma200" : 311.28,
    "volume" : 47087.00
  }, {
    "date" : "2025-07-09",
    "price" : 290.30,
    "dma50" : 287.66,
    "dma100" : 266.66,
    "dma200" : 311.07,
    "volume" : 40491.00
  }, {
    "date" : "2025-07-10",
    "price" : 291.00,
    "dma50" : 287.79,
    "dma100" : 266.67,
    "dma200" : 310.87,
    "volume" : 37985.00
  }, {
    "date" : "2025-07-11",
    "price" : 288.05,
    "dma50" : 287.80,
    "dma100" : 266.63,
    "dma200" : 310.65,
    "volume" : 30951.00
  }, {
    "date" : "2025-07-14",
    "price" : 292.10,
    "dma50" : 287.97,
    "dma100" : 266.76,
    "dma200" : 310.46,
    "volume" : 48844.00
  }, {
    "date" : "2025-07-15",
    "price" : 293.45,
    "dma50" : 288.18,
    "dma100" : 267.08,
    "dma200" : 310.29,
    "volume" : 52045.00
  }, {
    "date" : "2025-07-16",
    "price" : 292.50,
    "dma50" : 288.35,
    "dma100" : 267.39,
    "dma200" : 310.11,
    "volume" : 22367.00
  }, {
    "date" : "2025-07-17",
    "price" : 293.35,
    "dma50" : 288.55,
    "dma100" : 267.82,
    "dma200" : 309.95,
    "volume" : 41163.00
  }, {
    "date" : "2025-07-18",
    "price" : 290.70,
    "dma50" : 288.63,
    "dma100" : 268.12,
    "dma200" : 309.76,
    "volume" : 59893.00
  }, {
    "date" : "2025-07-21",
    "price" : 306.50,
    "dma50" : 289.33,
    "dma100" : 268.54,
    "dma200" : 309.72,
    "volume" : 1511401.00
  }, {
    "date" : "2025-07-22",
    "price" : 310.70,
    "dma50" : 290.17,
    "dma100" : 269.09,
    "dma200" : 309.73,
    "volume" : 326463.00
  }, {
    "date" : "2025-07-23",
    "price" : 358.80,
    "dma50" : 292.86,
    "dma100" : 270.16,
    "dma200" : 310.22,
    "volume" : 10681799.00
  }, {
    "date" : "2025-07-24",
    "price" : 361.70,
    "dma50" : 295.56,
    "dma100" : 271.28,
    "dma200" : 310.73,
    "volume" : 7248768.00
  }, {
    "date" : "2025-07-25",
    "price" : 340.35,
    "dma50" : 297.32,
    "dma100" : 272.26,
    "dma200" : 311.03,
    "volume" : 983690.00
  }, {
    "date" : "2025-07-28",
    "price" : 327.20,
    "dma50" : 298.49,
    "dma100" : 273.22,
    "dma200" : 311.19,
    "volume" : 552403.00
  }, {
    "date" : "2025-07-29",
    "price" : 335.20,
    "dma50" : 299.93,
    "dma100" : 274.32,
    "dma200" : 311.43,
    "volume" : 443038.00
  }, {
    "date" : "2025-07-30",
    "price" : 327.35,
    "dma50" : 301.00,
    "dma100" : 275.30,
    "dma200" : 311.59,
    "volume" : 265084.00
  }, {
    "date" : "2025-07-31",
    "price" : 317.90,
    "dma50" : 301.67,
    "dma100" : 276.07,
    "dma200" : 311.65,
    "volume" : 192397.00
  }, {
    "date" : "2025-08-01",
    "price" : 362.05,
    "dma50" : 304.04,
    "dma100" : 277.19,
    "dma200" : 312.15,
    "volume" : 25357071.00
  }, {
    "date" : "2025-08-04",
    "price" : 390.15,
    "dma50" : 307.41,
    "dma100" : 278.50,
    "dma200" : 312.93,
    "volume" : 27587819.00
  }, {
    "date" : "2025-08-05",
    "price" : 394.60,
    "dma50" : 310.83,
    "dma100" : 279.99,
    "dma200" : 313.74,
    "volume" : 10456557.00
  }, {
    "date" : "2025-08-06",
    "price" : 366.25,
    "dma50" : 313.00,
    "dma100" : 281.25,
    "dma200" : 314.26,
    "volume" : 2182467.00
  }, {
    "date" : "2025-08-07",
    "price" : 369.35,
    "dma50" : 315.21,
    "dma100" : 282.58,
    "dma200" : 314.81,
    "volume" : 1563543.00
  }, {
    "date" : "2025-08-08",
    "price" : 345.45,
    "dma50" : 316.40,
    "dma100" : 283.74,
    "dma200" : 315.12,
    "volume" : 887212.00
  }, {
    "date" : "2025-08-11",
    "price" : 342.50,
    "dma50" : 317.42,
    "dma100" : 284.89,
    "dma200" : 315.39,
    "volume" : 1078058.00
  }, {
    "date" : "2025-08-12",
    "price" : 336.65,
    "dma50" : 318.18,
    "dma100" : 285.93,
    "dma200" : 315.60,
    "volume" : 749293.00
  }, {
    "date" : "2025-08-13",
    "price" : 332.50,
    "dma50" : 318.74,
    "dma100" : 286.79,
    "dma200" : 315.77,
    "volume" : 748890.00
  }, {
    "date" : "2025-08-14",
    "price" : 328.70,
    "dma50" : 319.13,
    "dma100" : 287.64,
    "dma200" : 315.90,
    "volume" : 377582.00
  }, {
    "date" : "2025-08-18",
    "price" : 334.55,
    "dma50" : 319.73,
    "dma100" : 288.46,
    "dma200" : 316.08,
    "volume" : 513594.00
  }, {
    "date" : "2025-08-19",
    "price" : 401.00,
    "dma50" : 322.92,
    "dma100" : 289.89,
    "dma200" : 316.93,
    "volume" : 19100018.00
  }, {
    "date" : "2025-08-20",
    "price" : 402.35,
    "dma50" : 326.04,
    "dma100" : 291.45,
    "dma200" : 317.78,
    "volume" : 7639022.00
  }, {
    "date" : "2025-08-21",
    "price" : 444.25,
    "dma50" : 330.67,
    "dma100" : 293.52,
    "dma200" : 319.04,
    "volume" : 23023468.00
  }, {
    "date" : "2025-08-22",
    "price" : 431.75,
    "dma50" : 334.64,
    "dma100" : 295.40,
    "dma200" : 320.16,
    "volume" : 3719083.00
  }, {
    "date" : "2025-08-25",
    "price" : 423.00,
    "dma50" : 338.10,
    "dma100" : 297.27,
    "dma200" : 321.18,
    "volume" : 1188142.00
  }, {
    "date" : "2025-08-26",
    "price" : 411.50,
    "dma50" : 340.98,
    "dma100" : 298.88,
    "dma200" : 322.08,
    "volume" : 1125525.00
  }, {
    "date" : "2025-08-28",
    "price" : 405.25,
    "dma50" : 343.50,
    "dma100" : 300.47,
    "dma200" : 322.91,
    "volume" : 3349873.00
  }, {
    "date" : "2025-08-29",
    "price" : 407.40,
    "dma50" : 346.01,
    "dma100" : 302.07,
    "dma200" : 323.75,
    "volume" : 1288923.00
  }, {
    "date" : "2025-09-01",
    "price" : 413.80,
    "dma50" : 348.66,
    "dma100" : 303.89,
    "dma200" : 324.64,
    "volume" : 2171488.00
  }, {
    "date" : "2025-09-02",
    "price" : 422.40,
    "dma50" : 351.56,
    "dma100" : 305.90,
    "dma200" : 325.62,
    "volume" : 2165471.00
  }, {
    "date" : "2025-09-03",
    "price" : 437.35,
    "dma50" : 354.92,
    "dma100" : 308.02,
    "dma200" : 326.73,
    "volume" : 8802878.00
  }, {
    "date" : "2025-09-04",
    "price" : 437.80,
    "dma50" : 358.17,
    "dma100" : 310.20,
    "dma200" : 327.83,
    "volume" : 1863383.00
  }, {
    "date" : "2025-09-05",
    "price" : 451.65,
    "dma50" : 361.84,
    "dma100" : 312.43,
    "dma200" : 329.06,
    "volume" : 1884441.00
  }, {
    "date" : "2025-09-08",
    "price" : 473.70,
    "dma50" : 366.22,
    "dma100" : 314.79,
    "dma200" : 330.50,
    "volume" : 6160232.00
  }, {
    "date" : "2025-09-09",
    "price" : 450.80,
    "dma50" : 369.54,
    "dma100" : 316.84,
    "dma200" : 331.70,
    "volume" : 1126020.00
  }, {
    "date" : "2025-09-10",
    "price" : 448.75,
    "dma50" : 372.65,
    "dma100" : 318.87,
    "dma200" : 332.87,
    "volume" : 1377714.00
  }, {
    "date" : "2025-09-11",
    "price" : 455.80,
    "dma50" : 375.91,
    "dma100" : 320.91,
    "dma200" : 334.09,
    "volume" : 2161565.00
  }, {
    "date" : "2025-09-12",
    "price" : 466.55,
    "dma50" : 379.46,
    "dma100" : 323.06,
    "dma200" : 335.41,
    "volume" : 1632920.00
  }, {
    "date" : "2025-09-15",
    "price" : 458.75,
    "dma50" : 382.57,
    "dma100" : 325.12,
    "dma200" : 336.63,
    "volume" : 1541513.00
  }, {
    "date" : "2025-09-16",
    "price" : 459.75,
    "dma50" : 385.60,
    "dma100" : 326.87,
    "dma200" : 337.86,
    "volume" : 627316.00
  }, {
    "date" : "2025-09-17",
    "price" : 436.15,
    "dma50" : 387.58,
    "dma100" : 328.61,
    "dma200" : 338.84,
    "volume" : 1431630.00
  }, {
    "date" : "2025-09-18",
    "price" : 434.30,
    "dma50" : 389.41,
    "dma100" : 330.37,
    "dma200" : 339.79,
    "volume" : 597240.00
  }, {
    "date" : "2025-09-19",
    "price" : 430.55,
    "dma50" : 391.03,
    "dma100" : 332.10,
    "dma200" : 340.69,
    "volume" : 580986.00
  }, {
    "date" : "2025-09-22",
    "price" : 422.55,
    "dma50" : 392.26,
    "dma100" : 333.80,
    "dma200" : 341.50,
    "volume" : 601456.00
  }, {
    "date" : "2025-09-23",
    "price" : 444.75,
    "dma50" : 394.32,
    "dma100" : 335.78,
    "dma200" : 342.53,
    "volume" : 1702302.00
  }, {
    "date" : "2025-09-24",
    "price" : 443.90,
    "dma50" : 396.26,
    "dma100" : 337.71,
    "dma200" : 343.54,
    "volume" : 609347.00
  }, {
    "date" : "2025-09-25",
    "price" : 457.35,
    "dma50" : 398.66,
    "dma100" : 339.86,
    "dma200" : 344.67,
    "volume" : 3625489.00
  }, {
    "date" : "2025-09-26",
    "price" : 438.20,
    "dma50" : 400.21,
    "dma100" : 341.80,
    "dma200" : 345.60,
    "volume" : 1000879.00
  }, {
    "date" : "2025-09-29",
    "price" : 433.10,
    "dma50" : 401.50,
    "dma100" : 343.76,
    "dma200" : 346.47,
    "volume" : 638223.00
  }, {
    "date" : "2025-09-30",
    "price" : 424.45,
    "dma50" : 402.40,
    "dma100" : 345.65,
    "dma200" : 347.25,
    "volume" : 670536.00
  }, {
    "date" : "2025-10-01",
    "price" : 440.70,
    "dma50" : 403.90,
    "dma100" : 347.53,
    "dma200" : 348.18,
    "volume" : 548991.00
  }, {
    "date" : "2025-10-03",
    "price" : 528.80,
    "dma50" : 408.80,
    "dma100" : 350.29,
    "dma200" : 349.98,
    "volume" : 10450387.00
  }, {
    "date" : "2025-10-06",
    "price" : 627.60,
    "dma50" : 417.38,
    "dma100" : 353.86,
    "dma200" : 352.74,
    "volume" : 28383053.00
  }, {
    "date" : "2025-10-07",
    "price" : 565.55,
    "dma50" : 423.19,
    "dma100" : 356.78,
    "dma200" : 354.86,
    "volume" : 6535585.00
  }, {
    "date" : "2025-10-08",
    "price" : 518.85,
    "dma50" : 426.94,
    "dma100" : 359.21,
    "dma200" : 356.49,
    "volume" : 5497745.00
  }, {
    "date" : "2025-10-09",
    "price" : 512.45,
    "dma50" : 430.30,
    "dma100" : 361.57,
    "dma200" : 358.04,
    "volume" : 2668876.00
  }, {
    "date" : "2025-10-10",
    "price" : 508.00,
    "dma50" : 433.34,
    "dma100" : 363.86,
    "dma200" : 359.53,
    "volume" : 1570357.00
  }, {
    "date" : "2025-10-13",
    "price" : 482.60,
    "dma50" : 435.27,
    "dma100" : 365.89,
    "dma200" : 360.76,
    "volume" : 231303.00
  }, {
    "date" : "2025-10-14",
    "price" : 458.50,
    "dma50" : 436.19,
    "dma100" : 367.68,
    "dma200" : 361.73,
    "volume" : 170091.00
  }, {
    "date" : "2025-10-15",
    "price" : 475.50,
    "dma50" : 437.73,
    "dma100" : 369.61,
    "dma200" : 362.86,
    "volume" : 209603.00
  }, {
    "date" : "2025-10-16",
    "price" : 454.80,
    "dma50" : 438.40,
    "dma100" : 371.33,
    "dma200" : 363.78,
    "volume" : 124563.00
  }, {
    "date" : "2025-10-17",
    "price" : 444.05,
    "dma50" : 438.62,
    "dma100" : 372.96,
    "dma200" : 364.58,
    "volume" : 108542.00
  }, {
    "date" : "2025-10-20",
    "price" : 436.55,
    "dma50" : 438.54,
    "dma100" : 374.41,
    "dma200" : 365.29,
    "volume" : 102214.00
  }, {
    "date" : "2025-10-21",
    "price" : 442.05,
    "dma50" : 438.68,
    "dma100" : 375.75,
    "dma200" : 366.06,
    "volume" : 34416.00
  }, {
    "date" : "2025-10-23",
    "price" : 454.25,
    "dma50" : 439.29,
    "dma100" : 377.24,
    "dma200" : 366.93,
    "volume" : 123368.00
  }, {
    "date" : "2025-10-24",
    "price" : 449.40,
    "dma50" : 439.68,
    "dma100" : 378.75,
    "dma200" : 367.75,
    "volume" : 62612.00
  }, {
    "date" : "2025-10-27",
    "price" : 438.45,
    "dma50" : 439.63,
    "dma100" : 379.99,
    "dma200" : 368.46,
    "volume" : 155476.00
  }, {
    "date" : "2025-10-28",
    "price" : 440.60,
    "dma50" : 439.67,
    "dma100" : 381.26,
    "dma200" : 369.17,
    "volume" : 110577.00
  }, {
    "date" : "2025-10-29",
    "price" : 434.90,
    "dma50" : 439.48,
    "dma100" : 382.48,
    "dma200" : 369.83,
    "volume" : 172619.00
  }, {
    "date" : "2025-10-30",
    "price" : 434.45,
    "dma50" : 439.29,
    "dma100" : 383.67,
    "dma200" : 370.47,
    "volume" : 101365.00
  }, {
    "date" : "2025-10-31",
    "price" : 430.75,
    "dma50" : 438.95,
    "dma100" : 384.80,
    "dma200" : 371.07,
    "volume" : 81875.00
  }, {
    "date" : "2025-11-03",
    "price" : 431.30,
    "dma50" : 438.65,
    "dma100" : 385.98,
    "dma200" : 371.67,
    "volume" : 99787.00
  }, {
    "date" : "2025-11-04",
    "price" : 424.35,
    "dma50" : 438.09,
    "dma100" : 387.09,
    "dma200" : 372.20,
    "volume" : 99756.00
  }, {
    "date" : "2025-11-06",
    "price" : 403.15,
    "dma50" : 436.72,
    "dma100" : 388.03,
    "dma200" : 372.50,
    "volume" : 155721.00
  }, {
    "date" : "2025-11-07",
    "price" : 402.90,
    "dma50" : 435.40,
    "dma100" : 389.05,
    "dma200" : 372.81,
    "volume" : 333433.00
  }, {
    "date" : "2025-11-10",
    "price" : 387.80,
    "dma50" : 433.53,
    "dma100" : 389.92,
    "dma200" : 372.95,
    "volume" : 173336.00
  }, {
    "date" : "2025-11-11",
    "price" : 392.80,
    "dma50" : 431.93,
    "dma100" : 390.91,
    "dma200" : 373.15,
    "volume" : 196903.00
  }, {
    "date" : "2025-11-12",
    "price" : 394.30,
    "dma50" : 430.46,
    "dma100" : 391.95,
    "dma200" : 373.36,
    "volume" : 42511.00
  }, {
    "date" : "2025-11-13",
    "price" : 387.45,
    "dma50" : 428.77,
    "dma100" : 393.00,
    "dma200" : 373.50,
    "volume" : 49353.00
  }, {
    "date" : "2025-11-14",
    "price" : 382.00,
    "dma50" : 426.94,
    "dma100" : 393.95,
    "dma200" : 373.59,
    "volume" : 64050.00
  }, {
    "date" : "2025-11-17",
    "price" : 374.00,
    "dma50" : 424.86,
    "dma100" : 394.85,
    "dma200" : 373.59,
    "volume" : 65090.00
  }, {
    "date" : "2025-11-18",
    "price" : 358.80,
    "dma50" : 422.27,
    "dma100" : 395.58,
    "dma200" : 373.44,
    "volume" : 114671.00
  }, {
    "date" : "2025-11-19",
    "price" : 371.00,
    "dma50" : 420.26,
    "dma100" : 396.35,
    "dma200" : 373.42,
    "volume" : 82390.00
  }, {
    "date" : "2025-11-20",
    "price" : 360.90,
    "dma50" : 417.93,
    "dma100" : 397.02,
    "dma200" : 373.30,
    "volume" : 36802.00
  }, {
    "date" : "2025-11-21",
    "price" : 353.25,
    "dma50" : 415.39,
    "dma100" : 397.56,
    "dma200" : 373.10,
    "volume" : 30035.00
  }, {
    "date" : "2025-11-24",
    "price" : 336.55,
    "dma50" : 412.30,
    "dma100" : 397.93,
    "dma200" : 372.73,
    "volume" : 117585.00
  }, {
    "date" : "2025-11-25",
    "price" : 337.45,
    "dma50" : 409.37,
    "dma100" : 398.30,
    "dma200" : 372.38,
    "volume" : 94505.00
  }, {
    "date" : "2025-11-26",
    "price" : 354.30,
    "dma50" : 407.21,
    "dma100" : 398.89,
    "dma200" : 372.20,
    "volume" : 125440.00
  }, {
    "date" : "2025-11-27",
    "price" : 372.00,
    "dma50" : 405.83,
    "dma100" : 399.68,
    "dma200" : 372.20,
    "volume" : 94984.00
  }, {
    "date" : "2025-11-28",
    "price" : 355.35,
    "dma50" : 403.85,
    "dma100" : 400.32,
    "dma200" : 372.03,
    "volume" : 347223.00
  }, {
    "date" : "2025-12-01",
    "price" : 352.45,
    "dma50" : 401.83,
    "dma100" : 400.92,
    "dma200" : 371.84,
    "volume" : 80926.00
  }, {
    "date" : "2025-12-02",
    "price" : 359.65,
    "dma50" : 400.18,
    "dma100" : 401.59,
    "dma200" : 371.72,
    "volume" : 108842.00
  }, {
    "date" : "2025-12-03",
    "price" : 353.70,
    "dma50" : 398.35,
    "dma100" : 402.23,
    "dma200" : 371.54,
    "volume" : 106610.00
  }, {
    "date" : "2025-12-04",
    "price" : 345.15,
    "dma50" : 396.27,
    "dma100" : 402.77,
    "dma200" : 371.27,
    "volume" : 73993.00
  }, {
    "date" : "2025-12-05",
    "price" : 339.65,
    "dma50" : 394.05,
    "dma100" : 403.28,
    "dma200" : 370.96,
    "volume" : 529562.00
  } ],
  "latestTechnicalAttributes" : {
    "date" : "2025-12-05",
    "price" : 339.65,
    "dma50" : 394.05,
    "dma100" : 403.28,
    "dma200" : 370.96,
    "volume" : 529562.00
  },
  "quarterlyResults" : [ {
    "date" : "2009-03-31",
    "sales" : 17.58,
    "salesGrowthYoY" : null,
    "grossProfitMargin" : -47.61,
    "grossProfit" : -8.37,
    "operatingProfitMargin" : -233.28,
    "operatingProfit" : -41.01,
    "netProfitMargin" : 7.62,
    "netProfit" : 1.34
  }, {
    "date" : "2009-06-30",
    "sales" : 79.11,
    "salesGrowthYoY" : null,
    "grossProfitMargin" : -34.05,
    "grossProfit" : -26.94,
    "operatingProfitMargin" : -84.20,
    "operatingProfit" : -66.61,
    "netProfitMargin" : -80.42,
    "netProfit" : -63.62
  }, {
    "date" : "2009-09-30",
    "sales" : 153.58,
    "salesGrowthYoY" : null,
    "grossProfitMargin" : -16.21,
    "grossProfit" : -24.90,
    "operatingProfitMargin" : -51.83,
    "operatingProfit" : -79.60,
    "netProfitMargin" : -52.64,
    "netProfit" : -80.84
  }, {
    "date" : "2009-12-31",
    "sales" : 245.04,
    "salesGrowthYoY" : null,
    "grossProfitMargin" : 13.17,
    "grossProfit" : 32.27,
    "operatingProfitMargin" : -10.86,
    "operatingProfit" : -26.61,
    "netProfitMargin" : -16.49,
    "netProfit" : -40.41
  }, {
    "date" : "2010-03-31",
    "sales" : 460.61,
    "salesGrowthYoY" : 2520.08,
    "grossProfitMargin" : 20.35,
    "grossProfit" : 93.73,
    "operatingProfitMargin" : 1.98,
    "operatingProfit" : 9.12,
    "netProfitMargin" : 0.09,
    "netProfit" : 0.41
  }, {
    "date" : "2010-06-30",
    "sales" : 376.54,
    "salesGrowthYoY" : 375.97,
    "grossProfitMargin" : 33.08,
    "grossProfit" : 124.56,
    "operatingProfitMargin" : 7.87,
    "operatingProfit" : 29.63,
    "netProfitMargin" : 5.92,
    "netProfit" : 22.29
  }, {
    "date" : "2010-09-30",
    "sales" : 324.83,
    "salesGrowthYoY" : 111.51,
    "grossProfitMargin" : 20.26,
    "grossProfit" : 65.81,
    "operatingProfitMargin" : -0.99,
    "operatingProfit" : -3.22,
    "netProfitMargin" : 1.02,
    "netProfit" : 3.31
  }, {
    "date" : "2010-12-31",
    "sales" : 392.46,
    "salesGrowthYoY" : 60.16,
    "grossProfitMargin" : 16.75,
    "grossProfit" : 65.74,
    "operatingProfitMargin" : -2.28,
    "operatingProfit" : -8.95,
    "netProfitMargin" : 2.74,
    "netProfit" : 10.75
  }, {
    "date" : "2011-03-31",
    "sales" : 596.99,
    "salesGrowthYoY" : 29.61,
    "grossProfitMargin" : 23.43,
    "grossProfit" : 139.87,
    "operatingProfitMargin" : 1.70,
    "operatingProfit" : 10.15,
    "netProfitMargin" : 2.74,
    "netProfit" : 16.36
  }, {
    "date" : "2011-06-30",
    "sales" : 319.30,
    "salesGrowthYoY" : -15.20,
    "grossProfitMargin" : 34.94,
    "grossProfit" : 111.56,
    "operatingProfitMargin" : 0.15,
    "operatingProfit" : 0.48,
    "netProfitMargin" : 4.25,
    "netProfit" : 13.57
  }, {
    "date" : "2011-09-30",
    "sales" : 347.29,
    "salesGrowthYoY" : 6.91,
    "grossProfitMargin" : 31.89,
    "grossProfit" : 110.75,
    "operatingProfitMargin" : -2.95,
    "operatingProfit" : -10.25,
    "netProfitMargin" : 2.62,
    "netProfit" : 9.10
  }, {
    "date" : "2011-12-31",
    "sales" : 330.62,
    "salesGrowthYoY" : -15.76,
    "grossProfitMargin" : 35.86,
    "grossProfit" : 118.56,
    "operatingProfitMargin" : 0.06,
    "operatingProfit" : 0.20,
    "netProfitMargin" : 4.30,
    "netProfit" : 14.22
  }, {
    "date" : "2012-03-31",
    "sales" : 411.10,
    "salesGrowthYoY" : -31.14,
    "grossProfitMargin" : 30.70,
    "grossProfit" : 126.21,
    "operatingProfitMargin" : 3.04,
    "operatingProfit" : 12.50,
    "netProfitMargin" : 8.22,
    "netProfit" : 33.79
  }, {
    "date" : "2012-06-30",
    "sales" : 330.52,
    "salesGrowthYoY" : 3.51,
    "grossProfitMargin" : 38.72,
    "grossProfit" : 127.98,
    "operatingProfitMargin" : -1.29,
    "operatingProfit" : -4.26,
    "netProfitMargin" : 3.80,
    "netProfit" : 12.56
  }, {
    "date" : "2012-09-30",
    "sales" : 146.71,
    "salesGrowthYoY" : -57.76,
    "grossProfitMargin" : 40.37,
    "grossProfit" : 59.23,
    "operatingProfitMargin" : -20.78,
    "operatingProfit" : -30.49,
    "netProfitMargin" : 0.78,
    "netProfit" : 1.14
  }, {
    "date" : "2012-12-31",
    "sales" : 381.83,
    "salesGrowthYoY" : 15.49,
    "grossProfitMargin" : 7.65,
    "grossProfit" : 29.21,
    "operatingProfitMargin" : -9.07,
    "operatingProfit" : -34.63,
    "netProfitMargin" : -1.79,
    "netProfit" : -6.83
  }, {
    "date" : "2013-03-31",
    "sales" : 178.03,
    "salesGrowthYoY" : -56.69,
    "grossProfitMargin" : 40.73,
    "grossProfit" : 72.51,
    "operatingProfitMargin" : 0.33,
    "operatingProfit" : 0.59,
    "netProfitMargin" : 13.57,
    "netProfit" : 24.16
  }, {
    "date" : "2013-06-30",
    "sales" : 215.79,
    "salesGrowthYoY" : -34.71,
    "grossProfitMargin" : 18.11,
    "grossProfit" : 39.08,
    "operatingProfitMargin" : -10.81,
    "operatingProfit" : -23.33,
    "netProfitMargin" : 0.36,
    "netProfit" : 0.78
  }, {
    "date" : "2013-09-30",
    "sales" : 320.77,
    "salesGrowthYoY" : 118.64,
    "grossProfitMargin" : 11.77,
    "grossProfit" : 37.75,
    "operatingProfitMargin" : -9.59,
    "operatingProfit" : -30.76,
    "netProfitMargin" : -2.62,
    "netProfit" : -8.40
  }, {
    "date" : "2013-12-31",
    "sales" : 412.06,
    "salesGrowthYoY" : 7.92,
    "grossProfitMargin" : 16.58,
    "grossProfit" : 68.32,
    "operatingProfitMargin" : -1.99,
    "operatingProfit" : -8.20,
    "netProfitMargin" : 3.59,
    "netProfit" : 14.79
  }, {
    "date" : "2014-03-31",
    "sales" : 351.45,
    "salesGrowthYoY" : 97.41,
    "grossProfitMargin" : 28.38,
    "grossProfit" : 99.74,
    "operatingProfitMargin" : 5.33,
    "operatingProfit" : 18.73,
    "netProfitMargin" : 11.94,
    "netProfit" : 41.96
  }, {
    "date" : "2014-06-30",
    "sales" : 308.04,
    "salesGrowthYoY" : 42.75,
    "grossProfitMargin" : 15.97,
    "grossProfit" : 49.19,
    "operatingProfitMargin" : -4.65,
    "operatingProfit" : -14.32,
    "netProfitMargin" : 3.00,
    "netProfit" : 9.24
  }, {
    "date" : "2014-09-30",
    "sales" : 123.70,
    "salesGrowthYoY" : -61.44,
    "grossProfitMargin" : 19.06,
    "grossProfit" : 23.58,
    "operatingProfitMargin" : -23.68,
    "operatingProfit" : -29.29,
    "netProfitMargin" : 0.10,
    "netProfit" : 0.12
  }, {
    "date" : "2014-12-31",
    "sales" : 117.32,
    "salesGrowthYoY" : -71.53,
    "grossProfitMargin" : 15.33,
    "grossProfit" : 17.99,
    "operatingProfitMargin" : -29.62,
    "operatingProfit" : -34.75,
    "netProfitMargin" : -3.01,
    "netProfit" : -3.53
  }, {
    "date" : "2015-12-31",
    "sales" : 48.37,
    "salesGrowthYoY" : -86.24,
    "grossProfitMargin" : -47.55,
    "grossProfit" : -23.00,
    "operatingProfitMargin" : -159.19,
    "operatingProfit" : -77.00,
    "netProfitMargin" : -101.63,
    "netProfit" : -49.16
  }, {
    "date" : "2016-03-31",
    "sales" : 123.80,
    "salesGrowthYoY" : -59.81,
    "grossProfitMargin" : 11.14,
    "grossProfit" : 13.79,
    "operatingProfitMargin" : 2.44,
    "operatingProfit" : 3.02,
    "netProfitMargin" : 48.59,
    "netProfit" : 60.15
  }, {
    "date" : "2016-06-30",
    "sales" : 73.69,
    "salesGrowthYoY" : -40.43,
    "grossProfitMargin" : 46.23,
    "grossProfit" : 34.07,
    "operatingProfitMargin" : -28.65,
    "operatingProfit" : -21.11,
    "netProfitMargin" : 8.66,
    "netProfit" : 6.38
  }, {
    "date" : "2016-09-30",
    "sales" : 57.74,
    "salesGrowthYoY" : -50.78,
    "grossProfitMargin" : 28.75,
    "grossProfit" : 16.60,
    "operatingProfitMargin" : -64.72,
    "operatingProfit" : -37.37,
    "netProfitMargin" : -8.95,
    "netProfit" : -5.17
  }, {
    "date" : "2016-12-31",
    "sales" : 310.62,
    "salesGrowthYoY" : 542.17,
    "grossProfitMargin" : 12.16,
    "grossProfit" : 37.77,
    "operatingProfitMargin" : -9.81,
    "operatingProfit" : -30.47,
    "netProfitMargin" : -0.04,
    "netProfit" : -0.12
  }, {
    "date" : "2017-03-31",
    "sales" : 438.52,
    "salesGrowthYoY" : 254.22,
    "grossProfitMargin" : 18.93,
    "grossProfit" : 83.01,
    "operatingProfitMargin" : -0.32,
    "operatingProfit" : -1.40,
    "netProfitMargin" : 11.07,
    "netProfit" : 48.54
  }, {
    "date" : "2017-06-30",
    "sales" : 277.69,
    "salesGrowthYoY" : 276.84,
    "grossProfitMargin" : 15.11,
    "grossProfit" : 41.96,
    "operatingProfitMargin" : -11.29,
    "operatingProfit" : -31.35,
    "netProfitMargin" : 2.22,
    "netProfit" : 6.16
  }, {
    "date" : "2017-09-30",
    "sales" : 451.37,
    "salesGrowthYoY" : 681.73,
    "grossProfitMargin" : 13.07,
    "grossProfit" : 58.99,
    "operatingProfitMargin" : -5.63,
    "operatingProfit" : -25.41,
    "netProfitMargin" : 0.52,
    "netProfit" : 2.35
  }, {
    "date" : "2017-12-31",
    "sales" : 442.81,
    "salesGrowthYoY" : 42.56,
    "grossProfitMargin" : 17.60,
    "grossProfit" : 77.93,
    "operatingProfitMargin" : -1.60,
    "operatingProfit" : -7.08,
    "netProfitMargin" : 2.92,
    "netProfit" : 12.93
  }, {
    "date" : "2018-03-31",
    "sales" : 428.68,
    "salesGrowthYoY" : -2.24,
    "grossProfitMargin" : 27.22,
    "grossProfit" : 116.69,
    "operatingProfitMargin" : 4.67,
    "operatingProfit" : 20.02,
    "netProfitMargin" : 14.01,
    "netProfit" : 60.06
  }, {
    "date" : "2018-06-30",
    "sales" : 393.18,
    "salesGrowthYoY" : 41.59,
    "grossProfitMargin" : 13.06,
    "grossProfit" : 51.35,
    "operatingProfitMargin" : -7.79,
    "operatingProfit" : -30.63,
    "netProfitMargin" : -0.92,
    "netProfit" : -3.62
  }, {
    "date" : "2018-09-30",
    "sales" : 425.42,
    "salesGrowthYoY" : -5.75,
    "grossProfitMargin" : 32.22,
    "grossProfit" : 137.07,
    "operatingProfitMargin" : 10.31,
    "operatingProfit" : 43.86,
    "netProfitMargin" : 11.64,
    "netProfit" : 49.52
  }, {
    "date" : "2018-12-31",
    "sales" : 424.63,
    "salesGrowthYoY" : -4.11,
    "grossProfitMargin" : 20.02,
    "grossProfit" : 85.01,
    "operatingProfitMargin" : 1.03,
    "operatingProfit" : 4.37,
    "netProfitMargin" : 4.98,
    "netProfit" : 21.15
  }, {
    "date" : "2019-03-31",
    "sales" : 644.48,
    "salesGrowthYoY" : 50.34,
    "grossProfitMargin" : 20.14,
    "grossProfit" : 129.80,
    "operatingProfitMargin" : 9.56,
    "operatingProfit" : 61.61,
    "netProfitMargin" : 6.96,
    "netProfit" : 44.86
  }, {
    "date" : "2019-06-30",
    "sales" : 598.44,
    "salesGrowthYoY" : 52.21,
    "grossProfitMargin" : 14.40,
    "grossProfit" : 86.18,
    "operatingProfitMargin" : 0.64,
    "operatingProfit" : 3.83,
    "netProfitMargin" : 2.78,
    "netProfit" : 16.64
  }, {
    "date" : "2019-09-30",
    "sales" : 361.22,
    "salesGrowthYoY" : -15.09,
    "grossProfitMargin" : 19.07,
    "grossProfit" : 68.88,
    "operatingProfitMargin" : -1.33,
    "operatingProfit" : -4.80,
    "netProfitMargin" : 1.13,
    "netProfit" : 4.08
  }, {
    "date" : "2019-12-31",
    "sales" : 478.24,
    "salesGrowthYoY" : 12.63,
    "grossProfitMargin" : 10.43,
    "grossProfit" : 49.88,
    "operatingProfitMargin" : -5.15,
    "operatingProfit" : -24.63,
    "netProfitMargin" : -0.77,
    "netProfit" : -3.68
  }, {
    "date" : "2020-03-31",
    "sales" : 499.75,
    "salesGrowthYoY" : -22.46,
    "grossProfitMargin" : 20.89,
    "grossProfit" : 104.40,
    "operatingProfitMargin" : 1.58,
    "operatingProfit" : 7.90,
    "netProfitMargin" : 5.29,
    "netProfit" : 26.44
  }, {
    "date" : "2020-06-30",
    "sales" : 436.71,
    "salesGrowthYoY" : -27.03,
    "grossProfitMargin" : 18.53,
    "grossProfit" : 80.92,
    "operatingProfitMargin" : 0.99,
    "operatingProfit" : 4.32,
    "netProfitMargin" : 2.75,
    "netProfit" : 12.01
  }, {
    "date" : "2020-09-30",
    "sales" : 460.92,
    "salesGrowthYoY" : 27.60,
    "grossProfitMargin" : 22.84,
    "grossProfit" : 105.27,
    "operatingProfitMargin" : 5.51,
    "operatingProfit" : 25.40,
    "netProfitMargin" : 6.80,
    "netProfit" : 31.34
  }, {
    "date" : "2020-12-31",
    "sales" : 546.28,
    "salesGrowthYoY" : 14.23,
    "grossProfitMargin" : 27.61,
    "grossProfit" : 150.83,
    "operatingProfitMargin" : 13.51,
    "operatingProfit" : 73.80,
    "netProfitMargin" : 11.68,
    "netProfit" : 63.81
  }, {
    "date" : "2021-03-31",
    "sales" : 934.92,
    "salesGrowthYoY" : 87.08,
    "grossProfitMargin" : 36.98,
    "grossProfit" : 345.73,
    "operatingProfitMargin" : 26.74,
    "operatingProfit" : 250.00,
    "netProfitMargin" : 20.75,
    "netProfit" : 194.00
  }, {
    "date" : "2021-06-30",
    "sales" : 1042.05,
    "salesGrowthYoY" : 138.61,
    "grossProfitMargin" : 36.54,
    "grossProfit" : 380.77,
    "operatingProfitMargin" : 27.60,
    "operatingProfit" : 287.61,
    "netProfitMargin" : 20.72,
    "netProfit" : 215.91
  }, {
    "date" : "2021-09-30",
    "sales" : 462.39,
    "salesGrowthYoY" : 0.32,
    "grossProfitMargin" : 10.19,
    "grossProfit" : 47.12,
    "operatingProfitMargin" : -10.65,
    "operatingProfit" : -49.24,
    "netProfitMargin" : -6.56,
    "netProfit" : -30.33
  }, {
    "date" : "2021-12-31",
    "sales" : 363.79,
    "salesGrowthYoY" : -33.41,
    "grossProfitMargin" : -3.60,
    "grossProfit" : -13.10,
    "operatingProfitMargin" : -25.58,
    "operatingProfit" : -93.06,
    "netProfitMargin" : -18.18,
    "netProfit" : -66.14
  }, {
    "date" : "2022-03-31",
    "sales" : 1138.80,
    "salesGrowthYoY" : 21.81,
    "grossProfitMargin" : 30.50,
    "grossProfit" : 347.33,
    "operatingProfitMargin" : 20.66,
    "operatingProfit" : 235.28,
    "netProfitMargin" : 17.03,
    "netProfit" : 193.94
  }, {
    "date" : "2022-06-30",
    "sales" : 366.32,
    "salesGrowthYoY" : -64.85,
    "grossProfitMargin" : 10.97,
    "grossProfit" : 40.19,
    "operatingProfitMargin" : -14.61,
    "operatingProfit" : -53.52,
    "netProfitMargin" : -11.95,
    "netProfit" : -43.78
  }, {
    "date" : "2022-09-30",
    "sales" : 154.47,
    "salesGrowthYoY" : -66.59,
    "grossProfitMargin" : -15.41,
    "grossProfit" : -23.80,
    "operatingProfitMargin" : -73.63,
    "operatingProfit" : -113.74,
    "netProfitMargin" : -66.17,
    "netProfit" : -102.21
  }, {
    "date" : "2022-12-31",
    "sales" : 287.89,
    "salesGrowthYoY" : -20.86,
    "grossProfitMargin" : 16.26,
    "grossProfit" : 46.81,
    "operatingProfitMargin" : -15.15,
    "operatingProfit" : -43.62,
    "netProfitMargin" : -11.77,
    "netProfit" : -33.88
  }, {
    "date" : "2023-03-31",
    "sales" : 734.74,
    "salesGrowthYoY" : -35.48,
    "grossProfitMargin" : 22.12,
    "grossProfit" : 162.52,
    "operatingProfitMargin" : 6.34,
    "operatingProfit" : 46.58,
    "netProfitMargin" : 11.19,
    "netProfit" : 82.22
  }, {
    "date" : "2023-06-30",
    "sales" : 501.44,
    "salesGrowthYoY" : 36.89,
    "grossProfitMargin" : 5.66,
    "grossProfit" : 28.38,
    "operatingProfitMargin" : -12.71,
    "operatingProfit" : -63.73,
    "netProfitMargin" : -11.57,
    "netProfit" : -58.02
  }, {
    "date" : "2023-09-30",
    "sales" : 431.24,
    "salesGrowthYoY" : 179.17,
    "grossProfitMargin" : 16.85,
    "grossProfit" : 72.66,
    "operatingProfitMargin" : -4.51,
    "operatingProfit" : -19.45,
    "netProfitMargin" : -4.96,
    "netProfit" : -21.39
  }, {
    "date" : "2023-12-31",
    "sales" : 549.48,
    "salesGrowthYoY" : 90.86,
    "grossProfitMargin" : 22.89,
    "grossProfit" : 125.78,
    "operatingProfitMargin" : 6.58,
    "operatingProfit" : 36.16,
    "netProfitMargin" : 7.10,
    "netProfit" : 39.01
  }, {
    "date" : "2024-03-31",
    "sales" : 372.19,
    "salesGrowthYoY" : -49.34,
    "grossProfitMargin" : 19.27,
    "grossProfit" : 71.72,
    "operatingProfitMargin" : -6.83,
    "operatingProfit" : -25.42,
    "netProfitMargin" : -11.53,
    "netProfit" : -42.91
  }, {
    "date" : "2024-06-30",
    "sales" : 147.37,
    "salesGrowthYoY" : -70.61,
    "grossProfitMargin" : 11.31,
    "grossProfit" : 16.67,
    "operatingProfitMargin" : -33.16,
    "operatingProfit" : -48.87,
    "netProfitMargin" : -34.42,
    "netProfit" : -50.72
  }, {
    "date" : "2024-09-30",
    "sales" : 16.14,
    "salesGrowthYoY" : -96.26,
    "grossProfitMargin" : -57.99,
    "grossProfit" : -9.36,
    "operatingProfitMargin" : -416.67,
    "operatingProfit" : -67.25,
    "netProfitMargin" : -428.81,
    "netProfit" : -69.21
  }, {
    "date" : "2024-12-31",
    "sales" : 180.55,
    "salesGrowthYoY" : -67.14,
    "grossProfitMargin" : 12.79,
    "grossProfit" : 23.09,
    "operatingProfitMargin" : -24.08,
    "operatingProfit" : -43.48,
    "netProfitMargin" : -26.47,
    "netProfit" : -47.79
  }, {
    "date" : "2025-03-31",
    "sales" : 246.46,
    "salesGrowthYoY" : -33.78,
    "grossProfitMargin" : 12.91,
    "grossProfit" : 31.82,
    "operatingProfitMargin" : -16.56,
    "operatingProfit" : -40.81,
    "netProfitMargin" : -14.96,
    "netProfit" : -36.87
  }, {
    "date" : "2025-06-30",
    "sales" : 90.94,
    "salesGrowthYoY" : -38.29,
    "grossProfitMargin" : 31.47,
    "grossProfit" : 28.62,
    "operatingProfitMargin" : -45.88,
    "operatingProfit" : -41.72,
    "netProfitMargin" : -41.55,
    "netProfit" : -37.79
  }, {
    "date" : "2025-09-30",
    "sales" : 142.54,
    "salesGrowthYoY" : 783.15,
    "grossProfitMargin" : 40.06,
    "grossProfit" : 57.10,
    "operatingProfitMargin" : -15.15,
    "operatingProfit" : -21.59,
    "netProfitMargin" : -12.04,
    "netProfit" : -17.16
  } ],
  "latestQuarterlyResult" : {
    "date" : "2025-09-30",
    "sales" : 142.54,
    "salesGrowthYoY" : 783.15,
    "grossProfitMargin" : 40.06,
    "grossProfit" : 57.10,
    "operatingProfitMargin" : -15.15,
    "operatingProfit" : -21.59,
    "netProfitMargin" : -12.04,
    "netProfit" : -17.16
  },
  "companyScore" : {
    "priceHigherThanDma50" : 0.00,
    "priceHigherThanDma100" : 0.00,
    "priceHigherThanDma200" : 0.00,
    "dma50HigherThanDma100" : 0.00,
    "dma50HigherThanDma200" : 5.00,
    "dma100HigherThanDma200" : 5.00,
    "pricePercentageAboveDma50" : 5.69,
    "pricePercentageAboveDma100" : 5.79,
    "pricePercentageAboveDma200" : 5.42,
    "weeklyVolumeHigherThanYearlyVolume" : 0.00,
    "salesGrowthPercentile" : 19.67,
    "operatingProfitMarginPercentile" : 18.08,
    "netProfitMarginPercentile" : 8.73,
    "totalTechnicalScore" : 26.90,
    "totalFundamentalScore" : 46.47,
    "totalScore" : 73.37
  }
}