{
  "metadata" : {
    "screenerCompanyId" : "1792",
    "companyCode" : "KIRLOSENG",
    "companyName" : "Kirloskar Oil",
    "screenerCompanyLink" : "https://www.screener.in/company/KIRLOSENG/consolidated/",
    "screenerTechnicalHistoryLink" : "https://www.screener.in/api/company/1792/chart/?q=Price-DMA50-DMA200-Volume&days=365",
    "screenerQuarterlyResultsLink" : "https://www.screener.in/api/company/1792/chart/?q=GPM-OPM-NPM-Quarter+Sales&days=10000",
    "attributes" : {
      "companyCode" : "KIRLOSENG",
      "companyName" : "Kirloskar Oil",
      "marketCap" : 16521.00,
      "peRatio" : 33.90,
      "description" : "KOEL, one of the flagship companies of the Kirloskar group, manufactures and services diesel engines and diesel generator sets. The company also makes diesel, petrol and kerosene-based pump sets. It has manufacturing units in Pune, Kagal, and Nashik. The company caters to the agriculture, power generation, and industrial sectors.[1]"
    },
    "companyScore" : {
      "priceHigherThanDma50" : 5.00,
      "priceHigherThanDma100" : 5.00,
      "priceHigherThanDma200" : 5.00,
      "dma50HigherThanDma100" : 5.00,
      "dma50HigherThanDma200" : 5.00,
      "dma100HigherThanDma200" : 5.00,
      "pricePercentageAboveDma50" : 4.60,
      "pricePercentageAboveDma100" : 4.15,
      "pricePercentageAboveDma200" : 4.04,
      "weeklyVolumeHigherThanYearlyVolume" : 0.00,
      "salesGrowthPercentile" : 19.35,
      "operatingProfitMarginPercentile" : 14.49,
      "netProfitMarginPercentile" : 8.54,
      "totalTechnicalScore" : 42.79,
      "totalFundamentalScore" : 42.39,
      "totalScore" : 85.17
    }
  },
  "attributes" : {
    "companyCode" : "KIRLOSENG",
    "companyName" : "Kirloskar Oil",
    "marketCap" : 16521.00,
    "peRatio" : 33.90,
    "description" : "KOEL, one of the flagship companies of the Kirloskar group, manufactures and services diesel engines and diesel generator sets. The company also makes diesel, petrol and kerosene-based pump sets. It has manufacturing units in Pune, Kagal, and Nashik. The company caters to the agriculture, power generation, and industrial sectors.[1]"
  },
  "technicalHistory" : [ {
    "date" : "2024-12-16",
    "price" : 1112.55,
    "dma50" : 1147.77,
    "dma100" : null,
    "dma200" : 1092.79,
    "volume" : 178733.00
  }, {
    "date" : "2024-12-17",
    "price" : 1107.65,
    "dma50" : 1146.20,
    "dma100" : null,
    "dma200" : 1092.94,
    "volume" : 251492.00
  }, {
    "date" : "2024-12-18",
    "price" : 1086.75,
    "dma50" : 1143.86,
    "dma100" : null,
    "dma200" : 1092.88,
    "volume" : 160285.00
  }, {
    "date" : "2024-12-19",
    "price" : 1046.20,
    "dma50" : 1140.03,
    "dma100" : null,
    "dma200" : 1092.41,
    "volume" : 333931.00
  }, {
    "date" : "2024-12-20",
    "price" : 1034.15,
    "dma50" : 1135.88,
    "dma100" : null,
    "dma200" : 1091.83,
    "volume" : 328403.00
  }, {
    "date" : "2024-12-23",
    "price" : 1013.75,
    "dma50" : 1131.09,
    "dma100" : null,
    "dma200" : 1091.05,
    "volume" : 270073.00
  }, {
    "date" : "2024-12-24",
    "price" : 1014.75,
    "dma50" : 1126.53,
    "dma100" : null,
    "dma200" : 1090.30,
    "volume" : 220177.00
  }, {
    "date" : "2024-12-26",
    "price" : 1023.40,
    "dma50" : 1122.49,
    "dma100" : null,
    "dma200" : 1089.63,
    "volume" : 178972.00
  }, {
    "date" : "2024-12-27",
    "price" : 1034.00,
    "dma50" : 1119.02,
    "dma100" : null,
    "dma200" : 1089.08,
    "volume" : 148179.00
  }, {
    "date" : "2024-12-30",
    "price" : 1017.45,
    "dma50" : 1115.03,
    "dma100" : null,
    "dma200" : 1088.36,
    "volume" : 225726.00
  }, {
    "date" : "2024-12-31",
    "price" : 1027.15,
    "dma50" : 1111.59,
    "dma100" : null,
    "dma200" : 1087.75,
    "volume" : 138546.00
  }, {
    "date" : "2025-01-01",
    "price" : 1008.95,
    "dma50" : 1107.56,
    "dma100" : null,
    "dma200" : 1086.97,
    "volume" : 242718.00
  }, {
    "date" : "2025-01-02",
    "price" : 1043.05,
    "dma50" : 1105.03,
    "dma100" : null,
    "dma200" : 1086.53,
    "volume" : 287254.00
  }, {
    "date" : "2025-01-03",
    "price" : 1051.85,
    "dma50" : 1102.95,
    "dma100" : null,
    "dma200" : 1086.19,
    "volume" : 127193.00
  }, {
    "date" : "2025-01-06",
    "price" : 1005.10,
    "dma50" : 1099.11,
    "dma100" : null,
    "dma200" : 1085.38,
    "volume" : 372202.00
  }, {
    "date" : "2025-01-07",
    "price" : 1013.60,
    "dma50" : 1095.76,
    "dma100" : null,
    "dma200" : 1084.67,
    "volume" : 197364.00
  }, {
    "date" : "2025-01-08",
    "price" : 990.70,
    "dma50" : 1091.64,
    "dma100" : null,
    "dma200" : 1083.73,
    "volume" : 181101.00
  }, {
    "date" : "2025-01-09",
    "price" : 966.70,
    "dma50" : 1086.74,
    "dma100" : null,
    "dma200" : 1082.57,
    "volume" : 162418.00
  }, {
    "date" : "2025-01-10",
    "price" : 941.75,
    "dma50" : 1081.05,
    "dma100" : null,
    "dma200" : 1081.17,
    "volume" : 301500.00
  }, {
    "date" : "2025-01-13",
    "price" : 895.75,
    "dma50" : 1073.78,
    "dma100" : null,
    "dma200" : 1079.32,
    "volume" : 676787.00
  }, {
    "date" : "2025-01-14",
    "price" : 941.05,
    "dma50" : 1068.58,
    "dma100" : null,
    "dma200" : 1077.95,
    "volume" : 217678.00
  }, {
    "date" : "2025-01-15",
    "price" : 947.45,
    "dma50" : 1063.83,
    "dma100" : null,
    "dma200" : 1076.65,
    "volume" : 209077.00
  }, {
    "date" : "2025-01-16",
    "price" : 945.20,
    "dma50" : 1059.18,
    "dma100" : null,
    "dma200" : 1075.34,
    "volume" : 88585.00
  }, {
    "date" : "2025-01-17",
    "price" : 937.50,
    "dma50" : 1054.40,
    "dma100" : null,
    "dma200" : 1073.97,
    "volume" : 129322.00
  }, {
    "date" : "2025-01-20",
    "price" : 931.60,
    "dma50" : 1049.59,
    "dma100" : null,
    "dma200" : 1072.55,
    "volume" : 206296.00
  }, {
    "date" : "2025-01-21",
    "price" : 917.25,
    "dma50" : 1044.40,
    "dma100" : null,
    "dma200" : 1071.01,
    "volume" : 246212.00
  }, {
    "date" : "2025-01-22",
    "price" : 929.90,
    "dma50" : 1039.91,
    "dma100" : null,
    "dma200" : 1069.60,
    "volume" : 355680.00
  }, {
    "date" : "2025-01-23",
    "price" : 921.95,
    "dma50" : 1035.28,
    "dma100" : null,
    "dma200" : 1068.13,
    "volume" : 112068.00
  }, {
    "date" : "2025-01-24",
    "price" : 887.35,
    "dma50" : 1029.48,
    "dma100" : null,
    "dma200" : 1066.33,
    "volume" : 122903.00
  }, {
    "date" : "2025-01-27",
    "price" : 870.10,
    "dma50" : 1023.23,
    "dma100" : null,
    "dma200" : 1064.38,
    "volume" : 281312.00
  }, {
    "date" : "2025-01-28",
    "price" : 844.45,
    "dma50" : 1016.22,
    "dma100" : null,
    "dma200" : 1062.19,
    "volume" : 250434.00
  }, {
    "date" : "2025-01-29",
    "price" : 863.65,
    "dma50" : 1010.24,
    "dma100" : null,
    "dma200" : 1060.22,
    "volume" : 322090.00
  }, {
    "date" : "2025-01-30",
    "price" : 882.00,
    "dma50" : 1005.21,
    "dma100" : null,
    "dma200" : 1058.44,
    "volume" : 82615.00
  }, {
    "date" : "2025-01-31",
    "price" : 903.45,
    "dma50" : 1001.22,
    "dma100" : null,
    "dma200" : 1056.90,
    "volume" : 98686.00
  }, {
    "date" : "2025-02-01",
    "price" : 873.40,
    "dma50" : 996.21,
    "dma100" : null,
    "dma200" : 1055.08,
    "volume" : 136366.00
  }, {
    "date" : "2025-02-03",
    "price" : 844.25,
    "dma50" : 990.25,
    "dma100" : null,
    "dma200" : 1052.98,
    "volume" : 173150.00
  }, {
    "date" : "2025-02-04",
    "price" : 853.20,
    "dma50" : 984.87,
    "dma100" : null,
    "dma200" : 1050.99,
    "volume" : 264350.00
  }, {
    "date" : "2025-02-05",
    "price" : 853.45,
    "dma50" : 979.72,
    "dma100" : null,
    "dma200" : 1049.02,
    "volume" : 182329.00
  }, {
    "date" : "2025-02-06",
    "price" : 839.70,
    "dma50" : 974.23,
    "dma100" : null,
    "dma200" : 1046.94,
    "volume" : 137470.00
  }, {
    "date" : "2025-02-07",
    "price" : 819.00,
    "dma50" : 968.14,
    "dma100" : null,
    "dma200" : 1044.67,
    "volume" : 248136.00
  }, {
    "date" : "2025-02-10",
    "price" : 820.05,
    "dma50" : 962.33,
    "dma100" : null,
    "dma200" : 1042.44,
    "volume" : 135996.00
  }, {
    "date" : "2025-02-11",
    "price" : 781.20,
    "dma50" : 955.23,
    "dma100" : null,
    "dma200" : 1039.84,
    "volume" : 230477.00
  }, {
    "date" : "2025-02-12",
    "price" : 748.50,
    "dma50" : 947.12,
    "dma100" : null,
    "dma200" : 1036.94,
    "volume" : 2576068.00
  }, {
    "date" : "2025-02-13",
    "price" : 715.80,
    "dma50" : 938.05,
    "dma100" : null,
    "dma200" : 1033.74,
    "volume" : 519759.00
  }, {
    "date" : "2025-02-14",
    "price" : 674.95,
    "dma50" : 927.73,
    "dma100" : null,
    "dma200" : 1030.17,
    "volume" : 1025452.00
  }, {
    "date" : "2025-02-17",
    "price" : 642.80,
    "dma50" : 916.56,
    "dma100" : null,
    "dma200" : 1026.32,
    "volume" : 896838.00
  }, {
    "date" : "2025-02-18",
    "price" : 620.90,
    "dma50" : 904.96,
    "dma100" : null,
    "dma200" : 1022.29,
    "volume" : 789595.00
  }, {
    "date" : "2025-02-19",
    "price" : 605.95,
    "dma50" : 893.24,
    "dma100" : null,
    "dma200" : 1018.14,
    "volume" : 998358.00
  }, {
    "date" : "2025-02-20",
    "price" : 594.30,
    "dma50" : 881.52,
    "dma100" : null,
    "dma200" : 1013.93,
    "volume" : 1062798.00
  }, {
    "date" : "2025-02-21",
    "price" : 585.30,
    "dma50" : 869.90,
    "dma100" : null,
    "dma200" : 1009.66,
    "volume" : 2576751.00
  }, {
    "date" : "2025-02-24",
    "price" : 599.35,
    "dma50" : 859.29,
    "dma100" : null,
    "dma200" : 1005.58,
    "volume" : 1030935.00
  }, {
    "date" : "2025-02-25",
    "price" : 603.05,
    "dma50" : 849.24,
    "dma100" : null,
    "dma200" : 1001.57,
    "volume" : 876388.00
  }, {
    "date" : "2025-02-27",
    "price" : 578.10,
    "dma50" : 838.61,
    "dma100" : null,
    "dma200" : 997.36,
    "volume" : 433787.00
  }, {
    "date" : "2025-02-28",
    "price" : 576.10,
    "dma50" : 828.31,
    "dma100" : null,
    "dma200" : 993.17,
    "volume" : 624683.00
  }, {
    "date" : "2025-03-03",
    "price" : 578.45,
    "dma50" : 818.51,
    "dma100" : null,
    "dma200" : 989.04,
    "volume" : 967968.00
  }, {
    "date" : "2025-03-04",
    "price" : 585.55,
    "dma50" : 809.38,
    "dma100" : null,
    "dma200" : 985.03,
    "volume" : 360702.00
  }, {
    "date" : "2025-03-05",
    "price" : 601.70,
    "dma50" : 801.23,
    "dma100" : null,
    "dma200" : 981.21,
    "volume" : 454266.00
  }, {
    "date" : "2025-03-06",
    "price" : 637.65,
    "dma50" : 794.82,
    "dma100" : null,
    "dma200" : 977.79,
    "volume" : 680781.00
  }, {
    "date" : "2025-03-07",
    "price" : 652.00,
    "dma50" : 789.22,
    "dma100" : null,
    "dma200" : 974.55,
    "volume" : 1056515.00
  }, {
    "date" : "2025-03-10",
    "price" : 645.50,
    "dma50" : 783.58,
    "dma100" : null,
    "dma200" : 971.28,
    "volume" : 630637.00
  }, {
    "date" : "2025-03-11",
    "price" : 638.60,
    "dma50" : 777.90,
    "dma100" : null,
    "dma200" : 967.97,
    "volume" : 546650.00
  }, {
    "date" : "2025-03-12",
    "price" : 646.90,
    "dma50" : 772.76,
    "dma100" : null,
    "dma200" : 964.77,
    "volume" : 419253.00
  }, {
    "date" : "2025-03-13",
    "price" : 652.35,
    "dma50" : 768.04,
    "dma100" : null,
    "dma200" : 961.66,
    "volume" : 511181.00
  }, {
    "date" : "2025-03-17",
    "price" : 667.95,
    "dma50" : 764.11,
    "dma100" : null,
    "dma200" : 958.74,
    "volume" : 690108.00
  }, {
    "date" : "2025-03-18",
    "price" : 718.10,
    "dma50" : 762.31,
    "dma100" : null,
    "dma200" : 956.35,
    "volume" : 3251207.00
  }, {
    "date" : "2025-03-19",
    "price" : 734.20,
    "dma50" : 761.21,
    "dma100" : null,
    "dma200" : 954.14,
    "volume" : 882210.00
  }, {
    "date" : "2025-03-20",
    "price" : 725.10,
    "dma50" : 759.79,
    "dma100" : null,
    "dma200" : 951.86,
    "volume" : 844316.00
  }, {
    "date" : "2025-03-21",
    "price" : 746.75,
    "dma50" : 759.28,
    "dma100" : null,
    "dma200" : 949.82,
    "volume" : 618694.00
  }, {
    "date" : "2025-03-24",
    "price" : 750.70,
    "dma50" : 758.94,
    "dma100" : null,
    "dma200" : 947.84,
    "volume" : 436686.00
  }, {
    "date" : "2025-03-25",
    "price" : 748.25,
    "dma50" : 758.52,
    "dma100" : null,
    "dma200" : 945.85,
    "volume" : 604401.00
  }, {
    "date" : "2025-03-26",
    "price" : 720.60,
    "dma50" : 757.04,
    "dma100" : null,
    "dma200" : 943.61,
    "volume" : 551762.00
  }, {
    "date" : "2025-03-27",
    "price" : 736.20,
    "dma50" : 756.22,
    "dma100" : null,
    "dma200" : 941.54,
    "volume" : 369864.00
  }, {
    "date" : "2025-03-28",
    "price" : 719.75,
    "dma50" : 754.79,
    "dma100" : null,
    "dma200" : 939.34,
    "volume" : 304193.00
  }, {
    "date" : "2025-04-01",
    "price" : 724.70,
    "dma50" : 753.61,
    "dma100" : null,
    "dma200" : 937.20,
    "volume" : 209880.00
  }, {
    "date" : "2025-04-02",
    "price" : 729.20,
    "dma50" : 752.65,
    "dma100" : null,
    "dma200" : 935.13,
    "volume" : 146638.00
  }, {
    "date" : "2025-04-03",
    "price" : 752.55,
    "dma50" : 752.65,
    "dma100" : null,
    "dma200" : 933.32,
    "volume" : 973827.00
  }, {
    "date" : "2025-04-04",
    "price" : 723.10,
    "dma50" : 751.49,
    "dma100" : null,
    "dma200" : 931.22,
    "volume" : 411605.00
  }, {
    "date" : "2025-04-07",
    "price" : 708.35,
    "dma50" : 749.80,
    "dma100" : null,
    "dma200" : 929.01,
    "volume" : 603440.00
  }, {
    "date" : "2025-04-08",
    "price" : 714.10,
    "dma50" : 748.40,
    "dma100" : null,
    "dma200" : 926.87,
    "volume" : 264957.00
  }, {
    "date" : "2025-04-09",
    "price" : 701.45,
    "dma50" : 746.56,
    "dma100" : null,
    "dma200" : 924.63,
    "volume" : 144909.00
  }, {
    "date" : "2025-04-11",
    "price" : 726.15,
    "dma50" : 745.76,
    "dma100" : null,
    "dma200" : 922.65,
    "volume" : 250160.00
  }, {
    "date" : "2025-04-15",
    "price" : 732.70,
    "dma50" : 745.24,
    "dma100" : null,
    "dma200" : 920.76,
    "volume" : 197243.00
  }, {
    "date" : "2025-04-16",
    "price" : 757.75,
    "dma50" : 745.73,
    "dma100" : null,
    "dma200" : 919.14,
    "volume" : 463440.00
  }, {
    "date" : "2025-04-17",
    "price" : 746.00,
    "dma50" : 745.74,
    "dma100" : null,
    "dma200" : 917.42,
    "volume" : 258297.00
  }, {
    "date" : "2025-04-21",
    "price" : 750.20,
    "dma50" : 745.92,
    "dma100" : null,
    "dma200" : 915.75,
    "volume" : 352288.00
  }, {
    "date" : "2025-04-22",
    "price" : 754.45,
    "dma50" : 746.25,
    "dma100" : null,
    "dma200" : 914.15,
    "volume" : 308494.00
  }, {
    "date" : "2025-04-23",
    "price" : 757.85,
    "dma50" : 746.71,
    "dma100" : null,
    "dma200" : 912.59,
    "volume" : 359216.00
  }, {
    "date" : "2025-04-24",
    "price" : 753.95,
    "dma50" : 746.99,
    "dma100" : null,
    "dma200" : 911.01,
    "volume" : 180532.00
  }, {
    "date" : "2025-04-25",
    "price" : 734.85,
    "dma50" : 746.52,
    "dma100" : null,
    "dma200" : 909.26,
    "volume" : 234398.00
  }, {
    "date" : "2025-04-28",
    "price" : 741.75,
    "dma50" : 746.33,
    "dma100" : null,
    "dma200" : 907.59,
    "volume" : 175550.00
  }, {
    "date" : "2025-04-29",
    "price" : 748.50,
    "dma50" : 746.41,
    "dma100" : null,
    "dma200" : 906.01,
    "volume" : 152038.00
  }, {
    "date" : "2025-04-30",
    "price" : 746.50,
    "dma50" : 746.42,
    "dma100" : null,
    "dma200" : 904.42,
    "volume" : 299431.00
  }, {
    "date" : "2025-05-02",
    "price" : 739.85,
    "dma50" : 746.16,
    "dma100" : null,
    "dma200" : 902.79,
    "volume" : 165645.00
  }, {
    "date" : "2025-05-05",
    "price" : 745.95,
    "dma50" : 746.15,
    "dma100" : null,
    "dma200" : 901.22,
    "volume" : 71353.00
  }, {
    "date" : "2025-05-06",
    "price" : 725.45,
    "dma50" : 745.34,
    "dma100" : null,
    "dma200" : 899.48,
    "volume" : 623094.00
  }, {
    "date" : "2025-05-07",
    "price" : 720.85,
    "dma50" : 744.38,
    "dma100" : null,
    "dma200" : 897.70,
    "volume" : 141973.00
  }, {
    "date" : "2025-05-08",
    "price" : 694.70,
    "dma50" : 742.43,
    "dma100" : null,
    "dma200" : 895.68,
    "volume" : 196774.00
  }, {
    "date" : "2025-05-09",
    "price" : 669.85,
    "dma50" : 739.59,
    "dma100" : null,
    "dma200" : 893.43,
    "volume" : 226675.00
  }, {
    "date" : "2025-05-12",
    "price" : 699.45,
    "dma50" : 738.01,
    "dma100" : null,
    "dma200" : 891.50,
    "volume" : 425421.00
  }, {
    "date" : "2025-05-13",
    "price" : 718.70,
    "dma50" : 737.25,
    "dma100" : null,
    "dma200" : 889.78,
    "volume" : 249570.00
  }, {
    "date" : "2025-05-14",
    "price" : 735.20,
    "dma50" : 737.17,
    "dma100" : 796.35,
    "dma200" : 888.24,
    "volume" : 397192.00
  }, {
    "date" : "2025-05-15",
    "price" : 862.30,
    "dma50" : 742.08,
    "dma100" : 793.90,
    "dma200" : 887.99,
    "volume" : 8820146.00
  }, {
    "date" : "2025-05-16",
    "price" : 895.50,
    "dma50" : 748.10,
    "dma100" : 791.99,
    "dma200" : 888.06,
    "volume" : 2666212.00
  }, {
    "date" : "2025-05-19",
    "price" : 886.00,
    "dma50" : 753.50,
    "dma100" : 790.39,
    "dma200" : 888.04,
    "volume" : 482350.00
  }, {
    "date" : "2025-05-20",
    "price" : 879.75,
    "dma50" : 758.46,
    "dma100" : 788.84,
    "dma200" : 887.96,
    "volume" : 315210.00
  }, {
    "date" : "2025-05-21",
    "price" : 859.60,
    "dma50" : 762.42,
    "dma100" : 787.30,
    "dma200" : 887.68,
    "volume" : 274624.00
  }, {
    "date" : "2025-05-22",
    "price" : 851.10,
    "dma50" : 765.90,
    "dma100" : 785.66,
    "dma200" : 887.31,
    "volume" : 175162.00
  }, {
    "date" : "2025-05-23",
    "price" : 853.45,
    "dma50" : 769.33,
    "dma100" : 783.96,
    "dma200" : 886.97,
    "volume" : 292403.00
  }, {
    "date" : "2025-05-26",
    "price" : 867.75,
    "dma50" : 773.19,
    "dma100" : 782.30,
    "dma200" : 886.78,
    "volume" : 271346.00
  }, {
    "date" : "2025-05-27",
    "price" : 861.25,
    "dma50" : 776.65,
    "dma100" : 780.74,
    "dma200" : 886.53,
    "volume" : 160872.00
  }, {
    "date" : "2025-05-28",
    "price" : 852.70,
    "dma50" : 779.63,
    "dma100" : 779.00,
    "dma200" : 886.19,
    "volume" : 227297.00
  }, {
    "date" : "2025-05-29",
    "price" : 890.80,
    "dma50" : 783.99,
    "dma100" : 777.81,
    "dma200" : 886.24,
    "volume" : 865149.00
  }, {
    "date" : "2025-05-30",
    "price" : 904.65,
    "dma50" : 788.72,
    "dma100" : 776.43,
    "dma200" : 886.42,
    "volume" : 1056447.00
  }, {
    "date" : "2025-06-02",
    "price" : 881.95,
    "dma50" : 792.38,
    "dma100" : 774.73,
    "dma200" : 886.38,
    "volume" : 310571.00
  }, {
    "date" : "2025-06-03",
    "price" : 869.55,
    "dma50" : 795.40,
    "dma100" : 773.37,
    "dma200" : 886.21,
    "volume" : 350313.00
  }, {
    "date" : "2025-06-04",
    "price" : 875.20,
    "dma50" : 798.53,
    "dma100" : 771.99,
    "dma200" : 886.10,
    "volume" : 190997.00
  }, {
    "date" : "2025-06-05",
    "price" : 875.00,
    "dma50" : 801.53,
    "dma100" : 770.83,
    "dma200" : 885.99,
    "volume" : 167142.00
  }, {
    "date" : "2025-06-06",
    "price" : 869.65,
    "dma50" : 804.20,
    "dma100" : 769.86,
    "dma200" : 885.83,
    "volume" : 153194.00
  }, {
    "date" : "2025-06-09",
    "price" : 911.85,
    "dma50" : 808.42,
    "dma100" : 769.56,
    "dma200" : 886.09,
    "volume" : 669655.00
  }, {
    "date" : "2025-06-10",
    "price" : 899.00,
    "dma50" : 811.98,
    "dma100" : 769.60,
    "dma200" : 886.21,
    "volume" : 254106.00
  }, {
    "date" : "2025-06-11",
    "price" : 902.30,
    "dma50" : 815.52,
    "dma100" : 769.21,
    "dma200" : 886.37,
    "volume" : 451298.00
  }, {
    "date" : "2025-06-12",
    "price" : 896.15,
    "dma50" : 818.68,
    "dma100" : 768.70,
    "dma200" : 886.47,
    "volume" : 666002.00
  }, {
    "date" : "2025-06-13",
    "price" : 880.90,
    "dma50" : 821.12,
    "dma100" : 768.05,
    "dma200" : 886.42,
    "volume" : 209670.00
  }, {
    "date" : "2025-06-16",
    "price" : 868.95,
    "dma50" : 823.00,
    "dma100" : 767.37,
    "dma200" : 886.24,
    "volume" : 489019.00
  }, {
    "date" : "2025-06-17",
    "price" : 859.90,
    "dma50" : 824.44,
    "dma100" : 766.65,
    "dma200" : 885.98,
    "volume" : 282272.00
  }, {
    "date" : "2025-06-18",
    "price" : 855.35,
    "dma50" : 825.65,
    "dma100" : 766.03,
    "dma200" : 885.68,
    "volume" : 437387.00
  }, {
    "date" : "2025-06-19",
    "price" : 837.35,
    "dma50" : 826.11,
    "dma100" : 765.11,
    "dma200" : 885.19,
    "volume" : 201136.00
  }, {
    "date" : "2025-06-20",
    "price" : 846.30,
    "dma50" : 826.90,
    "dma100" : 764.35,
    "dma200" : 884.81,
    "volume" : 255503.00
  }, {
    "date" : "2025-06-23",
    "price" : 846.35,
    "dma50" : 827.67,
    "dma100" : 763.94,
    "dma200" : 884.43,
    "volume" : 157271.00
  }, {
    "date" : "2025-06-24",
    "price" : 849.95,
    "dma50" : 828.54,
    "dma100" : 763.74,
    "dma200" : 884.08,
    "volume" : 123201.00
  }, {
    "date" : "2025-06-25",
    "price" : 853.70,
    "dma50" : 829.53,
    "dma100" : 763.83,
    "dma200" : 883.78,
    "volume" : 163349.00
  }, {
    "date" : "2025-06-26",
    "price" : 867.60,
    "dma50" : 831.02,
    "dma100" : 763.87,
    "dma200" : 883.62,
    "volume" : 354704.00
  }, {
    "date" : "2025-06-27",
    "price" : 860.15,
    "dma50" : 832.16,
    "dma100" : 763.65,
    "dma200" : 883.39,
    "volume" : 310283.00
  }, {
    "date" : "2025-06-30",
    "price" : 851.05,
    "dma50" : 832.90,
    "dma100" : 763.13,
    "dma200" : 883.06,
    "volume" : 374430.00
  }, {
    "date" : "2025-07-01",
    "price" : 856.60,
    "dma50" : 833.83,
    "dma100" : 762.96,
    "dma200" : 882.80,
    "volume" : 480723.00
  }, {
    "date" : "2025-07-02",
    "price" : 847.50,
    "dma50" : 834.37,
    "dma100" : 762.99,
    "dma200" : 882.45,
    "volume" : 312259.00
  }, {
    "date" : "2025-07-03",
    "price" : 847.65,
    "dma50" : 834.89,
    "dma100" : 762.94,
    "dma200" : 882.10,
    "volume" : 220735.00
  }, {
    "date" : "2025-07-04",
    "price" : 855.45,
    "dma50" : 835.70,
    "dma100" : 762.96,
    "dma200" : 881.84,
    "volume" : 439086.00
  }, {
    "date" : "2025-07-07",
    "price" : 847.90,
    "dma50" : 836.17,
    "dma100" : 763.04,
    "dma200" : 881.50,
    "volume" : 125970.00
  }, {
    "date" : "2025-07-08",
    "price" : 833.95,
    "dma50" : 836.09,
    "dma100" : 763.19,
    "dma200" : 881.03,
    "volume" : 153019.00
  }, {
    "date" : "2025-07-09",
    "price" : 831.85,
    "dma50" : 835.92,
    "dma100" : 763.31,
    "dma200" : 880.54,
    "volume" : 119119.00
  }, {
    "date" : "2025-07-10",
    "price" : 918.10,
    "dma50" : 839.14,
    "dma100" : 764.68,
    "dma200" : 880.91,
    "volume" : 4339714.00
  }, {
    "date" : "2025-07-11",
    "price" : 914.85,
    "dma50" : 842.11,
    "dma100" : 766.34,
    "dma200" : 881.25,
    "volume" : 6165836.00
  }, {
    "date" : "2025-07-14",
    "price" : 921.35,
    "dma50" : 845.22,
    "dma100" : 768.39,
    "dma200" : 881.65,
    "volume" : 642629.00
  }, {
    "date" : "2025-07-15",
    "price" : 915.00,
    "dma50" : 847.96,
    "dma100" : 770.80,
    "dma200" : 881.98,
    "volume" : 505936.00
  }, {
    "date" : "2025-07-16",
    "price" : 945.25,
    "dma50" : 851.77,
    "dma100" : 773.82,
    "dma200" : 882.61,
    "volume" : 1040091.00
  }, {
    "date" : "2025-07-17",
    "price" : 938.10,
    "dma50" : 855.16,
    "dma100" : 776.99,
    "dma200" : 883.16,
    "volume" : 389158.00
  }, {
    "date" : "2025-07-18",
    "price" : 917.85,
    "dma50" : 857.62,
    "dma100" : 780.11,
    "dma200" : 883.51,
    "volume" : 272397.00
  }, {
    "date" : "2025-07-21",
    "price" : 919.65,
    "dma50" : 860.05,
    "dma100" : 783.36,
    "dma200" : 883.87,
    "volume" : 455217.00
  }, {
    "date" : "2025-07-22",
    "price" : 908.60,
    "dma50" : 861.95,
    "dma100" : 786.60,
    "dma200" : 884.11,
    "volume" : 209597.00
  }, {
    "date" : "2025-07-23",
    "price" : 916.00,
    "dma50" : 864.07,
    "dma100" : 789.76,
    "dma200" : 884.43,
    "volume" : 305856.00
  }, {
    "date" : "2025-07-24",
    "price" : 940.35,
    "dma50" : 867.06,
    "dma100" : 793.14,
    "dma200" : 884.99,
    "volume" : 374821.00
  }, {
    "date" : "2025-07-25",
    "price" : 915.50,
    "dma50" : 868.96,
    "dma100" : 796.51,
    "dma200" : 885.29,
    "volume" : 277524.00
  }, {
    "date" : "2025-07-28",
    "price" : 902.65,
    "dma50" : 870.28,
    "dma100" : 799.78,
    "dma200" : 885.46,
    "volume" : 194155.00
  }, {
    "date" : "2025-07-29",
    "price" : 920.80,
    "dma50" : 872.27,
    "dma100" : 803.20,
    "dma200" : 885.81,
    "volume" : 139509.00
  }, {
    "date" : "2025-07-30",
    "price" : 918.15,
    "dma50" : 874.06,
    "dma100" : 806.53,
    "dma200" : 886.14,
    "volume" : 73230.00
  }, {
    "date" : "2025-07-31",
    "price" : 904.20,
    "dma50" : 875.25,
    "dma100" : 809.55,
    "dma200" : 886.32,
    "volume" : 102708.00
  }, {
    "date" : "2025-08-01",
    "price" : 872.30,
    "dma50" : 875.13,
    "dma100" : 811.90,
    "dma200" : 886.18,
    "volume" : 115673.00
  }, {
    "date" : "2025-08-04",
    "price" : 883.85,
    "dma50" : 875.47,
    "dma100" : 814.22,
    "dma200" : 886.15,
    "volume" : 171641.00
  }, {
    "date" : "2025-08-05",
    "price" : 865.10,
    "dma50" : 875.07,
    "dma100" : 816.41,
    "dma200" : 885.94,
    "volume" : 115276.00
  }, {
    "date" : "2025-08-06",
    "price" : 919.50,
    "dma50" : 876.81,
    "dma100" : 819.22,
    "dma200" : 886.28,
    "volume" : 4986082.00
  }, {
    "date" : "2025-08-07",
    "price" : 910.80,
    "dma50" : 878.14,
    "dma100" : 821.86,
    "dma200" : 886.52,
    "volume" : 531419.00
  }, {
    "date" : "2025-08-08",
    "price" : 904.85,
    "dma50" : 879.19,
    "dma100" : 824.38,
    "dma200" : 886.70,
    "volume" : 302498.00
  }, {
    "date" : "2025-08-11",
    "price" : 912.25,
    "dma50" : 880.49,
    "dma100" : 826.83,
    "dma200" : 886.96,
    "volume" : 439215.00
  }, {
    "date" : "2025-08-12",
    "price" : 896.20,
    "dma50" : 881.10,
    "dma100" : 828.61,
    "dma200" : 887.05,
    "volume" : 248402.00
  }, {
    "date" : "2025-08-13",
    "price" : 905.00,
    "dma50" : 882.04,
    "dma100" : 830.32,
    "dma200" : 887.23,
    "volume" : 257103.00
  }, {
    "date" : "2025-08-14",
    "price" : 902.50,
    "dma50" : 882.84,
    "dma100" : 832.09,
    "dma200" : 887.38,
    "volume" : 222910.00
  }, {
    "date" : "2025-08-18",
    "price" : 944.10,
    "dma50" : 885.24,
    "dma100" : 834.06,
    "dma200" : 887.94,
    "volume" : 494072.00
  }, {
    "date" : "2025-08-19",
    "price" : 961.30,
    "dma50" : 888.23,
    "dma100" : 836.17,
    "dma200" : 888.67,
    "volume" : 1075634.00
  }, {
    "date" : "2025-08-20",
    "price" : 961.20,
    "dma50" : 891.09,
    "dma100" : 838.30,
    "dma200" : 889.40,
    "volume" : 334303.00
  }, {
    "date" : "2025-08-21",
    "price" : 946.85,
    "dma50" : 893.27,
    "dma100" : 840.56,
    "dma200" : 889.97,
    "volume" : 274820.00
  }, {
    "date" : "2025-08-22",
    "price" : 948.90,
    "dma50" : 895.46,
    "dma100" : 842.69,
    "dma200" : 890.55,
    "volume" : 218511.00
  }, {
    "date" : "2025-08-25",
    "price" : 976.70,
    "dma50" : 898.64,
    "dma100" : 845.26,
    "dma200" : 891.41,
    "volume" : 921467.00
  }, {
    "date" : "2025-08-26",
    "price" : 923.60,
    "dma50" : 899.62,
    "dma100" : 847.25,
    "dma200" : 891.73,
    "volume" : 575868.00
  }, {
    "date" : "2025-08-28",
    "price" : 900.20,
    "dma50" : 899.64,
    "dma100" : 848.96,
    "dma200" : 891.82,
    "volume" : 246453.00
  }, {
    "date" : "2025-08-29",
    "price" : 898.45,
    "dma50" : 899.60,
    "dma100" : 850.42,
    "dma200" : 891.88,
    "volume" : 158120.00
  }, {
    "date" : "2025-09-01",
    "price" : 916.40,
    "dma50" : 900.26,
    "dma100" : 852.35,
    "dma200" : 892.13,
    "volume" : 200692.00
  }, {
    "date" : "2025-09-02",
    "price" : 916.40,
    "dma50" : 900.89,
    "dma100" : 854.43,
    "dma200" : 892.37,
    "volume" : 214033.00
  }, {
    "date" : "2025-09-03",
    "price" : 893.50,
    "dma50" : 900.60,
    "dma100" : 856.22,
    "dma200" : 892.38,
    "volume" : 787638.00
  }, {
    "date" : "2025-09-04",
    "price" : 880.20,
    "dma50" : 899.80,
    "dma100" : 858.01,
    "dma200" : 892.26,
    "volume" : 313991.00
  }, {
    "date" : "2025-09-05",
    "price" : 866.50,
    "dma50" : 898.49,
    "dma100" : 859.41,
    "dma200" : 892.00,
    "volume" : 268632.00
  }, {
    "date" : "2025-09-08",
    "price" : 863.10,
    "dma50" : 897.11,
    "dma100" : 860.72,
    "dma200" : 891.71,
    "volume" : 172835.00
  }, {
    "date" : "2025-09-09",
    "price" : 863.00,
    "dma50" : 895.77,
    "dma100" : 861.77,
    "dma200" : 891.43,
    "volume" : 144414.00
  }, {
    "date" : "2025-09-10",
    "price" : 888.10,
    "dma50" : 895.47,
    "dma100" : 863.19,
    "dma200" : 891.40,
    "volume" : 374750.00
  }, {
    "date" : "2025-09-11",
    "price" : 881.95,
    "dma50" : 894.94,
    "dma100" : 864.51,
    "dma200" : 891.30,
    "volume" : 126871.00
  }, {
    "date" : "2025-09-12",
    "price" : 886.30,
    "dma50" : 894.60,
    "dma100" : 865.83,
    "dma200" : 891.25,
    "volume" : 140240.00
  }, {
    "date" : "2025-09-15",
    "price" : 889.35,
    "dma50" : 894.39,
    "dma100" : 867.14,
    "dma200" : 891.23,
    "volume" : 93522.00
  }, {
    "date" : "2025-09-16",
    "price" : 931.20,
    "dma50" : 895.84,
    "dma100" : 868.92,
    "dma200" : 891.63,
    "volume" : 4005771.00
  }, {
    "date" : "2025-09-17",
    "price" : 950.20,
    "dma50" : 897.97,
    "dma100" : 871.07,
    "dma200" : 892.21,
    "volume" : 408971.00
  }, {
    "date" : "2025-09-18",
    "price" : 941.30,
    "dma50" : 899.67,
    "dma100" : 873.07,
    "dma200" : 892.70,
    "volume" : 196015.00
  }, {
    "date" : "2025-09-19",
    "price" : 964.65,
    "dma50" : 902.22,
    "dma100" : 875.23,
    "dma200" : 893.42,
    "volume" : 369458.00
  }, {
    "date" : "2025-09-22",
    "price" : 965.00,
    "dma50" : 904.68,
    "dma100" : 877.41,
    "dma200" : 894.13,
    "volume" : 211740.00
  }, {
    "date" : "2025-09-23",
    "price" : 953.50,
    "dma50" : 906.59,
    "dma100" : 879.55,
    "dma200" : 894.72,
    "volume" : 110180.00
  }, {
    "date" : "2025-09-24",
    "price" : 973.00,
    "dma50" : 909.20,
    "dma100" : 881.82,
    "dma200" : 895.50,
    "volume" : 416276.00
  }, {
    "date" : "2025-09-25",
    "price" : 944.75,
    "dma50" : 910.59,
    "dma100" : 884.01,
    "dma200" : 895.99,
    "volume" : 171654.00
  }, {
    "date" : "2025-09-26",
    "price" : 915.20,
    "dma50" : 910.77,
    "dma100" : 885.96,
    "dma200" : 896.18,
    "volume" : 200560.00
  }, {
    "date" : "2025-09-29",
    "price" : 920.30,
    "dma50" : 911.15,
    "dma100" : 888.21,
    "dma200" : 896.42,
    "volume" : 339158.00
  }, {
    "date" : "2025-09-30",
    "price" : 918.80,
    "dma50" : 911.45,
    "dma100" : 890.70,
    "dma200" : 896.64,
    "volume" : 113410.00
  }, {
    "date" : "2025-10-01",
    "price" : 925.95,
    "dma50" : 912.01,
    "dma100" : 892.97,
    "dma200" : 896.93,
    "volume" : 244929.00
  }, {
    "date" : "2025-10-03",
    "price" : 901.75,
    "dma50" : 911.61,
    "dma100" : 894.80,
    "dma200" : 896.98,
    "volume" : 234397.00
  }, {
    "date" : "2025-10-06",
    "price" : 893.05,
    "dma50" : 910.88,
    "dma100" : 896.37,
    "dma200" : 896.94,
    "volume" : 156800.00
  }, {
    "date" : "2025-10-07",
    "price" : 881.10,
    "dma50" : 909.72,
    "dma100" : 896.56,
    "dma200" : 896.79,
    "volume" : 490923.00
  }, {
    "date" : "2025-10-08",
    "price" : 883.15,
    "dma50" : 908.67,
    "dma100" : 896.44,
    "dma200" : 896.65,
    "volume" : 149294.00
  }, {
    "date" : "2025-10-09",
    "price" : 880.35,
    "dma50" : 907.56,
    "dma100" : 896.38,
    "dma200" : 896.49,
    "volume" : 80317.00
  }, {
    "date" : "2025-10-10",
    "price" : 891.10,
    "dma50" : 906.92,
    "dma100" : 896.50,
    "dma200" : 896.43,
    "volume" : 130332.00
  }, {
    "date" : "2025-10-13",
    "price" : 884.30,
    "dma50" : 906.03,
    "dma100" : 896.74,
    "dma200" : 896.31,
    "volume" : 86546.00
  }, {
    "date" : "2025-10-14",
    "price" : 869.55,
    "dma50" : 904.60,
    "dma100" : 896.93,
    "dma200" : 896.05,
    "volume" : 97085.00
  }, {
    "date" : "2025-10-15",
    "price" : 875.80,
    "dma50" : 903.47,
    "dma100" : 897.15,
    "dma200" : 895.85,
    "volume" : 64789.00
  }, {
    "date" : "2025-10-16",
    "price" : 881.20,
    "dma50" : 902.60,
    "dma100" : 897.29,
    "dma200" : 895.70,
    "volume" : 176169.00
  }, {
    "date" : "2025-10-17",
    "price" : 890.10,
    "dma50" : 902.11,
    "dma100" : 897.57,
    "dma200" : 895.64,
    "volume" : 176736.00
  }, {
    "date" : "2025-10-20",
    "price" : 882.65,
    "dma50" : 901.34,
    "dma100" : 897.87,
    "dma200" : 895.52,
    "volume" : 152920.00
  }, {
    "date" : "2025-10-21",
    "price" : 894.95,
    "dma50" : 901.09,
    "dma100" : 897.92,
    "dma200" : 895.51,
    "volume" : 35768.00
  }, {
    "date" : "2025-10-23",
    "price" : 895.55,
    "dma50" : 900.88,
    "dma100" : 897.82,
    "dma200" : 895.51,
    "volume" : 149856.00
  }, {
    "date" : "2025-10-24",
    "price" : 899.30,
    "dma50" : 900.81,
    "dma100" : 898.00,
    "dma200" : 895.55,
    "volume" : 181785.00
  }, {
    "date" : "2025-10-27",
    "price" : 941.35,
    "dma50" : 902.40,
    "dma100" : 898.72,
    "dma200" : 896.00,
    "volume" : 357503.00
  }, {
    "date" : "2025-10-28",
    "price" : 1005.70,
    "dma50" : 906.45,
    "dma100" : 900.02,
    "dma200" : 897.09,
    "volume" : 4215416.00
  }, {
    "date" : "2025-10-29",
    "price" : 1018.10,
    "dma50" : 910.83,
    "dma100" : 901.45,
    "dma200" : 898.30,
    "volume" : 843178.00
  }, {
    "date" : "2025-10-30",
    "price" : 1016.60,
    "dma50" : 914.98,
    "dma100" : 902.92,
    "dma200" : 899.48,
    "volume" : 347890.00
  }, {
    "date" : "2025-10-31",
    "price" : 999.90,
    "dma50" : 918.31,
    "dma100" : 903.80,
    "dma200" : 900.48,
    "volume" : 224061.00
  }, {
    "date" : "2025-11-03",
    "price" : 1018.95,
    "dma50" : 922.26,
    "dma100" : 905.00,
    "dma200" : 901.65,
    "volume" : 366087.00
  }, {
    "date" : "2025-11-04",
    "price" : 1015.20,
    "dma50" : 925.90,
    "dma100" : 906.13,
    "dma200" : 902.78,
    "volume" : 562759.00
  }, {
    "date" : "2025-11-06",
    "price" : 988.55,
    "dma50" : 928.36,
    "dma100" : 907.05,
    "dma200" : 903.64,
    "volume" : 302194.00
  }, {
    "date" : "2025-11-07",
    "price" : 964.35,
    "dma50" : 929.77,
    "dma100" : 907.89,
    "dma200" : 904.24,
    "volume" : 197564.00
  }, {
    "date" : "2025-11-10",
    "price" : 954.50,
    "dma50" : 930.74,
    "dma100" : 908.74,
    "dma200" : 904.74,
    "volume" : 180301.00
  }, {
    "date" : "2025-11-11",
    "price" : 945.40,
    "dma50" : 931.32,
    "dma100" : 909.60,
    "dma200" : 905.15,
    "volume" : 110064.00
  }, {
    "date" : "2025-11-12",
    "price" : 1058.65,
    "dma50" : 936.31,
    "dma100" : 911.63,
    "dma200" : 906.67,
    "volume" : 12035470.00
  }, {
    "date" : "2025-11-13",
    "price" : 1084.90,
    "dma50" : 942.14,
    "dma100" : 914.11,
    "dma200" : 908.45,
    "volume" : 1580729.00
  }, {
    "date" : "2025-11-14",
    "price" : 1092.05,
    "dma50" : 948.01,
    "dma100" : 916.57,
    "dma200" : 910.27,
    "volume" : 1050826.00
  }, {
    "date" : "2025-11-17",
    "price" : 1109.90,
    "dma50" : 954.36,
    "dma100" : 919.20,
    "dma200" : 912.26,
    "volume" : 661010.00
  }, {
    "date" : "2025-11-18",
    "price" : 1141.60,
    "dma50" : 961.71,
    "dma100" : 922.12,
    "dma200" : 914.54,
    "volume" : 749958.00
  }, {
    "date" : "2025-11-19",
    "price" : 1177.20,
    "dma50" : 970.16,
    "dma100" : 925.35,
    "dma200" : 917.16,
    "volume" : 1390806.00
  }, {
    "date" : "2025-11-20",
    "price" : 1181.45,
    "dma50" : 978.44,
    "dma100" : 928.49,
    "dma200" : 919.79,
    "volume" : 590877.00
  }, {
    "date" : "2025-11-21",
    "price" : 1163.20,
    "dma50" : 985.69,
    "dma100" : 931.52,
    "dma200" : 922.21,
    "volume" : 247077.00
  }, {
    "date" : "2025-11-24",
    "price" : 1130.00,
    "dma50" : 991.35,
    "dma100" : 934.31,
    "dma200" : 924.27,
    "volume" : 304148.00
  }, {
    "date" : "2025-11-25",
    "price" : 1157.50,
    "dma50" : 997.86,
    "dma100" : 937.32,
    "dma200" : 926.60,
    "volume" : 196081.00
  }, {
    "date" : "2025-11-26",
    "price" : 1147.85,
    "dma50" : 1003.74,
    "dma100" : 940.32,
    "dma200" : 928.80,
    "volume" : 120015.00
  }, {
    "date" : "2025-11-27",
    "price" : 1141.70,
    "dma50" : 1009.15,
    "dma100" : 943.26,
    "dma200" : 930.92,
    "volume" : 137531.00
  }, {
    "date" : "2025-11-28",
    "price" : 1124.85,
    "dma50" : 1013.69,
    "dma100" : 945.96,
    "dma200" : 932.85,
    "volume" : 119460.00
  }, {
    "date" : "2025-12-01",
    "price" : 1118.10,
    "dma50" : 1017.79,
    "dma100" : 948.66,
    "dma200" : 934.69,
    "volume" : 219306.00
  }, {
    "date" : "2025-12-02",
    "price" : 1113.60,
    "dma50" : 1021.54,
    "dma100" : 951.46,
    "dma200" : 936.47,
    "volume" : 88767.00
  }, {
    "date" : "2025-12-03",
    "price" : 1085.20,
    "dma50" : 1024.04,
    "dma100" : 953.99,
    "dma200" : 937.95,
    "volume" : 1066602.00
  }, {
    "date" : "2025-12-04",
    "price" : 1165.10,
    "dma50" : 1029.57,
    "dma100" : 956.46,
    "dma200" : 940.21,
    "volume" : 3132191.00
  }, {
    "date" : "2025-12-05",
    "price" : 1130.80,
    "dma50" : 1033.54,
    "dma100" : 958.62,
    "dma200" : 942.11,
    "volume" : 501935.00
  }, {
    "date" : "2025-12-08",
    "price" : 1096.80,
    "dma50" : 1036.02,
    "dma100" : 960.37,
    "dma200" : 943.64,
    "volume" : 466063.00
  }, {
    "date" : "2025-12-09",
    "price" : 1123.40,
    "dma50" : 1039.45,
    "dma100" : 962.46,
    "dma200" : 945.43,
    "volume" : 489975.00
  }, {
    "date" : "2025-12-10",
    "price" : 1112.50,
    "dma50" : 1042.31,
    "dma100" : 964.13,
    "dma200" : 947.10,
    "volume" : 184374.00
  }, {
    "date" : "2025-12-11",
    "price" : 1116.30,
    "dma50" : 1045.22,
    "dma100" : 965.91,
    "dma200" : 948.78,
    "volume" : 84552.00
  }, {
    "date" : "2025-12-12",
    "price" : 1144.60,
    "dma50" : 1049.11,
    "dma100" : 968.18,
    "dma200" : 950.73,
    "volume" : 180410.00
  }, {
    "date" : "2025-12-15",
    "price" : 1136.10,
    "dma50" : 1052.52,
    "dma100" : 970.34,
    "dma200" : 952.57,
    "volume" : 139938.00
  } ],
  "latestTechnicalAttributes" : {
    "date" : "2025-12-15",
    "price" : 1136.10,
    "dma50" : 1052.52,
    "dma100" : 970.34,
    "dma200" : 952.57,
    "volume" : 139938.00
  },
  "quarterlyResults" : [ {
    "date" : "2009-06-30",
    "sales" : 476.02,
    "salesGrowthYoY" : null,
    "grossProfitMargin" : 38.47,
    "grossProfit" : 183.12,
    "operatingProfitMargin" : 13.52,
    "operatingProfit" : 64.36,
    "netProfitMargin" : 6.35,
    "netProfit" : 30.23
  }, {
    "date" : "2009-09-30",
    "sales" : 581.66,
    "salesGrowthYoY" : null,
    "grossProfitMargin" : 39.56,
    "grossProfit" : 230.10,
    "operatingProfitMargin" : 13.95,
    "operatingProfit" : 81.14,
    "netProfitMargin" : 5.89,
    "netProfit" : 34.26
  }, {
    "date" : "2009-12-31",
    "sales" : 584.20,
    "salesGrowthYoY" : null,
    "grossProfitMargin" : 40.36,
    "grossProfit" : 235.78,
    "operatingProfitMargin" : 15.40,
    "operatingProfit" : 89.97,
    "netProfitMargin" : 6.84,
    "netProfit" : 39.96
  }, {
    "date" : "2010-03-31",
    "sales" : 619.06,
    "salesGrowthYoY" : null,
    "grossProfitMargin" : 40.85,
    "grossProfit" : 252.89,
    "operatingProfitMargin" : 18.96,
    "operatingProfit" : 117.37,
    "netProfitMargin" : 9.62,
    "netProfit" : 59.55
  }, {
    "date" : "2010-06-30",
    "sales" : 570.16,
    "salesGrowthYoY" : 19.78,
    "grossProfitMargin" : 40.21,
    "grossProfit" : 229.26,
    "operatingProfitMargin" : 15.34,
    "operatingProfit" : 87.46,
    "netProfitMargin" : 7.63,
    "netProfit" : 43.50
  }, {
    "date" : "2010-09-30",
    "sales" : 642.61,
    "salesGrowthYoY" : 10.48,
    "grossProfitMargin" : 41.43,
    "grossProfit" : 266.23,
    "operatingProfitMargin" : 14.31,
    "operatingProfit" : 91.96,
    "netProfitMargin" : 7.76,
    "netProfit" : 49.87
  }, {
    "date" : "2010-12-31",
    "sales" : 588.53,
    "salesGrowthYoY" : 0.74,
    "grossProfitMargin" : 40.24,
    "grossProfit" : 236.82,
    "operatingProfitMargin" : 12.91,
    "operatingProfit" : 75.98,
    "netProfitMargin" : 6.30,
    "netProfit" : 37.08
  }, {
    "date" : "2011-03-31",
    "sales" : 618.55,
    "salesGrowthYoY" : -0.08,
    "grossProfitMargin" : 42.32,
    "grossProfit" : 261.77,
    "operatingProfitMargin" : 13.86,
    "operatingProfit" : 85.73,
    "netProfitMargin" : 7.45,
    "netProfit" : 46.08
  }, {
    "date" : "2011-06-30",
    "sales" : 566.42,
    "salesGrowthYoY" : -0.66,
    "grossProfitMargin" : 43.19,
    "grossProfit" : 244.64,
    "operatingProfitMargin" : 14.92,
    "operatingProfit" : 84.51,
    "netProfitMargin" : 7.67,
    "netProfit" : 43.44
  }, {
    "date" : "2011-09-30",
    "sales" : 577.95,
    "salesGrowthYoY" : -10.06,
    "grossProfitMargin" : 41.43,
    "grossProfit" : 239.44,
    "operatingProfitMargin" : 12.11,
    "operatingProfit" : 69.99,
    "netProfitMargin" : 5.09,
    "netProfit" : 29.42
  }, {
    "date" : "2011-12-31",
    "sales" : 593.74,
    "salesGrowthYoY" : 0.89,
    "grossProfitMargin" : 37.26,
    "grossProfit" : 221.23,
    "operatingProfitMargin" : 11.74,
    "operatingProfit" : 69.71,
    "netProfitMargin" : 5.91,
    "netProfit" : 35.09
  }, {
    "date" : "2012-03-31",
    "sales" : 588.80,
    "salesGrowthYoY" : -4.81,
    "grossProfitMargin" : 39.21,
    "grossProfit" : 230.87,
    "operatingProfitMargin" : 13.57,
    "operatingProfit" : 79.90,
    "netProfitMargin" : 9.15,
    "netProfit" : 53.88
  }, {
    "date" : "2012-06-30",
    "sales" : 604.80,
    "salesGrowthYoY" : 6.78,
    "grossProfitMargin" : 38.19,
    "grossProfit" : 230.97,
    "operatingProfitMargin" : 14.58,
    "operatingProfit" : 88.18,
    "netProfitMargin" : 8.77,
    "netProfit" : 53.04
  }, {
    "date" : "2012-09-30",
    "sales" : 613.83,
    "salesGrowthYoY" : 6.21,
    "grossProfitMargin" : 38.48,
    "grossProfit" : 236.20,
    "operatingProfitMargin" : 14.71,
    "operatingProfit" : 90.29,
    "netProfitMargin" : 9.07,
    "netProfit" : 55.67
  }, {
    "date" : "2012-12-31",
    "sales" : 539.91,
    "salesGrowthYoY" : -9.07,
    "grossProfitMargin" : 38.65,
    "grossProfit" : 208.68,
    "operatingProfitMargin" : 13.80,
    "operatingProfit" : 74.51,
    "netProfitMargin" : 8.31,
    "netProfit" : 44.87
  }, {
    "date" : "2013-03-31",
    "sales" : 598.77,
    "salesGrowthYoY" : 1.69,
    "grossProfitMargin" : 39.35,
    "grossProfit" : 235.62,
    "operatingProfitMargin" : 15.50,
    "operatingProfit" : 92.81,
    "netProfitMargin" : 9.88,
    "netProfit" : 59.16
  }, {
    "date" : "2013-06-30",
    "sales" : 590.84,
    "salesGrowthYoY" : -2.31,
    "grossProfitMargin" : 38.63,
    "grossProfit" : 228.24,
    "operatingProfitMargin" : 14.08,
    "operatingProfit" : 83.19,
    "netProfitMargin" : 8.95,
    "netProfit" : 52.88
  }, {
    "date" : "2013-09-30",
    "sales" : 517.33,
    "salesGrowthYoY" : -15.72,
    "grossProfitMargin" : 38.95,
    "grossProfit" : 201.50,
    "operatingProfitMargin" : 11.53,
    "operatingProfit" : 59.65,
    "netProfitMargin" : 5.93,
    "netProfit" : 30.68
  }, {
    "date" : "2013-12-31",
    "sales" : 569.03,
    "salesGrowthYoY" : 5.39,
    "grossProfitMargin" : 38.11,
    "grossProfit" : 216.86,
    "operatingProfitMargin" : 13.67,
    "operatingProfit" : 77.79,
    "netProfitMargin" : 7.95,
    "netProfit" : 45.24
  }, {
    "date" : "2014-03-31",
    "sales" : 643.13,
    "salesGrowthYoY" : 7.41,
    "grossProfitMargin" : 35.80,
    "grossProfit" : 230.24,
    "operatingProfitMargin" : 13.02,
    "operatingProfit" : 83.74,
    "netProfitMargin" : 7.72,
    "netProfit" : 49.65
  }, {
    "date" : "2014-06-30",
    "sales" : 639.09,
    "salesGrowthYoY" : 8.17,
    "grossProfitMargin" : 34.93,
    "grossProfit" : 223.23,
    "operatingProfitMargin" : 11.80,
    "operatingProfit" : 75.41,
    "netProfitMargin" : 7.40,
    "netProfit" : 47.29
  }, {
    "date" : "2014-09-30",
    "sales" : 627.91,
    "salesGrowthYoY" : 21.38,
    "grossProfitMargin" : 34.83,
    "grossProfit" : 218.70,
    "operatingProfitMargin" : 10.15,
    "operatingProfit" : 63.73,
    "netProfitMargin" : 5.63,
    "netProfit" : 35.35
  }, {
    "date" : "2014-12-31",
    "sales" : 612.27,
    "salesGrowthYoY" : 7.60,
    "grossProfitMargin" : 35.48,
    "grossProfit" : 217.23,
    "operatingProfitMargin" : 9.50,
    "operatingProfit" : 58.17,
    "netProfitMargin" : 5.57,
    "netProfit" : 34.10
  }, {
    "date" : "2015-03-31",
    "sales" : 628.36,
    "salesGrowthYoY" : -2.30,
    "grossProfitMargin" : 35.45,
    "grossProfit" : 222.75,
    "operatingProfitMargin" : 8.16,
    "operatingProfit" : 51.27,
    "netProfitMargin" : 4.21,
    "netProfit" : 26.45
  }, {
    "date" : "2015-06-30",
    "sales" : 585.30,
    "salesGrowthYoY" : -8.42,
    "grossProfitMargin" : 36.26,
    "grossProfit" : 212.23,
    "operatingProfitMargin" : 10.72,
    "operatingProfit" : 62.74,
    "netProfitMargin" : 7.14,
    "netProfit" : 41.79
  }, {
    "date" : "2015-09-30",
    "sales" : 588.36,
    "salesGrowthYoY" : -6.30,
    "grossProfitMargin" : 37.60,
    "grossProfit" : 221.22,
    "operatingProfitMargin" : 8.84,
    "operatingProfit" : 52.01,
    "netProfitMargin" : 6.18,
    "netProfit" : 36.36
  }, {
    "date" : "2015-12-31",
    "sales" : 606.77,
    "salesGrowthYoY" : -0.90,
    "grossProfitMargin" : 36.88,
    "grossProfit" : 223.78,
    "operatingProfitMargin" : 9.85,
    "operatingProfit" : 59.77,
    "netProfitMargin" : 6.05,
    "netProfit" : 36.71
  }, {
    "date" : "2016-03-31",
    "sales" : 681.15,
    "salesGrowthYoY" : 8.40,
    "grossProfitMargin" : 38.47,
    "grossProfit" : 262.04,
    "operatingProfitMargin" : 14.97,
    "operatingProfit" : 101.97,
    "netProfitMargin" : 10.28,
    "netProfit" : 70.02
  }, {
    "date" : "2016-06-30",
    "sales" : 664.61,
    "salesGrowthYoY" : 13.55,
    "grossProfitMargin" : 36.17,
    "grossProfit" : 240.39,
    "operatingProfitMargin" : 12.29,
    "operatingProfit" : 81.68,
    "netProfitMargin" : 8.84,
    "netProfit" : 58.75
  }, {
    "date" : "2016-09-30",
    "sales" : 664.28,
    "salesGrowthYoY" : 12.90,
    "grossProfitMargin" : 37.28,
    "grossProfit" : 247.64,
    "operatingProfitMargin" : 11.14,
    "operatingProfit" : 74.00,
    "netProfitMargin" : 6.41,
    "netProfit" : 42.58
  }, {
    "date" : "2016-12-31",
    "sales" : 641.17,
    "salesGrowthYoY" : 5.67,
    "grossProfitMargin" : 36.48,
    "grossProfit" : 233.90,
    "operatingProfitMargin" : 9.03,
    "operatingProfit" : 57.90,
    "netProfitMargin" : 4.38,
    "netProfit" : 28.08
  }, {
    "date" : "2017-03-31",
    "sales" : 700.33,
    "salesGrowthYoY" : 2.82,
    "grossProfitMargin" : 37.15,
    "grossProfit" : 260.17,
    "operatingProfitMargin" : 9.83,
    "operatingProfit" : 68.84,
    "netProfitMargin" : 6.31,
    "netProfit" : 44.19
  }, {
    "date" : "2017-06-30",
    "sales" : 709.25,
    "salesGrowthYoY" : 6.72,
    "grossProfitMargin" : 35.34,
    "grossProfit" : 250.65,
    "operatingProfitMargin" : 9.15,
    "operatingProfit" : 64.90,
    "netProfitMargin" : 5.14,
    "netProfit" : 36.46
  }, {
    "date" : "2017-09-30",
    "sales" : 646.71,
    "salesGrowthYoY" : -2.64,
    "grossProfitMargin" : 35.97,
    "grossProfit" : 232.62,
    "operatingProfitMargin" : 8.82,
    "operatingProfit" : 57.04,
    "netProfitMargin" : 4.62,
    "netProfit" : 29.88
  }, {
    "date" : "2017-12-31",
    "sales" : 684.61,
    "salesGrowthYoY" : 6.78,
    "grossProfitMargin" : 36.76,
    "grossProfit" : 251.66,
    "operatingProfitMargin" : 9.47,
    "operatingProfit" : 64.83,
    "netProfitMargin" : 5.76,
    "netProfit" : 39.43
  }, {
    "date" : "2018-03-31",
    "sales" : 791.32,
    "salesGrowthYoY" : 12.99,
    "grossProfitMargin" : 35.41,
    "grossProfit" : 280.21,
    "operatingProfitMargin" : 9.92,
    "operatingProfit" : 78.50,
    "netProfitMargin" : 5.60,
    "netProfit" : 44.31
  }, {
    "date" : "2018-06-30",
    "sales" : 819.97,
    "salesGrowthYoY" : 15.61,
    "grossProfitMargin" : 32.77,
    "grossProfit" : 268.70,
    "operatingProfitMargin" : 10.00,
    "operatingProfit" : 82.00,
    "netProfitMargin" : 6.05,
    "netProfit" : 49.61
  }, {
    "date" : "2018-09-30",
    "sales" : 762.03,
    "salesGrowthYoY" : 17.83,
    "grossProfitMargin" : 34.43,
    "grossProfit" : 262.37,
    "operatingProfitMargin" : 8.63,
    "operatingProfit" : 65.76,
    "netProfitMargin" : 5.41,
    "netProfit" : 41.23
  }, {
    "date" : "2018-12-31",
    "sales" : 774.31,
    "salesGrowthYoY" : 13.10,
    "grossProfitMargin" : 33.83,
    "grossProfit" : 261.95,
    "operatingProfitMargin" : 8.57,
    "operatingProfit" : 66.36,
    "netProfitMargin" : 5.42,
    "netProfit" : 41.97
  }, {
    "date" : "2019-03-31",
    "sales" : 848.25,
    "salesGrowthYoY" : 7.19,
    "grossProfitMargin" : 40.14,
    "grossProfit" : 340.49,
    "operatingProfitMargin" : 16.21,
    "operatingProfit" : 137.50,
    "netProfitMargin" : 10.86,
    "netProfit" : 92.12
  }, {
    "date" : "2019-06-30",
    "sales" : 765.10,
    "salesGrowthYoY" : -6.69,
    "grossProfitMargin" : 33.45,
    "grossProfit" : 255.93,
    "operatingProfitMargin" : 9.59,
    "operatingProfit" : 73.37,
    "netProfitMargin" : 5.77,
    "netProfit" : 44.15
  }, {
    "date" : "2019-09-30",
    "sales" : 681.90,
    "salesGrowthYoY" : -10.52,
    "grossProfitMargin" : 34.66,
    "grossProfit" : 236.35,
    "operatingProfitMargin" : 6.44,
    "operatingProfit" : 43.91,
    "netProfitMargin" : 3.72,
    "netProfit" : 25.37
  }, {
    "date" : "2019-12-31",
    "sales" : 721.31,
    "salesGrowthYoY" : -6.84,
    "grossProfitMargin" : 34.42,
    "grossProfit" : 248.27,
    "operatingProfitMargin" : 7.79,
    "operatingProfit" : 56.19,
    "netProfitMargin" : 5.92,
    "netProfit" : 42.70
  }, {
    "date" : "2020-03-31",
    "sales" : 710.62,
    "salesGrowthYoY" : -16.23,
    "grossProfitMargin" : 37.20,
    "grossProfit" : 264.35,
    "operatingProfitMargin" : 9.72,
    "operatingProfit" : 69.07,
    "netProfitMargin" : 6.56,
    "netProfit" : 46.62
  }, {
    "date" : "2020-06-30",
    "sales" : 320.44,
    "salesGrowthYoY" : -58.12,
    "grossProfitMargin" : 36.21,
    "grossProfit" : 116.03,
    "operatingProfitMargin" : -1.38,
    "operatingProfit" : -4.42,
    "netProfitMargin" : -3.37,
    "netProfit" : -10.80
  }, {
    "date" : "2020-09-30",
    "sales" : 661.72,
    "salesGrowthYoY" : -2.96,
    "grossProfitMargin" : 36.20,
    "grossProfit" : 239.54,
    "operatingProfitMargin" : 11.58,
    "operatingProfit" : 76.63,
    "netProfitMargin" : 7.14,
    "netProfit" : 47.25
  }, {
    "date" : "2020-12-31",
    "sales" : 797.70,
    "salesGrowthYoY" : 10.59,
    "grossProfitMargin" : 34.30,
    "grossProfit" : 273.61,
    "operatingProfitMargin" : 11.81,
    "operatingProfit" : 94.21,
    "netProfitMargin" : 7.60,
    "netProfit" : 60.63
  }, {
    "date" : "2021-03-31",
    "sales" : 914.58,
    "salesGrowthYoY" : 28.70,
    "grossProfitMargin" : 35.21,
    "grossProfit" : 322.02,
    "operatingProfitMargin" : 12.84,
    "operatingProfit" : 117.43,
    "netProfitMargin" : 8.62,
    "netProfit" : 78.84
  }, {
    "date" : "2021-06-30",
    "sales" : 647.24,
    "salesGrowthYoY" : 101.98,
    "grossProfitMargin" : 31.13,
    "grossProfit" : 201.49,
    "operatingProfitMargin" : 7.57,
    "operatingProfit" : 49.00,
    "netProfitMargin" : 3.78,
    "netProfit" : 24.47
  }, {
    "date" : "2021-09-30",
    "sales" : 825.48,
    "salesGrowthYoY" : 24.75,
    "grossProfitMargin" : 30.75,
    "grossProfit" : 253.84,
    "operatingProfitMargin" : 8.06,
    "operatingProfit" : 66.53,
    "netProfitMargin" : 4.69,
    "netProfit" : 38.72
  }, {
    "date" : "2021-12-31",
    "sales" : 836.91,
    "salesGrowthYoY" : 4.92,
    "grossProfitMargin" : 29.01,
    "grossProfit" : 242.79,
    "operatingProfitMargin" : 6.05,
    "operatingProfit" : 50.63,
    "netProfitMargin" : 3.02,
    "netProfit" : 25.27
  }, {
    "date" : "2022-03-31",
    "sales" : 990.03,
    "salesGrowthYoY" : 8.25,
    "grossProfitMargin" : 31.35,
    "grossProfit" : 310.37,
    "operatingProfitMargin" : 10.36,
    "operatingProfit" : 102.57,
    "netProfitMargin" : 7.60,
    "netProfit" : 75.24
  }, {
    "date" : "2022-06-30",
    "sales" : 953.01,
    "salesGrowthYoY" : 47.24,
    "grossProfitMargin" : 30.63,
    "grossProfit" : 291.91,
    "operatingProfitMargin" : 10.85,
    "operatingProfit" : 103.40,
    "netProfitMargin" : 6.78,
    "netProfit" : 64.61
  }, {
    "date" : "2022-09-30",
    "sales" : 1010.40,
    "salesGrowthYoY" : 22.40,
    "grossProfitMargin" : 33.29,
    "grossProfit" : 336.36,
    "operatingProfitMargin" : 11.42,
    "operatingProfit" : 115.39,
    "netProfitMargin" : 7.18,
    "netProfit" : 72.55
  }, {
    "date" : "2022-12-31",
    "sales" : 1000.13,
    "salesGrowthYoY" : 19.50,
    "grossProfitMargin" : 32.30,
    "grossProfit" : 323.04,
    "operatingProfitMargin" : 10.88,
    "operatingProfit" : 108.81,
    "netProfitMargin" : 6.82,
    "netProfit" : 68.21
  }, {
    "date" : "2023-03-31",
    "sales" : 1152.59,
    "salesGrowthYoY" : 16.42,
    "grossProfitMargin" : 32.55,
    "grossProfit" : 375.17,
    "operatingProfitMargin" : 8.77,
    "operatingProfit" : 101.08,
    "netProfitMargin" : 5.63,
    "netProfit" : 64.89
  }, {
    "date" : "2023-06-30",
    "sales" : 1264.70,
    "salesGrowthYoY" : 32.71,
    "grossProfitMargin" : 31.58,
    "grossProfit" : 399.39,
    "operatingProfitMargin" : 12.21,
    "operatingProfit" : 154.42,
    "netProfitMargin" : 8.16,
    "netProfit" : 103.20
  }, {
    "date" : "2023-09-30",
    "sales" : 1058.97,
    "salesGrowthYoY" : 4.81,
    "grossProfitMargin" : 33.13,
    "grossProfit" : 350.84,
    "operatingProfitMargin" : 9.31,
    "operatingProfit" : 98.59,
    "netProfitMargin" : 5.53,
    "netProfit" : 58.56
  }, {
    "date" : "2023-12-31",
    "sales" : 1135.19,
    "salesGrowthYoY" : 13.50,
    "grossProfitMargin" : 34.00,
    "grossProfit" : 385.96,
    "operatingProfitMargin" : 11.71,
    "operatingProfit" : 132.93,
    "netProfitMargin" : 7.24,
    "netProfit" : 82.19
  }, {
    "date" : "2024-03-31",
    "sales" : 1391.68,
    "salesGrowthYoY" : 20.74,
    "grossProfitMargin" : 33.81,
    "grossProfit" : 470.53,
    "operatingProfitMargin" : 12.85,
    "operatingProfit" : 178.83,
    "netProfitMargin" : 8.45,
    "netProfit" : 117.60
  }, {
    "date" : "2024-06-30",
    "sales" : 1342.91,
    "salesGrowthYoY" : 6.18,
    "grossProfitMargin" : 34.00,
    "grossProfit" : 456.59,
    "operatingProfitMargin" : 14.82,
    "operatingProfit" : 199.02,
    "netProfitMargin" : 10.03,
    "netProfit" : 134.69
  }, {
    "date" : "2024-09-30",
    "sales" : 1194.35,
    "salesGrowthYoY" : 12.78,
    "grossProfitMargin" : 36.83,
    "grossProfit" : 439.88,
    "operatingProfitMargin" : 13.81,
    "operatingProfit" : 164.94,
    "netProfitMargin" : 9.30,
    "netProfit" : 111.07
  }, {
    "date" : "2024-12-31",
    "sales" : 1163.60,
    "salesGrowthYoY" : 2.50,
    "grossProfitMargin" : 34.77,
    "grossProfit" : 404.58,
    "operatingProfitMargin" : 10.13,
    "operatingProfit" : 117.87,
    "netProfitMargin" : 5.59,
    "netProfit" : 65.05
  }, {
    "date" : "2025-03-31",
    "sales" : 1412.47,
    "salesGrowthYoY" : 1.49,
    "grossProfitMargin" : 33.66,
    "grossProfit" : 475.44,
    "operatingProfitMargin" : 12.08,
    "operatingProfit" : 170.63,
    "netProfitMargin" : 7.47,
    "netProfit" : 105.51
  }, {
    "date" : "2025-06-30",
    "sales" : 1444.65,
    "salesGrowthYoY" : 7.58,
    "grossProfitMargin" : 34.17,
    "grossProfit" : 493.64,
    "operatingProfitMargin" : 13.17,
    "operatingProfit" : 190.26,
    "netProfitMargin" : 8.50,
    "netProfit" : 122.80
  }, {
    "date" : "2025-09-30",
    "sales" : 1604.52,
    "salesGrowthYoY" : 34.34,
    "grossProfitMargin" : 34.74,
    "grossProfit" : 557.41,
    "operatingProfitMargin" : 13.36,
    "operatingProfit" : 214.36,
    "netProfitMargin" : 8.78,
    "netProfit" : 140.88
  } ],
  "latestQuarterlyResult" : {
    "date" : "2025-09-30",
    "sales" : 1604.52,
    "salesGrowthYoY" : 34.34,
    "grossProfitMargin" : 34.74,
    "grossProfit" : 557.41,
    "operatingProfitMargin" : 13.36,
    "operatingProfit" : 214.36,
    "netProfitMargin" : 8.78,
    "netProfit" : 140.88
  },
  "companyScore" : {
    "priceHigherThanDma50" : 5.00,
    "priceHigherThanDma100" : 5.00,
    "priceHigherThanDma200" : 5.00,
    "dma50HigherThanDma100" : 5.00,
    "dma50HigherThanDma200" : 5.00,
    "dma100HigherThanDma200" : 5.00,
    "pricePercentageAboveDma50" : 4.60,
    "pricePercentageAboveDma100" : 4.15,
    "pricePercentageAboveDma200" : 4.04,
    "weeklyVolumeHigherThanYearlyVolume" : 0.00,
    "salesGrowthPercentile" : 19.35,
    "operatingProfitMarginPercentile" : 14.49,
    "netProfitMarginPercentile" : 8.54,
    "totalTechnicalScore" : 42.79,
    "totalFundamentalScore" : 42.39,
    "totalScore" : 85.17
  }
}