{
  "metadata" : {
    "screenerCompanyId" : "1692",
    "companyCode" : "KPIL",
    "companyName" : "Kalpataru Proj.",
    "screenerCompanyLink" : "https://www.screener.in/company/KPIL/consolidated/",
    "screenerTechnicalHistoryLink" : "https://www.screener.in/api/company/1692/chart/?q=Price-DMA50-DMA200-Volume&days=365",
    "screenerQuarterlyResultsLink" : "https://www.screener.in/api/company/1692/chart/?q=GPM-OPM-NPM-Quarter+Sales&days=10000",
    "attributes" : {
      "companyCode" : "KPIL",
      "companyName" : "Kalpataru Proj.",
      "marketCap" : 19117.00,
      "peRatio" : 23.30,
      "description" : "Kalpataru Power Transmission Ltd is a global EPC player with diversified interest in power transmission and distribution, oil and gas pipeline, railways and biomass based power generation.[1]"
    },
    "companyScore" : {
      "priceHigherThanDma50" : 0.00,
      "priceHigherThanDma100" : 0.00,
      "priceHigherThanDma200" : 0.00,
      "dma50HigherThanDma100" : 0.00,
      "dma50HigherThanDma200" : 5.00,
      "dma100HigherThanDma200" : 5.00,
      "pricePercentageAboveDma50" : 5.28,
      "pricePercentageAboveDma100" : 5.44,
      "pricePercentageAboveDma200" : 5.27,
      "weeklyVolumeHigherThanYearlyVolume" : 0.00,
      "salesGrowthPercentile" : 16.71,
      "operatingProfitMarginPercentile" : 2.13,
      "netProfitMarginPercentile" : 1.81,
      "totalTechnicalScore" : 25.98,
      "totalFundamentalScore" : 20.65,
      "totalScore" : 46.63
    }
  },
  "attributes" : {
    "companyCode" : "KPIL",
    "companyName" : "Kalpataru Proj.",
    "marketCap" : 19117.00,
    "peRatio" : 23.30,
    "description" : "Kalpataru Power Transmission Ltd is a global EPC player with diversified interest in power transmission and distribution, oil and gas pipeline, railways and biomass based power generation.[1]"
  },
  "technicalHistory" : [ {
    "date" : "2025-01-20",
    "price" : 1190.20,
    "dma50" : 1242.83,
    "dma100" : null,
    "dma200" : 1188.98,
    "volume" : 204889.00
  }, {
    "date" : "2025-01-21",
    "price" : 1125.70,
    "dma50" : 1238.23,
    "dma100" : null,
    "dma200" : 1188.35,
    "volume" : 167779.00
  }, {
    "date" : "2025-01-22",
    "price" : 1111.30,
    "dma50" : 1233.26,
    "dma100" : null,
    "dma200" : 1187.59,
    "volume" : 290454.00
  }, {
    "date" : "2025-01-23",
    "price" : 1106.10,
    "dma50" : 1228.27,
    "dma100" : null,
    "dma200" : 1186.78,
    "volume" : 288524.00
  }, {
    "date" : "2025-01-24",
    "price" : 1055.10,
    "dma50" : 1221.48,
    "dma100" : null,
    "dma200" : 1185.47,
    "volume" : 340861.00
  }, {
    "date" : "2025-01-27",
    "price" : 1020.85,
    "dma50" : 1213.61,
    "dma100" : null,
    "dma200" : 1183.83,
    "volume" : 374595.00
  }, {
    "date" : "2025-01-28",
    "price" : 1015.95,
    "dma50" : 1205.86,
    "dma100" : null,
    "dma200" : 1182.16,
    "volume" : 350988.00
  }, {
    "date" : "2025-01-29",
    "price" : 1047.95,
    "dma50" : 1199.67,
    "dma100" : null,
    "dma200" : 1180.82,
    "volume" : 257923.00
  }, {
    "date" : "2025-01-30",
    "price" : 1027.75,
    "dma50" : 1192.93,
    "dma100" : null,
    "dma200" : 1179.30,
    "volume" : 117975.00
  }, {
    "date" : "2025-01-31",
    "price" : 1058.65,
    "dma50" : 1187.66,
    "dma100" : null,
    "dma200" : 1178.10,
    "volume" : 112209.00
  }, {
    "date" : "2025-02-01",
    "price" : 1028.30,
    "dma50" : 1181.41,
    "dma100" : null,
    "dma200" : 1176.61,
    "volume" : 203584.00
  }, {
    "date" : "2025-02-03",
    "price" : 999.60,
    "dma50" : 1174.28,
    "dma100" : null,
    "dma200" : 1174.85,
    "volume" : 373661.00
  }, {
    "date" : "2025-02-04",
    "price" : 1019.40,
    "dma50" : 1168.21,
    "dma100" : null,
    "dma200" : 1173.30,
    "volume" : 387186.00
  }, {
    "date" : "2025-02-05",
    "price" : 1040.35,
    "dma50" : 1163.19,
    "dma100" : null,
    "dma200" : 1171.98,
    "volume" : 503666.00
  }, {
    "date" : "2025-02-06",
    "price" : 1051.45,
    "dma50" : 1158.81,
    "dma100" : null,
    "dma200" : 1170.78,
    "volume" : 136369.00
  }, {
    "date" : "2025-02-07",
    "price" : 1040.65,
    "dma50" : 1154.18,
    "dma100" : null,
    "dma200" : 1169.48,
    "volume" : 195202.00
  }, {
    "date" : "2025-02-10",
    "price" : 1035.65,
    "dma50" : 1149.53,
    "dma100" : null,
    "dma200" : 1168.15,
    "volume" : 284248.00
  }, {
    "date" : "2025-02-11",
    "price" : 991.30,
    "dma50" : 1143.32,
    "dma100" : null,
    "dma200" : 1166.39,
    "volume" : 257644.00
  }, {
    "date" : "2025-02-12",
    "price" : 965.10,
    "dma50" : 1136.33,
    "dma100" : null,
    "dma200" : 1164.39,
    "volume" : 495228.00
  }, {
    "date" : "2025-02-13",
    "price" : 982.25,
    "dma50" : 1130.29,
    "dma100" : null,
    "dma200" : 1162.58,
    "volume" : 560045.00
  }, {
    "date" : "2025-02-14",
    "price" : 879.55,
    "dma50" : 1120.46,
    "dma100" : null,
    "dma200" : 1159.76,
    "volume" : 2174118.00
  }, {
    "date" : "2025-02-17",
    "price" : 923.30,
    "dma50" : 1112.73,
    "dma100" : null,
    "dma200" : 1157.41,
    "volume" : 1518457.00
  }, {
    "date" : "2025-02-18",
    "price" : 902.95,
    "dma50" : 1104.50,
    "dma100" : null,
    "dma200" : 1154.88,
    "volume" : 694891.00
  }, {
    "date" : "2025-02-19",
    "price" : 940.80,
    "dma50" : 1098.08,
    "dma100" : null,
    "dma200" : 1152.75,
    "volume" : 301335.00
  }, {
    "date" : "2025-02-20",
    "price" : 926.45,
    "dma50" : 1091.35,
    "dma100" : null,
    "dma200" : 1150.49,
    "volume" : 327946.00
  }, {
    "date" : "2025-02-21",
    "price" : 919.60,
    "dma50" : 1084.62,
    "dma100" : null,
    "dma200" : 1148.20,
    "volume" : 254823.00
  }, {
    "date" : "2025-02-24",
    "price" : 927.90,
    "dma50" : 1078.47,
    "dma100" : null,
    "dma200" : 1146.00,
    "volume" : 228493.00
  }, {
    "date" : "2025-02-25",
    "price" : 903.95,
    "dma50" : 1071.63,
    "dma100" : null,
    "dma200" : 1143.60,
    "volume" : 241197.00
  }, {
    "date" : "2025-02-27",
    "price" : 901.05,
    "dma50" : 1064.94,
    "dma100" : null,
    "dma200" : 1141.18,
    "volume" : 220887.00
  }, {
    "date" : "2025-02-28",
    "price" : 879.15,
    "dma50" : 1057.65,
    "dma100" : null,
    "dma200" : 1138.58,
    "volume" : 1068165.00
  }, {
    "date" : "2025-03-03",
    "price" : 840.55,
    "dma50" : 1049.14,
    "dma100" : null,
    "dma200" : 1135.61,
    "volume" : 389655.00
  }, {
    "date" : "2025-03-04",
    "price" : 843.95,
    "dma50" : 1041.09,
    "dma100" : null,
    "dma200" : 1132.71,
    "volume" : 465829.00
  }, {
    "date" : "2025-03-05",
    "price" : 898.40,
    "dma50" : 1035.49,
    "dma100" : null,
    "dma200" : 1130.38,
    "volume" : 945984.00
  }, {
    "date" : "2025-03-06",
    "price" : 917.05,
    "dma50" : 1030.85,
    "dma100" : null,
    "dma200" : 1128.25,
    "volume" : 2658825.00
  }, {
    "date" : "2025-03-07",
    "price" : 931.20,
    "dma50" : 1026.94,
    "dma100" : null,
    "dma200" : 1126.29,
    "volume" : 6972975.00
  }, {
    "date" : "2025-03-10",
    "price" : 907.90,
    "dma50" : 1022.27,
    "dma100" : null,
    "dma200" : 1124.12,
    "volume" : 464037.00
  }, {
    "date" : "2025-03-11",
    "price" : 875.40,
    "dma50" : 1016.51,
    "dma100" : null,
    "dma200" : 1121.65,
    "volume" : 468393.00
  }, {
    "date" : "2025-03-12",
    "price" : 878.45,
    "dma50" : 1011.10,
    "dma100" : null,
    "dma200" : 1119.23,
    "volume" : 327335.00
  }, {
    "date" : "2025-03-13",
    "price" : 856.65,
    "dma50" : 1005.04,
    "dma100" : null,
    "dma200" : 1116.61,
    "volume" : 258956.00
  }, {
    "date" : "2025-03-17",
    "price" : 873.70,
    "dma50" : 999.89,
    "dma100" : null,
    "dma200" : 1114.20,
    "volume" : 436034.00
  }, {
    "date" : "2025-03-18",
    "price" : 904.70,
    "dma50" : 996.16,
    "dma100" : null,
    "dma200" : 1112.11,
    "volume" : 522700.00
  }, {
    "date" : "2025-03-19",
    "price" : 924.55,
    "dma50" : 993.35,
    "dma100" : null,
    "dma200" : 1110.24,
    "volume" : 238128.00
  }, {
    "date" : "2025-03-20",
    "price" : 939.00,
    "dma50" : 991.22,
    "dma100" : null,
    "dma200" : 1108.54,
    "volume" : 452081.00
  }, {
    "date" : "2025-03-21",
    "price" : 973.55,
    "dma50" : 990.53,
    "dma100" : null,
    "dma200" : 1107.20,
    "volume" : 956348.00
  }, {
    "date" : "2025-03-24",
    "price" : 980.40,
    "dma50" : 990.13,
    "dma100" : null,
    "dma200" : 1105.94,
    "volume" : 437817.00
  }, {
    "date" : "2025-03-25",
    "price" : 1016.90,
    "dma50" : 991.18,
    "dma100" : null,
    "dma200" : 1105.05,
    "volume" : 1376514.00
  }, {
    "date" : "2025-03-26",
    "price" : 1008.80,
    "dma50" : 991.87,
    "dma100" : null,
    "dma200" : 1104.09,
    "volume" : 1430178.00
  }, {
    "date" : "2025-03-27",
    "price" : 982.90,
    "dma50" : 991.52,
    "dma100" : null,
    "dma200" : 1102.89,
    "volume" : 1163722.00
  }, {
    "date" : "2025-03-28",
    "price" : 974.50,
    "dma50" : 990.85,
    "dma100" : null,
    "dma200" : 1101.61,
    "volume" : 537647.00
  }, {
    "date" : "2025-04-01",
    "price" : 983.20,
    "dma50" : 990.55,
    "dma100" : null,
    "dma200" : 1100.43,
    "volume" : 190163.00
  }, {
    "date" : "2025-04-02",
    "price" : 971.10,
    "dma50" : 989.79,
    "dma100" : null,
    "dma200" : 1099.14,
    "volume" : 117243.00
  }, {
    "date" : "2025-04-03",
    "price" : 959.85,
    "dma50" : 988.61,
    "dma100" : null,
    "dma200" : 1097.76,
    "volume" : 186661.00
  }, {
    "date" : "2025-04-04",
    "price" : 931.50,
    "dma50" : 986.37,
    "dma100" : null,
    "dma200" : 1096.10,
    "volume" : 128994.00
  }, {
    "date" : "2025-04-07",
    "price" : 868.75,
    "dma50" : 981.76,
    "dma100" : null,
    "dma200" : 1093.84,
    "volume" : 238705.00
  }, {
    "date" : "2025-04-08",
    "price" : 876.85,
    "dma50" : 977.65,
    "dma100" : null,
    "dma200" : 1091.68,
    "volume" : 168692.00
  }, {
    "date" : "2025-04-09",
    "price" : 887.60,
    "dma50" : 974.12,
    "dma100" : null,
    "dma200" : 1089.65,
    "volume" : 175543.00
  }, {
    "date" : "2025-04-11",
    "price" : 896.30,
    "dma50" : 971.06,
    "dma100" : null,
    "dma200" : 1087.73,
    "volume" : 344486.00
  }, {
    "date" : "2025-04-15",
    "price" : 938.90,
    "dma50" : 969.80,
    "dma100" : null,
    "dma200" : 1086.25,
    "volume" : 1022300.00
  }, {
    "date" : "2025-04-16",
    "price" : 931.90,
    "dma50" : 968.32,
    "dma100" : null,
    "dma200" : 1084.71,
    "volume" : 197481.00
  }, {
    "date" : "2025-04-17",
    "price" : 934.25,
    "dma50" : 966.98,
    "dma100" : null,
    "dma200" : 1083.21,
    "volume" : 91875.00
  }, {
    "date" : "2025-04-21",
    "price" : 1011.30,
    "dma50" : 968.72,
    "dma100" : null,
    "dma200" : 1082.50,
    "volume" : 892038.00
  }, {
    "date" : "2025-04-22",
    "price" : 996.15,
    "dma50" : 969.79,
    "dma100" : null,
    "dma200" : 1081.64,
    "volume" : 368972.00
  }, {
    "date" : "2025-04-23",
    "price" : 988.70,
    "dma50" : 970.54,
    "dma100" : null,
    "dma200" : 1080.71,
    "volume" : 134846.00
  }, {
    "date" : "2025-04-24",
    "price" : 989.15,
    "dma50" : 971.27,
    "dma100" : null,
    "dma200" : 1079.80,
    "volume" : 179235.00
  }, {
    "date" : "2025-04-25",
    "price" : 945.00,
    "dma50" : 970.24,
    "dma100" : null,
    "dma200" : 1078.46,
    "volume" : 181431.00
  }, {
    "date" : "2025-04-28",
    "price" : 947.55,
    "dma50" : 969.35,
    "dma100" : null,
    "dma200" : 1077.16,
    "volume" : 166669.00
  }, {
    "date" : "2025-04-29",
    "price" : 966.60,
    "dma50" : 969.24,
    "dma100" : null,
    "dma200" : 1076.06,
    "volume" : 101551.00
  }, {
    "date" : "2025-04-30",
    "price" : 972.10,
    "dma50" : 969.35,
    "dma100" : null,
    "dma200" : 1075.02,
    "volume" : 182443.00
  }, {
    "date" : "2025-05-02",
    "price" : 966.95,
    "dma50" : 969.26,
    "dma100" : null,
    "dma200" : 1073.95,
    "volume" : 96799.00
  }, {
    "date" : "2025-05-05",
    "price" : 963.95,
    "dma50" : 969.05,
    "dma100" : null,
    "dma200" : 1072.86,
    "volume" : 94241.00
  }, {
    "date" : "2025-05-06",
    "price" : 922.50,
    "dma50" : 967.22,
    "dma100" : null,
    "dma200" : 1071.36,
    "volume" : 136897.00
  }, {
    "date" : "2025-05-07",
    "price" : 973.45,
    "dma50" : 967.47,
    "dma100" : null,
    "dma200" : 1070.38,
    "volume" : 215311.00
  }, {
    "date" : "2025-05-08",
    "price" : 946.90,
    "dma50" : 966.66,
    "dma100" : null,
    "dma200" : 1069.16,
    "volume" : 195095.00
  }, {
    "date" : "2025-05-09",
    "price" : 919.60,
    "dma50" : 964.82,
    "dma100" : null,
    "dma200" : 1067.67,
    "volume" : 176264.00
  }, {
    "date" : "2025-05-12",
    "price" : 979.30,
    "dma50" : 965.38,
    "dma100" : null,
    "dma200" : 1066.79,
    "volume" : 461708.00
  }, {
    "date" : "2025-05-13",
    "price" : 1003.50,
    "dma50" : 966.88,
    "dma100" : null,
    "dma200" : 1066.16,
    "volume" : 180098.00
  }, {
    "date" : "2025-05-14",
    "price" : 1019.35,
    "dma50" : 968.94,
    "dma100" : null,
    "dma200" : 1065.69,
    "volume" : 132602.00
  }, {
    "date" : "2025-05-15",
    "price" : 1061.40,
    "dma50" : 972.56,
    "dma100" : null,
    "dma200" : 1065.65,
    "volume" : 831589.00
  }, {
    "date" : "2025-05-16",
    "price" : 1093.80,
    "dma50" : 977.32,
    "dma100" : null,
    "dma200" : 1065.93,
    "volume" : 1173979.00
  }, {
    "date" : "2025-05-19",
    "price" : 1116.30,
    "dma50" : 982.77,
    "dma100" : null,
    "dma200" : 1066.43,
    "volume" : 490399.00
  }, {
    "date" : "2025-05-20",
    "price" : 1112.45,
    "dma50" : 987.85,
    "dma100" : null,
    "dma200" : 1066.89,
    "volume" : 260678.00
  }, {
    "date" : "2025-05-21",
    "price" : 1086.05,
    "dma50" : 991.70,
    "dma100" : null,
    "dma200" : 1067.08,
    "volume" : 215079.00
  }, {
    "date" : "2025-05-22",
    "price" : 1104.00,
    "dma50" : 996.11,
    "dma100" : null,
    "dma200" : 1067.45,
    "volume" : 808120.00
  }, {
    "date" : "2025-05-23",
    "price" : 1106.50,
    "dma50" : 1000.44,
    "dma100" : null,
    "dma200" : 1067.84,
    "volume" : 234283.00
  }, {
    "date" : "2025-05-26",
    "price" : 1117.75,
    "dma50" : 1005.04,
    "dma100" : null,
    "dma200" : 1068.33,
    "volume" : 784891.00
  }, {
    "date" : "2025-05-27",
    "price" : 1116.75,
    "dma50" : 1009.42,
    "dma100" : null,
    "dma200" : 1068.81,
    "volume" : 147871.00
  }, {
    "date" : "2025-05-28",
    "price" : 1126.65,
    "dma50" : 1014.01,
    "dma100" : null,
    "dma200" : 1069.39,
    "volume" : 110841.00
  }, {
    "date" : "2025-05-29",
    "price" : 1116.95,
    "dma50" : 1018.05,
    "dma100" : null,
    "dma200" : 1069.86,
    "volume" : 85502.00
  }, {
    "date" : "2025-05-30",
    "price" : 1138.75,
    "dma50" : 1022.78,
    "dma100" : null,
    "dma200" : 1070.55,
    "volume" : 379294.00
  }, {
    "date" : "2025-06-02",
    "price" : 1150.50,
    "dma50" : 1027.79,
    "dma100" : null,
    "dma200" : 1071.34,
    "volume" : 133488.00
  }, {
    "date" : "2025-06-03",
    "price" : 1178.60,
    "dma50" : 1033.71,
    "dma100" : null,
    "dma200" : 1072.41,
    "volume" : 403182.00
  }, {
    "date" : "2025-06-04",
    "price" : 1169.90,
    "dma50" : 1039.05,
    "dma100" : null,
    "dma200" : 1073.38,
    "volume" : 133794.00
  }, {
    "date" : "2025-06-05",
    "price" : 1149.80,
    "dma50" : 1043.39,
    "dma100" : null,
    "dma200" : 1074.14,
    "volume" : 216270.00
  }, {
    "date" : "2025-06-06",
    "price" : 1149.80,
    "dma50" : 1047.56,
    "dma100" : null,
    "dma200" : 1074.89,
    "volume" : 431050.00
  }, {
    "date" : "2025-06-09",
    "price" : 1187.60,
    "dma50" : 1053.06,
    "dma100" : null,
    "dma200" : 1076.02,
    "volume" : 1867917.00
  }, {
    "date" : "2025-06-10",
    "price" : 1169.40,
    "dma50" : 1057.62,
    "dma100" : null,
    "dma200" : 1076.95,
    "volume" : 177416.00
  }, {
    "date" : "2025-06-11",
    "price" : 1179.00,
    "dma50" : 1062.38,
    "dma100" : null,
    "dma200" : 1077.96,
    "volume" : 179515.00
  }, {
    "date" : "2025-06-12",
    "price" : 1166.20,
    "dma50" : 1066.45,
    "dma100" : null,
    "dma200" : 1078.84,
    "volume" : 140798.00
  }, {
    "date" : "2025-06-13",
    "price" : 1161.10,
    "dma50" : 1070.16,
    "dma100" : null,
    "dma200" : 1079.66,
    "volume" : 167069.00
  }, {
    "date" : "2025-06-16",
    "price" : 1175.60,
    "dma50" : 1074.30,
    "dma100" : null,
    "dma200" : 1080.61,
    "volume" : 121079.00
  }, {
    "date" : "2025-06-17",
    "price" : 1203.60,
    "dma50" : 1079.37,
    "dma100" : 1003.87,
    "dma200" : 1081.84,
    "volume" : 458800.00
  }, {
    "date" : "2025-06-18",
    "price" : 1201.20,
    "dma50" : 1084.14,
    "dma100" : 1004.63,
    "dma200" : 1083.02,
    "volume" : 100266.00
  }, {
    "date" : "2025-06-19",
    "price" : 1192.20,
    "dma50" : 1088.38,
    "dma100" : 1005.44,
    "dma200" : 1084.11,
    "volume" : 274300.00
  }, {
    "date" : "2025-06-20",
    "price" : 1160.20,
    "dma50" : 1091.20,
    "dma100" : 1005.98,
    "dma200" : 1084.87,
    "volume" : 250828.00
  }, {
    "date" : "2025-06-23",
    "price" : 1189.00,
    "dma50" : 1095.03,
    "dma100" : 1007.32,
    "dma200" : 1085.90,
    "volume" : 166233.00
  }, {
    "date" : "2025-06-24",
    "price" : 1180.70,
    "dma50" : 1098.39,
    "dma100" : 1008.92,
    "dma200" : 1086.85,
    "volume" : 174129.00
  }, {
    "date" : "2025-06-25",
    "price" : 1230.00,
    "dma50" : 1103.55,
    "dma100" : 1011.06,
    "dma200" : 1088.27,
    "volume" : 775388.00
  }, {
    "date" : "2025-06-26",
    "price" : 1226.00,
    "dma50" : 1108.36,
    "dma100" : 1012.84,
    "dma200" : 1089.64,
    "volume" : 214327.00
  }, {
    "date" : "2025-06-27",
    "price" : 1227.00,
    "dma50" : 1113.01,
    "dma100" : 1014.83,
    "dma200" : 1091.01,
    "volume" : 180529.00
  }, {
    "date" : "2025-06-30",
    "price" : 1227.20,
    "dma50" : 1117.49,
    "dma100" : 1016.51,
    "dma200" : 1092.36,
    "volume" : 192979.00
  }, {
    "date" : "2025-07-01",
    "price" : 1202.80,
    "dma50" : 1120.83,
    "dma100" : 1018.26,
    "dma200" : 1093.46,
    "volume" : 1252187.00
  }, {
    "date" : "2025-07-02",
    "price" : 1195.90,
    "dma50" : 1123.78,
    "dma100" : 1020.22,
    "dma200" : 1094.48,
    "volume" : 107176.00
  }, {
    "date" : "2025-07-03",
    "price" : 1198.00,
    "dma50" : 1126.69,
    "dma100" : 1022.01,
    "dma200" : 1095.51,
    "volume" : 132510.00
  }, {
    "date" : "2025-07-04",
    "price" : 1192.90,
    "dma50" : 1129.28,
    "dma100" : 1023.53,
    "dma200" : 1096.48,
    "volume" : 54577.00
  }, {
    "date" : "2025-07-07",
    "price" : 1179.00,
    "dma50" : 1131.23,
    "dma100" : 1024.81,
    "dma200" : 1097.30,
    "volume" : 104155.00
  }, {
    "date" : "2025-07-08",
    "price" : 1189.50,
    "dma50" : 1133.52,
    "dma100" : 1026.30,
    "dma200" : 1098.22,
    "volume" : 124333.00
  }, {
    "date" : "2025-07-09",
    "price" : 1200.30,
    "dma50" : 1136.14,
    "dma100" : 1027.94,
    "dma200" : 1099.23,
    "volume" : 94609.00
  }, {
    "date" : "2025-07-10",
    "price" : 1199.20,
    "dma50" : 1138.61,
    "dma100" : 1030.02,
    "dma200" : 1100.23,
    "volume" : 650496.00
  }, {
    "date" : "2025-07-11",
    "price" : 1191.70,
    "dma50" : 1140.69,
    "dma100" : 1032.29,
    "dma200" : 1101.14,
    "volume" : 511601.00
  }, {
    "date" : "2025-07-14",
    "price" : 1198.80,
    "dma50" : 1142.97,
    "dma100" : 1034.46,
    "dma200" : 1102.11,
    "volume" : 87684.00
  }, {
    "date" : "2025-07-15",
    "price" : 1215.90,
    "dma50" : 1145.83,
    "dma100" : 1037.82,
    "dma200" : 1103.24,
    "volume" : 131861.00
  }, {
    "date" : "2025-07-16",
    "price" : 1197.30,
    "dma50" : 1147.85,
    "dma100" : 1040.56,
    "dma200" : 1104.18,
    "volume" : 110751.00
  }, {
    "date" : "2025-07-17",
    "price" : 1190.20,
    "dma50" : 1149.51,
    "dma100" : 1043.43,
    "dma200" : 1105.04,
    "volume" : 893758.00
  }, {
    "date" : "2025-07-18",
    "price" : 1196.00,
    "dma50" : 1151.33,
    "dma100" : 1045.98,
    "dma200" : 1105.94,
    "volume" : 102996.00
  }, {
    "date" : "2025-07-21",
    "price" : 1185.20,
    "dma50" : 1152.66,
    "dma100" : 1048.57,
    "dma200" : 1106.73,
    "volume" : 136435.00
  }, {
    "date" : "2025-07-22",
    "price" : 1186.00,
    "dma50" : 1153.97,
    "dma100" : 1051.23,
    "dma200" : 1107.52,
    "volume" : 170647.00
  }, {
    "date" : "2025-07-23",
    "price" : 1197.80,
    "dma50" : 1155.69,
    "dma100" : 1053.93,
    "dma200" : 1108.42,
    "volume" : 133482.00
  }, {
    "date" : "2025-07-24",
    "price" : 1194.60,
    "dma50" : 1157.21,
    "dma100" : 1056.84,
    "dma200" : 1109.27,
    "volume" : 119462.00
  }, {
    "date" : "2025-07-25",
    "price" : 1152.00,
    "dma50" : 1157.01,
    "dma100" : 1059.35,
    "dma200" : 1109.70,
    "volume" : 162921.00
  }, {
    "date" : "2025-07-28",
    "price" : 1139.70,
    "dma50" : 1156.33,
    "dma100" : 1061.96,
    "dma200" : 1110.00,
    "volume" : 115234.00
  }, {
    "date" : "2025-07-29",
    "price" : 1132.40,
    "dma50" : 1155.39,
    "dma100" : 1064.87,
    "dma200" : 1110.22,
    "volume" : 162432.00
  }, {
    "date" : "2025-07-30",
    "price" : 1123.90,
    "dma50" : 1154.16,
    "dma100" : 1067.67,
    "dma200" : 1110.36,
    "volume" : 210311.00
  }, {
    "date" : "2025-07-31",
    "price" : 1147.40,
    "dma50" : 1153.89,
    "dma100" : 1070.16,
    "dma200" : 1110.72,
    "volume" : 425607.00
  }, {
    "date" : "2025-08-01",
    "price" : 1121.20,
    "dma50" : 1152.61,
    "dma100" : 1072.20,
    "dma200" : 1110.83,
    "volume" : 108257.00
  }, {
    "date" : "2025-08-04",
    "price" : 1124.80,
    "dma50" : 1151.52,
    "dma100" : 1074.14,
    "dma200" : 1110.97,
    "volume" : 70209.00
  }, {
    "date" : "2025-08-05",
    "price" : 1130.90,
    "dma50" : 1150.71,
    "dma100" : 1076.37,
    "dma200" : 1111.17,
    "volume" : 121773.00
  }, {
    "date" : "2025-08-06",
    "price" : 1115.80,
    "dma50" : 1149.34,
    "dma100" : 1078.77,
    "dma200" : 1111.21,
    "volume" : 121221.00
  }, {
    "date" : "2025-08-07",
    "price" : 1112.90,
    "dma50" : 1147.91,
    "dma100" : 1081.12,
    "dma200" : 1111.23,
    "volume" : 188046.00
  }, {
    "date" : "2025-08-08",
    "price" : 1183.60,
    "dma50" : 1149.31,
    "dma100" : 1084.39,
    "dma200" : 1111.95,
    "volume" : 6350392.00
  }, {
    "date" : "2025-08-11",
    "price" : 1237.80,
    "dma50" : 1152.78,
    "dma100" : 1088.03,
    "dma200" : 1113.20,
    "volume" : 1901271.00
  }, {
    "date" : "2025-08-12",
    "price" : 1228.40,
    "dma50" : 1155.75,
    "dma100" : 1091.27,
    "dma200" : 1114.35,
    "volume" : 851094.00
  }, {
    "date" : "2025-08-13",
    "price" : 1233.40,
    "dma50" : 1158.79,
    "dma100" : 1094.36,
    "dma200" : 1115.53,
    "volume" : 310675.00
  }, {
    "date" : "2025-08-14",
    "price" : 1232.10,
    "dma50" : 1161.67,
    "dma100" : 1097.29,
    "dma200" : 1116.69,
    "volume" : 179182.00
  }, {
    "date" : "2025-08-18",
    "price" : 1273.30,
    "dma50" : 1166.05,
    "dma100" : 1100.28,
    "dma200" : 1118.25,
    "volume" : 396084.00
  }, {
    "date" : "2025-08-19",
    "price" : 1274.80,
    "dma50" : 1170.31,
    "dma100" : 1103.23,
    "dma200" : 1119.81,
    "volume" : 188768.00
  }, {
    "date" : "2025-08-20",
    "price" : 1278.20,
    "dma50" : 1174.54,
    "dma100" : 1105.84,
    "dma200" : 1121.38,
    "volume" : 117422.00
  }, {
    "date" : "2025-08-21",
    "price" : 1295.20,
    "dma50" : 1179.27,
    "dma100" : 1108.70,
    "dma200" : 1123.11,
    "volume" : 260696.00
  }, {
    "date" : "2025-08-22",
    "price" : 1300.10,
    "dma50" : 1184.01,
    "dma100" : 1111.88,
    "dma200" : 1124.88,
    "volume" : 127331.00
  }, {
    "date" : "2025-08-25",
    "price" : 1288.20,
    "dma50" : 1188.10,
    "dma100" : 1115.01,
    "dma200" : 1126.50,
    "volume" : 177005.00
  }, {
    "date" : "2025-08-26",
    "price" : 1263.20,
    "dma50" : 1191.04,
    "dma100" : 1117.81,
    "dma200" : 1127.86,
    "volume" : 224676.00
  }, {
    "date" : "2025-08-28",
    "price" : 1269.30,
    "dma50" : 1194.11,
    "dma100" : 1120.80,
    "dma200" : 1129.27,
    "volume" : 162981.00
  }, {
    "date" : "2025-08-29",
    "price" : 1249.00,
    "dma50" : 1196.26,
    "dma100" : 1123.69,
    "dma200" : 1130.46,
    "volume" : 103383.00
  }, {
    "date" : "2025-09-01",
    "price" : 1239.80,
    "dma50" : 1197.97,
    "dma100" : 1126.77,
    "dma200" : 1131.55,
    "volume" : 253084.00
  }, {
    "date" : "2025-09-02",
    "price" : 1223.50,
    "dma50" : 1198.97,
    "dma100" : 1130.32,
    "dma200" : 1132.46,
    "volume" : 312404.00
  }, {
    "date" : "2025-09-03",
    "price" : 1272.40,
    "dma50" : 1201.85,
    "dma100" : 1134.27,
    "dma200" : 1133.85,
    "volume" : 260672.00
  }, {
    "date" : "2025-09-04",
    "price" : 1261.40,
    "dma50" : 1204.19,
    "dma100" : 1138.01,
    "dma200" : 1135.12,
    "volume" : 88021.00
  }, {
    "date" : "2025-09-05",
    "price" : 1264.30,
    "dma50" : 1206.54,
    "dma100" : 1141.69,
    "dma200" : 1136.41,
    "volume" : 149488.00
  }, {
    "date" : "2025-09-08",
    "price" : 1263.40,
    "dma50" : 1208.77,
    "dma100" : 1144.94,
    "dma200" : 1137.67,
    "volume" : 71225.00
  }, {
    "date" : "2025-09-09",
    "price" : 1270.60,
    "dma50" : 1211.20,
    "dma100" : 1148.32,
    "dma200" : 1139.00,
    "volume" : 101423.00
  }, {
    "date" : "2025-09-10",
    "price" : 1260.00,
    "dma50" : 1213.11,
    "dma100" : 1151.58,
    "dma200" : 1140.20,
    "volume" : 838619.00
  }, {
    "date" : "2025-09-11",
    "price" : 1292.90,
    "dma50" : 1216.24,
    "dma100" : 1154.40,
    "dma200" : 1141.72,
    "volume" : 315634.00
  }, {
    "date" : "2025-09-12",
    "price" : 1293.80,
    "dma50" : 1219.28,
    "dma100" : 1157.37,
    "dma200" : 1143.23,
    "volume" : 240562.00
  }, {
    "date" : "2025-09-15",
    "price" : 1301.20,
    "dma50" : 1222.50,
    "dma100" : 1160.50,
    "dma200" : 1144.80,
    "volume" : 107238.00
  }, {
    "date" : "2025-09-16",
    "price" : 1284.00,
    "dma50" : 1224.91,
    "dma100" : 1163.45,
    "dma200" : 1146.19,
    "volume" : 171028.00
  }, {
    "date" : "2025-09-17",
    "price" : 1271.20,
    "dma50" : 1226.72,
    "dma100" : 1166.71,
    "dma200" : 1147.43,
    "volume" : 178638.00
  }, {
    "date" : "2025-09-18",
    "price" : 1266.20,
    "dma50" : 1228.27,
    "dma100" : 1169.90,
    "dma200" : 1148.61,
    "volume" : 61081.00
  }, {
    "date" : "2025-09-19",
    "price" : 1269.00,
    "dma50" : 1229.87,
    "dma100" : 1172.92,
    "dma200" : 1149.81,
    "volume" : 160672.00
  }, {
    "date" : "2025-09-22",
    "price" : 1242.70,
    "dma50" : 1230.37,
    "dma100" : 1175.63,
    "dma200" : 1150.74,
    "volume" : 93974.00
  }, {
    "date" : "2025-09-23",
    "price" : 1251.40,
    "dma50" : 1231.20,
    "dma100" : 1178.47,
    "dma200" : 1151.74,
    "volume" : 78924.00
  }, {
    "date" : "2025-09-24",
    "price" : 1261.00,
    "dma50" : 1232.36,
    "dma100" : 1181.44,
    "dma200" : 1152.83,
    "volume" : 121389.00
  }, {
    "date" : "2025-09-25",
    "price" : 1255.10,
    "dma50" : 1233.26,
    "dma100" : 1184.77,
    "dma200" : 1153.84,
    "volume" : 115188.00
  }, {
    "date" : "2025-09-26",
    "price" : 1241.30,
    "dma50" : 1233.57,
    "dma100" : 1187.44,
    "dma200" : 1154.71,
    "volume" : 173328.00
  }, {
    "date" : "2025-09-29",
    "price" : 1226.80,
    "dma50" : 1233.31,
    "dma100" : 1190.24,
    "dma200" : 1155.43,
    "volume" : 142697.00
  }, {
    "date" : "2025-09-30",
    "price" : 1254.80,
    "dma50" : 1234.15,
    "dma100" : 1193.60,
    "dma200" : 1156.42,
    "volume" : 91653.00
  }, {
    "date" : "2025-10-01",
    "price" : 1244.30,
    "dma50" : 1234.55,
    "dma100" : 1196.25,
    "dma200" : 1157.29,
    "volume" : 77436.00
  }, {
    "date" : "2025-10-03",
    "price" : 1248.90,
    "dma50" : 1235.11,
    "dma100" : 1198.70,
    "dma200" : 1158.21,
    "volume" : 67681.00
  }, {
    "date" : "2025-10-06",
    "price" : 1252.10,
    "dma50" : 1235.78,
    "dma100" : 1201.03,
    "dma200" : 1159.14,
    "volume" : 48923.00
  }, {
    "date" : "2025-10-07",
    "price" : 1272.80,
    "dma50" : 1237.23,
    "dma100" : 1203.14,
    "dma200" : 1160.27,
    "volume" : 101797.00
  }, {
    "date" : "2025-10-08",
    "price" : 1244.40,
    "dma50" : 1237.51,
    "dma100" : 1204.65,
    "dma200" : 1161.11,
    "volume" : 78733.00
  }, {
    "date" : "2025-10-09",
    "price" : 1253.70,
    "dma50" : 1238.14,
    "dma100" : 1206.02,
    "dma200" : 1162.03,
    "volume" : 55855.00
  }, {
    "date" : "2025-10-10",
    "price" : 1249.80,
    "dma50" : 1238.60,
    "dma100" : 1207.39,
    "dma200" : 1162.90,
    "volume" : 54232.00
  }, {
    "date" : "2025-10-13",
    "price" : 1259.00,
    "dma50" : 1239.40,
    "dma100" : 1209.12,
    "dma200" : 1163.86,
    "volume" : 58320.00
  }, {
    "date" : "2025-10-14",
    "price" : 1272.40,
    "dma50" : 1240.70,
    "dma100" : 1210.81,
    "dma200" : 1164.94,
    "volume" : 165151.00
  }, {
    "date" : "2025-10-15",
    "price" : 1252.80,
    "dma50" : 1241.17,
    "dma100" : 1212.27,
    "dma200" : 1165.81,
    "volume" : 143133.00
  }, {
    "date" : "2025-10-16",
    "price" : 1279.00,
    "dma50" : 1242.65,
    "dma100" : 1213.88,
    "dma200" : 1166.94,
    "volume" : 175196.00
  }, {
    "date" : "2025-10-17",
    "price" : 1269.70,
    "dma50" : 1243.71,
    "dma100" : 1215.41,
    "dma200" : 1167.96,
    "volume" : 100018.00
  }, {
    "date" : "2025-10-20",
    "price" : 1262.60,
    "dma50" : 1244.45,
    "dma100" : 1216.77,
    "dma200" : 1168.90,
    "volume" : 160058.00
  }, {
    "date" : "2025-10-21",
    "price" : 1268.60,
    "dma50" : 1245.40,
    "dma100" : 1218.29,
    "dma200" : 1169.90,
    "volume" : 10263.00
  }, {
    "date" : "2025-10-23",
    "price" : 1261.70,
    "dma50" : 1246.04,
    "dma100" : 1219.52,
    "dma200" : 1170.81,
    "volume" : 232926.00
  }, {
    "date" : "2025-10-24",
    "price" : 1250.80,
    "dma50" : 1246.23,
    "dma100" : 1220.52,
    "dma200" : 1171.60,
    "volume" : 117083.00
  }, {
    "date" : "2025-10-27",
    "price" : 1234.00,
    "dma50" : 1245.75,
    "dma100" : 1221.08,
    "dma200" : 1172.23,
    "volume" : 417977.00
  }, {
    "date" : "2025-10-28",
    "price" : 1269.30,
    "dma50" : 1246.67,
    "dma100" : 1222.07,
    "dma200" : 1173.19,
    "volume" : 539723.00
  }, {
    "date" : "2025-10-29",
    "price" : 1258.80,
    "dma50" : 1247.15,
    "dma100" : 1223.16,
    "dma200" : 1174.04,
    "volume" : 113574.00
  }, {
    "date" : "2025-10-30",
    "price" : 1262.40,
    "dma50" : 1247.75,
    "dma100" : 1224.29,
    "dma200" : 1174.92,
    "volume" : 129873.00
  }, {
    "date" : "2025-10-31",
    "price" : 1256.40,
    "dma50" : 1248.08,
    "dma100" : 1224.97,
    "dma200" : 1175.73,
    "volume" : 602887.00
  }, {
    "date" : "2025-11-03",
    "price" : 1273.30,
    "dma50" : 1249.07,
    "dma100" : 1226.01,
    "dma200" : 1176.70,
    "volume" : 386512.00
  }, {
    "date" : "2025-11-04",
    "price" : 1314.50,
    "dma50" : 1251.64,
    "dma100" : 1227.37,
    "dma200" : 1178.07,
    "volume" : 1003053.00
  }, {
    "date" : "2025-11-06",
    "price" : 1304.40,
    "dma50" : 1253.71,
    "dma100" : 1228.75,
    "dma200" : 1179.33,
    "volume" : 317144.00
  }, {
    "date" : "2025-11-07",
    "price" : 1295.90,
    "dma50" : 1255.36,
    "dma100" : 1230.10,
    "dma200" : 1180.49,
    "volume" : 194362.00
  }, {
    "date" : "2025-11-10",
    "price" : 1276.00,
    "dma50" : 1256.17,
    "dma100" : 1231.10,
    "dma200" : 1181.44,
    "volume" : 127744.00
  }, {
    "date" : "2025-11-11",
    "price" : 1252.70,
    "dma50" : 1256.04,
    "dma100" : 1231.59,
    "dma200" : 1182.15,
    "volume" : 175703.00
  }, {
    "date" : "2025-11-12",
    "price" : 1263.20,
    "dma50" : 1256.32,
    "dma100" : 1232.21,
    "dma200" : 1182.96,
    "volume" : 104583.00
  }, {
    "date" : "2025-11-13",
    "price" : 1240.20,
    "dma50" : 1255.68,
    "dma100" : 1232.69,
    "dma200" : 1183.53,
    "volume" : 168118.00
  }, {
    "date" : "2025-11-14",
    "price" : 1253.20,
    "dma50" : 1255.59,
    "dma100" : 1233.62,
    "dma200" : 1184.22,
    "volume" : 211276.00
  }, {
    "date" : "2025-11-17",
    "price" : 1251.50,
    "dma50" : 1255.43,
    "dma100" : 1234.25,
    "dma200" : 1184.89,
    "volume" : 103193.00
  }, {
    "date" : "2025-11-18",
    "price" : 1213.70,
    "dma50" : 1253.79,
    "dma100" : 1234.58,
    "dma200" : 1185.18,
    "volume" : 134162.00
  }, {
    "date" : "2025-11-19",
    "price" : 1233.50,
    "dma50" : 1253.00,
    "dma100" : 1234.61,
    "dma200" : 1185.66,
    "volume" : 517422.00
  }, {
    "date" : "2025-11-20",
    "price" : 1230.70,
    "dma50" : 1252.12,
    "dma100" : 1234.66,
    "dma200" : 1186.11,
    "volume" : 149211.00
  }, {
    "date" : "2025-11-21",
    "price" : 1229.40,
    "dma50" : 1251.23,
    "dma100" : 1234.68,
    "dma200" : 1186.54,
    "volume" : 97246.00
  }, {
    "date" : "2025-11-24",
    "price" : 1199.60,
    "dma50" : 1249.21,
    "dma100" : 1234.41,
    "dma200" : 1186.67,
    "volume" : 239988.00
  }, {
    "date" : "2025-11-25",
    "price" : 1226.40,
    "dma50" : 1248.31,
    "dma100" : 1234.64,
    "dma200" : 1187.06,
    "volume" : 128852.00
  }, {
    "date" : "2025-11-26",
    "price" : 1225.00,
    "dma50" : 1247.40,
    "dma100" : 1234.93,
    "dma200" : 1187.44,
    "volume" : 69312.00
  }, {
    "date" : "2025-11-27",
    "price" : 1208.80,
    "dma50" : 1245.88,
    "dma100" : 1235.04,
    "dma200" : 1187.65,
    "volume" : 103004.00
  }, {
    "date" : "2025-11-28",
    "price" : 1199.70,
    "dma50" : 1244.07,
    "dma100" : 1235.11,
    "dma200" : 1187.77,
    "volume" : 53890.00
  }, {
    "date" : "2025-12-01",
    "price" : 1181.20,
    "dma50" : 1241.61,
    "dma100" : 1235.13,
    "dma200" : 1187.71,
    "volume" : 102160.00
  }, {
    "date" : "2025-12-02",
    "price" : 1189.50,
    "dma50" : 1239.56,
    "dma100" : 1235.13,
    "dma200" : 1187.72,
    "volume" : 90689.00
  }, {
    "date" : "2025-12-03",
    "price" : 1185.80,
    "dma50" : 1237.45,
    "dma100" : 1234.99,
    "dma200" : 1187.70,
    "volume" : 330887.00
  }, {
    "date" : "2025-12-04",
    "price" : 1169.20,
    "dma50" : 1234.78,
    "dma100" : 1234.69,
    "dma200" : 1187.52,
    "volume" : 177225.00
  }, {
    "date" : "2025-12-05",
    "price" : 1165.40,
    "dma50" : 1232.06,
    "dma100" : 1234.42,
    "dma200" : 1187.30,
    "volume" : 254212.00
  }, {
    "date" : "2025-12-08",
    "price" : 1154.40,
    "dma50" : 1229.01,
    "dma100" : 1233.98,
    "dma200" : 1186.97,
    "volume" : 257177.00
  }, {
    "date" : "2025-12-09",
    "price" : 1172.90,
    "dma50" : 1226.81,
    "dma100" : 1233.55,
    "dma200" : 1186.83,
    "volume" : 198512.00
  }, {
    "date" : "2025-12-10",
    "price" : 1168.90,
    "dma50" : 1224.54,
    "dma100" : 1233.27,
    "dma200" : 1186.65,
    "volume" : 271740.00
  }, {
    "date" : "2025-12-11",
    "price" : 1168.90,
    "dma50" : 1222.36,
    "dma100" : 1233.05,
    "dma200" : 1186.48,
    "volume" : 89329.00
  }, {
    "date" : "2025-12-12",
    "price" : 1172.70,
    "dma50" : 1220.41,
    "dma100" : 1232.82,
    "dma200" : 1186.34,
    "volume" : 59974.00
  }, {
    "date" : "2025-12-15",
    "price" : 1176.40,
    "dma50" : 1218.69,
    "dma100" : 1232.73,
    "dma200" : 1186.24,
    "volume" : 78342.00
  }, {
    "date" : "2025-12-16",
    "price" : 1157.70,
    "dma50" : 1216.29,
    "dma100" : 1232.45,
    "dma200" : 1185.96,
    "volume" : 112230.00
  }, {
    "date" : "2025-12-17",
    "price" : 1160.90,
    "dma50" : 1214.12,
    "dma100" : 1232.08,
    "dma200" : 1185.71,
    "volume" : 140599.00
  }, {
    "date" : "2025-12-18",
    "price" : 1120.20,
    "dma50" : 1210.44,
    "dma100" : 1231.34,
    "dma200" : 1185.06,
    "volume" : 156003.00
  }, {
    "date" : "2025-12-19",
    "price" : 1151.20,
    "dma50" : 1208.12,
    "dma100" : 1231.33,
    "dma200" : 1184.72,
    "volume" : 164317.00
  }, {
    "date" : "2025-12-22",
    "price" : 1166.50,
    "dma50" : 1206.48,
    "dma100" : 1231.60,
    "dma200" : 1184.54,
    "volume" : 250600.00
  }, {
    "date" : "2025-12-23",
    "price" : 1172.90,
    "dma50" : 1205.17,
    "dma100" : 1232.00,
    "dma200" : 1184.42,
    "volume" : 99163.00
  }, {
    "date" : "2025-12-24",
    "price" : 1200.30,
    "dma50" : 1204.98,
    "dma100" : 1232.77,
    "dma200" : 1184.58,
    "volume" : 283166.00
  }, {
    "date" : "2025-12-26",
    "price" : 1196.10,
    "dma50" : 1204.63,
    "dma100" : 1233.25,
    "dma200" : 1184.70,
    "volume" : 55380.00
  }, {
    "date" : "2025-12-29",
    "price" : 1194.80,
    "dma50" : 1204.24,
    "dma100" : 1233.99,
    "dma200" : 1184.80,
    "volume" : 143805.00
  }, {
    "date" : "2025-12-30",
    "price" : 1162.80,
    "dma50" : 1202.62,
    "dma100" : 1234.37,
    "dma200" : 1184.58,
    "volume" : 61697.00
  }, {
    "date" : "2025-12-31",
    "price" : 1202.40,
    "dma50" : 1202.61,
    "dma100" : 1235.08,
    "dma200" : 1184.75,
    "volume" : 117347.00
  }, {
    "date" : "2026-01-01",
    "price" : 1202.20,
    "dma50" : 1202.59,
    "dma100" : 1235.95,
    "dma200" : 1184.93,
    "volume" : 190550.00
  }, {
    "date" : "2026-01-02",
    "price" : 1196.80,
    "dma50" : 1202.36,
    "dma100" : 1236.79,
    "dma200" : 1185.05,
    "volume" : 60011.00
  }, {
    "date" : "2026-01-05",
    "price" : 1199.50,
    "dma50" : 1202.25,
    "dma100" : 1236.95,
    "dma200" : 1185.19,
    "volume" : 116877.00
  }, {
    "date" : "2026-01-06",
    "price" : 1194.50,
    "dma50" : 1201.95,
    "dma100" : 1236.51,
    "dma200" : 1185.28,
    "volume" : 78502.00
  }, {
    "date" : "2026-01-07",
    "price" : 1173.70,
    "dma50" : 1200.84,
    "dma100" : 1235.97,
    "dma200" : 1185.17,
    "volume" : 92466.00
  }, {
    "date" : "2026-01-08",
    "price" : 1136.60,
    "dma50" : 1198.32,
    "dma100" : 1235.00,
    "dma200" : 1184.68,
    "volume" : 81657.00
  }, {
    "date" : "2026-01-09",
    "price" : 1115.60,
    "dma50" : 1195.08,
    "dma100" : 1233.83,
    "dma200" : 1184.00,
    "volume" : 131604.00
  }, {
    "date" : "2026-01-12",
    "price" : 1120.80,
    "dma50" : 1192.16,
    "dma100" : 1232.31,
    "dma200" : 1183.37,
    "volume" : 142597.00
  }, {
    "date" : "2026-01-13",
    "price" : 1127.70,
    "dma50" : 1189.64,
    "dma100" : 1230.84,
    "dma200" : 1182.81,
    "volume" : 57172.00
  }, {
    "date" : "2026-01-14",
    "price" : 1136.80,
    "dma50" : 1187.56,
    "dma100" : 1229.42,
    "dma200" : 1182.36,
    "volume" : 90221.00
  }, {
    "date" : "2026-01-16",
    "price" : 1149.10,
    "dma50" : 1186.06,
    "dma100" : 1227.96,
    "dma200" : 1182.03,
    "volume" : 170204.00
  }, {
    "date" : "2026-01-19",
    "price" : 1118.10,
    "dma50" : 1183.39,
    "dma100" : 1226.14,
    "dma200" : 1181.39,
    "volume" : 63825.00
  } ],
  "latestTechnicalAttributes" : {
    "date" : "2026-01-19",
    "price" : 1118.10,
    "dma50" : 1183.39,
    "dma100" : 1226.14,
    "dma200" : 1181.39,
    "volume" : 63825.00
  },
  "quarterlyResults" : [ {
    "date" : "2005-03-31",
    "sales" : 172.29,
    "salesGrowthYoY" : null,
    "grossProfitMargin" : 47.62,
    "grossProfit" : 82.04,
    "operatingProfitMargin" : 13.47,
    "operatingProfit" : 23.21,
    "netProfitMargin" : 7.05,
    "netProfit" : 12.15
  }, {
    "date" : "2005-06-30",
    "sales" : 131.73,
    "salesGrowthYoY" : null,
    "grossProfitMargin" : 48.24,
    "grossProfit" : 63.55,
    "operatingProfitMargin" : 12.59,
    "operatingProfit" : 16.58,
    "netProfitMargin" : 7.18,
    "netProfit" : 9.46
  }, {
    "date" : "2005-09-30",
    "sales" : 134.40,
    "salesGrowthYoY" : null,
    "grossProfitMargin" : 37.62,
    "grossProfit" : 50.56,
    "operatingProfitMargin" : 13.50,
    "operatingProfit" : 18.14,
    "netProfitMargin" : 7.11,
    "netProfit" : 9.56
  }, {
    "date" : "2005-12-31",
    "sales" : 212.87,
    "salesGrowthYoY" : null,
    "grossProfitMargin" : 46.31,
    "grossProfit" : 98.58,
    "operatingProfitMargin" : 13.90,
    "operatingProfit" : 29.59,
    "netProfitMargin" : 7.61,
    "netProfit" : 16.20
  }, {
    "date" : "2006-03-31",
    "sales" : 361.38,
    "salesGrowthYoY" : 109.75,
    "grossProfitMargin" : 46.78,
    "grossProfit" : 169.05,
    "operatingProfitMargin" : 13.86,
    "operatingProfit" : 50.09,
    "netProfitMargin" : 8.66,
    "netProfit" : 31.30
  }, {
    "date" : "2006-06-30",
    "sales" : 302.56,
    "salesGrowthYoY" : 129.68,
    "grossProfitMargin" : 52.78,
    "grossProfit" : 159.69,
    "operatingProfitMargin" : 16.03,
    "operatingProfit" : 48.50,
    "netProfitMargin" : 9.59,
    "netProfit" : 29.02
  }, {
    "date" : "2006-09-30",
    "sales" : 306.61,
    "salesGrowthYoY" : 128.13,
    "grossProfitMargin" : 43.97,
    "grossProfit" : 134.82,
    "operatingProfitMargin" : 14.69,
    "operatingProfit" : 45.04,
    "netProfitMargin" : 8.88,
    "netProfit" : 27.23
  }, {
    "date" : "2006-12-31",
    "sales" : 393.53,
    "salesGrowthYoY" : 84.87,
    "grossProfitMargin" : 51.93,
    "grossProfit" : 204.36,
    "operatingProfitMargin" : 15.41,
    "operatingProfit" : 60.64,
    "netProfitMargin" : 9.86,
    "netProfit" : 38.80
  }, {
    "date" : "2007-03-31",
    "sales" : 521.77,
    "salesGrowthYoY" : 44.38,
    "grossProfitMargin" : 48.61,
    "grossProfit" : 253.63,
    "operatingProfitMargin" : 18.15,
    "operatingProfit" : 94.70,
    "netProfitMargin" : 12.34,
    "netProfit" : 64.39
  }, {
    "date" : "2007-06-30",
    "sales" : 368.63,
    "salesGrowthYoY" : 21.84,
    "grossProfitMargin" : 59.62,
    "grossProfit" : 219.78,
    "operatingProfitMargin" : 16.36,
    "operatingProfit" : 60.31,
    "netProfitMargin" : 10.08,
    "netProfit" : 37.16
  }, {
    "date" : "2007-09-30",
    "sales" : 387.60,
    "salesGrowthYoY" : 26.41,
    "grossProfitMargin" : 50.20,
    "grossProfit" : 194.58,
    "operatingProfitMargin" : 13.65,
    "operatingProfit" : 52.91,
    "netProfitMargin" : 8.29,
    "netProfit" : 32.13
  }, {
    "date" : "2007-12-31",
    "sales" : 352.69,
    "salesGrowthYoY" : -10.38,
    "grossProfitMargin" : 53.66,
    "grossProfit" : 189.25,
    "operatingProfitMargin" : 14.61,
    "operatingProfit" : 51.53,
    "netProfitMargin" : 8.59,
    "netProfit" : 30.30
  }, {
    "date" : "2008-03-31",
    "sales" : 633.95,
    "salesGrowthYoY" : 21.50,
    "grossProfitMargin" : 42.68,
    "grossProfit" : 270.57,
    "operatingProfitMargin" : 12.68,
    "operatingProfit" : 80.38,
    "netProfitMargin" : 7.93,
    "netProfit" : 50.27
  }, {
    "date" : "2008-06-30",
    "sales" : 475.83,
    "salesGrowthYoY" : 29.08,
    "grossProfitMargin" : 46.96,
    "grossProfit" : 223.45,
    "operatingProfitMargin" : 11.94,
    "operatingProfit" : 56.81,
    "netProfitMargin" : 6.09,
    "netProfit" : 28.98
  }, {
    "date" : "2008-09-30",
    "sales" : 432.60,
    "salesGrowthYoY" : 11.61,
    "grossProfitMargin" : 49.37,
    "grossProfit" : 213.57,
    "operatingProfitMargin" : 12.09,
    "operatingProfit" : 52.30,
    "netProfitMargin" : 5.15,
    "netProfit" : 22.28
  }, {
    "date" : "2008-12-31",
    "sales" : 418.05,
    "salesGrowthYoY" : 18.53,
    "grossProfitMargin" : 48.15,
    "grossProfit" : 201.29,
    "operatingProfitMargin" : 9.87,
    "operatingProfit" : 41.26,
    "netProfitMargin" : 4.77,
    "netProfit" : 19.94
  }, {
    "date" : "2009-03-31",
    "sales" : 558.44,
    "salesGrowthYoY" : -11.91,
    "grossProfitMargin" : 45.14,
    "grossProfit" : 252.08,
    "operatingProfitMargin" : 10.36,
    "operatingProfit" : 57.85,
    "netProfitMargin" : 4.14,
    "netProfit" : 23.12
  }, {
    "date" : "2009-06-30",
    "sales" : 487.28,
    "salesGrowthYoY" : 2.41,
    "grossProfitMargin" : 59.53,
    "grossProfit" : 290.08,
    "operatingProfitMargin" : 11.98,
    "operatingProfit" : 58.38,
    "netProfitMargin" : 6.58,
    "netProfit" : 32.06
  }, {
    "date" : "2009-09-30",
    "sales" : 552.53,
    "salesGrowthYoY" : 27.72,
    "grossProfitMargin" : 55.83,
    "grossProfit" : 308.48,
    "operatingProfitMargin" : 12.95,
    "operatingProfit" : 71.55,
    "netProfitMargin" : 6.68,
    "netProfit" : 36.91
  }, {
    "date" : "2009-12-31",
    "sales" : 719.23,
    "salesGrowthYoY" : 72.04,
    "grossProfitMargin" : 55.87,
    "grossProfit" : 401.83,
    "operatingProfitMargin" : 11.42,
    "operatingProfit" : 82.14,
    "netProfitMargin" : 6.13,
    "netProfit" : 44.09
  }, {
    "date" : "2010-03-31",
    "sales" : 852.20,
    "salesGrowthYoY" : 52.60,
    "grossProfitMargin" : 53.47,
    "grossProfit" : 455.67,
    "operatingProfitMargin" : 10.88,
    "operatingProfit" : 92.72,
    "netProfitMargin" : 6.74,
    "netProfit" : 57.44
  }, {
    "date" : "2010-06-30",
    "sales" : 546.00,
    "salesGrowthYoY" : 12.05,
    "grossProfitMargin" : 60.70,
    "grossProfit" : 331.42,
    "operatingProfitMargin" : 13.18,
    "operatingProfit" : 71.96,
    "netProfitMargin" : 6.75,
    "netProfit" : 36.85
  }, {
    "date" : "2010-09-30",
    "sales" : 642.86,
    "salesGrowthYoY" : 16.35,
    "grossProfitMargin" : 53.57,
    "grossProfit" : 344.38,
    "operatingProfitMargin" : 11.38,
    "operatingProfit" : 73.16,
    "netProfitMargin" : 6.44,
    "netProfit" : 41.40
  }, {
    "date" : "2010-12-31",
    "sales" : 805.21,
    "salesGrowthYoY" : 11.95,
    "grossProfitMargin" : 52.63,
    "grossProfit" : 423.78,
    "operatingProfitMargin" : 11.51,
    "operatingProfit" : 92.68,
    "netProfitMargin" : 6.31,
    "netProfit" : 50.81
  }, {
    "date" : "2011-03-31",
    "sales" : 885.03,
    "salesGrowthYoY" : 3.85,
    "grossProfitMargin" : 55.38,
    "grossProfit" : 490.13,
    "operatingProfitMargin" : 11.35,
    "operatingProfit" : 100.45,
    "netProfitMargin" : 6.96,
    "netProfit" : 61.60
  }, {
    "date" : "2011-06-30",
    "sales" : 585.74,
    "salesGrowthYoY" : 7.28,
    "grossProfitMargin" : 56.13,
    "grossProfit" : 328.78,
    "operatingProfitMargin" : 11.79,
    "operatingProfit" : 69.06,
    "netProfitMargin" : 5.73,
    "netProfit" : 33.56
  }, {
    "date" : "2011-09-30",
    "sales" : 584.00,
    "salesGrowthYoY" : -9.16,
    "grossProfitMargin" : 49.76,
    "grossProfit" : 290.60,
    "operatingProfitMargin" : 12.63,
    "operatingProfit" : 73.76,
    "netProfitMargin" : 5.87,
    "netProfit" : 34.28
  }, {
    "date" : "2011-12-31",
    "sales" : 801.36,
    "salesGrowthYoY" : -0.48,
    "grossProfitMargin" : 49.91,
    "grossProfit" : 399.96,
    "operatingProfitMargin" : 11.68,
    "operatingProfit" : 93.60,
    "netProfitMargin" : 5.03,
    "netProfit" : 40.31
  }, {
    "date" : "2012-03-31",
    "sales" : 1061.62,
    "salesGrowthYoY" : 19.95,
    "grossProfitMargin" : 48.09,
    "grossProfit" : 510.53,
    "operatingProfitMargin" : 8.76,
    "operatingProfit" : 93.00,
    "netProfitMargin" : 5.35,
    "netProfit" : 56.80
  }, {
    "date" : "2012-06-30",
    "sales" : 699.43,
    "salesGrowthYoY" : 19.41,
    "grossProfitMargin" : 53.65,
    "grossProfit" : 375.24,
    "operatingProfitMargin" : 10.41,
    "operatingProfit" : 72.81,
    "netProfitMargin" : 3.91,
    "netProfit" : 27.35
  }, {
    "date" : "2012-09-30",
    "sales" : 714.70,
    "salesGrowthYoY" : 22.38,
    "grossProfitMargin" : 25.32,
    "grossProfit" : 180.96,
    "operatingProfitMargin" : 8.87,
    "operatingProfit" : 63.39,
    "netProfitMargin" : 3.71,
    "netProfit" : 26.52
  }, {
    "date" : "2012-12-31",
    "sales" : 889.67,
    "salesGrowthYoY" : 11.02,
    "grossProfitMargin" : 26.28,
    "grossProfit" : 233.81,
    "operatingProfitMargin" : 9.96,
    "operatingProfit" : 88.61,
    "netProfitMargin" : 3.95,
    "netProfit" : 35.14
  }, {
    "date" : "2013-03-31",
    "sales" : 1031.60,
    "salesGrowthYoY" : -2.83,
    "grossProfitMargin" : 28.54,
    "grossProfit" : 294.42,
    "operatingProfitMargin" : 9.67,
    "operatingProfit" : 99.76,
    "netProfitMargin" : 4.71,
    "netProfit" : 48.59
  }, {
    "date" : "2013-06-30",
    "sales" : 889.60,
    "salesGrowthYoY" : 27.19,
    "grossProfitMargin" : 28.80,
    "grossProfit" : 256.20,
    "operatingProfitMargin" : 10.34,
    "operatingProfit" : 91.98,
    "netProfitMargin" : 3.90,
    "netProfit" : 34.69
  }, {
    "date" : "2013-09-30",
    "sales" : 962.20,
    "salesGrowthYoY" : 34.63,
    "grossProfitMargin" : 27.50,
    "grossProfit" : 264.61,
    "operatingProfitMargin" : 9.47,
    "operatingProfit" : 91.12,
    "netProfitMargin" : 3.22,
    "netProfit" : 30.98
  }, {
    "date" : "2013-12-31",
    "sales" : 1051.34,
    "salesGrowthYoY" : 18.17,
    "grossProfitMargin" : 28.31,
    "grossProfit" : 297.63,
    "operatingProfitMargin" : 8.94,
    "operatingProfit" : 93.99,
    "netProfitMargin" : 3.21,
    "netProfit" : 33.75
  }, {
    "date" : "2014-03-31",
    "sales" : 1152.11,
    "salesGrowthYoY" : 11.68,
    "grossProfitMargin" : 28.57,
    "grossProfit" : 329.16,
    "operatingProfitMargin" : 9.47,
    "operatingProfit" : 109.10,
    "netProfitMargin" : 4.08,
    "netProfit" : 47.01
  }, {
    "date" : "2014-06-30",
    "sales" : 1063.38,
    "salesGrowthYoY" : 19.53,
    "grossProfitMargin" : 31.49,
    "grossProfit" : 334.86,
    "operatingProfitMargin" : 9.99,
    "operatingProfit" : 106.23,
    "netProfitMargin" : 3.94,
    "netProfit" : 41.90
  }, {
    "date" : "2014-09-30",
    "sales" : 1140.77,
    "salesGrowthYoY" : 18.56,
    "grossProfitMargin" : 28.21,
    "grossProfit" : 321.81,
    "operatingProfitMargin" : 9.10,
    "operatingProfit" : 103.81,
    "netProfitMargin" : 3.74,
    "netProfit" : 42.66
  }, {
    "date" : "2014-12-31",
    "sales" : 1147.13,
    "salesGrowthYoY" : 9.11,
    "grossProfitMargin" : 29.93,
    "grossProfit" : 343.34,
    "operatingProfitMargin" : 9.74,
    "operatingProfit" : 111.73,
    "netProfitMargin" : 3.57,
    "netProfit" : 40.95
  }, {
    "date" : "2015-03-31",
    "sales" : 1070.97,
    "salesGrowthYoY" : -7.04,
    "grossProfitMargin" : 60.88,
    "grossProfit" : 652.01,
    "operatingProfitMargin" : 9.80,
    "operatingProfit" : 104.96,
    "netProfitMargin" : 3.74,
    "netProfit" : 40.05
  }, {
    "date" : "2015-06-30",
    "sales" : 1163.48,
    "salesGrowthYoY" : 9.41,
    "grossProfitMargin" : 63.26,
    "grossProfit" : 736.02,
    "operatingProfitMargin" : 9.89,
    "operatingProfit" : 115.07,
    "netProfitMargin" : 3.70,
    "netProfit" : 43.05
  }, {
    "date" : "2015-09-30",
    "sales" : 932.31,
    "salesGrowthYoY" : -18.27,
    "grossProfitMargin" : 59.45,
    "grossProfit" : 554.26,
    "operatingProfitMargin" : 12.32,
    "operatingProfit" : 114.86,
    "netProfitMargin" : 5.09,
    "netProfit" : 47.45
  }, {
    "date" : "2015-12-31",
    "sales" : 876.35,
    "salesGrowthYoY" : -23.60,
    "grossProfitMargin" : 59.34,
    "grossProfit" : 520.03,
    "operatingProfitMargin" : 10.32,
    "operatingProfit" : 90.44,
    "netProfitMargin" : 4.14,
    "netProfit" : 36.28
  }, {
    "date" : "2016-03-31",
    "sales" : 1329.81,
    "salesGrowthYoY" : 24.17,
    "grossProfitMargin" : 53.40,
    "grossProfit" : 710.12,
    "operatingProfitMargin" : 9.98,
    "operatingProfit" : 132.72,
    "netProfitMargin" : 4.93,
    "netProfit" : 65.56
  }, {
    "date" : "2016-06-30",
    "sales" : 1153.74,
    "salesGrowthYoY" : -0.84,
    "grossProfitMargin" : 65.38,
    "grossProfit" : 754.32,
    "operatingProfitMargin" : 11.34,
    "operatingProfit" : 130.83,
    "netProfitMargin" : 5.59,
    "netProfit" : 64.49
  }, {
    "date" : "2016-09-30",
    "sales" : 1115.42,
    "salesGrowthYoY" : 19.64,
    "grossProfitMargin" : 57.60,
    "grossProfit" : 642.48,
    "operatingProfitMargin" : 10.94,
    "operatingProfit" : 122.03,
    "netProfitMargin" : 5.18,
    "netProfit" : 57.78
  }, {
    "date" : "2016-12-31",
    "sales" : 1128.61,
    "salesGrowthYoY" : 28.79,
    "grossProfitMargin" : 56.34,
    "grossProfit" : 635.86,
    "operatingProfitMargin" : 10.55,
    "operatingProfit" : 119.07,
    "netProfitMargin" : 5.06,
    "netProfit" : 57.11
  }, {
    "date" : "2017-03-31",
    "sales" : 1496.29,
    "salesGrowthYoY" : 12.52,
    "grossProfitMargin" : 55.20,
    "grossProfit" : 825.95,
    "operatingProfitMargin" : 10.51,
    "operatingProfit" : 157.26,
    "netProfitMargin" : 5.99,
    "netProfit" : 89.63
  }, {
    "date" : "2017-06-30",
    "sales" : 1169.59,
    "salesGrowthYoY" : 1.37,
    "grossProfitMargin" : 58.36,
    "grossProfit" : 682.57,
    "operatingProfitMargin" : 11.73,
    "operatingProfit" : 137.19,
    "netProfitMargin" : 6.02,
    "netProfit" : 70.41
  }, {
    "date" : "2017-09-30",
    "sales" : 1222.80,
    "salesGrowthYoY" : 9.63,
    "grossProfitMargin" : 49.33,
    "grossProfit" : 603.21,
    "operatingProfitMargin" : 10.87,
    "operatingProfit" : 132.92,
    "netProfitMargin" : 5.85,
    "netProfit" : 71.53
  }, {
    "date" : "2017-12-31",
    "sales" : 1417.37,
    "salesGrowthYoY" : 25.59,
    "grossProfitMargin" : 54.89,
    "grossProfit" : 777.99,
    "operatingProfitMargin" : 10.72,
    "operatingProfit" : 151.94,
    "netProfitMargin" : 5.31,
    "netProfit" : 75.26
  }, {
    "date" : "2018-03-31",
    "sales" : 1931.44,
    "salesGrowthYoY" : 29.08,
    "grossProfitMargin" : 54.70,
    "grossProfit" : 1056.50,
    "operatingProfitMargin" : 10.83,
    "operatingProfit" : 209.17,
    "netProfitMargin" : 5.43,
    "netProfit" : 104.88
  }, {
    "date" : "2018-06-30",
    "sales" : 1325.00,
    "salesGrowthYoY" : 13.29,
    "grossProfitMargin" : 64.68,
    "grossProfit" : 857.01,
    "operatingProfitMargin" : 11.85,
    "operatingProfit" : 157.01,
    "netProfitMargin" : 6.11,
    "netProfit" : 80.96
  }, {
    "date" : "2018-09-30",
    "sales" : 1574.00,
    "salesGrowthYoY" : 28.72,
    "grossProfitMargin" : 59.85,
    "grossProfit" : 942.04,
    "operatingProfitMargin" : 10.80,
    "operatingProfit" : 169.99,
    "netProfitMargin" : 5.78,
    "netProfit" : 90.98
  }, {
    "date" : "2018-12-31",
    "sales" : 1725.00,
    "salesGrowthYoY" : 21.70,
    "grossProfitMargin" : 61.51,
    "grossProfit" : 1061.05,
    "operatingProfitMargin" : 10.72,
    "operatingProfit" : 184.92,
    "netProfitMargin" : 5.33,
    "netProfit" : 91.94
  }, {
    "date" : "2019-03-31",
    "sales" : 2491.00,
    "salesGrowthYoY" : 28.97,
    "grossProfitMargin" : 52.27,
    "grossProfit" : 1302.05,
    "operatingProfitMargin" : 10.68,
    "operatingProfit" : 266.04,
    "netProfitMargin" : 5.50,
    "netProfit" : 137.00
  }, {
    "date" : "2019-06-30",
    "sales" : 1655.00,
    "salesGrowthYoY" : 24.91,
    "grossProfitMargin" : 65.50,
    "grossProfit" : 1084.03,
    "operatingProfitMargin" : 11.60,
    "operatingProfit" : 191.98,
    "netProfitMargin" : 5.56,
    "netProfit" : 92.02
  }, {
    "date" : "2019-09-30",
    "sales" : 1967.00,
    "salesGrowthYoY" : 24.97,
    "grossProfitMargin" : 52.97,
    "grossProfit" : 1041.92,
    "operatingProfitMargin" : 10.52,
    "operatingProfit" : 206.93,
    "netProfitMargin" : 6.46,
    "netProfit" : 127.07
  }, {
    "date" : "2019-12-31",
    "sales" : 1979.00,
    "salesGrowthYoY" : 14.72,
    "grossProfitMargin" : 57.10,
    "grossProfit" : 1130.01,
    "operatingProfitMargin" : 10.51,
    "operatingProfit" : 207.99,
    "netProfitMargin" : 5.99,
    "netProfit" : 118.54
  }, {
    "date" : "2020-03-31",
    "sales" : 2303.00,
    "salesGrowthYoY" : -7.55,
    "grossProfitMargin" : 59.97,
    "grossProfit" : 1381.11,
    "operatingProfitMargin" : 10.99,
    "operatingProfit" : 253.10,
    "netProfitMargin" : 4.65,
    "netProfit" : 107.09
  }, {
    "date" : "2020-06-30",
    "sales" : 1459.00,
    "salesGrowthYoY" : -11.84,
    "grossProfitMargin" : 58.40,
    "grossProfit" : 852.06,
    "operatingProfitMargin" : 10.69,
    "operatingProfit" : 155.97,
    "netProfitMargin" : 4.73,
    "netProfit" : 69.01
  }, {
    "date" : "2020-09-30",
    "sales" : 1882.00,
    "salesGrowthYoY" : -4.32,
    "grossProfitMargin" : 62.81,
    "grossProfit" : 1182.08,
    "operatingProfitMargin" : 10.73,
    "operatingProfit" : 201.94,
    "netProfitMargin" : 7.89,
    "netProfit" : 148.49
  }, {
    "date" : "2020-12-31",
    "sales" : 1993.00,
    "salesGrowthYoY" : 0.71,
    "grossProfitMargin" : 66.18,
    "grossProfit" : 1318.97,
    "operatingProfitMargin" : 10.39,
    "operatingProfit" : 207.07,
    "netProfitMargin" : 6.84,
    "netProfit" : 136.32
  }, {
    "date" : "2021-03-31",
    "sales" : 2337.00,
    "salesGrowthYoY" : 1.48,
    "grossProfitMargin" : 65.25,
    "grossProfit" : 1524.89,
    "operatingProfitMargin" : 10.40,
    "operatingProfit" : 243.05,
    "netProfitMargin" : 5.56,
    "netProfit" : 129.94
  }, {
    "date" : "2021-06-30",
    "sales" : 1586.00,
    "salesGrowthYoY" : 8.70,
    "grossProfitMargin" : 66.71,
    "grossProfit" : 1058.02,
    "operatingProfitMargin" : 10.21,
    "operatingProfit" : 161.93,
    "netProfitMargin" : 4.79,
    "netProfit" : 75.97
  }, {
    "date" : "2021-09-30",
    "sales" : 1618.00,
    "salesGrowthYoY" : -14.03,
    "grossProfitMargin" : 52.60,
    "grossProfit" : 851.07,
    "operatingProfitMargin" : 9.39,
    "operatingProfit" : 151.93,
    "netProfitMargin" : 3.70,
    "netProfit" : 59.87
  }, {
    "date" : "2021-12-31",
    "sales" : 3196.00,
    "salesGrowthYoY" : 60.36,
    "grossProfitMargin" : 53.47,
    "grossProfit" : 1708.90,
    "operatingProfitMargin" : 7.57,
    "operatingProfit" : 241.94,
    "netProfitMargin" : 3.68,
    "netProfit" : 117.61
  }, {
    "date" : "2022-03-31",
    "sales" : 3565.00,
    "salesGrowthYoY" : 52.55,
    "grossProfitMargin" : 53.10,
    "grossProfit" : 1893.02,
    "operatingProfitMargin" : 8.61,
    "operatingProfit" : 306.95,
    "netProfitMargin" : 4.04,
    "netProfit" : 144.03
  }, {
    "date" : "2022-06-30",
    "sales" : 1542.00,
    "salesGrowthYoY" : -2.77,
    "grossProfitMargin" : 63.23,
    "grossProfit" : 975.01,
    "operatingProfitMargin" : 8.43,
    "operatingProfit" : 129.99,
    "netProfitMargin" : 7.33,
    "netProfit" : 113.03
  }, {
    "date" : "2022-09-30",
    "sales" : 3293.00,
    "salesGrowthYoY" : 103.52,
    "grossProfitMargin" : 52.47,
    "grossProfit" : 1727.84,
    "operatingProfitMargin" : 8.38,
    "operatingProfit" : 275.95,
    "netProfitMargin" : 3.16,
    "netProfit" : 104.06
  }, {
    "date" : "2022-12-31",
    "sales" : 3509.00,
    "salesGrowthYoY" : 9.79,
    "grossProfitMargin" : 56.57,
    "grossProfit" : 1985.04,
    "operatingProfitMargin" : 8.69,
    "operatingProfit" : 304.93,
    "netProfitMargin" : 3.16,
    "netProfit" : 110.88
  }, {
    "date" : "2023-03-31",
    "sales" : 4396.00,
    "salesGrowthYoY" : 23.31,
    "grossProfitMargin" : 54.39,
    "grossProfit" : 2390.98,
    "operatingProfitMargin" : 7.07,
    "operatingProfit" : 310.80,
    "netProfitMargin" : 2.84,
    "netProfit" : 124.85
  }, {
    "date" : "2023-06-30",
    "sales" : 3622.00,
    "salesGrowthYoY" : 134.89,
    "grossProfitMargin" : 58.72,
    "grossProfit" : 2126.84,
    "operatingProfitMargin" : 8.67,
    "operatingProfit" : 314.03,
    "netProfitMargin" : 3.48,
    "netProfit" : 126.05
  }, {
    "date" : "2023-09-30",
    "sales" : 3843.92,
    "salesGrowthYoY" : 16.73,
    "grossProfitMargin" : 55.59,
    "grossProfit" : 2136.84,
    "operatingProfitMargin" : 8.04,
    "operatingProfit" : 309.05,
    "netProfitMargin" : 2.94,
    "netProfit" : 113.01
  }, {
    "date" : "2023-12-31",
    "sales" : 4147.00,
    "salesGrowthYoY" : 18.18,
    "grossProfitMargin" : 58.57,
    "grossProfit" : 2428.90,
    "operatingProfitMargin" : 8.30,
    "operatingProfit" : 344.20,
    "netProfitMargin" : 3.47,
    "netProfit" : 143.90
  }, {
    "date" : "2024-03-31",
    "sales" : 5146.34,
    "salesGrowthYoY" : 17.07,
    "grossProfitMargin" : 55.35,
    "grossProfit" : 2848.50,
    "operatingProfitMargin" : 7.75,
    "operatingProfit" : 398.84,
    "netProfitMargin" : 3.35,
    "netProfit" : 172.40
  }, {
    "date" : "2024-06-30",
    "sales" : 3721.92,
    "salesGrowthYoY" : 2.76,
    "grossProfitMargin" : 61.12,
    "grossProfit" : 2274.84,
    "operatingProfitMargin" : 8.42,
    "operatingProfit" : 313.39,
    "netProfitMargin" : 3.13,
    "netProfit" : 116.50
  }, {
    "date" : "2024-09-30",
    "sales" : 4136.12,
    "salesGrowthYoY" : 7.60,
    "grossProfitMargin" : 59.71,
    "grossProfit" : 2469.68,
    "operatingProfitMargin" : 8.42,
    "operatingProfit" : 348.26,
    "netProfitMargin" : 3.20,
    "netProfit" : 132.36
  }, {
    "date" : "2024-12-31",
    "sales" : 4825.72,
    "salesGrowthYoY" : 16.37,
    "grossProfitMargin" : 58.68,
    "grossProfit" : 2831.73,
    "operatingProfitMargin" : 8.33,
    "operatingProfit" : 401.98,
    "netProfitMargin" : 3.26,
    "netProfit" : 157.32
  }, {
    "date" : "2025-03-31",
    "sales" : 6204.15,
    "salesGrowthYoY" : 20.55,
    "grossProfitMargin" : 59.00,
    "grossProfit" : 3660.45,
    "operatingProfitMargin" : 8.43,
    "operatingProfit" : 523.01,
    "netProfitMargin" : 4.27,
    "netProfit" : 264.92
  }, {
    "date" : "2025-06-30",
    "sales" : 5039.74,
    "salesGrowthYoY" : 35.41,
    "grossProfitMargin" : 66.35,
    "grossProfit" : 3343.87,
    "operatingProfitMargin" : 8.50,
    "operatingProfit" : 428.38,
    "netProfitMargin" : 3.98,
    "netProfit" : 200.58
  }, {
    "date" : "2025-09-30",
    "sales" : 5418.78,
    "salesGrowthYoY" : 31.01,
    "grossProfitMargin" : 61.73,
    "grossProfit" : 3345.01,
    "operatingProfitMargin" : 8.25,
    "operatingProfit" : 447.05,
    "netProfitMargin" : 3.69,
    "netProfit" : 199.95
  } ],
  "latestQuarterlyResult" : {
    "date" : "2025-09-30",
    "sales" : 5418.78,
    "salesGrowthYoY" : 31.01,
    "grossProfitMargin" : 61.73,
    "grossProfit" : 3345.01,
    "operatingProfitMargin" : 8.25,
    "operatingProfit" : 447.05,
    "netProfitMargin" : 3.69,
    "netProfit" : 199.95
  },
  "companyScore" : {
    "priceHigherThanDma50" : 0.00,
    "priceHigherThanDma100" : 0.00,
    "priceHigherThanDma200" : 0.00,
    "dma50HigherThanDma100" : 0.00,
    "dma50HigherThanDma200" : 5.00,
    "dma100HigherThanDma200" : 5.00,
    "pricePercentageAboveDma50" : 5.28,
    "pricePercentageAboveDma100" : 5.44,
    "pricePercentageAboveDma200" : 5.27,
    "weeklyVolumeHigherThanYearlyVolume" : 0.00,
    "salesGrowthPercentile" : 16.71,
    "operatingProfitMarginPercentile" : 2.13,
    "netProfitMarginPercentile" : 1.81,
    "totalTechnicalScore" : 25.98,
    "totalFundamentalScore" : 20.65,
    "totalScore" : 46.63
  }
}