{
  "metadata" : {
    "screenerCompanyId" : "1730",
    "companyCode" : "KSCL",
    "companyName" : "Kaveri Seed Co.",
    "screenerCompanyLink" : "https://www.screener.in/company/KSCL/consolidated/",
    "screenerTechnicalHistoryLink" : "https://www.screener.in/api/company/1730/chart/?q=Price-DMA50-DMA200-Volume&days=365",
    "screenerQuarterlyResultsLink" : "https://www.screener.in/api/company/1730/chart/?q=GPM-OPM-NPM-Quarter+Sales&days=10000",
    "attributes" : {
      "companyCode" : "KSCL",
      "companyName" : "Kaveri Seed Co.",
      "marketCap" : 5008.00,
      "peRatio" : 16.50,
      "description" : "Incorporated in 1976, Kaveri Seed Company Ltd is in the business of research, production, processing and marketing of various high quality hybrid seeds[1]"
    },
    "companyScore" : {
      "priceHigherThanDma50" : 0.00,
      "priceHigherThanDma100" : 0.00,
      "priceHigherThanDma200" : 0.00,
      "dma50HigherThanDma100" : 0.00,
      "dma50HigherThanDma200" : 0.00,
      "dma100HigherThanDma200" : 0.00,
      "pricePercentageAboveDma50" : 5.14,
      "pricePercentageAboveDma100" : 5.40,
      "pricePercentageAboveDma200" : 5.48,
      "weeklyVolumeHigherThanYearlyVolume" : 0.00,
      "salesGrowthPercentile" : 11.89,
      "operatingProfitMarginPercentile" : 10.10,
      "netProfitMarginPercentile" : 4.93,
      "totalTechnicalScore" : 16.02,
      "totalFundamentalScore" : 26.92,
      "totalScore" : 42.94
    }
  },
  "attributes" : {
    "companyCode" : "KSCL",
    "companyName" : "Kaveri Seed Co.",
    "marketCap" : 5008.00,
    "peRatio" : 16.50,
    "description" : "Incorporated in 1976, Kaveri Seed Company Ltd is in the business of research, production, processing and marketing of various high quality hybrid seeds[1]"
  },
  "technicalHistory" : [ {
    "date" : "2025-01-06",
    "price" : 873.95,
    "dma50" : 903.11,
    "dma100" : null,
    "dma200" : 888.20,
    "volume" : 101312.00
  }, {
    "date" : "2025-01-07",
    "price" : 940.55,
    "dma50" : 904.57,
    "dma100" : null,
    "dma200" : 888.72,
    "volume" : 172799.00
  }, {
    "date" : "2025-01-08",
    "price" : 921.05,
    "dma50" : 905.22,
    "dma100" : null,
    "dma200" : 889.04,
    "volume" : 64767.00
  }, {
    "date" : "2025-01-09",
    "price" : 926.90,
    "dma50" : 906.07,
    "dma100" : null,
    "dma200" : 889.42,
    "volume" : 78782.00
  }, {
    "date" : "2025-01-10",
    "price" : 908.50,
    "dma50" : 906.17,
    "dma100" : null,
    "dma200" : 889.61,
    "volume" : 84150.00
  }, {
    "date" : "2025-01-13",
    "price" : 885.15,
    "dma50" : 905.34,
    "dma100" : null,
    "dma200" : 889.57,
    "volume" : 72788.00
  }, {
    "date" : "2025-01-14",
    "price" : 919.65,
    "dma50" : 905.90,
    "dma100" : null,
    "dma200" : 889.86,
    "volume" : 80617.00
  }, {
    "date" : "2025-01-15",
    "price" : 896.15,
    "dma50" : 905.52,
    "dma100" : null,
    "dma200" : 889.93,
    "volume" : 176954.00
  }, {
    "date" : "2025-01-16",
    "price" : 901.05,
    "dma50" : 905.34,
    "dma100" : null,
    "dma200" : 890.04,
    "volume" : 24725.00
  }, {
    "date" : "2025-01-17",
    "price" : 901.55,
    "dma50" : 905.20,
    "dma100" : null,
    "dma200" : 890.15,
    "volume" : 57019.00
  }, {
    "date" : "2025-01-20",
    "price" : 903.95,
    "dma50" : 905.15,
    "dma100" : null,
    "dma200" : 890.29,
    "volume" : 55393.00
  }, {
    "date" : "2025-01-21",
    "price" : 921.50,
    "dma50" : 905.79,
    "dma100" : null,
    "dma200" : 890.60,
    "volume" : 101233.00
  }, {
    "date" : "2025-01-22",
    "price" : 932.20,
    "dma50" : 906.82,
    "dma100" : null,
    "dma200" : 891.01,
    "volume" : 120180.00
  }, {
    "date" : "2025-01-23",
    "price" : 911.00,
    "dma50" : 906.99,
    "dma100" : null,
    "dma200" : 891.21,
    "volume" : 216936.00
  }, {
    "date" : "2025-01-24",
    "price" : 900.55,
    "dma50" : 906.74,
    "dma100" : null,
    "dma200" : 891.31,
    "volume" : 83915.00
  }, {
    "date" : "2025-01-27",
    "price" : 897.25,
    "dma50" : 906.36,
    "dma100" : null,
    "dma200" : 891.37,
    "volume" : 81554.00
  }, {
    "date" : "2025-01-28",
    "price" : 895.15,
    "dma50" : 905.92,
    "dma100" : null,
    "dma200" : 891.40,
    "volume" : 148720.00
  }, {
    "date" : "2025-01-29",
    "price" : 905.70,
    "dma50" : 905.91,
    "dma100" : null,
    "dma200" : 891.55,
    "volume" : 109361.00
  }, {
    "date" : "2025-01-30",
    "price" : 902.20,
    "dma50" : 905.77,
    "dma100" : null,
    "dma200" : 891.65,
    "volume" : 34212.00
  }, {
    "date" : "2025-01-31",
    "price" : 903.45,
    "dma50" : 905.68,
    "dma100" : null,
    "dma200" : 891.77,
    "volume" : 304868.00
  }, {
    "date" : "2025-02-01",
    "price" : 965.15,
    "dma50" : 908.01,
    "dma100" : null,
    "dma200" : 892.50,
    "volume" : 1810281.00
  }, {
    "date" : "2025-02-03",
    "price" : 953.25,
    "dma50" : 909.78,
    "dma100" : null,
    "dma200" : 893.10,
    "volume" : 203551.00
  }, {
    "date" : "2025-02-04",
    "price" : 940.25,
    "dma50" : 910.98,
    "dma100" : null,
    "dma200" : 893.57,
    "volume" : 121403.00
  }, {
    "date" : "2025-02-05",
    "price" : 933.65,
    "dma50" : 911.87,
    "dma100" : null,
    "dma200" : 893.97,
    "volume" : 116473.00
  }, {
    "date" : "2025-02-06",
    "price" : 985.35,
    "dma50" : 914.75,
    "dma100" : null,
    "dma200" : 894.88,
    "volume" : 249444.00
  }, {
    "date" : "2025-02-07",
    "price" : 960.90,
    "dma50" : 916.56,
    "dma100" : null,
    "dma200" : 895.54,
    "volume" : 133375.00
  }, {
    "date" : "2025-02-10",
    "price" : 952.65,
    "dma50" : 917.98,
    "dma100" : null,
    "dma200" : 896.11,
    "volume" : 61518.00
  }, {
    "date" : "2025-02-11",
    "price" : 945.15,
    "dma50" : 919.04,
    "dma100" : null,
    "dma200" : 896.59,
    "volume" : 64687.00
  }, {
    "date" : "2025-02-12",
    "price" : 978.95,
    "dma50" : 921.39,
    "dma100" : null,
    "dma200" : 897.41,
    "volume" : 249849.00
  }, {
    "date" : "2025-02-13",
    "price" : 927.25,
    "dma50" : 921.62,
    "dma100" : null,
    "dma200" : 897.71,
    "volume" : 295460.00
  }, {
    "date" : "2025-02-14",
    "price" : 935.75,
    "dma50" : 922.17,
    "dma100" : null,
    "dma200" : 898.09,
    "volume" : 160190.00
  }, {
    "date" : "2025-02-17",
    "price" : 972.85,
    "dma50" : 924.16,
    "dma100" : null,
    "dma200" : 898.83,
    "volume" : 144938.00
  }, {
    "date" : "2025-02-18",
    "price" : 976.10,
    "dma50" : 926.20,
    "dma100" : null,
    "dma200" : 899.60,
    "volume" : 89733.00
  }, {
    "date" : "2025-02-19",
    "price" : 995.35,
    "dma50" : 928.91,
    "dma100" : null,
    "dma200" : 900.55,
    "volume" : 160418.00
  }, {
    "date" : "2025-02-20",
    "price" : 1013.70,
    "dma50" : 932.24,
    "dma100" : null,
    "dma200" : 901.68,
    "volume" : 136394.00
  }, {
    "date" : "2025-02-21",
    "price" : 980.45,
    "dma50" : 934.13,
    "dma100" : null,
    "dma200" : 902.46,
    "volume" : 84019.00
  }, {
    "date" : "2025-02-24",
    "price" : 975.90,
    "dma50" : 935.76,
    "dma100" : null,
    "dma200" : 903.19,
    "volume" : 172042.00
  }, {
    "date" : "2025-02-25",
    "price" : 1024.10,
    "dma50" : 939.23,
    "dma100" : null,
    "dma200" : 904.40,
    "volume" : 523701.00
  }, {
    "date" : "2025-02-27",
    "price" : 1031.40,
    "dma50" : 942.84,
    "dma100" : null,
    "dma200" : 905.66,
    "volume" : 350842.00
  }, {
    "date" : "2025-02-28",
    "price" : 1000.95,
    "dma50" : 945.12,
    "dma100" : null,
    "dma200" : 906.61,
    "volume" : 257030.00
  }, {
    "date" : "2025-03-03",
    "price" : 997.70,
    "dma50" : 947.18,
    "dma100" : null,
    "dma200" : 907.52,
    "volume" : 127653.00
  }, {
    "date" : "2025-03-04",
    "price" : 1014.05,
    "dma50" : 949.81,
    "dma100" : null,
    "dma200" : 908.58,
    "volume" : 268973.00
  }, {
    "date" : "2025-03-05",
    "price" : 1067.40,
    "dma50" : 954.42,
    "dma100" : null,
    "dma200" : 910.16,
    "volume" : 397893.00
  }, {
    "date" : "2025-03-06",
    "price" : 1063.00,
    "dma50" : 958.68,
    "dma100" : null,
    "dma200" : 911.68,
    "volume" : 169167.00
  }, {
    "date" : "2025-03-07",
    "price" : 1060.40,
    "dma50" : 962.66,
    "dma100" : null,
    "dma200" : 913.16,
    "volume" : 122196.00
  }, {
    "date" : "2025-03-10",
    "price" : 1062.85,
    "dma50" : 966.59,
    "dma100" : null,
    "dma200" : 914.65,
    "volume" : 235324.00
  }, {
    "date" : "2025-03-11",
    "price" : 1043.95,
    "dma50" : 969.63,
    "dma100" : null,
    "dma200" : 915.93,
    "volume" : 220470.00
  }, {
    "date" : "2025-03-12",
    "price" : 1064.90,
    "dma50" : 973.36,
    "dma100" : null,
    "dma200" : 917.41,
    "volume" : 170192.00
  }, {
    "date" : "2025-03-13",
    "price" : 1041.70,
    "dma50" : 976.04,
    "dma100" : null,
    "dma200" : 918.65,
    "volume" : 116263.00
  }, {
    "date" : "2025-03-17",
    "price" : 1121.80,
    "dma50" : 981.76,
    "dma100" : null,
    "dma200" : 920.67,
    "volume" : 603254.00
  }, {
    "date" : "2025-03-18",
    "price" : 1149.40,
    "dma50" : 988.33,
    "dma100" : null,
    "dma200" : 922.95,
    "volume" : 328060.00
  }, {
    "date" : "2025-03-19",
    "price" : 1171.60,
    "dma50" : 995.52,
    "dma100" : null,
    "dma200" : 925.42,
    "volume" : 287467.00
  }, {
    "date" : "2025-03-20",
    "price" : 1249.20,
    "dma50" : 1005.47,
    "dma100" : null,
    "dma200" : 928.64,
    "volume" : 823208.00
  }, {
    "date" : "2025-03-21",
    "price" : 1269.00,
    "dma50" : 1015.80,
    "dma100" : null,
    "dma200" : 932.03,
    "volume" : 489274.00
  }, {
    "date" : "2025-03-24",
    "price" : 1357.95,
    "dma50" : 1029.22,
    "dma100" : null,
    "dma200" : 936.27,
    "volume" : 531381.00
  }, {
    "date" : "2025-03-25",
    "price" : 1269.35,
    "dma50" : 1038.64,
    "dma100" : null,
    "dma200" : 939.58,
    "volume" : 326547.00
  }, {
    "date" : "2025-03-26",
    "price" : 1295.30,
    "dma50" : 1048.70,
    "dma100" : null,
    "dma200" : 943.12,
    "volume" : 164320.00
  }, {
    "date" : "2025-03-27",
    "price" : 1230.40,
    "dma50" : 1055.83,
    "dma100" : null,
    "dma200" : 945.98,
    "volume" : 338454.00
  }, {
    "date" : "2025-03-28",
    "price" : 1263.15,
    "dma50" : 1063.96,
    "dma100" : null,
    "dma200" : 949.14,
    "volume" : 268692.00
  }, {
    "date" : "2025-04-01",
    "price" : 1219.95,
    "dma50" : 1070.08,
    "dma100" : null,
    "dma200" : 951.83,
    "volume" : 144614.00
  }, {
    "date" : "2025-04-02",
    "price" : 1287.80,
    "dma50" : 1078.61,
    "dma100" : null,
    "dma200" : 955.17,
    "volume" : 284675.00
  }, {
    "date" : "2025-04-03",
    "price" : 1327.70,
    "dma50" : 1088.38,
    "dma100" : null,
    "dma200" : 958.88,
    "volume" : 275475.00
  }, {
    "date" : "2025-04-04",
    "price" : 1460.55,
    "dma50" : 1102.98,
    "dma100" : null,
    "dma200" : 963.87,
    "volume" : 3883466.00
  }, {
    "date" : "2025-04-07",
    "price" : 1349.20,
    "dma50" : 1112.63,
    "dma100" : null,
    "dma200" : 967.71,
    "volume" : 1148300.00
  }, {
    "date" : "2025-04-08",
    "price" : 1315.65,
    "dma50" : 1120.59,
    "dma100" : null,
    "dma200" : 971.17,
    "volume" : 916385.00
  }, {
    "date" : "2025-04-09",
    "price" : 1371.75,
    "dma50" : 1130.44,
    "dma100" : null,
    "dma200" : 975.16,
    "volume" : 636176.00
  }, {
    "date" : "2025-04-11",
    "price" : 1432.25,
    "dma50" : 1142.28,
    "dma100" : null,
    "dma200" : 979.70,
    "volume" : 757018.00
  }, {
    "date" : "2025-04-15",
    "price" : 1568.80,
    "dma50" : 1159.01,
    "dma100" : null,
    "dma200" : 985.57,
    "volume" : 1087144.00
  }, {
    "date" : "2025-04-16",
    "price" : 1522.70,
    "dma50" : 1173.27,
    "dma100" : null,
    "dma200" : 990.91,
    "volume" : 787056.00
  }, {
    "date" : "2025-04-17",
    "price" : 1506.00,
    "dma50" : 1186.32,
    "dma100" : null,
    "dma200" : 996.04,
    "volume" : 361525.00
  }, {
    "date" : "2025-04-21",
    "price" : 1554.50,
    "dma50" : 1200.75,
    "dma100" : null,
    "dma200" : 1001.59,
    "volume" : 347481.00
  }, {
    "date" : "2025-04-22",
    "price" : 1479.80,
    "dma50" : 1211.70,
    "dma100" : null,
    "dma200" : 1006.35,
    "volume" : 357409.00
  }, {
    "date" : "2025-04-23",
    "price" : 1480.20,
    "dma50" : 1222.23,
    "dma100" : null,
    "dma200" : 1011.07,
    "volume" : 371443.00
  }, {
    "date" : "2025-04-24",
    "price" : 1468.10,
    "dma50" : 1231.87,
    "dma100" : null,
    "dma200" : 1015.61,
    "volume" : 333322.00
  }, {
    "date" : "2025-04-25",
    "price" : 1432.60,
    "dma50" : 1239.74,
    "dma100" : null,
    "dma200" : 1019.76,
    "volume" : 339173.00
  }, {
    "date" : "2025-04-28",
    "price" : 1446.90,
    "dma50" : 1247.86,
    "dma100" : null,
    "dma200" : 1024.01,
    "volume" : 231003.00
  }, {
    "date" : "2025-04-29",
    "price" : 1425.80,
    "dma50" : 1254.84,
    "dma100" : null,
    "dma200" : 1028.01,
    "volume" : 121614.00
  }, {
    "date" : "2025-04-30",
    "price" : 1434.80,
    "dma50" : 1261.90,
    "dma100" : null,
    "dma200" : 1032.06,
    "volume" : 627147.00
  }, {
    "date" : "2025-05-02",
    "price" : 1412.10,
    "dma50" : 1267.79,
    "dma100" : null,
    "dma200" : 1035.84,
    "volume" : 222555.00
  }, {
    "date" : "2025-05-05",
    "price" : 1450.30,
    "dma50" : 1274.95,
    "dma100" : null,
    "dma200" : 1039.96,
    "volume" : 170908.00
  }, {
    "date" : "2025-05-06",
    "price" : 1431.20,
    "dma50" : 1281.07,
    "dma100" : null,
    "dma200" : 1043.86,
    "volume" : 119715.00
  }, {
    "date" : "2025-05-07",
    "price" : 1414.00,
    "dma50" : 1286.29,
    "dma100" : null,
    "dma200" : 1047.54,
    "volume" : 176069.00
  }, {
    "date" : "2025-05-08",
    "price" : 1395.30,
    "dma50" : 1290.56,
    "dma100" : null,
    "dma200" : 1051.00,
    "volume" : 203717.00
  }, {
    "date" : "2025-05-09",
    "price" : 1370.00,
    "dma50" : 1293.68,
    "dma100" : null,
    "dma200" : 1054.17,
    "volume" : 157018.00
  }, {
    "date" : "2025-05-12",
    "price" : 1444.20,
    "dma50" : 1299.58,
    "dma100" : null,
    "dma200" : 1058.05,
    "volume" : 130403.00
  }, {
    "date" : "2025-05-13",
    "price" : 1481.80,
    "dma50" : 1306.73,
    "dma100" : null,
    "dma200" : 1062.27,
    "volume" : 250051.00
  }, {
    "date" : "2025-05-14",
    "price" : 1352.50,
    "dma50" : 1308.52,
    "dma100" : null,
    "dma200" : 1065.16,
    "volume" : 503366.00
  }, {
    "date" : "2025-05-15",
    "price" : 1349.20,
    "dma50" : 1310.12,
    "dma100" : null,
    "dma200" : 1067.98,
    "volume" : 325270.00
  }, {
    "date" : "2025-05-16",
    "price" : 1305.40,
    "dma50" : 1309.93,
    "dma100" : null,
    "dma200" : 1070.35,
    "volume" : 253168.00
  }, {
    "date" : "2025-05-19",
    "price" : 1332.50,
    "dma50" : 1310.82,
    "dma100" : null,
    "dma200" : 1072.96,
    "volume" : 638126.00
  }, {
    "date" : "2025-05-20",
    "price" : 1354.40,
    "dma50" : 1312.53,
    "dma100" : null,
    "dma200" : 1075.76,
    "volume" : 399981.00
  }, {
    "date" : "2025-05-21",
    "price" : 1396.00,
    "dma50" : 1315.80,
    "dma100" : null,
    "dma200" : 1078.94,
    "volume" : 526620.00
  }, {
    "date" : "2025-05-22",
    "price" : 1476.00,
    "dma50" : 1322.08,
    "dma100" : null,
    "dma200" : 1082.89,
    "volume" : 419388.00
  }, {
    "date" : "2025-05-23",
    "price" : 1465.40,
    "dma50" : 1327.70,
    "dma100" : null,
    "dma200" : 1086.70,
    "volume" : 218005.00
  }, {
    "date" : "2025-05-26",
    "price" : 1490.60,
    "dma50" : 1334.09,
    "dma100" : null,
    "dma200" : 1090.72,
    "volume" : 213212.00
  }, {
    "date" : "2025-05-27",
    "price" : 1493.40,
    "dma50" : 1340.34,
    "dma100" : null,
    "dma200" : 1094.73,
    "volume" : 103538.00
  }, {
    "date" : "2025-05-28",
    "price" : 1497.00,
    "dma50" : 1346.48,
    "dma100" : null,
    "dma200" : 1098.73,
    "volume" : 134312.00
  }, {
    "date" : "2025-05-29",
    "price" : 1492.60,
    "dma50" : 1352.21,
    "dma100" : null,
    "dma200" : 1102.65,
    "volume" : 198033.00
  }, {
    "date" : "2025-05-30",
    "price" : 1440.80,
    "dma50" : 1355.69,
    "dma100" : null,
    "dma200" : 1106.01,
    "volume" : 173944.00
  }, {
    "date" : "2025-06-02",
    "price" : 1429.30,
    "dma50" : 1358.57,
    "dma100" : null,
    "dma200" : 1109.23,
    "volume" : 124166.00
  }, {
    "date" : "2025-06-03",
    "price" : 1455.50,
    "dma50" : 1362.37,
    "dma100" : 1183.30,
    "dma200" : 1112.67,
    "volume" : 210021.00
  }, {
    "date" : "2025-06-04",
    "price" : 1480.30,
    "dma50" : 1367.00,
    "dma100" : 1188.70,
    "dma200" : 1116.33,
    "volume" : 157126.00
  }, {
    "date" : "2025-06-05",
    "price" : 1434.90,
    "dma50" : 1369.66,
    "dma100" : 1193.84,
    "dma200" : 1119.50,
    "volume" : 305314.00
  }, {
    "date" : "2025-06-06",
    "price" : 1428.50,
    "dma50" : 1371.97,
    "dma100" : 1198.85,
    "dma200" : 1122.58,
    "volume" : 127840.00
  }, {
    "date" : "2025-06-09",
    "price" : 1420.70,
    "dma50" : 1373.88,
    "dma100" : 1203.98,
    "dma200" : 1125.54,
    "volume" : 109387.00
  }, {
    "date" : "2025-06-10",
    "price" : 1444.50,
    "dma50" : 1376.65,
    "dma100" : 1209.57,
    "dma200" : 1128.72,
    "volume" : 132252.00
  }, {
    "date" : "2025-06-11",
    "price" : 1401.10,
    "dma50" : 1377.61,
    "dma100" : 1214.38,
    "dma200" : 1131.43,
    "volume" : 110953.00
  }, {
    "date" : "2025-06-12",
    "price" : 1359.20,
    "dma50" : 1376.89,
    "dma100" : 1219.02,
    "dma200" : 1133.69,
    "volume" : 174177.00
  }, {
    "date" : "2025-06-13",
    "price" : 1316.30,
    "dma50" : 1374.51,
    "dma100" : 1223.17,
    "dma200" : 1135.51,
    "volume" : 167799.00
  }, {
    "date" : "2025-06-16",
    "price" : 1328.20,
    "dma50" : 1372.69,
    "dma100" : 1227.43,
    "dma200" : 1137.43,
    "volume" : 253281.00
  }, {
    "date" : "2025-06-17",
    "price" : 1299.50,
    "dma50" : 1369.82,
    "dma100" : 1231.39,
    "dma200" : 1139.04,
    "volume" : 88159.00
  }, {
    "date" : "2025-06-18",
    "price" : 1285.60,
    "dma50" : 1366.52,
    "dma100" : 1235.03,
    "dma200" : 1140.50,
    "volume" : 78663.00
  }, {
    "date" : "2025-06-19",
    "price" : 1261.40,
    "dma50" : 1362.40,
    "dma100" : 1238.32,
    "dma200" : 1141.70,
    "volume" : 114915.00
  }, {
    "date" : "2025-06-20",
    "price" : 1249.60,
    "dma50" : 1357.97,
    "dma100" : 1241.71,
    "dma200" : 1142.78,
    "volume" : 143506.00
  }, {
    "date" : "2025-06-23",
    "price" : 1245.20,
    "dma50" : 1353.55,
    "dma100" : 1245.16,
    "dma200" : 1143.79,
    "volume" : 167412.00
  }, {
    "date" : "2025-06-24",
    "price" : 1206.00,
    "dma50" : 1347.77,
    "dma100" : 1248.24,
    "dma200" : 1144.41,
    "volume" : 240554.00
  }, {
    "date" : "2025-06-25",
    "price" : 1186.50,
    "dma50" : 1341.44,
    "dma100" : 1251.16,
    "dma200" : 1144.83,
    "volume" : 276922.00
  }, {
    "date" : "2025-06-26",
    "price" : 1169.50,
    "dma50" : 1334.70,
    "dma100" : 1253.79,
    "dma200" : 1145.08,
    "volume" : 192132.00
  }, {
    "date" : "2025-06-27",
    "price" : 1177.00,
    "dma50" : 1328.51,
    "dma100" : 1256.54,
    "dma200" : 1145.40,
    "volume" : 289026.00
  }, {
    "date" : "2025-06-30",
    "price" : 1178.40,
    "dma50" : 1322.63,
    "dma100" : 1259.29,
    "dma200" : 1145.72,
    "volume" : 176470.00
  }, {
    "date" : "2025-07-01",
    "price" : 1156.80,
    "dma50" : 1316.12,
    "dma100" : 1261.21,
    "dma200" : 1145.83,
    "volume" : 311403.00
  }, {
    "date" : "2025-07-02",
    "price" : 1174.70,
    "dma50" : 1310.58,
    "dma100" : 1263.42,
    "dma200" : 1146.12,
    "volume" : 161990.00
  }, {
    "date" : "2025-07-03",
    "price" : 1190.20,
    "dma50" : 1305.86,
    "dma100" : 1265.92,
    "dma200" : 1146.56,
    "volume" : 310099.00
  }, {
    "date" : "2025-07-04",
    "price" : 1171.50,
    "dma50" : 1300.59,
    "dma100" : 1268.30,
    "dma200" : 1146.81,
    "volume" : 105593.00
  }, {
    "date" : "2025-07-07",
    "price" : 1167.30,
    "dma50" : 1295.36,
    "dma100" : 1270.12,
    "dma200" : 1147.01,
    "volume" : 86600.00
  }, {
    "date" : "2025-07-08",
    "price" : 1210.10,
    "dma50" : 1292.02,
    "dma100" : 1272.61,
    "dma200" : 1147.64,
    "volume" : 380999.00
  }, {
    "date" : "2025-07-09",
    "price" : 1173.30,
    "dma50" : 1287.36,
    "dma100" : 1274.82,
    "dma200" : 1147.89,
    "volume" : 189973.00
  }, {
    "date" : "2025-07-10",
    "price" : 1166.70,
    "dma50" : 1282.63,
    "dma100" : 1277.03,
    "dma200" : 1148.08,
    "volume" : 102674.00
  }, {
    "date" : "2025-07-11",
    "price" : 1136.90,
    "dma50" : 1276.92,
    "dma100" : 1278.61,
    "dma200" : 1147.97,
    "volume" : 181184.00
  }, {
    "date" : "2025-07-14",
    "price" : 1123.20,
    "dma50" : 1270.89,
    "dma100" : 1280.57,
    "dma200" : 1147.72,
    "volume" : 134511.00
  }, {
    "date" : "2025-07-15",
    "price" : 1154.60,
    "dma50" : 1266.33,
    "dma100" : 1282.76,
    "dma200" : 1147.79,
    "volume" : 168256.00
  }, {
    "date" : "2025-07-16",
    "price" : 1150.80,
    "dma50" : 1261.80,
    "dma100" : 1284.54,
    "dma200" : 1147.82,
    "volume" : 195266.00
  }, {
    "date" : "2025-07-17",
    "price" : 1127.40,
    "dma50" : 1256.53,
    "dma100" : 1286.05,
    "dma200" : 1147.62,
    "volume" : 144164.00
  }, {
    "date" : "2025-07-18",
    "price" : 1100.70,
    "dma50" : 1250.42,
    "dma100" : 1287.11,
    "dma200" : 1147.15,
    "volume" : 259665.00
  }, {
    "date" : "2025-07-21",
    "price" : 1124.50,
    "dma50" : 1245.48,
    "dma100" : 1288.22,
    "dma200" : 1146.93,
    "volume" : 135921.00
  }, {
    "date" : "2025-07-22",
    "price" : 1121.60,
    "dma50" : 1240.62,
    "dma100" : 1289.63,
    "dma200" : 1146.67,
    "volume" : 97055.00
  }, {
    "date" : "2025-07-23",
    "price" : 1119.80,
    "dma50" : 1235.88,
    "dma100" : 1291.07,
    "dma200" : 1146.41,
    "volume" : 175322.00
  }, {
    "date" : "2025-07-24",
    "price" : 1119.60,
    "dma50" : 1231.32,
    "dma100" : 1292.02,
    "dma200" : 1146.14,
    "volume" : 72237.00
  }, {
    "date" : "2025-07-25",
    "price" : 1124.30,
    "dma50" : 1227.12,
    "dma100" : 1292.95,
    "dma200" : 1145.92,
    "volume" : 115357.00
  }, {
    "date" : "2025-07-28",
    "price" : 1106.60,
    "dma50" : 1222.40,
    "dma100" : 1294.01,
    "dma200" : 1145.53,
    "volume" : 101560.00
  }, {
    "date" : "2025-07-29",
    "price" : 1112.40,
    "dma50" : 1218.08,
    "dma100" : 1295.15,
    "dma200" : 1145.20,
    "volume" : 86770.00
  }, {
    "date" : "2025-07-30",
    "price" : 1129.60,
    "dma50" : 1214.61,
    "dma100" : 1296.31,
    "dma200" : 1145.05,
    "volume" : 101386.00
  }, {
    "date" : "2025-07-31",
    "price" : 1109.90,
    "dma50" : 1210.51,
    "dma100" : 1296.73,
    "dma200" : 1144.70,
    "volume" : 61562.00
  }, {
    "date" : "2025-08-01",
    "price" : 1083.80,
    "dma50" : 1205.54,
    "dma100" : 1296.94,
    "dma200" : 1144.09,
    "volume" : 103179.00
  }, {
    "date" : "2025-08-04",
    "price" : 1093.70,
    "dma50" : 1201.15,
    "dma100" : 1297.28,
    "dma200" : 1143.59,
    "volume" : 103242.00
  }, {
    "date" : "2025-08-05",
    "price" : 1091.40,
    "dma50" : 1196.85,
    "dma100" : 1297.56,
    "dma200" : 1143.07,
    "volume" : 125803.00
  }, {
    "date" : "2025-08-06",
    "price" : 1094.90,
    "dma50" : 1192.85,
    "dma100" : 1298.07,
    "dma200" : 1142.59,
    "volume" : 88142.00
  }, {
    "date" : "2025-08-07",
    "price" : 1096.20,
    "dma50" : 1189.06,
    "dma100" : 1298.38,
    "dma200" : 1142.13,
    "volume" : 59903.00
  }, {
    "date" : "2025-08-08",
    "price" : 1077.40,
    "dma50" : 1184.68,
    "dma100" : 1298.74,
    "dma200" : 1141.49,
    "volume" : 129218.00
  }, {
    "date" : "2025-08-11",
    "price" : 1098.10,
    "dma50" : 1181.29,
    "dma100" : 1298.50,
    "dma200" : 1141.05,
    "volume" : 84880.00
  }, {
    "date" : "2025-08-12",
    "price" : 1104.70,
    "dma50" : 1178.28,
    "dma100" : 1298.06,
    "dma200" : 1140.69,
    "volume" : 55254.00
  }, {
    "date" : "2025-08-13",
    "price" : 1133.50,
    "dma50" : 1176.53,
    "dma100" : 1297.68,
    "dma200" : 1140.62,
    "volume" : 408373.00
  }, {
    "date" : "2025-08-14",
    "price" : 1104.20,
    "dma50" : 1173.69,
    "dma100" : 1296.23,
    "dma200" : 1140.26,
    "volume" : 439774.00
  }, {
    "date" : "2025-08-18",
    "price" : 1078.20,
    "dma50" : 1169.95,
    "dma100" : 1294.32,
    "dma200" : 1139.64,
    "volume" : 449836.00
  }, {
    "date" : "2025-08-19",
    "price" : 1069.60,
    "dma50" : 1166.01,
    "dma100" : 1291.43,
    "dma200" : 1138.94,
    "volume" : 75391.00
  }, {
    "date" : "2025-08-20",
    "price" : 1085.90,
    "dma50" : 1162.87,
    "dma100" : 1289.60,
    "dma200" : 1138.42,
    "volume" : 115262.00
  }, {
    "date" : "2025-08-21",
    "price" : 1151.30,
    "dma50" : 1162.42,
    "dma100" : 1288.16,
    "dma200" : 1138.54,
    "volume" : 488389.00
  }, {
    "date" : "2025-08-22",
    "price" : 1165.00,
    "dma50" : 1162.52,
    "dma100" : 1287.51,
    "dma200" : 1138.81,
    "volume" : 135355.00
  }, {
    "date" : "2025-08-25",
    "price" : 1155.90,
    "dma50" : 1162.26,
    "dma100" : 1286.43,
    "dma200" : 1138.98,
    "volume" : 162969.00
  }, {
    "date" : "2025-08-26",
    "price" : 1150.30,
    "dma50" : 1161.79,
    "dma100" : 1285.74,
    "dma200" : 1139.09,
    "volume" : 170922.00
  }, {
    "date" : "2025-08-28",
    "price" : 1155.90,
    "dma50" : 1161.56,
    "dma100" : 1284.42,
    "dma200" : 1139.26,
    "volume" : 140284.00
  }, {
    "date" : "2025-08-29",
    "price" : 1164.80,
    "dma50" : 1161.68,
    "dma100" : 1282.79,
    "dma200" : 1139.51,
    "volume" : 169452.00
  }, {
    "date" : "2025-09-01",
    "price" : 1188.40,
    "dma50" : 1162.73,
    "dma100" : 1280.07,
    "dma200" : 1140.00,
    "volume" : 168696.00
  }, {
    "date" : "2025-09-02",
    "price" : 1176.10,
    "dma50" : 1163.26,
    "dma100" : 1278.34,
    "dma200" : 1140.36,
    "volume" : 210838.00
  }, {
    "date" : "2025-09-03",
    "price" : 1185.10,
    "dma50" : 1164.11,
    "dma100" : 1277.03,
    "dma200" : 1140.80,
    "volume" : 136449.00
  }, {
    "date" : "2025-09-04",
    "price" : 1183.80,
    "dma50" : 1164.89,
    "dma100" : 1275.15,
    "dma200" : 1141.23,
    "volume" : 133646.00
  }, {
    "date" : "2025-09-05",
    "price" : 1193.30,
    "dma50" : 1166.00,
    "dma100" : 1272.76,
    "dma200" : 1141.75,
    "volume" : 92840.00
  }, {
    "date" : "2025-09-08",
    "price" : 1183.00,
    "dma50" : 1166.67,
    "dma100" : 1268.90,
    "dma200" : 1142.16,
    "volume" : 86066.00
  }, {
    "date" : "2025-09-09",
    "price" : 1147.50,
    "dma50" : 1165.91,
    "dma100" : 1265.15,
    "dma200" : 1142.21,
    "volume" : 88588.00
  }, {
    "date" : "2025-09-10",
    "price" : 1169.50,
    "dma50" : 1166.06,
    "dma100" : 1261.79,
    "dma200" : 1142.48,
    "volume" : 77196.00
  }, {
    "date" : "2025-09-11",
    "price" : 1157.30,
    "dma50" : 1165.71,
    "dma100" : 1257.81,
    "dma200" : 1142.63,
    "volume" : 46275.00
  }, {
    "date" : "2025-09-12",
    "price" : 1145.70,
    "dma50" : 1164.93,
    "dma100" : 1254.47,
    "dma200" : 1142.66,
    "volume" : 59977.00
  }, {
    "date" : "2025-09-15",
    "price" : 1150.90,
    "dma50" : 1164.38,
    "dma100" : 1251.18,
    "dma200" : 1142.74,
    "volume" : 54658.00
  }, {
    "date" : "2025-09-16",
    "price" : 1194.60,
    "dma50" : 1165.56,
    "dma100" : 1248.45,
    "dma200" : 1143.26,
    "volume" : 135865.00
  }, {
    "date" : "2025-09-17",
    "price" : 1202.10,
    "dma50" : 1167.00,
    "dma100" : 1246.14,
    "dma200" : 1143.85,
    "volume" : 106613.00
  }, {
    "date" : "2025-09-18",
    "price" : 1183.30,
    "dma50" : 1167.63,
    "dma100" : 1243.50,
    "dma200" : 1144.24,
    "volume" : 154066.00
  }, {
    "date" : "2025-09-19",
    "price" : 1185.20,
    "dma50" : 1168.32,
    "dma100" : 1241.10,
    "dma200" : 1144.65,
    "volume" : 64213.00
  }, {
    "date" : "2025-09-22",
    "price" : 1153.60,
    "dma50" : 1167.75,
    "dma100" : 1238.29,
    "dma200" : 1144.73,
    "volume" : 63822.00
  }, {
    "date" : "2025-09-23",
    "price" : 1141.50,
    "dma50" : 1166.72,
    "dma100" : 1235.58,
    "dma200" : 1144.70,
    "volume" : 57883.00
  }, {
    "date" : "2025-09-24",
    "price" : 1139.90,
    "dma50" : 1165.67,
    "dma100" : 1232.48,
    "dma200" : 1144.65,
    "volume" : 67598.00
  }, {
    "date" : "2025-09-25",
    "price" : 1090.00,
    "dma50" : 1162.70,
    "dma100" : 1229.06,
    "dma200" : 1144.11,
    "volume" : 154533.00
  }, {
    "date" : "2025-09-26",
    "price" : 1052.80,
    "dma50" : 1158.39,
    "dma100" : 1225.45,
    "dma200" : 1143.20,
    "volume" : 67145.00
  }, {
    "date" : "2025-09-29",
    "price" : 1060.30,
    "dma50" : 1154.54,
    "dma100" : 1222.10,
    "dma200" : 1142.38,
    "volume" : 79610.00
  }, {
    "date" : "2025-09-30",
    "price" : 1050.90,
    "dma50" : 1150.48,
    "dma100" : 1218.91,
    "dma200" : 1141.47,
    "volume" : 35414.00
  }, {
    "date" : "2025-10-01",
    "price" : 1055.70,
    "dma50" : 1146.76,
    "dma100" : 1215.03,
    "dma200" : 1140.61,
    "volume" : 43413.00
  }, {
    "date" : "2025-10-03",
    "price" : 1042.40,
    "dma50" : 1142.67,
    "dma100" : 1210.63,
    "dma200" : 1139.64,
    "volume" : 95526.00
  }, {
    "date" : "2025-10-06",
    "price" : 1060.20,
    "dma50" : 1139.43,
    "dma100" : 1207.71,
    "dma200" : 1138.85,
    "volume" : 63577.00
  }, {
    "date" : "2025-10-07",
    "price" : 1060.00,
    "dma50" : 1136.32,
    "dma100" : 1204.82,
    "dma200" : 1138.06,
    "volume" : 52261.00
  }, {
    "date" : "2025-10-08",
    "price" : 1073.10,
    "dma50" : 1133.84,
    "dma100" : 1202.49,
    "dma200" : 1137.41,
    "volume" : 108084.00
  }, {
    "date" : "2025-10-09",
    "price" : 1060.20,
    "dma50" : 1130.95,
    "dma100" : 1199.77,
    "dma200" : 1136.65,
    "volume" : 58308.00
  }, {
    "date" : "2025-10-10",
    "price" : 1063.90,
    "dma50" : 1128.32,
    "dma100" : 1196.87,
    "dma200" : 1135.92,
    "volume" : 46106.00
  }, {
    "date" : "2025-10-13",
    "price" : 1062.90,
    "dma50" : 1125.76,
    "dma100" : 1193.54,
    "dma200" : 1135.20,
    "volume" : 62350.00
  }, {
    "date" : "2025-10-14",
    "price" : 1056.90,
    "dma50" : 1123.06,
    "dma100" : 1189.34,
    "dma200" : 1134.42,
    "volume" : 56567.00
  }, {
    "date" : "2025-10-15",
    "price" : 1060.10,
    "dma50" : 1120.59,
    "dma100" : 1185.29,
    "dma200" : 1133.68,
    "volume" : 37293.00
  }, {
    "date" : "2025-10-16",
    "price" : 1060.40,
    "dma50" : 1118.23,
    "dma100" : 1180.99,
    "dma200" : 1132.95,
    "volume" : 41657.00
  }, {
    "date" : "2025-10-17",
    "price" : 1062.20,
    "dma50" : 1116.03,
    "dma100" : 1176.68,
    "dma200" : 1132.24,
    "volume" : 31012.00
  }, {
    "date" : "2025-10-20",
    "price" : 1060.00,
    "dma50" : 1113.83,
    "dma100" : 1172.31,
    "dma200" : 1131.53,
    "volume" : 48351.00
  }, {
    "date" : "2025-10-21",
    "price" : 1063.20,
    "dma50" : 1111.85,
    "dma100" : 1168.01,
    "dma200" : 1130.85,
    "volume" : 8218.00
  }, {
    "date" : "2025-10-23",
    "price" : 1060.00,
    "dma50" : 1109.81,
    "dma100" : 1164.21,
    "dma200" : 1130.14,
    "volume" : 50448.00
  }, {
    "date" : "2025-10-24",
    "price" : 1049.40,
    "dma50" : 1107.44,
    "dma100" : 1160.41,
    "dma200" : 1129.34,
    "volume" : 84001.00
  }, {
    "date" : "2025-10-27",
    "price" : 1058.90,
    "dma50" : 1105.54,
    "dma100" : 1156.44,
    "dma200" : 1128.64,
    "volume" : 35141.00
  }, {
    "date" : "2025-10-28",
    "price" : 1043.20,
    "dma50" : 1103.10,
    "dma100" : 1152.07,
    "dma200" : 1127.79,
    "volume" : 52099.00
  }, {
    "date" : "2025-10-29",
    "price" : 1054.30,
    "dma50" : 1101.18,
    "dma100" : 1148.26,
    "dma200" : 1127.06,
    "volume" : 61109.00
  }, {
    "date" : "2025-10-30",
    "price" : 1035.30,
    "dma50" : 1098.60,
    "dma100" : 1144.33,
    "dma200" : 1126.14,
    "volume" : 73868.00
  }, {
    "date" : "2025-10-31",
    "price" : 1039.80,
    "dma50" : 1096.29,
    "dma100" : 1140.52,
    "dma200" : 1125.28,
    "volume" : 157310.00
  }, {
    "date" : "2025-11-03",
    "price" : 1031.50,
    "dma50" : 1093.75,
    "dma100" : 1136.39,
    "dma200" : 1124.35,
    "volume" : 52012.00
  }, {
    "date" : "2025-11-04",
    "price" : 1029.90,
    "dma50" : 1091.25,
    "dma100" : 1132.68,
    "dma200" : 1123.41,
    "volume" : 51004.00
  }, {
    "date" : "2025-11-06",
    "price" : 1047.90,
    "dma50" : 1089.55,
    "dma100" : 1129.57,
    "dma200" : 1122.66,
    "volume" : 277963.00
  }, {
    "date" : "2025-11-07",
    "price" : 1008.40,
    "dma50" : 1086.37,
    "dma100" : 1126.49,
    "dma200" : 1121.52,
    "volume" : 171568.00
  }, {
    "date" : "2025-11-10",
    "price" : 999.70,
    "dma50" : 1082.97,
    "dma100" : 1123.20,
    "dma200" : 1120.31,
    "volume" : 94473.00
  }, {
    "date" : "2025-11-11",
    "price" : 973.80,
    "dma50" : 1078.69,
    "dma100" : 1119.95,
    "dma200" : 1118.85,
    "volume" : 98531.00
  }, {
    "date" : "2025-11-12",
    "price" : 1026.60,
    "dma50" : 1076.64,
    "dma100" : 1117.36,
    "dma200" : 1117.93,
    "volume" : 186274.00
  }, {
    "date" : "2025-11-13",
    "price" : 1059.40,
    "dma50" : 1075.97,
    "dma100" : 1115.34,
    "dma200" : 1117.35,
    "volume" : 214953.00
  }, {
    "date" : "2025-11-14",
    "price" : 1070.30,
    "dma50" : 1075.75,
    "dma100" : 1113.54,
    "dma200" : 1116.88,
    "volume" : 97159.00
  }, {
    "date" : "2025-11-17",
    "price" : 1069.00,
    "dma50" : 1075.48,
    "dma100" : 1111.78,
    "dma200" : 1116.41,
    "volume" : 78589.00
  }, {
    "date" : "2025-11-18",
    "price" : 1062.40,
    "dma50" : 1074.97,
    "dma100" : 1110.35,
    "dma200" : 1115.87,
    "volume" : 95314.00
  }, {
    "date" : "2025-11-19",
    "price" : 1003.30,
    "dma50" : 1072.16,
    "dma100" : 1108.51,
    "dma200" : 1114.75,
    "volume" : 476773.00
  }, {
    "date" : "2025-11-20",
    "price" : 1018.90,
    "dma50" : 1070.07,
    "dma100" : 1107.01,
    "dma200" : 1113.80,
    "volume" : 81479.00
  }, {
    "date" : "2025-11-21",
    "price" : 1020.30,
    "dma50" : 1068.12,
    "dma100" : 1105.44,
    "dma200" : 1112.87,
    "volume" : 58384.00
  }, {
    "date" : "2025-11-24",
    "price" : 948.40,
    "dma50" : 1063.42,
    "dma100" : 1103.14,
    "dma200" : 1111.23,
    "volume" : 341593.00
  }, {
    "date" : "2025-11-25",
    "price" : 1002.10,
    "dma50" : 1061.02,
    "dma100" : 1101.59,
    "dma200" : 1110.14,
    "volume" : 370084.00
  }, {
    "date" : "2025-11-26",
    "price" : 972.70,
    "dma50" : 1057.55,
    "dma100" : 1099.57,
    "dma200" : 1108.78,
    "volume" : 90199.00
  }, {
    "date" : "2025-11-27",
    "price" : 979.80,
    "dma50" : 1054.50,
    "dma100" : 1097.47,
    "dma200" : 1107.49,
    "volume" : 80248.00
  }, {
    "date" : "2025-11-28",
    "price" : 994.20,
    "dma50" : 1052.14,
    "dma100" : 1095.70,
    "dma200" : 1106.37,
    "volume" : 58302.00
  }, {
    "date" : "2025-12-01",
    "price" : 996.25,
    "dma50" : 1049.95,
    "dma100" : 1093.99,
    "dma200" : 1105.27,
    "volume" : 42470.00
  }, {
    "date" : "2025-12-02",
    "price" : 990.30,
    "dma50" : 1047.61,
    "dma100" : 1091.79,
    "dma200" : 1104.13,
    "volume" : 41844.00
  }, {
    "date" : "2025-12-03",
    "price" : 985.15,
    "dma50" : 1045.16,
    "dma100" : 1089.91,
    "dma200" : 1102.94,
    "volume" : 25655.00
  }, {
    "date" : "2025-12-04",
    "price" : 968.90,
    "dma50" : 1042.17,
    "dma100" : 1087.93,
    "dma200" : 1101.61,
    "volume" : 43985.00
  }, {
    "date" : "2025-12-05",
    "price" : 977.55,
    "dma50" : 1039.64,
    "dma100" : 1086.33,
    "dma200" : 1100.37,
    "volume" : 34005.00
  }, {
    "date" : "2025-12-08",
    "price" : 947.95,
    "dma50" : 1036.04,
    "dma100" : 1084.58,
    "dma200" : 1098.86,
    "volume" : 61506.00
  }, {
    "date" : "2025-12-09",
    "price" : 966.50,
    "dma50" : 1033.31,
    "dma100" : 1082.70,
    "dma200" : 1097.54,
    "volume" : 65976.00
  }, {
    "date" : "2025-12-10",
    "price" : 969.95,
    "dma50" : 1030.83,
    "dma100" : 1080.89,
    "dma200" : 1096.27,
    "volume" : 48300.00
  }, {
    "date" : "2025-12-11",
    "price" : 971.25,
    "dma50" : 1028.49,
    "dma100" : 1079.33,
    "dma200" : 1095.03,
    "volume" : 78424.00
  }, {
    "date" : "2025-12-12",
    "price" : 967.90,
    "dma50" : 1026.12,
    "dma100" : 1078.00,
    "dma200" : 1093.76,
    "volume" : 59226.00
  }, {
    "date" : "2025-12-15",
    "price" : 975.95,
    "dma50" : 1024.15,
    "dma100" : 1076.52,
    "dma200" : 1092.59,
    "volume" : 60171.00
  }, {
    "date" : "2025-12-16",
    "price" : 966.65,
    "dma50" : 1021.89,
    "dma100" : 1074.97,
    "dma200" : 1091.34,
    "volume" : 67946.00
  }, {
    "date" : "2025-12-17",
    "price" : 965.00,
    "dma50" : 1019.66,
    "dma100" : 1073.42,
    "dma200" : 1090.08,
    "volume" : 58354.00
  }, {
    "date" : "2025-12-18",
    "price" : 951.55,
    "dma50" : 1016.99,
    "dma100" : 1071.74,
    "dma200" : 1088.70,
    "volume" : 40447.00
  }, {
    "date" : "2025-12-19",
    "price" : 930.00,
    "dma50" : 1013.58,
    "dma100" : 1069.80,
    "dma200" : 1087.12,
    "volume" : 191333.00
  }, {
    "date" : "2025-12-22",
    "price" : 971.80,
    "dma50" : 1011.94,
    "dma100" : 1068.45,
    "dma200" : 1085.97,
    "volume" : 100134.00
  }, {
    "date" : "2025-12-23",
    "price" : 990.55,
    "dma50" : 1011.10,
    "dma100" : 1067.23,
    "dma200" : 1085.02,
    "volume" : 92545.00
  }, {
    "date" : "2025-12-24",
    "price" : 978.95,
    "dma50" : 1009.84,
    "dma100" : 1065.72,
    "dma200" : 1083.97,
    "volume" : 51557.00
  }, {
    "date" : "2025-12-26",
    "price" : 980.50,
    "dma50" : 1008.69,
    "dma100" : 1064.43,
    "dma200" : 1082.94,
    "volume" : 42939.00
  }, {
    "date" : "2025-12-29",
    "price" : 966.70,
    "dma50" : 1007.04,
    "dma100" : 1063.26,
    "dma200" : 1081.78,
    "volume" : 29038.00
  }, {
    "date" : "2025-12-30",
    "price" : 948.00,
    "dma50" : 1004.73,
    "dma100" : 1061.80,
    "dma200" : 1080.45,
    "volume" : 36752.00
  }, {
    "date" : "2025-12-31",
    "price" : 986.00,
    "dma50" : 1003.99,
    "dma100" : 1060.75,
    "dma200" : 1079.51,
    "volume" : 71088.00
  }, {
    "date" : "2026-01-01",
    "price" : 974.60,
    "dma50" : 1002.84,
    "dma100" : 1059.54,
    "dma200" : 1078.47,
    "volume" : 33750.00
  }, {
    "date" : "2026-01-02",
    "price" : 973.50,
    "dma50" : 1001.69,
    "dma100" : 1058.32,
    "dma200" : 1077.42,
    "volume" : 60959.00
  } ],
  "latestTechnicalAttributes" : {
    "date" : "2026-01-02",
    "price" : 973.50,
    "dma50" : 1001.69,
    "dma100" : 1058.32,
    "dma200" : 1077.42,
    "volume" : 60959.00
  },
  "quarterlyResults" : [ {
    "date" : "2006-06-30",
    "sales" : 35.87,
    "salesGrowthYoY" : null,
    "grossProfitMargin" : 40.76,
    "grossProfit" : 14.62,
    "operatingProfitMargin" : 24.31,
    "operatingProfit" : 8.72,
    "netProfitMargin" : 15.47,
    "netProfit" : 5.55
  }, {
    "date" : "2006-09-30",
    "sales" : 8.30,
    "salesGrowthYoY" : null,
    "grossProfitMargin" : 57.83,
    "grossProfit" : 4.80,
    "operatingProfitMargin" : 4.94,
    "operatingProfit" : 0.41,
    "netProfitMargin" : 5.06,
    "netProfit" : 0.42
  }, {
    "date" : "2006-12-31",
    "sales" : 9.21,
    "salesGrowthYoY" : null,
    "grossProfitMargin" : 65.47,
    "grossProfit" : 6.03,
    "operatingProfitMargin" : 13.36,
    "operatingProfit" : 1.23,
    "netProfitMargin" : 4.78,
    "netProfit" : 0.44
  }, {
    "date" : "2007-03-31",
    "sales" : 12.39,
    "salesGrowthYoY" : null,
    "grossProfitMargin" : 93.62,
    "grossProfit" : 11.60,
    "operatingProfitMargin" : 52.95,
    "operatingProfit" : 6.56,
    "netProfitMargin" : 33.33,
    "netProfit" : 4.13
  }, {
    "date" : "2007-06-30",
    "sales" : 59.02,
    "salesGrowthYoY" : 64.54,
    "grossProfitMargin" : 55.88,
    "grossProfit" : 32.98,
    "operatingProfitMargin" : 33.28,
    "operatingProfit" : 19.64,
    "netProfitMargin" : 21.28,
    "netProfit" : 12.56
  }, {
    "date" : "2007-09-30",
    "sales" : 12.80,
    "salesGrowthYoY" : 54.22,
    "grossProfitMargin" : 60.23,
    "grossProfit" : 7.71,
    "operatingProfitMargin" : 19.61,
    "operatingProfit" : 2.51,
    "netProfitMargin" : 9.22,
    "netProfit" : 1.18
  }, {
    "date" : "2007-12-31",
    "sales" : 12.68,
    "salesGrowthYoY" : 37.68,
    "grossProfitMargin" : 64.59,
    "grossProfit" : 8.19,
    "operatingProfitMargin" : 17.19,
    "operatingProfit" : 2.18,
    "netProfitMargin" : 12.15,
    "netProfit" : 1.54
  }, {
    "date" : "2008-03-31",
    "sales" : 12.07,
    "salesGrowthYoY" : -2.58,
    "grossProfitMargin" : 56.34,
    "grossProfit" : 6.80,
    "operatingProfitMargin" : 9.36,
    "operatingProfit" : 1.13,
    "netProfitMargin" : 12.43,
    "netProfit" : 1.50
  }, {
    "date" : "2008-06-30",
    "sales" : 67.72,
    "salesGrowthYoY" : 14.74,
    "grossProfitMargin" : 60.54,
    "grossProfit" : 41.00,
    "operatingProfitMargin" : 32.40,
    "operatingProfit" : 21.94,
    "netProfitMargin" : 27.64,
    "netProfit" : 18.72
  }, {
    "date" : "2008-09-30",
    "sales" : 16.94,
    "salesGrowthYoY" : 32.34,
    "grossProfitMargin" : 56.26,
    "grossProfit" : 9.53,
    "operatingProfitMargin" : 14.46,
    "operatingProfit" : 2.45,
    "netProfitMargin" : 10.33,
    "netProfit" : 1.75
  }, {
    "date" : "2008-12-31",
    "sales" : 20.00,
    "salesGrowthYoY" : 57.73,
    "grossProfitMargin" : 64.70,
    "grossProfit" : 12.94,
    "operatingProfitMargin" : 15.00,
    "operatingProfit" : 3.00,
    "netProfitMargin" : 9.70,
    "netProfit" : 1.94
  }, {
    "date" : "2009-03-31",
    "sales" : 18.40,
    "salesGrowthYoY" : 52.44,
    "grossProfitMargin" : 65.71,
    "grossProfit" : 12.09,
    "operatingProfitMargin" : 11.30,
    "operatingProfit" : 2.08,
    "netProfitMargin" : 5.00,
    "netProfit" : 0.92
  }, {
    "date" : "2009-06-30",
    "sales" : 100.06,
    "salesGrowthYoY" : 47.76,
    "grossProfitMargin" : 57.30,
    "grossProfit" : 57.33,
    "operatingProfitMargin" : 26.08,
    "operatingProfit" : 26.10,
    "netProfitMargin" : 23.12,
    "netProfit" : 23.13
  }, {
    "date" : "2009-09-30",
    "sales" : 26.78,
    "salesGrowthYoY" : 58.09,
    "grossProfitMargin" : 62.58,
    "grossProfit" : 16.76,
    "operatingProfitMargin" : 14.26,
    "operatingProfit" : 3.82,
    "netProfitMargin" : 10.04,
    "netProfit" : 2.69
  }, {
    "date" : "2009-12-31",
    "sales" : 22.60,
    "salesGrowthYoY" : 13.00,
    "grossProfitMargin" : 63.76,
    "grossProfit" : 14.41,
    "operatingProfitMargin" : 20.49,
    "operatingProfit" : 4.63,
    "netProfitMargin" : 13.58,
    "netProfit" : 3.07
  }, {
    "date" : "2010-03-31",
    "sales" : 12.70,
    "salesGrowthYoY" : -30.98,
    "grossProfitMargin" : 65.04,
    "grossProfit" : 8.26,
    "operatingProfitMargin" : 5.51,
    "operatingProfit" : 0.70,
    "netProfitMargin" : 1.34,
    "netProfit" : 0.17
  }, {
    "date" : "2010-06-30",
    "sales" : 148.04,
    "salesGrowthYoY" : 47.95,
    "grossProfitMargin" : 70.58,
    "grossProfit" : 104.49,
    "operatingProfitMargin" : 24.12,
    "operatingProfit" : 35.71,
    "netProfitMargin" : 21.06,
    "netProfit" : 31.18
  }, {
    "date" : "2010-09-30",
    "sales" : 35.93,
    "salesGrowthYoY" : 34.17,
    "grossProfitMargin" : 55.91,
    "grossProfit" : 20.09,
    "operatingProfitMargin" : 22.18,
    "operatingProfit" : 7.97,
    "netProfitMargin" : 10.33,
    "netProfit" : 3.71
  }, {
    "date" : "2010-12-31",
    "sales" : 32.42,
    "salesGrowthYoY" : 43.45,
    "grossProfitMargin" : 62.49,
    "grossProfit" : 20.26,
    "operatingProfitMargin" : 20.48,
    "operatingProfit" : 6.64,
    "netProfitMargin" : 8.02,
    "netProfit" : 2.60
  }, {
    "date" : "2011-03-31",
    "sales" : 17.30,
    "salesGrowthYoY" : 36.22,
    "grossProfitMargin" : 70.12,
    "grossProfit" : 12.13,
    "operatingProfitMargin" : 20.52,
    "operatingProfit" : 3.55,
    "netProfitMargin" : 28.84,
    "netProfit" : 4.99
  }, {
    "date" : "2011-06-30",
    "sales" : 240.82,
    "salesGrowthYoY" : 62.67,
    "grossProfitMargin" : 60.98,
    "grossProfit" : 146.85,
    "operatingProfitMargin" : 23.37,
    "operatingProfit" : 56.28,
    "netProfitMargin" : 21.78,
    "netProfit" : 52.45
  }, {
    "date" : "2011-09-30",
    "sales" : 48.55,
    "salesGrowthYoY" : 35.12,
    "grossProfitMargin" : 59.88,
    "grossProfit" : 29.07,
    "operatingProfitMargin" : 17.88,
    "operatingProfit" : 8.68,
    "netProfitMargin" : 10.65,
    "netProfit" : 5.17
  }, {
    "date" : "2011-12-31",
    "sales" : 41.43,
    "salesGrowthYoY" : 27.79,
    "grossProfitMargin" : 63.53,
    "grossProfit" : 26.32,
    "operatingProfitMargin" : 16.92,
    "operatingProfit" : 7.01,
    "netProfitMargin" : 6.95,
    "netProfit" : 2.88
  }, {
    "date" : "2012-03-31",
    "sales" : 41.65,
    "salesGrowthYoY" : 140.75,
    "grossProfitMargin" : 70.40,
    "grossProfit" : 29.32,
    "operatingProfitMargin" : 12.05,
    "operatingProfit" : 5.02,
    "netProfitMargin" : 6.70,
    "netProfit" : 2.79
  }, {
    "date" : "2012-06-30",
    "sales" : 479.50,
    "salesGrowthYoY" : 99.11,
    "grossProfitMargin" : 59.15,
    "grossProfit" : 283.62,
    "operatingProfitMargin" : 21.75,
    "operatingProfit" : 104.29,
    "netProfitMargin" : 21.09,
    "netProfit" : 101.13
  }, {
    "date" : "2012-09-30",
    "sales" : 63.67,
    "salesGrowthYoY" : 31.14,
    "grossProfitMargin" : 64.46,
    "grossProfit" : 41.04,
    "operatingProfitMargin" : 15.42,
    "operatingProfit" : 9.82,
    "netProfitMargin" : 10.38,
    "netProfit" : 6.61
  }, {
    "date" : "2012-12-31",
    "sales" : 93.67,
    "salesGrowthYoY" : 126.09,
    "grossProfitMargin" : 55.94,
    "grossProfit" : 52.40,
    "operatingProfitMargin" : 13.43,
    "operatingProfit" : 12.58,
    "netProfitMargin" : 11.75,
    "netProfit" : 11.01
  }, {
    "date" : "2013-03-31",
    "sales" : 73.99,
    "salesGrowthYoY" : 77.65,
    "grossProfitMargin" : 25.49,
    "grossProfit" : 18.86,
    "operatingProfitMargin" : 17.23,
    "operatingProfit" : 12.75,
    "netProfitMargin" : 13.23,
    "netProfit" : 9.79
  }, {
    "date" : "2013-06-30",
    "sales" : 736.03,
    "salesGrowthYoY" : 53.50,
    "grossProfitMargin" : 63.45,
    "grossProfit" : 467.01,
    "operatingProfitMargin" : 22.36,
    "operatingProfit" : 164.58,
    "netProfitMargin" : 22.05,
    "netProfit" : 162.29
  }, {
    "date" : "2013-09-30",
    "sales" : 96.36,
    "salesGrowthYoY" : 51.34,
    "grossProfitMargin" : 62.70,
    "grossProfit" : 60.42,
    "operatingProfitMargin" : 12.16,
    "operatingProfit" : 11.72,
    "netProfitMargin" : 9.35,
    "netProfit" : 9.01
  }, {
    "date" : "2013-12-31",
    "sales" : 131.50,
    "salesGrowthYoY" : 40.39,
    "grossProfitMargin" : 61.51,
    "grossProfit" : 80.89,
    "operatingProfitMargin" : 28.80,
    "operatingProfit" : 37.87,
    "netProfitMargin" : 27.98,
    "netProfit" : 36.79
  }, {
    "date" : "2014-03-31",
    "sales" : 38.51,
    "salesGrowthYoY" : -47.95,
    "grossProfitMargin" : 50.45,
    "grossProfit" : 19.43,
    "operatingProfitMargin" : 15.81,
    "operatingProfit" : 6.09,
    "netProfitMargin" : 6.36,
    "netProfit" : 2.45
  }, {
    "date" : "2014-06-30",
    "sales" : 821.80,
    "salesGrowthYoY" : 11.65,
    "grossProfitMargin" : 63.57,
    "grossProfit" : 522.42,
    "operatingProfitMargin" : 28.27,
    "operatingProfit" : 232.32,
    "netProfitMargin" : 28.13,
    "netProfit" : 231.17
  }, {
    "date" : "2014-09-30",
    "sales" : 181.64,
    "salesGrowthYoY" : 88.50,
    "grossProfitMargin" : 51.93,
    "grossProfit" : 94.33,
    "operatingProfitMargin" : 17.33,
    "operatingProfit" : 31.48,
    "netProfitMargin" : 17.94,
    "netProfit" : 32.59
  }, {
    "date" : "2014-12-31",
    "sales" : 82.91,
    "salesGrowthYoY" : -36.95,
    "grossProfitMargin" : 67.07,
    "grossProfit" : 55.61,
    "operatingProfitMargin" : 43.00,
    "operatingProfit" : 35.65,
    "netProfitMargin" : 43.11,
    "netProfit" : 35.74
  }, {
    "date" : "2015-03-31",
    "sales" : 29.17,
    "salesGrowthYoY" : -24.25,
    "grossProfitMargin" : 49.57,
    "grossProfit" : 14.46,
    "operatingProfitMargin" : 24.27,
    "operatingProfit" : 7.08,
    "netProfitMargin" : 8.43,
    "netProfit" : 2.46
  }, {
    "date" : "2015-06-30",
    "sales" : 539.37,
    "salesGrowthYoY" : -34.37,
    "grossProfitMargin" : 53.54,
    "grossProfit" : 288.78,
    "operatingProfitMargin" : 41.83,
    "operatingProfit" : 225.62,
    "netProfitMargin" : 40.63,
    "netProfit" : 219.15
  }, {
    "date" : "2015-09-30",
    "sales" : 66.30,
    "salesGrowthYoY" : -63.50,
    "grossProfitMargin" : -28.17,
    "grossProfit" : -18.68,
    "operatingProfitMargin" : -67.29,
    "operatingProfit" : -44.61,
    "netProfitMargin" : -72.67,
    "netProfit" : -48.18
  }, {
    "date" : "2015-12-31",
    "sales" : 69.77,
    "salesGrowthYoY" : -15.85,
    "grossProfitMargin" : 57.83,
    "grossProfit" : 40.35,
    "operatingProfitMargin" : 23.31,
    "operatingProfit" : 16.26,
    "netProfitMargin" : 16.83,
    "netProfit" : 11.74
  }, {
    "date" : "2016-03-31",
    "sales" : 41.09,
    "salesGrowthYoY" : 40.86,
    "grossProfitMargin" : 50.13,
    "grossProfit" : 20.60,
    "operatingProfitMargin" : -15.67,
    "operatingProfit" : -6.44,
    "netProfitMargin" : -25.33,
    "netProfit" : -10.41
  }, {
    "date" : "2016-06-30",
    "sales" : 493.97,
    "salesGrowthYoY" : -8.42,
    "grossProfitMargin" : 44.42,
    "grossProfit" : 219.42,
    "operatingProfitMargin" : 32.04,
    "operatingProfit" : 158.27,
    "netProfitMargin" : 31.25,
    "netProfit" : 154.37
  }, {
    "date" : "2016-09-30",
    "sales" : 67.76,
    "salesGrowthYoY" : 2.20,
    "grossProfitMargin" : 39.18,
    "grossProfit" : 26.55,
    "operatingProfitMargin" : 4.97,
    "operatingProfit" : 3.37,
    "netProfitMargin" : 11.42,
    "netProfit" : 7.74
  }, {
    "date" : "2016-12-31",
    "sales" : 67.92,
    "salesGrowthYoY" : -2.65,
    "grossProfitMargin" : 44.76,
    "grossProfit" : 30.40,
    "operatingProfitMargin" : 5.01,
    "operatingProfit" : 3.40,
    "netProfitMargin" : 5.23,
    "netProfit" : 3.55
  }, {
    "date" : "2017-03-31",
    "sales" : 40.23,
    "salesGrowthYoY" : -2.09,
    "grossProfitMargin" : -9.94,
    "grossProfit" : -4.00,
    "operatingProfitMargin" : -67.54,
    "operatingProfit" : -27.17,
    "netProfitMargin" : -72.51,
    "netProfit" : -29.17
  }, {
    "date" : "2017-06-30",
    "sales" : 590.56,
    "salesGrowthYoY" : 19.55,
    "grossProfitMargin" : 47.99,
    "grossProfit" : 283.41,
    "operatingProfitMargin" : 35.03,
    "operatingProfit" : 206.87,
    "netProfitMargin" : 34.27,
    "netProfit" : 202.38
  }, {
    "date" : "2017-09-30",
    "sales" : 69.60,
    "salesGrowthYoY" : 2.72,
    "grossProfitMargin" : 64.51,
    "grossProfit" : 44.90,
    "operatingProfitMargin" : 21.18,
    "operatingProfit" : 14.74,
    "netProfitMargin" : 30.04,
    "netProfit" : 20.91
  }, {
    "date" : "2017-12-31",
    "sales" : 70.64,
    "salesGrowthYoY" : 4.00,
    "grossProfitMargin" : 43.71,
    "grossProfit" : 30.88,
    "operatingProfitMargin" : 13.79,
    "operatingProfit" : 9.74,
    "netProfitMargin" : 7.69,
    "netProfit" : 5.43
  }, {
    "date" : "2018-03-31",
    "sales" : 41.60,
    "salesGrowthYoY" : 3.41,
    "grossProfitMargin" : 37.19,
    "grossProfit" : 15.47,
    "operatingProfitMargin" : -32.07,
    "operatingProfit" : -13.34,
    "netProfitMargin" : -44.18,
    "netProfit" : -18.38
  }, {
    "date" : "2018-06-30",
    "sales" : 581.89,
    "salesGrowthYoY" : -1.47,
    "grossProfitMargin" : 46.48,
    "grossProfit" : 270.46,
    "operatingProfitMargin" : 34.97,
    "operatingProfit" : 203.49,
    "netProfitMargin" : 36.19,
    "netProfit" : 210.59
  }, {
    "date" : "2018-09-30",
    "sales" : 75.19,
    "salesGrowthYoY" : 8.03,
    "grossProfitMargin" : 51.02,
    "grossProfit" : 38.36,
    "operatingProfitMargin" : 10.47,
    "operatingProfit" : 7.87,
    "netProfitMargin" : 15.88,
    "netProfit" : 11.94
  }, {
    "date" : "2018-12-31",
    "sales" : 67.18,
    "salesGrowthYoY" : -4.90,
    "grossProfitMargin" : 41.74,
    "grossProfit" : 28.04,
    "operatingProfitMargin" : 0.18,
    "operatingProfit" : 0.12,
    "netProfitMargin" : 5.43,
    "netProfit" : 3.65
  }, {
    "date" : "2019-03-31",
    "sales" : 44.72,
    "salesGrowthYoY" : 7.50,
    "grossProfitMargin" : 46.04,
    "grossProfit" : 20.59,
    "operatingProfitMargin" : -13.26,
    "operatingProfit" : -5.93,
    "netProfitMargin" : -25.58,
    "netProfit" : -11.44
  }, {
    "date" : "2019-06-30",
    "sales" : 655.47,
    "salesGrowthYoY" : 12.65,
    "grossProfitMargin" : 46.44,
    "grossProfit" : 304.40,
    "operatingProfitMargin" : 35.59,
    "operatingProfit" : 233.28,
    "netProfitMargin" : 34.93,
    "netProfit" : 228.96
  }, {
    "date" : "2019-09-30",
    "sales" : 77.43,
    "salesGrowthYoY" : 2.98,
    "grossProfitMargin" : 54.73,
    "grossProfit" : 42.38,
    "operatingProfitMargin" : 14.58,
    "operatingProfit" : 11.29,
    "netProfitMargin" : 8.95,
    "netProfit" : 6.93
  }, {
    "date" : "2019-12-31",
    "sales" : 98.44,
    "salesGrowthYoY" : 46.53,
    "grossProfitMargin" : 47.54,
    "grossProfit" : 46.80,
    "operatingProfitMargin" : 6.82,
    "operatingProfit" : 6.71,
    "netProfitMargin" : 6.15,
    "netProfit" : 6.05
  }, {
    "date" : "2020-03-31",
    "sales" : 51.92,
    "salesGrowthYoY" : 16.10,
    "grossProfitMargin" : 42.82,
    "grossProfit" : 22.23,
    "operatingProfitMargin" : -22.61,
    "operatingProfit" : -11.74,
    "netProfitMargin" : 18.01,
    "netProfit" : 9.35
  }, {
    "date" : "2020-06-30",
    "sales" : 748.46,
    "salesGrowthYoY" : 14.19,
    "grossProfitMargin" : 44.24,
    "grossProfit" : 331.12,
    "operatingProfitMargin" : 37.32,
    "operatingProfit" : 279.33,
    "netProfitMargin" : 38.87,
    "netProfit" : 290.93
  }, {
    "date" : "2020-09-30",
    "sales" : 83.36,
    "salesGrowthYoY" : 7.66,
    "grossProfitMargin" : 56.02,
    "grossProfit" : 46.70,
    "operatingProfitMargin" : 15.65,
    "operatingProfit" : 13.05,
    "netProfitMargin" : 25.48,
    "netProfit" : 21.24
  }, {
    "date" : "2020-12-31",
    "sales" : 100.07,
    "salesGrowthYoY" : 1.66,
    "grossProfitMargin" : 50.31,
    "grossProfit" : 50.35,
    "operatingProfitMargin" : 6.92,
    "operatingProfit" : 6.92,
    "netProfitMargin" : 7.44,
    "netProfit" : 7.45
  }, {
    "date" : "2021-03-31",
    "sales" : 55.08,
    "salesGrowthYoY" : 6.09,
    "grossProfitMargin" : 56.75,
    "grossProfit" : 31.26,
    "operatingProfitMargin" : -22.53,
    "operatingProfit" : -12.41,
    "netProfitMargin" : -26.02,
    "netProfit" : -14.33
  }, {
    "date" : "2021-06-30",
    "sales" : 682.41,
    "salesGrowthYoY" : -8.82,
    "grossProfitMargin" : 38.81,
    "grossProfit" : 264.84,
    "operatingProfitMargin" : 28.51,
    "operatingProfit" : 194.56,
    "netProfitMargin" : 29.56,
    "netProfit" : 201.72
  }, {
    "date" : "2021-09-30",
    "sales" : 75.95,
    "salesGrowthYoY" : -8.89,
    "grossProfitMargin" : 58.85,
    "grossProfit" : 44.70,
    "operatingProfitMargin" : 4.07,
    "operatingProfit" : 3.09,
    "netProfitMargin" : 14.69,
    "netProfit" : 11.16
  }, {
    "date" : "2021-12-31",
    "sales" : 102.08,
    "salesGrowthYoY" : 2.01,
    "grossProfitMargin" : 57.57,
    "grossProfit" : 58.77,
    "operatingProfitMargin" : 8.74,
    "operatingProfit" : 8.92,
    "netProfitMargin" : 8.89,
    "netProfit" : 9.07
  }, {
    "date" : "2022-03-31",
    "sales" : 54.56,
    "salesGrowthYoY" : -0.94,
    "grossProfitMargin" : 43.40,
    "grossProfit" : 23.68,
    "operatingProfitMargin" : -21.98,
    "operatingProfit" : -11.99,
    "netProfitMargin" : -23.99,
    "netProfit" : -13.09
  }, {
    "date" : "2022-06-30",
    "sales" : 731.95,
    "salesGrowthYoY" : 7.26,
    "grossProfitMargin" : 42.72,
    "grossProfit" : 312.69,
    "operatingProfitMargin" : 32.78,
    "operatingProfit" : 239.93,
    "netProfitMargin" : 32.88,
    "netProfit" : 240.67
  }, {
    "date" : "2022-09-30",
    "sales" : 84.49,
    "salesGrowthYoY" : 11.24,
    "grossProfitMargin" : 56.34,
    "grossProfit" : 47.60,
    "operatingProfitMargin" : 4.32,
    "operatingProfit" : 3.65,
    "netProfitMargin" : 3.22,
    "netProfit" : 2.72
  }, {
    "date" : "2022-12-31",
    "sales" : 123.49,
    "salesGrowthYoY" : 20.97,
    "grossProfitMargin" : 51.23,
    "grossProfit" : 63.26,
    "operatingProfitMargin" : 9.24,
    "operatingProfit" : 11.41,
    "netProfitMargin" : 30.40,
    "netProfit" : 37.54
  }, {
    "date" : "2023-03-31",
    "sales" : 60.64,
    "salesGrowthYoY" : 11.14,
    "grossProfitMargin" : 45.35,
    "grossProfit" : 27.50,
    "operatingProfitMargin" : -25.35,
    "operatingProfit" : -15.37,
    "netProfitMargin" : -22.91,
    "netProfit" : -13.89
  }, {
    "date" : "2023-06-30",
    "sales" : 767.30,
    "salesGrowthYoY" : 4.83,
    "grossProfitMargin" : 43.89,
    "grossProfit" : 336.77,
    "operatingProfitMargin" : 34.76,
    "operatingProfit" : 266.71,
    "netProfitMargin" : 34.91,
    "netProfit" : 267.86
  }, {
    "date" : "2023-09-30",
    "sales" : 96.12,
    "salesGrowthYoY" : 13.76,
    "grossProfitMargin" : 59.53,
    "grossProfit" : 57.22,
    "operatingProfitMargin" : 5.82,
    "operatingProfit" : 5.59,
    "netProfitMargin" : 11.15,
    "netProfit" : 10.72
  }, {
    "date" : "2023-12-31",
    "sales" : 118.47,
    "salesGrowthYoY" : -4.07,
    "grossProfitMargin" : 55.94,
    "grossProfit" : 66.27,
    "operatingProfitMargin" : 7.47,
    "operatingProfit" : 8.85,
    "netProfitMargin" : 9.84,
    "netProfit" : 11.66
  }, {
    "date" : "2024-03-31",
    "sales" : 80.54,
    "salesGrowthYoY" : 32.82,
    "grossProfitMargin" : 52.69,
    "grossProfit" : 42.44,
    "operatingProfitMargin" : -13.31,
    "operatingProfit" : -10.72,
    "netProfitMargin" : 3.46,
    "netProfit" : 2.79
  }, {
    "date" : "2024-06-30",
    "sales" : 808.08,
    "salesGrowthYoY" : 5.31,
    "grossProfitMargin" : 43.77,
    "grossProfit" : 353.70,
    "operatingProfitMargin" : 35.02,
    "operatingProfit" : 282.99,
    "netProfitMargin" : 35.01,
    "netProfit" : 282.91
  }, {
    "date" : "2024-09-30",
    "sales" : 81.76,
    "salesGrowthYoY" : -14.94,
    "grossProfitMargin" : 58.71,
    "grossProfit" : 48.00,
    "operatingProfitMargin" : -7.94,
    "operatingProfit" : -6.49,
    "netProfitMargin" : -4.27,
    "netProfit" : -3.49
  }, {
    "date" : "2024-12-31",
    "sales" : 154.77,
    "salesGrowthYoY" : 30.64,
    "grossProfitMargin" : 51.73,
    "grossProfit" : 80.06,
    "operatingProfitMargin" : 8.48,
    "operatingProfit" : 13.12,
    "netProfitMargin" : 9.72,
    "netProfit" : 15.04
  }, {
    "date" : "2025-03-31",
    "sales" : 76.95,
    "salesGrowthYoY" : -4.46,
    "grossProfitMargin" : 58.04,
    "grossProfit" : 44.66,
    "operatingProfitMargin" : -19.91,
    "operatingProfit" : -15.32,
    "netProfitMargin" : -38.01,
    "netProfit" : -29.25
  }, {
    "date" : "2025-06-30",
    "sales" : 945.31,
    "salesGrowthYoY" : 16.98,
    "grossProfitMargin" : 43.02,
    "grossProfit" : 406.67,
    "operatingProfitMargin" : 34.10,
    "operatingProfit" : 322.35,
    "netProfitMargin" : 33.48,
    "netProfit" : 316.49
  }, {
    "date" : "2025-09-30",
    "sales" : 96.61,
    "salesGrowthYoY" : 18.16,
    "grossProfitMargin" : 53.67,
    "grossProfit" : 51.85,
    "operatingProfitMargin" : -6.71,
    "operatingProfit" : -6.48,
    "netProfitMargin" : -15.58,
    "netProfit" : -15.05
  } ],
  "latestQuarterlyResult" : {
    "date" : "2025-09-30",
    "sales" : 96.61,
    "salesGrowthYoY" : 18.16,
    "grossProfitMargin" : 53.67,
    "grossProfit" : 51.85,
    "operatingProfitMargin" : -6.71,
    "operatingProfit" : -6.48,
    "netProfitMargin" : -15.58,
    "netProfit" : -15.05
  },
  "companyScore" : {
    "priceHigherThanDma50" : 0.00,
    "priceHigherThanDma100" : 0.00,
    "priceHigherThanDma200" : 0.00,
    "dma50HigherThanDma100" : 0.00,
    "dma50HigherThanDma200" : 0.00,
    "dma100HigherThanDma200" : 0.00,
    "pricePercentageAboveDma50" : 5.14,
    "pricePercentageAboveDma100" : 5.40,
    "pricePercentageAboveDma200" : 5.48,
    "weeklyVolumeHigherThanYearlyVolume" : 0.00,
    "salesGrowthPercentile" : 11.89,
    "operatingProfitMarginPercentile" : 10.10,
    "netProfitMarginPercentile" : 4.93,
    "totalTechnicalScore" : 16.02,
    "totalFundamentalScore" : 26.92,
    "totalScore" : 42.94
  }
}