{
  "metadata" : {
    "screenerCompanyId" : "523",
    "companyCode" : "LINDEINDIA",
    "companyName" : "Linde India",
    "screenerCompanyLink" : "https://www.screener.in/company/LINDEINDIA",
    "screenerTechnicalHistoryLink" : "https://www.screener.in/api/company/523/chart/?q=Price-DMA50-DMA200-Volume&days=365",
    "screenerQuarterlyResultsLink" : "https://www.screener.in/api/company/523/chart/?q=GPM-OPM-NPM-Quarter+Sales&days=10000",
    "attributes" : {
      "companyCode" : "LINDEINDIA",
      "companyName" : "Linde India",
      "marketCap" : 49926.00,
      "peRatio" : 98.70,
      "description" : "Linde India Limited, a subsidiary of BOC Group,UK (owns 75% stake in the co), is primarily engaged in manufacture of industrial and medical gases and construction of cryogenic and non cryogenic air separation plants.[1]"
    },
    "companyScore" : {
      "priceHigherThanDma50" : 0.00,
      "priceHigherThanDma100" : 0.00,
      "priceHigherThanDma200" : 0.00,
      "dma50HigherThanDma100" : 0.00,
      "dma50HigherThanDma200" : 0.00,
      "dma100HigherThanDma200" : 0.00,
      "pricePercentageAboveDma50" : 5.14,
      "pricePercentageAboveDma100" : 5.31,
      "pricePercentageAboveDma200" : 5.41,
      "weeklyVolumeHigherThanYearlyVolume" : 5.00,
      "salesGrowthPercentile" : 6.58,
      "operatingProfitMarginPercentile" : 20.00,
      "netProfitMarginPercentile" : 9.88,
      "totalTechnicalScore" : 20.87,
      "totalFundamentalScore" : 36.46,
      "totalScore" : 57.33
    }
  },
  "attributes" : {
    "companyCode" : "LINDEINDIA",
    "companyName" : "Linde India",
    "marketCap" : 49926.00,
    "peRatio" : 98.70,
    "description" : "Linde India Limited, a subsidiary of BOC Group,UK (owns 75% stake in the co), is primarily engaged in manufacture of industrial and medical gases and construction of cryogenic and non cryogenic air separation plants.[1]"
  },
  "technicalHistory" : [ {
    "date" : "2024-12-09",
    "price" : 6809.70,
    "dma50" : 7343.41,
    "dma100" : null,
    "dma200" : 7365.83,
    "volume" : 22292.00
  }, {
    "date" : "2024-12-10",
    "price" : 6735.25,
    "dma50" : 7319.56,
    "dma100" : null,
    "dma200" : 7359.56,
    "volume" : 27065.00
  }, {
    "date" : "2024-12-11",
    "price" : 6789.70,
    "dma50" : 7298.79,
    "dma100" : null,
    "dma200" : 7353.89,
    "volume" : 46033.00
  }, {
    "date" : "2024-12-12",
    "price" : 6704.75,
    "dma50" : 7275.49,
    "dma100" : null,
    "dma200" : 7347.43,
    "volume" : 20675.00
  }, {
    "date" : "2024-12-13",
    "price" : 6735.95,
    "dma50" : 7254.33,
    "dma100" : null,
    "dma200" : 7341.34,
    "volume" : 41059.00
  }, {
    "date" : "2024-12-16",
    "price" : 6705.90,
    "dma50" : 7232.82,
    "dma100" : null,
    "dma200" : 7335.02,
    "volume" : 16964.00
  }, {
    "date" : "2024-12-17",
    "price" : 6632.65,
    "dma50" : 7209.29,
    "dma100" : null,
    "dma200" : 7328.03,
    "volume" : 23021.00
  }, {
    "date" : "2024-12-18",
    "price" : 6566.05,
    "dma50" : 7184.06,
    "dma100" : null,
    "dma200" : 7320.45,
    "volume" : 17594.00
  }, {
    "date" : "2024-12-19",
    "price" : 6469.30,
    "dma50" : 7156.03,
    "dma100" : null,
    "dma200" : 7311.98,
    "volume" : 41622.00
  }, {
    "date" : "2024-12-20",
    "price" : 6359.80,
    "dma50" : 7124.81,
    "dma100" : null,
    "dma200" : 7302.51,
    "volume" : 28107.00
  }, {
    "date" : "2024-12-23",
    "price" : 6210.15,
    "dma50" : 7088.94,
    "dma100" : null,
    "dma200" : 7291.64,
    "volume" : 59784.00
  }, {
    "date" : "2024-12-24",
    "price" : 6246.75,
    "dma50" : 7055.91,
    "dma100" : null,
    "dma200" : 7281.24,
    "volume" : 40764.00
  }, {
    "date" : "2024-12-26",
    "price" : 6186.10,
    "dma50" : 7021.80,
    "dma100" : null,
    "dma200" : 7270.34,
    "volume" : 24305.00
  }, {
    "date" : "2024-12-27",
    "price" : 6149.30,
    "dma50" : 6987.59,
    "dma100" : null,
    "dma200" : 7259.19,
    "volume" : 44879.00
  }, {
    "date" : "2024-12-30",
    "price" : 5820.95,
    "dma50" : 6941.84,
    "dma100" : null,
    "dma200" : 7244.88,
    "volume" : 123157.00
  }, {
    "date" : "2024-12-31",
    "price" : 5996.05,
    "dma50" : 6904.75,
    "dma100" : null,
    "dma200" : 7232.45,
    "volume" : 161180.00
  }, {
    "date" : "2025-01-01",
    "price" : 6079.50,
    "dma50" : 6872.38,
    "dma100" : null,
    "dma200" : 7220.98,
    "volume" : 68271.00
  }, {
    "date" : "2025-01-02",
    "price" : 6215.75,
    "dma50" : 6846.63,
    "dma100" : null,
    "dma200" : 7210.98,
    "volume" : 97113.00
  }, {
    "date" : "2025-01-03",
    "price" : 6329.20,
    "dma50" : 6826.34,
    "dma100" : null,
    "dma200" : 7202.20,
    "volume" : 125997.00
  }, {
    "date" : "2025-01-06",
    "price" : 6623.70,
    "dma50" : 6818.39,
    "dma100" : null,
    "dma200" : 7196.45,
    "volume" : 325532.00
  }, {
    "date" : "2025-01-07",
    "price" : 6499.95,
    "dma50" : 6805.91,
    "dma100" : null,
    "dma200" : 7189.52,
    "volume" : 65959.00
  }, {
    "date" : "2025-01-08",
    "price" : 6509.65,
    "dma50" : 6794.29,
    "dma100" : null,
    "dma200" : 7182.75,
    "volume" : 54939.00
  }, {
    "date" : "2025-01-09",
    "price" : 6456.15,
    "dma50" : 6781.03,
    "dma100" : null,
    "dma200" : 7175.52,
    "volume" : 55946.00
  }, {
    "date" : "2025-01-10",
    "price" : 6436.80,
    "dma50" : 6767.53,
    "dma100" : null,
    "dma200" : 7168.17,
    "volume" : 45288.00
  }, {
    "date" : "2025-01-13",
    "price" : 6021.95,
    "dma50" : 6738.29,
    "dma100" : null,
    "dma200" : 7156.77,
    "volume" : 115662.00
  }, {
    "date" : "2025-01-14",
    "price" : 6106.45,
    "dma50" : 6713.51,
    "dma100" : null,
    "dma200" : 7146.32,
    "volume" : 35632.00
  }, {
    "date" : "2025-01-15",
    "price" : 5989.35,
    "dma50" : 6685.11,
    "dma100" : null,
    "dma200" : 7134.80,
    "volume" : 57499.00
  }, {
    "date" : "2025-01-16",
    "price" : 5888.15,
    "dma50" : 6653.86,
    "dma100" : null,
    "dma200" : 7122.40,
    "volume" : 39600.00
  }, {
    "date" : "2025-01-17",
    "price" : 5810.45,
    "dma50" : 6620.79,
    "dma100" : null,
    "dma200" : 7109.35,
    "volume" : 96253.00
  }, {
    "date" : "2025-01-20",
    "price" : 5932.35,
    "dma50" : 6593.79,
    "dma100" : null,
    "dma200" : 7097.63,
    "volume" : 70203.00
  }, {
    "date" : "2025-01-21",
    "price" : 5857.40,
    "dma50" : 6564.91,
    "dma100" : null,
    "dma200" : 7085.29,
    "volume" : 43405.00
  }, {
    "date" : "2025-01-22",
    "price" : 5732.90,
    "dma50" : 6532.28,
    "dma100" : null,
    "dma200" : 7071.84,
    "volume" : 41078.00
  }, {
    "date" : "2025-01-23",
    "price" : 5851.20,
    "dma50" : 6505.57,
    "dma100" : null,
    "dma200" : 7059.69,
    "volume" : 38666.00
  }, {
    "date" : "2025-01-24",
    "price" : 5844.25,
    "dma50" : 6479.64,
    "dma100" : null,
    "dma200" : 7047.60,
    "volume" : 34384.00
  }, {
    "date" : "2025-01-27",
    "price" : 5680.35,
    "dma50" : 6448.29,
    "dma100" : null,
    "dma200" : 7033.99,
    "volume" : 64677.00
  }, {
    "date" : "2025-01-28",
    "price" : 5645.90,
    "dma50" : 6416.83,
    "dma100" : null,
    "dma200" : 7020.18,
    "volume" : 336206.00
  }, {
    "date" : "2025-01-29",
    "price" : 6286.00,
    "dma50" : 6411.70,
    "dma100" : null,
    "dma200" : 7012.88,
    "volume" : 406325.00
  }, {
    "date" : "2025-01-30",
    "price" : 6198.20,
    "dma50" : 6403.33,
    "dma100" : null,
    "dma200" : 7004.77,
    "volume" : 67067.00
  }, {
    "date" : "2025-01-31",
    "price" : 6267.85,
    "dma50" : 6398.01,
    "dma100" : null,
    "dma200" : 6997.44,
    "volume" : 38440.00
  }, {
    "date" : "2025-02-01",
    "price" : 6258.10,
    "dma50" : 6392.53,
    "dma100" : null,
    "dma200" : 6990.08,
    "volume" : 26951.00
  }, {
    "date" : "2025-02-03",
    "price" : 6181.15,
    "dma50" : 6384.24,
    "dma100" : null,
    "dma200" : 6982.03,
    "volume" : 18125.00
  }, {
    "date" : "2025-02-04",
    "price" : 6243.60,
    "dma50" : 6378.72,
    "dma100" : null,
    "dma200" : 6974.68,
    "volume" : 26639.00
  }, {
    "date" : "2025-02-05",
    "price" : 6327.80,
    "dma50" : 6376.72,
    "dma100" : null,
    "dma200" : 6968.25,
    "volume" : 21187.00
  }, {
    "date" : "2025-02-06",
    "price" : 6286.85,
    "dma50" : 6373.20,
    "dma100" : null,
    "dma200" : 6961.47,
    "volume" : 19831.00
  }, {
    "date" : "2025-02-07",
    "price" : 6194.45,
    "dma50" : 6366.19,
    "dma100" : null,
    "dma200" : 6953.83,
    "volume" : 22535.00
  }, {
    "date" : "2025-02-10",
    "price" : 6015.70,
    "dma50" : 6352.45,
    "dma100" : null,
    "dma200" : 6944.50,
    "volume" : 28671.00
  }, {
    "date" : "2025-02-11",
    "price" : 5951.00,
    "dma50" : 6336.70,
    "dma100" : null,
    "dma200" : 6934.61,
    "volume" : 32909.00
  }, {
    "date" : "2025-02-12",
    "price" : 5814.95,
    "dma50" : 6316.24,
    "dma100" : null,
    "dma200" : 6923.47,
    "volume" : 56925.00
  }, {
    "date" : "2025-02-13",
    "price" : 5693.15,
    "dma50" : 6291.81,
    "dma100" : null,
    "dma200" : 6911.23,
    "volume" : 31723.00
  }, {
    "date" : "2025-02-14",
    "price" : 5572.75,
    "dma50" : 6263.61,
    "dma100" : null,
    "dma200" : 6897.91,
    "volume" : 77770.00
  }, {
    "date" : "2025-02-17",
    "price" : 5603.00,
    "dma50" : 6237.70,
    "dma100" : null,
    "dma200" : 6885.03,
    "volume" : 57826.00
  }, {
    "date" : "2025-02-18",
    "price" : 5543.15,
    "dma50" : 6210.46,
    "dma100" : null,
    "dma200" : 6871.68,
    "volume" : 57453.00
  }, {
    "date" : "2025-02-19",
    "price" : 5859.90,
    "dma50" : 6196.72,
    "dma100" : null,
    "dma200" : 6861.61,
    "volume" : 82804.00
  }, {
    "date" : "2025-02-20",
    "price" : 6173.30,
    "dma50" : 6195.80,
    "dma100" : null,
    "dma200" : 6854.76,
    "volume" : 732215.00
  }, {
    "date" : "2025-02-21",
    "price" : 6164.80,
    "dma50" : 6194.58,
    "dma100" : null,
    "dma200" : 6847.90,
    "volume" : 57919.00
  }, {
    "date" : "2025-02-24",
    "price" : 6343.70,
    "dma50" : 6200.43,
    "dma100" : null,
    "dma200" : 6842.88,
    "volume" : 84907.00
  }, {
    "date" : "2025-02-25",
    "price" : 6324.90,
    "dma50" : 6205.31,
    "dma100" : null,
    "dma200" : 6837.72,
    "volume" : 69427.00
  }, {
    "date" : "2025-02-27",
    "price" : 6068.20,
    "dma50" : 6199.94,
    "dma100" : null,
    "dma200" : 6830.07,
    "volume" : 49060.00
  }, {
    "date" : "2025-02-28",
    "price" : 5927.05,
    "dma50" : 6189.23,
    "dma100" : null,
    "dma200" : 6821.08,
    "volume" : 55507.00
  }, {
    "date" : "2025-03-03",
    "price" : 5831.65,
    "dma50" : 6175.21,
    "dma100" : null,
    "dma200" : 6811.24,
    "volume" : 55375.00
  }, {
    "date" : "2025-03-04",
    "price" : 5946.30,
    "dma50" : 6166.23,
    "dma100" : null,
    "dma200" : 6802.63,
    "volume" : 70434.00
  }, {
    "date" : "2025-03-05",
    "price" : 6146.15,
    "dma50" : 6165.45,
    "dma100" : null,
    "dma200" : 6796.10,
    "volume" : 61531.00
  }, {
    "date" : "2025-03-06",
    "price" : 6082.30,
    "dma50" : 6162.19,
    "dma100" : null,
    "dma200" : 6789.00,
    "volume" : 42598.00
  }, {
    "date" : "2025-03-07",
    "price" : 6222.10,
    "dma50" : 6164.54,
    "dma100" : null,
    "dma200" : 6783.36,
    "volume" : 44125.00
  }, {
    "date" : "2025-03-10",
    "price" : 6075.70,
    "dma50" : 6161.05,
    "dma100" : null,
    "dma200" : 6776.31,
    "volume" : 39454.00
  }, {
    "date" : "2025-03-11",
    "price" : 5943.60,
    "dma50" : 6152.52,
    "dma100" : null,
    "dma200" : 6768.03,
    "volume" : 38334.00
  }, {
    "date" : "2025-03-12",
    "price" : 6111.15,
    "dma50" : 6150.90,
    "dma100" : null,
    "dma200" : 6761.49,
    "volume" : 80206.00
  }, {
    "date" : "2025-03-13",
    "price" : 6021.00,
    "dma50" : 6145.81,
    "dma100" : null,
    "dma200" : 6754.12,
    "volume" : 47613.00
  }, {
    "date" : "2025-03-17",
    "price" : 6115.25,
    "dma50" : 6144.61,
    "dma100" : null,
    "dma200" : 6747.77,
    "volume" : 35418.00
  }, {
    "date" : "2025-03-18",
    "price" : 6114.90,
    "dma50" : 6143.44,
    "dma100" : null,
    "dma200" : 6741.47,
    "volume" : 26808.00
  }, {
    "date" : "2025-03-19",
    "price" : 6380.05,
    "dma50" : 6152.72,
    "dma100" : null,
    "dma200" : 6737.87,
    "volume" : 82180.00
  }, {
    "date" : "2025-03-20",
    "price" : 6332.50,
    "dma50" : 6159.77,
    "dma100" : null,
    "dma200" : 6733.84,
    "volume" : 36103.00
  }, {
    "date" : "2025-03-21",
    "price" : 6471.60,
    "dma50" : 6172.00,
    "dma100" : null,
    "dma200" : 6731.23,
    "volume" : 74759.00
  }, {
    "date" : "2025-03-24",
    "price" : 6451.95,
    "dma50" : 6182.98,
    "dma100" : null,
    "dma200" : 6728.45,
    "volume" : 41138.00
  }, {
    "date" : "2025-03-25",
    "price" : 6323.65,
    "dma50" : 6188.50,
    "dma100" : null,
    "dma200" : 6724.42,
    "volume" : 54852.00
  }, {
    "date" : "2025-03-26",
    "price" : 6143.85,
    "dma50" : 6186.75,
    "dma100" : null,
    "dma200" : 6718.65,
    "volume" : 44517.00
  }, {
    "date" : "2025-03-27",
    "price" : 6172.90,
    "dma50" : 6186.20,
    "dma100" : null,
    "dma200" : 6713.22,
    "volume" : 62034.00
  }, {
    "date" : "2025-03-28",
    "price" : 6257.40,
    "dma50" : 6188.99,
    "dma100" : null,
    "dma200" : 6708.68,
    "volume" : 60054.00
  }, {
    "date" : "2025-04-01",
    "price" : 6207.90,
    "dma50" : 6189.74,
    "dma100" : null,
    "dma200" : 6703.70,
    "volume" : 17093.00
  }, {
    "date" : "2025-04-02",
    "price" : 6221.15,
    "dma50" : 6190.97,
    "dma100" : null,
    "dma200" : 6698.90,
    "volume" : 16889.00
  }, {
    "date" : "2025-04-03",
    "price" : 6167.50,
    "dma50" : 6190.05,
    "dma100" : null,
    "dma200" : 6693.61,
    "volume" : 17419.00
  }, {
    "date" : "2025-04-04",
    "price" : 5794.35,
    "dma50" : 6174.53,
    "dma100" : null,
    "dma200" : 6684.66,
    "volume" : 45123.00
  }, {
    "date" : "2025-04-07",
    "price" : 5937.45,
    "dma50" : 6165.23,
    "dma100" : null,
    "dma200" : 6677.23,
    "volume" : 114178.00
  }, {
    "date" : "2025-04-08",
    "price" : 5922.80,
    "dma50" : 6155.73,
    "dma100" : null,
    "dma200" : 6669.72,
    "volume" : 33630.00
  }, {
    "date" : "2025-04-09",
    "price" : 5894.20,
    "dma50" : 6145.47,
    "dma100" : null,
    "dma200" : 6662.00,
    "volume" : 17351.00
  }, {
    "date" : "2025-04-11",
    "price" : 5895.45,
    "dma50" : 6135.66,
    "dma100" : null,
    "dma200" : 6654.38,
    "volume" : 24576.00
  }, {
    "date" : "2025-04-15",
    "price" : 6109.50,
    "dma50" : 6134.64,
    "dma100" : null,
    "dma200" : 6648.95,
    "volume" : 27154.00
  }, {
    "date" : "2025-04-16",
    "price" : 6236.00,
    "dma50" : 6138.61,
    "dma100" : null,
    "dma200" : 6644.85,
    "volume" : 26931.00
  }, {
    "date" : "2025-04-17",
    "price" : 6243.50,
    "dma50" : 6142.73,
    "dma100" : null,
    "dma200" : 6640.85,
    "volume" : 27227.00
  }, {
    "date" : "2025-04-21",
    "price" : 6500.00,
    "dma50" : 6156.74,
    "dma100" : null,
    "dma200" : 6639.45,
    "volume" : 55384.00
  }, {
    "date" : "2025-04-22",
    "price" : 6515.00,
    "dma50" : 6170.79,
    "dma100" : null,
    "dma200" : 6638.21,
    "volume" : 48773.00
  }, {
    "date" : "2025-04-23",
    "price" : 6557.00,
    "dma50" : 6185.93,
    "dma100" : null,
    "dma200" : 6637.40,
    "volume" : 35301.00
  }, {
    "date" : "2025-04-24",
    "price" : 6506.50,
    "dma50" : 6198.50,
    "dma100" : null,
    "dma200" : 6636.10,
    "volume" : 19786.00
  }, {
    "date" : "2025-04-25",
    "price" : 6403.50,
    "dma50" : 6206.54,
    "dma100" : null,
    "dma200" : 6633.79,
    "volume" : 48268.00
  }, {
    "date" : "2025-04-28",
    "price" : 6445.00,
    "dma50" : 6215.89,
    "dma100" : null,
    "dma200" : 6631.91,
    "volume" : 18150.00
  }, {
    "date" : "2025-04-29",
    "price" : 6477.50,
    "dma50" : 6226.15,
    "dma100" : null,
    "dma200" : 6630.37,
    "volume" : 38109.00
  }, {
    "date" : "2025-04-30",
    "price" : 6336.00,
    "dma50" : 6230.46,
    "dma100" : null,
    "dma200" : 6627.44,
    "volume" : 27125.00
  }, {
    "date" : "2025-05-02",
    "price" : 6290.50,
    "dma50" : 6232.82,
    "dma100" : null,
    "dma200" : 6624.09,
    "volume" : 21426.00
  }, {
    "date" : "2025-05-05",
    "price" : 6357.00,
    "dma50" : 6237.69,
    "dma100" : null,
    "dma200" : 6621.43,
    "volume" : 14459.00
  }, {
    "date" : "2025-05-06",
    "price" : 6191.50,
    "dma50" : 6235.87,
    "dma100" : null,
    "dma200" : 6617.15,
    "volume" : 34539.00
  }, {
    "date" : "2025-05-07",
    "price" : 6188.50,
    "dma50" : 6234.02,
    "dma100" : 6176.61,
    "dma200" : 6612.89,
    "volume" : 26665.00
  }, {
    "date" : "2025-05-08",
    "price" : 6027.50,
    "dma50" : 6225.92,
    "dma100" : 6169.54,
    "dma200" : 6607.06,
    "volume" : 57025.00
  }, {
    "date" : "2025-05-09",
    "price" : 6083.50,
    "dma50" : 6220.33,
    "dma100" : 6162.47,
    "dma200" : 6601.86,
    "volume" : 23744.00
  }, {
    "date" : "2025-05-12",
    "price" : 6323.00,
    "dma50" : 6224.36,
    "dma100" : 6158.66,
    "dma200" : 6599.08,
    "volume" : 29708.00
  }, {
    "date" : "2025-05-13",
    "price" : 6457.00,
    "dma50" : 6233.48,
    "dma100" : 6155.87,
    "dma200" : 6597.67,
    "volume" : 25676.00
  }, {
    "date" : "2025-05-14",
    "price" : 6834.00,
    "dma50" : 6257.03,
    "dma100" : 6157.15,
    "dma200" : 6600.02,
    "volume" : 117304.00
  }, {
    "date" : "2025-05-15",
    "price" : 7154.00,
    "dma50" : 6292.21,
    "dma100" : 6162.36,
    "dma200" : 6605.53,
    "volume" : 214376.00
  }, {
    "date" : "2025-05-16",
    "price" : 7178.00,
    "dma50" : 6326.94,
    "dma100" : 6168.48,
    "dma200" : 6611.23,
    "volume" : 62045.00
  }, {
    "date" : "2025-05-19",
    "price" : 7310.00,
    "dma50" : 6365.50,
    "dma100" : 6176.89,
    "dma200" : 6618.18,
    "volume" : 82903.00
  }, {
    "date" : "2025-05-20",
    "price" : 7042.00,
    "dma50" : 6392.02,
    "dma100" : 6183.71,
    "dma200" : 6622.40,
    "volume" : 48552.00
  }, {
    "date" : "2025-05-21",
    "price" : 7146.50,
    "dma50" : 6421.61,
    "dma100" : 6193.07,
    "dma200" : 6627.61,
    "volume" : 34633.00
  }, {
    "date" : "2025-05-22",
    "price" : 6982.00,
    "dma50" : 6443.59,
    "dma100" : 6200.43,
    "dma200" : 6631.14,
    "volume" : 37888.00
  }, {
    "date" : "2025-05-23",
    "price" : 7054.00,
    "dma50" : 6467.53,
    "dma100" : 6209.11,
    "dma200" : 6635.35,
    "volume" : 39829.00
  }, {
    "date" : "2025-05-26",
    "price" : 7560.50,
    "dma50" : 6510.39,
    "dma100" : 6223.22,
    "dma200" : 6644.55,
    "volume" : 478534.00
  }, {
    "date" : "2025-05-27",
    "price" : 7519.50,
    "dma50" : 6549.96,
    "dma100" : 6240.20,
    "dma200" : 6653.26,
    "volume" : 66022.00
  }, {
    "date" : "2025-05-28",
    "price" : 7588.50,
    "dma50" : 6590.69,
    "dma100" : 6256.13,
    "dma200" : 6662.56,
    "volume" : 134485.00
  }, {
    "date" : "2025-05-29",
    "price" : 7544.50,
    "dma50" : 6628.09,
    "dma100" : 6270.78,
    "dma200" : 6671.34,
    "volume" : 30730.00
  }, {
    "date" : "2025-05-30",
    "price" : 7505.50,
    "dma50" : 6662.50,
    "dma100" : 6283.68,
    "dma200" : 6679.64,
    "volume" : 29015.00
  }, {
    "date" : "2025-06-02",
    "price" : 7520.00,
    "dma50" : 6696.13,
    "dma100" : 6295.58,
    "dma200" : 6688.00,
    "volume" : 26835.00
  }, {
    "date" : "2025-06-03",
    "price" : 7471.00,
    "dma50" : 6726.51,
    "dma100" : 6304.06,
    "dma200" : 6695.79,
    "volume" : 31802.00
  }, {
    "date" : "2025-06-04",
    "price" : 7529.00,
    "dma50" : 6757.98,
    "dma100" : 6314.35,
    "dma200" : 6704.08,
    "volume" : 24858.00
  }, {
    "date" : "2025-06-05",
    "price" : 7502.00,
    "dma50" : 6787.16,
    "dma100" : 6324.27,
    "dma200" : 6712.02,
    "volume" : 20256.00
  }, {
    "date" : "2025-06-06",
    "price" : 7448.50,
    "dma50" : 6813.10,
    "dma100" : 6334.19,
    "dma200" : 6719.35,
    "volume" : 15944.00
  }, {
    "date" : "2025-06-09",
    "price" : 7479.00,
    "dma50" : 6839.21,
    "dma100" : 6344.62,
    "dma200" : 6726.91,
    "volume" : 16195.00
  }, {
    "date" : "2025-06-10",
    "price" : 7296.50,
    "dma50" : 6857.14,
    "dma100" : 6357.36,
    "dma200" : 6732.58,
    "volume" : 37601.00
  }, {
    "date" : "2025-06-11",
    "price" : 7359.00,
    "dma50" : 6876.82,
    "dma100" : 6369.89,
    "dma200" : 6738.81,
    "volume" : 38726.00
  }, {
    "date" : "2025-06-12",
    "price" : 7191.50,
    "dma50" : 6889.16,
    "dma100" : 6381.91,
    "dma200" : 6743.31,
    "volume" : 18215.00
  }, {
    "date" : "2025-06-13",
    "price" : 7135.50,
    "dma50" : 6898.82,
    "dma100" : 6394.38,
    "dma200" : 6747.22,
    "volume" : 30138.00
  }, {
    "date" : "2025-06-16",
    "price" : 7137.50,
    "dma50" : 6908.18,
    "dma100" : 6407.65,
    "dma200" : 6751.10,
    "volume" : 18143.00
  }, {
    "date" : "2025-06-17",
    "price" : 7103.00,
    "dma50" : 6915.82,
    "dma100" : 6419.36,
    "dma200" : 6754.60,
    "volume" : 18368.00
  }, {
    "date" : "2025-06-18",
    "price" : 7016.00,
    "dma50" : 6919.75,
    "dma100" : 6430.94,
    "dma200" : 6757.20,
    "volume" : 13431.00
  }, {
    "date" : "2025-06-19",
    "price" : 6732.50,
    "dma50" : 6912.41,
    "dma100" : 6440.94,
    "dma200" : 6756.96,
    "volume" : 36379.00
  }, {
    "date" : "2025-06-20",
    "price" : 6522.50,
    "dma50" : 6897.12,
    "dma100" : 6447.65,
    "dma200" : 6754.62,
    "volume" : 235671.00
  }, {
    "date" : "2025-06-23",
    "price" : 6867.00,
    "dma50" : 6895.94,
    "dma100" : 6457.88,
    "dma200" : 6755.74,
    "volume" : 83392.00
  }, {
    "date" : "2025-06-24",
    "price" : 6562.50,
    "dma50" : 6882.86,
    "dma100" : 6466.70,
    "dma200" : 6753.82,
    "volume" : 122937.00
  }, {
    "date" : "2025-06-25",
    "price" : 6604.50,
    "dma50" : 6871.95,
    "dma100" : 6476.29,
    "dma200" : 6752.33,
    "volume" : 39745.00
  }, {
    "date" : "2025-06-26",
    "price" : 6594.50,
    "dma50" : 6861.07,
    "dma100" : 6479.37,
    "dma200" : 6750.76,
    "volume" : 37448.00
  }, {
    "date" : "2025-06-27",
    "price" : 6639.00,
    "dma50" : 6852.36,
    "dma100" : 6483.78,
    "dma200" : 6749.65,
    "volume" : 61260.00
  }, {
    "date" : "2025-06-30",
    "price" : 6655.50,
    "dma50" : 6844.64,
    "dma100" : 6487.66,
    "dma200" : 6748.71,
    "volume" : 29744.00
  }, {
    "date" : "2025-07-01",
    "price" : 6575.50,
    "dma50" : 6834.08,
    "dma100" : 6490.83,
    "dma200" : 6746.99,
    "volume" : 91142.00
  }, {
    "date" : "2025-07-02",
    "price" : 6668.50,
    "dma50" : 6827.59,
    "dma100" : 6495.71,
    "dma200" : 6746.21,
    "volume" : 28328.00
  }, {
    "date" : "2025-07-03",
    "price" : 6594.50,
    "dma50" : 6818.45,
    "dma100" : 6499.21,
    "dma200" : 6744.70,
    "volume" : 20000.00
  }, {
    "date" : "2025-07-04",
    "price" : 6619.50,
    "dma50" : 6810.65,
    "dma100" : 6502.13,
    "dma200" : 6743.45,
    "volume" : 22451.00
  }, {
    "date" : "2025-07-07",
    "price" : 6679.50,
    "dma50" : 6805.50,
    "dma100" : 6506.06,
    "dma200" : 6742.82,
    "volume" : 23769.00
  }, {
    "date" : "2025-07-08",
    "price" : 6893.50,
    "dma50" : 6808.95,
    "dma100" : 6513.05,
    "dma200" : 6744.32,
    "volume" : 143942.00
  }, {
    "date" : "2025-07-09",
    "price" : 6792.50,
    "dma50" : 6808.31,
    "dma100" : 6520.82,
    "dma200" : 6744.80,
    "volume" : 25415.00
  }, {
    "date" : "2025-07-10",
    "price" : 6770.50,
    "dma50" : 6806.83,
    "dma100" : 6529.01,
    "dma200" : 6745.05,
    "volume" : 22358.00
  }, {
    "date" : "2025-07-11",
    "price" : 6794.50,
    "dma50" : 6806.34,
    "dma100" : 6538.81,
    "dma200" : 6745.54,
    "volume" : 18237.00
  }, {
    "date" : "2025-07-14",
    "price" : 6840.50,
    "dma50" : 6807.68,
    "dma100" : 6550.28,
    "dma200" : 6746.49,
    "volume" : 27647.00
  }, {
    "date" : "2025-07-15",
    "price" : 6841.50,
    "dma50" : 6809.01,
    "dma100" : 6562.97,
    "dma200" : 6747.43,
    "volume" : 12116.00
  }, {
    "date" : "2025-07-16",
    "price" : 6750.50,
    "dma50" : 6806.71,
    "dma100" : 6574.44,
    "dma200" : 6747.46,
    "volume" : 13538.00
  }, {
    "date" : "2025-07-17",
    "price" : 6723.00,
    "dma50" : 6803.43,
    "dma100" : 6586.24,
    "dma200" : 6747.22,
    "volume" : 8997.00
  }, {
    "date" : "2025-07-18",
    "price" : 6703.50,
    "dma50" : 6799.51,
    "dma100" : 6594.68,
    "dma200" : 6746.79,
    "volume" : 12470.00
  }, {
    "date" : "2025-07-21",
    "price" : 6689.00,
    "dma50" : 6795.18,
    "dma100" : 6599.83,
    "dma200" : 6746.21,
    "volume" : 12543.00
  }, {
    "date" : "2025-07-22",
    "price" : 6608.00,
    "dma50" : 6787.84,
    "dma100" : 6604.27,
    "dma200" : 6744.84,
    "volume" : 14346.00
  }, {
    "date" : "2025-07-23",
    "price" : 6582.00,
    "dma50" : 6779.77,
    "dma100" : 6606.65,
    "dma200" : 6743.22,
    "volume" : 17054.00
  }, {
    "date" : "2025-07-24",
    "price" : 6605.50,
    "dma50" : 6772.93,
    "dma100" : 6609.46,
    "dma200" : 6741.85,
    "volume" : 28205.00
  }, {
    "date" : "2025-07-25",
    "price" : 6464.00,
    "dma50" : 6760.82,
    "dma100" : 6613.41,
    "dma200" : 6739.08,
    "volume" : 22366.00
  }, {
    "date" : "2025-07-28",
    "price" : 6501.00,
    "dma50" : 6750.63,
    "dma100" : 6619.15,
    "dma200" : 6736.71,
    "volume" : 23865.00
  }, {
    "date" : "2025-07-29",
    "price" : 6565.00,
    "dma50" : 6743.35,
    "dma100" : 6626.49,
    "dma200" : 6735.00,
    "volume" : 14170.00
  }, {
    "date" : "2025-07-30",
    "price" : 6617.50,
    "dma50" : 6738.41,
    "dma100" : 6633.20,
    "dma200" : 6733.83,
    "volume" : 9230.00
  }, {
    "date" : "2025-07-31",
    "price" : 6573.50,
    "dma50" : 6731.95,
    "dma100" : 6637.47,
    "dma200" : 6732.24,
    "volume" : 13971.00
  }, {
    "date" : "2025-08-01",
    "price" : 6575.00,
    "dma50" : 6725.79,
    "dma100" : 6642.40,
    "dma200" : 6730.67,
    "volume" : 14673.00
  }, {
    "date" : "2025-08-04",
    "price" : 6597.50,
    "dma50" : 6720.76,
    "dma100" : 6646.15,
    "dma200" : 6729.35,
    "volume" : 10815.00
  }, {
    "date" : "2025-08-05",
    "price" : 6539.00,
    "dma50" : 6713.63,
    "dma100" : 6650.79,
    "dma200" : 6727.45,
    "volume" : 14961.00
  }, {
    "date" : "2025-08-06",
    "price" : 6464.00,
    "dma50" : 6703.84,
    "dma100" : 6655.99,
    "dma200" : 6724.83,
    "volume" : 13353.00
  }, {
    "date" : "2025-08-07",
    "price" : 6533.00,
    "dma50" : 6697.14,
    "dma100" : 6660.21,
    "dma200" : 6722.92,
    "volume" : 16705.00
  }, {
    "date" : "2025-08-08",
    "price" : 6375.50,
    "dma50" : 6684.53,
    "dma100" : 6663.75,
    "dma200" : 6719.47,
    "volume" : 21975.00
  }, {
    "date" : "2025-08-11",
    "price" : 6219.50,
    "dma50" : 6666.29,
    "dma100" : 6664.80,
    "dma200" : 6714.49,
    "volume" : 48548.00
  }, {
    "date" : "2025-08-12",
    "price" : 6214.00,
    "dma50" : 6648.56,
    "dma100" : 6665.79,
    "dma200" : 6709.51,
    "volume" : 12828.00
  }, {
    "date" : "2025-08-13",
    "price" : 6226.00,
    "dma50" : 6631.99,
    "dma100" : 6664.25,
    "dma200" : 6704.70,
    "volume" : 11088.00
  }, {
    "date" : "2025-08-14",
    "price" : 6212.50,
    "dma50" : 6615.54,
    "dma100" : 6663.05,
    "dma200" : 6699.80,
    "volume" : 7098.00
  }, {
    "date" : "2025-08-18",
    "price" : 6392.50,
    "dma50" : 6606.79,
    "dma100" : 6662.26,
    "dma200" : 6696.75,
    "volume" : 33716.00
  }, {
    "date" : "2025-08-19",
    "price" : 6417.50,
    "dma50" : 6599.37,
    "dma100" : 6661.91,
    "dma200" : 6693.97,
    "volume" : 17801.00
  }, {
    "date" : "2025-08-20",
    "price" : 6366.00,
    "dma50" : 6590.21,
    "dma100" : 6662.33,
    "dma200" : 6690.70,
    "volume" : 11055.00
  }, {
    "date" : "2025-08-21",
    "price" : 6348.50,
    "dma50" : 6580.74,
    "dma100" : 6664.38,
    "dma200" : 6687.30,
    "volume" : 9561.00
  }, {
    "date" : "2025-08-22",
    "price" : 6311.50,
    "dma50" : 6570.18,
    "dma100" : 6665.77,
    "dma200" : 6683.56,
    "volume" : 7723.00
  }, {
    "date" : "2025-08-25",
    "price" : 6295.00,
    "dma50" : 6559.39,
    "dma100" : 6666.14,
    "dma200" : 6679.69,
    "volume" : 18527.00
  }, {
    "date" : "2025-08-26",
    "price" : 6418.00,
    "dma50" : 6553.84,
    "dma100" : 6668.24,
    "dma200" : 6677.09,
    "volume" : 125166.00
  }, {
    "date" : "2025-08-28",
    "price" : 6374.00,
    "dma50" : 6546.79,
    "dma100" : 6669.77,
    "dma200" : 6674.07,
    "volume" : 9859.00
  }, {
    "date" : "2025-08-29",
    "price" : 6378.50,
    "dma50" : 6540.19,
    "dma100" : 6671.88,
    "dma200" : 6671.13,
    "volume" : 13286.00
  }, {
    "date" : "2025-09-01",
    "price" : 6368.50,
    "dma50" : 6533.46,
    "dma100" : 6677.62,
    "dma200" : 6668.12,
    "volume" : 15236.00
  }, {
    "date" : "2025-09-02",
    "price" : 6380.00,
    "dma50" : 6527.44,
    "dma100" : 6682.05,
    "dma200" : 6665.25,
    "volume" : 11701.00
  }, {
    "date" : "2025-09-03",
    "price" : 6438.50,
    "dma50" : 6523.95,
    "dma100" : 6687.21,
    "dma200" : 6663.00,
    "volume" : 9752.00
  }, {
    "date" : "2025-09-04",
    "price" : 6456.50,
    "dma50" : 6521.31,
    "dma100" : 6692.83,
    "dma200" : 6660.94,
    "volume" : 12966.00
  }, {
    "date" : "2025-09-05",
    "price" : 6425.50,
    "dma50" : 6517.55,
    "dma100" : 6698.13,
    "dma200" : 6658.60,
    "volume" : 17059.00
  }, {
    "date" : "2025-09-08",
    "price" : 6494.00,
    "dma50" : 6516.62,
    "dma100" : 6701.98,
    "dma200" : 6656.96,
    "volume" : 32592.00
  }, {
    "date" : "2025-09-09",
    "price" : 6463.00,
    "dma50" : 6514.52,
    "dma100" : 6704.25,
    "dma200" : 6655.03,
    "volume" : 17894.00
  }, {
    "date" : "2025-09-10",
    "price" : 6465.00,
    "dma50" : 6512.58,
    "dma100" : 6706.46,
    "dma200" : 6653.14,
    "volume" : 22003.00
  }, {
    "date" : "2025-09-11",
    "price" : 6443.00,
    "dma50" : 6509.85,
    "dma100" : 6705.89,
    "dma200" : 6651.05,
    "volume" : 12544.00
  }, {
    "date" : "2025-09-12",
    "price" : 6439.00,
    "dma50" : 6507.07,
    "dma100" : 6705.13,
    "dma200" : 6648.94,
    "volume" : 9322.00
  }, {
    "date" : "2025-09-15",
    "price" : 6529.50,
    "dma50" : 6507.95,
    "dma100" : 6704.86,
    "dma200" : 6647.75,
    "volume" : 19209.00
  }, {
    "date" : "2025-09-16",
    "price" : 6510.50,
    "dma50" : 6508.05,
    "dma100" : 6704.90,
    "dma200" : 6646.39,
    "volume" : 11902.00
  }, {
    "date" : "2025-09-17",
    "price" : 6443.00,
    "dma50" : 6505.50,
    "dma100" : 6705.29,
    "dma200" : 6644.36,
    "volume" : 39671.00
  }, {
    "date" : "2025-09-18",
    "price" : 6446.00,
    "dma50" : 6503.17,
    "dma100" : 6705.30,
    "dma200" : 6642.39,
    "volume" : 18378.00
  }, {
    "date" : "2025-09-19",
    "price" : 6314.50,
    "dma50" : 6495.77,
    "dma100" : 6703.67,
    "dma200" : 6639.13,
    "volume" : 31783.00
  }, {
    "date" : "2025-09-22",
    "price" : 6379.00,
    "dma50" : 6491.19,
    "dma100" : 6704.10,
    "dma200" : 6636.54,
    "volume" : 15965.00
  }, {
    "date" : "2025-09-23",
    "price" : 6480.00,
    "dma50" : 6490.75,
    "dma100" : 6706.00,
    "dma200" : 6634.98,
    "volume" : 29432.00
  }, {
    "date" : "2025-09-24",
    "price" : 6371.50,
    "dma50" : 6486.07,
    "dma100" : 6706.14,
    "dma200" : 6632.36,
    "volume" : 22831.00
  }, {
    "date" : "2025-09-25",
    "price" : 6378.00,
    "dma50" : 6481.84,
    "dma100" : 6708.01,
    "dma200" : 6629.83,
    "volume" : 12344.00
  }, {
    "date" : "2025-09-26",
    "price" : 6317.00,
    "dma50" : 6475.37,
    "dma100" : 6709.29,
    "dma200" : 6626.72,
    "volume" : 12857.00
  }, {
    "date" : "2025-09-29",
    "price" : 6201.00,
    "dma50" : 6464.61,
    "dma100" : 6711.03,
    "dma200" : 6622.48,
    "volume" : 16302.00
  }, {
    "date" : "2025-09-30",
    "price" : 6245.50,
    "dma50" : 6456.02,
    "dma100" : 6712.65,
    "dma200" : 6618.73,
    "volume" : 10193.00
  }, {
    "date" : "2025-10-01",
    "price" : 6266.50,
    "dma50" : 6448.59,
    "dma100" : 6712.08,
    "dma200" : 6615.22,
    "volume" : 45444.00
  }, {
    "date" : "2025-10-03",
    "price" : 6226.00,
    "dma50" : 6439.86,
    "dma100" : 6709.77,
    "dma200" : 6611.35,
    "volume" : 11749.00
  }, {
    "date" : "2025-10-06",
    "price" : 6145.50,
    "dma50" : 6428.32,
    "dma100" : 6702.89,
    "dma200" : 6606.72,
    "volume" : 26730.00
  }, {
    "date" : "2025-10-07",
    "price" : 6144.50,
    "dma50" : 6417.19,
    "dma100" : 6692.79,
    "dma200" : 6602.12,
    "volume" : 11156.00
  }, {
    "date" : "2025-10-08",
    "price" : 6116.00,
    "dma50" : 6405.37,
    "dma100" : 6682.17,
    "dma200" : 6597.28,
    "volume" : 11901.00
  }, {
    "date" : "2025-10-09",
    "price" : 6180.50,
    "dma50" : 6396.56,
    "dma100" : 6670.88,
    "dma200" : 6593.13,
    "volume" : 14199.00
  }, {
    "date" : "2025-10-10",
    "price" : 6198.50,
    "dma50" : 6388.79,
    "dma100" : 6662.44,
    "dma200" : 6589.21,
    "volume" : 14039.00
  }, {
    "date" : "2025-10-13",
    "price" : 6177.50,
    "dma50" : 6380.50,
    "dma100" : 6652.75,
    "dma200" : 6585.11,
    "volume" : 9952.00
  }, {
    "date" : "2025-10-14",
    "price" : 6181.00,
    "dma50" : 6372.68,
    "dma100" : 6644.74,
    "dma200" : 6581.09,
    "volume" : 8541.00
  }, {
    "date" : "2025-10-15",
    "price" : 6177.50,
    "dma50" : 6365.02,
    "dma100" : 6635.98,
    "dma200" : 6577.07,
    "volume" : 14515.00
  }, {
    "date" : "2025-10-16",
    "price" : 6191.00,
    "dma50" : 6358.20,
    "dma100" : 6622.28,
    "dma200" : 6573.23,
    "volume" : 17047.00
  }, {
    "date" : "2025-10-17",
    "price" : 6153.50,
    "dma50" : 6350.17,
    "dma100" : 6608.62,
    "dma200" : 6569.05,
    "volume" : 61920.00
  }, {
    "date" : "2025-10-20",
    "price" : 6093.50,
    "dma50" : 6340.11,
    "dma100" : 6593.67,
    "dma200" : 6564.32,
    "volume" : 22529.00
  }, {
    "date" : "2025-10-21",
    "price" : 6138.00,
    "dma50" : 6332.18,
    "dma100" : 6579.61,
    "dma200" : 6560.08,
    "volume" : 1900.00
  }, {
    "date" : "2025-10-23",
    "price" : 6107.50,
    "dma50" : 6323.37,
    "dma100" : 6565.63,
    "dma200" : 6555.58,
    "volume" : 13153.00
  }, {
    "date" : "2025-10-24",
    "price" : 6108.00,
    "dma50" : 6314.92,
    "dma100" : 6551.51,
    "dma200" : 6551.12,
    "volume" : 15509.00
  }, {
    "date" : "2025-10-27",
    "price" : 6085.00,
    "dma50" : 6305.91,
    "dma100" : 6537.65,
    "dma200" : 6546.49,
    "volume" : 14370.00
  }, {
    "date" : "2025-10-28",
    "price" : 6065.00,
    "dma50" : 6296.46,
    "dma100" : 6523.01,
    "dma200" : 6541.70,
    "volume" : 12718.00
  }, {
    "date" : "2025-10-29",
    "price" : 6066.00,
    "dma50" : 6287.42,
    "dma100" : 6508.65,
    "dma200" : 6536.96,
    "volume" : 8524.00
  }, {
    "date" : "2025-10-30",
    "price" : 6059.50,
    "dma50" : 6278.48,
    "dma100" : 6494.76,
    "dma200" : 6532.21,
    "volume" : 8130.00
  }, {
    "date" : "2025-10-31",
    "price" : 6013.50,
    "dma50" : 6268.09,
    "dma100" : 6480.10,
    "dma200" : 6527.05,
    "volume" : 10029.00
  }, {
    "date" : "2025-11-03",
    "price" : 6023.00,
    "dma50" : 6258.48,
    "dma100" : 6467.37,
    "dma200" : 6522.03,
    "volume" : 15170.00
  }, {
    "date" : "2025-11-04",
    "price" : 5986.50,
    "dma50" : 6247.82,
    "dma100" : 6453.64,
    "dma200" : 6516.71,
    "volume" : 14085.00
  }, {
    "date" : "2025-11-06",
    "price" : 5843.00,
    "dma50" : 6231.94,
    "dma100" : 6440.16,
    "dma200" : 6510.00,
    "volume" : 18485.00
  }, {
    "date" : "2025-11-07",
    "price" : 5878.50,
    "dma50" : 6218.08,
    "dma100" : 6427.59,
    "dma200" : 6503.72,
    "volume" : 167174.00
  }, {
    "date" : "2025-11-10",
    "price" : 5839.00,
    "dma50" : 6203.21,
    "dma100" : 6414.60,
    "dma200" : 6497.10,
    "volume" : 24564.00
  }, {
    "date" : "2025-11-11",
    "price" : 5779.50,
    "dma50" : 6186.60,
    "dma100" : 6401.37,
    "dma200" : 6489.96,
    "volume" : 27713.00
  }, {
    "date" : "2025-11-12",
    "price" : 5801.00,
    "dma50" : 6171.48,
    "dma100" : 6389.22,
    "dma200" : 6483.11,
    "volume" : 22609.00
  }, {
    "date" : "2025-11-13",
    "price" : 5758.00,
    "dma50" : 6155.26,
    "dma100" : 6379.47,
    "dma200" : 6475.89,
    "volume" : 28677.00
  }, {
    "date" : "2025-11-14",
    "price" : 5743.00,
    "dma50" : 6139.09,
    "dma100" : 6371.68,
    "dma200" : 6468.60,
    "volume" : 69758.00
  }, {
    "date" : "2025-11-17",
    "price" : 5741.00,
    "dma50" : 6123.48,
    "dma100" : 6360.42,
    "dma200" : 6461.36,
    "volume" : 49426.00
  }, {
    "date" : "2025-11-18",
    "price" : 5695.50,
    "dma50" : 6106.70,
    "dma100" : 6351.75,
    "dma200" : 6453.74,
    "volume" : 30924.00
  }, {
    "date" : "2025-11-19",
    "price" : 6076.50,
    "dma50" : 6105.52,
    "dma100" : 6346.47,
    "dma200" : 6449.99,
    "volume" : 240439.00
  }, {
    "date" : "2025-11-20",
    "price" : 6125.50,
    "dma50" : 6106.30,
    "dma100" : 6341.78,
    "dma200" : 6446.76,
    "volume" : 153577.00
  }, {
    "date" : "2025-11-21",
    "price" : 5966.50,
    "dma50" : 6100.82,
    "dma100" : 6335.05,
    "dma200" : 6441.98,
    "volume" : 42608.00
  }, {
    "date" : "2025-11-24",
    "price" : 5894.50,
    "dma50" : 6092.73,
    "dma100" : 6327.44,
    "dma200" : 6436.53,
    "volume" : 28092.00
  }, {
    "date" : "2025-11-25",
    "price" : 5890.00,
    "dma50" : 6084.78,
    "dma100" : 6320.59,
    "dma200" : 6431.09,
    "volume" : 21700.00
  }, {
    "date" : "2025-11-26",
    "price" : 5908.00,
    "dma50" : 6077.84,
    "dma100" : 6312.98,
    "dma200" : 6425.89,
    "volume" : 144151.00
  }, {
    "date" : "2025-11-27",
    "price" : 6022.50,
    "dma50" : 6075.67,
    "dma100" : 6307.26,
    "dma200" : 6421.88,
    "volume" : 37706.00
  }, {
    "date" : "2025-11-28",
    "price" : 5966.00,
    "dma50" : 6071.37,
    "dma100" : 6300.73,
    "dma200" : 6417.34,
    "volume" : 40129.00
  }, {
    "date" : "2025-12-01",
    "price" : 5884.50,
    "dma50" : 6064.04,
    "dma100" : 6292.78,
    "dma200" : 6412.04,
    "volume" : 20828.00
  }, {
    "date" : "2025-12-02",
    "price" : 5793.00,
    "dma50" : 6053.41,
    "dma100" : 6281.77,
    "dma200" : 6405.88,
    "volume" : 29550.00
  }, {
    "date" : "2025-12-03",
    "price" : 5771.00,
    "dma50" : 6042.34,
    "dma100" : 6271.56,
    "dma200" : 6399.56,
    "volume" : 14613.00
  }, {
    "date" : "2025-12-04",
    "price" : 5800.00,
    "dma50" : 6032.84,
    "dma100" : 6261.85,
    "dma200" : 6393.59,
    "volume" : 34664.00
  }, {
    "date" : "2025-12-05",
    "price" : 5910.00,
    "dma50" : 6028.02,
    "dma100" : 6253.01,
    "dma200" : 6388.78,
    "volume" : 131183.00
  }, {
    "date" : "2025-12-08",
    "price" : 5854.00,
    "dma50" : 6021.19,
    "dma100" : 6243.14,
    "dma200" : 6383.46,
    "volume" : 176450.00
  } ],
  "latestTechnicalAttributes" : {
    "date" : "2025-12-08",
    "price" : 5854.00,
    "dma50" : 6021.19,
    "dma100" : 6243.14,
    "dma200" : 6383.46,
    "volume" : 176450.00
  },
  "quarterlyResults" : [ {
    "date" : "2005-03-31",
    "sales" : 113.22,
    "salesGrowthYoY" : null,
    "grossProfitMargin" : 64.59,
    "grossProfit" : 73.13,
    "operatingProfitMargin" : 17.04,
    "operatingProfit" : 19.29,
    "netProfitMargin" : 7.54,
    "netProfit" : 8.54
  }, {
    "date" : "2005-06-30",
    "sales" : 102.14,
    "salesGrowthYoY" : null,
    "grossProfitMargin" : 67.00,
    "grossProfit" : 68.43,
    "operatingProfitMargin" : 22.03,
    "operatingProfit" : 22.50,
    "netProfitMargin" : 11.40,
    "netProfit" : 11.64
  }, {
    "date" : "2005-09-30",
    "sales" : 97.67,
    "salesGrowthYoY" : null,
    "grossProfitMargin" : 61.67,
    "grossProfit" : 60.23,
    "operatingProfitMargin" : 18.62,
    "operatingProfit" : 18.19,
    "netProfitMargin" : 7.16,
    "netProfit" : 6.99
  }, {
    "date" : "2005-12-31",
    "sales" : 163.31,
    "salesGrowthYoY" : null,
    "grossProfitMargin" : 41.87,
    "grossProfit" : 68.38,
    "operatingProfitMargin" : 12.93,
    "operatingProfit" : 21.12,
    "netProfitMargin" : 6.97,
    "netProfit" : 11.38
  }, {
    "date" : "2006-03-31",
    "sales" : 159.07,
    "salesGrowthYoY" : 40.50,
    "grossProfitMargin" : 47.91,
    "grossProfit" : 76.21,
    "operatingProfitMargin" : 22.39,
    "operatingProfit" : 35.62,
    "netProfitMargin" : 11.17,
    "netProfit" : 17.77
  }, {
    "date" : "2006-06-30",
    "sales" : 109.09,
    "salesGrowthYoY" : 6.80,
    "grossProfitMargin" : 55.38,
    "grossProfit" : 60.41,
    "operatingProfitMargin" : 16.13,
    "operatingProfit" : 17.60,
    "netProfitMargin" : 10.10,
    "netProfit" : 11.02
  }, {
    "date" : "2006-09-30",
    "sales" : 124.04,
    "salesGrowthYoY" : 27.00,
    "grossProfitMargin" : 50.73,
    "grossProfit" : 62.93,
    "operatingProfitMargin" : 18.71,
    "operatingProfit" : 23.21,
    "netProfitMargin" : 9.55,
    "netProfit" : 11.85
  }, {
    "date" : "2006-12-31",
    "sales" : 115.29,
    "salesGrowthYoY" : -29.40,
    "grossProfitMargin" : 50.05,
    "grossProfit" : 57.70,
    "operatingProfitMargin" : 9.35,
    "operatingProfit" : 10.78,
    "netProfitMargin" : 3.27,
    "netProfit" : 3.77
  }, {
    "date" : "2007-03-31",
    "sales" : 107.68,
    "salesGrowthYoY" : -32.31,
    "grossProfitMargin" : 49.64,
    "grossProfit" : 53.45,
    "operatingProfitMargin" : 17.27,
    "operatingProfit" : 18.60,
    "netProfitMargin" : 0.46,
    "netProfit" : 0.50
  }, {
    "date" : "2007-06-30",
    "sales" : 97.78,
    "salesGrowthYoY" : -10.37,
    "grossProfitMargin" : 49.36,
    "grossProfit" : 48.26,
    "operatingProfitMargin" : 13.60,
    "operatingProfit" : 13.30,
    "netProfitMargin" : 3.20,
    "netProfit" : 3.13
  }, {
    "date" : "2007-09-30",
    "sales" : 97.53,
    "salesGrowthYoY" : -21.37,
    "grossProfitMargin" : 52.61,
    "grossProfit" : 51.31,
    "operatingProfitMargin" : 18.73,
    "operatingProfit" : 18.27,
    "netProfitMargin" : 7.26,
    "netProfit" : 7.08
  }, {
    "date" : "2007-12-31",
    "sales" : 102.89,
    "salesGrowthYoY" : -10.76,
    "grossProfitMargin" : 60.96,
    "grossProfit" : 62.72,
    "operatingProfitMargin" : 16.97,
    "operatingProfit" : 17.46,
    "netProfitMargin" : 6.06,
    "netProfit" : 6.24
  }, {
    "date" : "2008-03-31",
    "sales" : 132.55,
    "salesGrowthYoY" : 23.10,
    "grossProfitMargin" : 59.77,
    "grossProfit" : 79.23,
    "operatingProfitMargin" : 17.08,
    "operatingProfit" : 22.64,
    "netProfitMargin" : 11.17,
    "netProfit" : 14.81
  }, {
    "date" : "2008-06-30",
    "sales" : 139.33,
    "salesGrowthYoY" : 42.49,
    "grossProfitMargin" : 61.19,
    "grossProfit" : 85.26,
    "operatingProfitMargin" : 19.34,
    "operatingProfit" : 26.95,
    "netProfitMargin" : 12.15,
    "netProfit" : 16.93
  }, {
    "date" : "2008-09-30",
    "sales" : 136.18,
    "salesGrowthYoY" : 39.63,
    "grossProfitMargin" : 49.43,
    "grossProfit" : 67.31,
    "operatingProfitMargin" : 14.33,
    "operatingProfit" : 19.51,
    "netProfitMargin" : 12.15,
    "netProfit" : 16.55
  }, {
    "date" : "2008-12-31",
    "sales" : 141.63,
    "salesGrowthYoY" : 37.65,
    "grossProfitMargin" : 63.17,
    "grossProfit" : 89.47,
    "operatingProfitMargin" : 13.64,
    "operatingProfit" : 19.32,
    "netProfitMargin" : 9.45,
    "netProfit" : 13.38
  }, {
    "date" : "2009-03-31",
    "sales" : 159.83,
    "salesGrowthYoY" : 20.58,
    "grossProfitMargin" : 62.05,
    "grossProfit" : 99.17,
    "operatingProfitMargin" : 12.53,
    "operatingProfit" : 20.03,
    "netProfitMargin" : 3.15,
    "netProfit" : 5.03
  }, {
    "date" : "2009-06-30",
    "sales" : 213.28,
    "salesGrowthYoY" : 53.08,
    "grossProfitMargin" : 41.05,
    "grossProfit" : 87.55,
    "operatingProfitMargin" : 15.35,
    "operatingProfit" : 32.74,
    "netProfitMargin" : 6.65,
    "netProfit" : 14.18
  }, {
    "date" : "2009-09-30",
    "sales" : 217.58,
    "salesGrowthYoY" : 59.77,
    "grossProfitMargin" : 39.76,
    "grossProfit" : 86.51,
    "operatingProfitMargin" : 19.27,
    "operatingProfit" : 41.93,
    "netProfitMargin" : 11.49,
    "netProfit" : 25.00
  }, {
    "date" : "2009-12-31",
    "sales" : 218.75,
    "salesGrowthYoY" : 54.45,
    "grossProfitMargin" : 50.95,
    "grossProfit" : 111.45,
    "operatingProfitMargin" : 15.80,
    "operatingProfit" : 34.56,
    "netProfitMargin" : 7.69,
    "netProfit" : 16.82
  }, {
    "date" : "2010-03-31",
    "sales" : 256.43,
    "salesGrowthYoY" : 60.44,
    "grossProfitMargin" : 49.61,
    "grossProfit" : 127.21,
    "operatingProfitMargin" : 17.23,
    "operatingProfit" : 44.18,
    "netProfitMargin" : 9.29,
    "netProfit" : 23.82
  }, {
    "date" : "2010-06-30",
    "sales" : 248.80,
    "salesGrowthYoY" : 16.65,
    "grossProfitMargin" : 45.73,
    "grossProfit" : 113.78,
    "operatingProfitMargin" : 16.72,
    "operatingProfit" : 41.60,
    "netProfitMargin" : 9.73,
    "netProfit" : 24.21
  }, {
    "date" : "2010-09-30",
    "sales" : 236.88,
    "salesGrowthYoY" : 8.87,
    "grossProfitMargin" : 56.14,
    "grossProfit" : 132.98,
    "operatingProfitMargin" : 18.93,
    "operatingProfit" : 44.84,
    "netProfitMargin" : 11.09,
    "netProfit" : 26.27
  }, {
    "date" : "2010-12-31",
    "sales" : 250.86,
    "salesGrowthYoY" : 14.68,
    "grossProfitMargin" : 57.56,
    "grossProfit" : 144.40,
    "operatingProfitMargin" : 17.21,
    "operatingProfit" : 43.17,
    "netProfitMargin" : 7.71,
    "netProfit" : 19.34
  }, {
    "date" : "2011-03-31",
    "sales" : 216.44,
    "salesGrowthYoY" : -15.59,
    "grossProfitMargin" : 57.12,
    "grossProfit" : 123.63,
    "operatingProfitMargin" : 20.84,
    "operatingProfit" : 45.11,
    "netProfitMargin" : 12.35,
    "netProfit" : 26.73
  }, {
    "date" : "2011-06-30",
    "sales" : 256.71,
    "salesGrowthYoY" : 3.18,
    "grossProfitMargin" : 54.38,
    "grossProfit" : 139.60,
    "operatingProfitMargin" : 20.71,
    "operatingProfit" : 53.16,
    "netProfitMargin" : 10.51,
    "netProfit" : 26.98
  }, {
    "date" : "2011-09-30",
    "sales" : 301.09,
    "salesGrowthYoY" : 27.11,
    "grossProfitMargin" : 52.51,
    "grossProfit" : 158.10,
    "operatingProfitMargin" : 13.93,
    "operatingProfit" : 41.94,
    "netProfitMargin" : 5.76,
    "netProfit" : 17.34
  }, {
    "date" : "2011-12-31",
    "sales" : 376.18,
    "salesGrowthYoY" : 49.96,
    "grossProfitMargin" : 49.80,
    "grossProfit" : 187.34,
    "operatingProfitMargin" : 23.95,
    "operatingProfit" : 90.10,
    "netProfitMargin" : 13.46,
    "netProfit" : 50.63
  }, {
    "date" : "2012-03-31",
    "sales" : 301.21,
    "salesGrowthYoY" : 39.17,
    "grossProfitMargin" : 45.33,
    "grossProfit" : 136.54,
    "operatingProfitMargin" : 15.52,
    "operatingProfit" : 46.75,
    "netProfitMargin" : 5.93,
    "netProfit" : 17.86
  }, {
    "date" : "2012-06-30",
    "sales" : 346.97,
    "salesGrowthYoY" : 35.16,
    "grossProfitMargin" : 44.54,
    "grossProfit" : 154.54,
    "operatingProfitMargin" : 15.53,
    "operatingProfit" : 53.88,
    "netProfitMargin" : 5.86,
    "netProfit" : 20.33
  }, {
    "date" : "2012-09-30",
    "sales" : 346.11,
    "salesGrowthYoY" : 14.95,
    "grossProfitMargin" : 38.43,
    "grossProfit" : 133.01,
    "operatingProfitMargin" : 16.20,
    "operatingProfit" : 56.07,
    "netProfitMargin" : 1.71,
    "netProfit" : 5.92
  }, {
    "date" : "2012-12-31",
    "sales" : 328.19,
    "salesGrowthYoY" : -12.76,
    "grossProfitMargin" : 40.30,
    "grossProfit" : 132.26,
    "operatingProfitMargin" : 13.55,
    "operatingProfit" : 44.47,
    "netProfitMargin" : 0.48,
    "netProfit" : 1.58
  }, {
    "date" : "2013-03-31",
    "sales" : 331.02,
    "salesGrowthYoY" : 9.90,
    "grossProfitMargin" : 43.84,
    "grossProfit" : 145.12,
    "operatingProfitMargin" : 18.87,
    "operatingProfit" : 62.46,
    "netProfitMargin" : 1.77,
    "netProfit" : 5.86
  }, {
    "date" : "2013-06-30",
    "sales" : 331.13,
    "salesGrowthYoY" : -4.57,
    "grossProfitMargin" : 45.15,
    "grossProfit" : 149.51,
    "operatingProfitMargin" : 17.61,
    "operatingProfit" : 58.31,
    "netProfitMargin" : 1.79,
    "netProfit" : 5.93
  }, {
    "date" : "2013-09-30",
    "sales" : 326.01,
    "salesGrowthYoY" : -5.81,
    "grossProfitMargin" : 45.70,
    "grossProfit" : 148.99,
    "operatingProfitMargin" : 19.69,
    "operatingProfit" : 64.19,
    "netProfitMargin" : 3.06,
    "netProfit" : 9.98
  }, {
    "date" : "2013-12-31",
    "sales" : 440.30,
    "salesGrowthYoY" : 34.16,
    "grossProfitMargin" : 40.62,
    "grossProfit" : 178.85,
    "operatingProfitMargin" : 17.39,
    "operatingProfit" : 76.57,
    "netProfitMargin" : 6.25,
    "netProfit" : 27.52
  }, {
    "date" : "2014-03-31",
    "sales" : 346.90,
    "salesGrowthYoY" : 4.80,
    "grossProfitMargin" : 46.57,
    "grossProfit" : 161.55,
    "operatingProfitMargin" : 16.25,
    "operatingProfit" : 56.37,
    "netProfitMargin" : -0.14,
    "netProfit" : -0.49
  }, {
    "date" : "2014-06-30",
    "sales" : 356.93,
    "salesGrowthYoY" : 7.79,
    "grossProfitMargin" : 48.37,
    "grossProfit" : 172.65,
    "operatingProfitMargin" : 18.90,
    "operatingProfit" : 67.46,
    "netProfitMargin" : -0.47,
    "netProfit" : -1.68
  }, {
    "date" : "2014-09-30",
    "sales" : 374.67,
    "salesGrowthYoY" : 14.93,
    "grossProfitMargin" : 45.33,
    "grossProfit" : 169.84,
    "operatingProfitMargin" : 17.78,
    "operatingProfit" : 66.62,
    "netProfitMargin" : 0.28,
    "netProfit" : 1.05
  }, {
    "date" : "2014-12-31",
    "sales" : 412.85,
    "salesGrowthYoY" : -6.23,
    "grossProfitMargin" : 49.10,
    "grossProfit" : 202.71,
    "operatingProfitMargin" : 20.96,
    "operatingProfit" : 86.53,
    "netProfitMargin" : 1.58,
    "netProfit" : 6.52
  }, {
    "date" : "2015-03-31",
    "sales" : 372.09,
    "salesGrowthYoY" : 7.26,
    "grossProfitMargin" : 43.45,
    "grossProfit" : 161.67,
    "operatingProfitMargin" : 14.62,
    "operatingProfit" : 54.40,
    "netProfitMargin" : 6.42,
    "netProfit" : 23.89
  }, {
    "date" : "2015-06-30",
    "sales" : 375.21,
    "salesGrowthYoY" : 5.12,
    "grossProfitMargin" : 40.76,
    "grossProfit" : 152.94,
    "operatingProfitMargin" : 12.89,
    "operatingProfit" : 48.36,
    "netProfitMargin" : 1.05,
    "netProfit" : 3.94
  }, {
    "date" : "2015-09-30",
    "sales" : 404.80,
    "salesGrowthYoY" : 8.04,
    "grossProfitMargin" : 39.85,
    "grossProfit" : 161.31,
    "operatingProfitMargin" : 14.92,
    "operatingProfit" : 60.40,
    "netProfitMargin" : 0.08,
    "netProfit" : 0.32
  }, {
    "date" : "2015-12-31",
    "sales" : 419.81,
    "salesGrowthYoY" : 1.69,
    "grossProfitMargin" : 42.79,
    "grossProfit" : 179.64,
    "operatingProfitMargin" : 15.84,
    "operatingProfit" : 66.50,
    "netProfitMargin" : 1.14,
    "netProfit" : 4.79
  }, {
    "date" : "2016-03-31",
    "sales" : 416.64,
    "salesGrowthYoY" : 11.97,
    "grossProfitMargin" : 44.40,
    "grossProfit" : 184.99,
    "operatingProfitMargin" : 17.61,
    "operatingProfit" : 73.37,
    "netProfitMargin" : 2.04,
    "netProfit" : 8.50
  }, {
    "date" : "2016-06-30",
    "sales" : 430.48,
    "salesGrowthYoY" : 14.73,
    "grossProfitMargin" : 41.17,
    "grossProfit" : 177.23,
    "operatingProfitMargin" : 17.71,
    "operatingProfit" : 76.24,
    "netProfitMargin" : -0.46,
    "netProfit" : -1.98
  }, {
    "date" : "2016-09-30",
    "sales" : 466.09,
    "salesGrowthYoY" : 15.14,
    "grossProfitMargin" : 41.02,
    "grossProfit" : 191.19,
    "operatingProfitMargin" : 16.08,
    "operatingProfit" : 74.95,
    "netProfitMargin" : -0.88,
    "netProfit" : -4.10
  }, {
    "date" : "2016-12-31",
    "sales" : 515.92,
    "salesGrowthYoY" : 22.89,
    "grossProfitMargin" : 40.91,
    "grossProfit" : 211.06,
    "operatingProfitMargin" : 12.84,
    "operatingProfit" : 66.24,
    "netProfitMargin" : 2.13,
    "netProfit" : 10.99
  }, {
    "date" : "2017-03-31",
    "sales" : 515.25,
    "salesGrowthYoY" : 23.67,
    "grossProfitMargin" : 40.06,
    "grossProfit" : 206.41,
    "operatingProfitMargin" : 15.91,
    "operatingProfit" : 81.98,
    "netProfitMargin" : 0.27,
    "netProfit" : 1.39
  }, {
    "date" : "2017-06-30",
    "sales" : 492.72,
    "salesGrowthYoY" : 14.46,
    "grossProfitMargin" : 42.19,
    "grossProfit" : 207.88,
    "operatingProfitMargin" : 16.10,
    "operatingProfit" : 79.33,
    "netProfitMargin" : 0.67,
    "netProfit" : 3.30
  }, {
    "date" : "2017-09-30",
    "sales" : 506.95,
    "salesGrowthYoY" : 8.77,
    "grossProfitMargin" : 40.08,
    "grossProfit" : 203.19,
    "operatingProfitMargin" : 16.48,
    "operatingProfit" : 83.55,
    "netProfitMargin" : 2.02,
    "netProfit" : 10.24
  }, {
    "date" : "2017-12-31",
    "sales" : 518.13,
    "salesGrowthYoY" : 0.43,
    "grossProfitMargin" : 42.44,
    "grossProfit" : 219.89,
    "operatingProfitMargin" : 15.98,
    "operatingProfit" : 82.80,
    "netProfitMargin" : 1.84,
    "netProfit" : 9.53
  }, {
    "date" : "2018-03-31",
    "sales" : 527.64,
    "salesGrowthYoY" : 2.40,
    "grossProfitMargin" : 39.91,
    "grossProfit" : 210.58,
    "operatingProfitMargin" : 13.76,
    "operatingProfit" : 72.60,
    "netProfitMargin" : 0.45,
    "netProfit" : 2.37
  }, {
    "date" : "2018-06-30",
    "sales" : 549.60,
    "salesGrowthYoY" : 11.54,
    "grossProfitMargin" : 39.62,
    "grossProfit" : 217.75,
    "operatingProfitMargin" : 15.54,
    "operatingProfit" : 85.41,
    "netProfitMargin" : 0.96,
    "netProfit" : 5.28
  }, {
    "date" : "2018-09-30",
    "sales" : 551.62,
    "salesGrowthYoY" : 8.81,
    "grossProfitMargin" : 41.65,
    "grossProfit" : 229.75,
    "operatingProfitMargin" : 15.16,
    "operatingProfit" : 83.63,
    "netProfitMargin" : 1.89,
    "netProfit" : 10.43
  }, {
    "date" : "2018-12-31",
    "sales" : 562.79,
    "salesGrowthYoY" : 8.62,
    "grossProfitMargin" : 44.62,
    "grossProfit" : 251.12,
    "operatingProfitMargin" : 15.06,
    "operatingProfit" : 84.76,
    "netProfitMargin" : 2.74,
    "netProfit" : 15.42
  }, {
    "date" : "2019-03-31",
    "sales" : 441.09,
    "salesGrowthYoY" : -16.40,
    "grossProfitMargin" : 57.17,
    "grossProfit" : 252.17,
    "operatingProfitMargin" : 25.56,
    "operatingProfit" : 112.74,
    "netProfitMargin" : 8.06,
    "netProfit" : 35.55
  }, {
    "date" : "2019-06-30",
    "sales" : 498.21,
    "salesGrowthYoY" : -9.35,
    "grossProfitMargin" : 50.64,
    "grossProfit" : 252.29,
    "operatingProfitMargin" : 18.98,
    "operatingProfit" : 94.56,
    "netProfitMargin" : 4.05,
    "netProfit" : 20.18
  }, {
    "date" : "2019-09-30",
    "sales" : 409.67,
    "salesGrowthYoY" : -25.73,
    "grossProfitMargin" : 61.21,
    "grossProfit" : 250.76,
    "operatingProfitMargin" : 26.76,
    "operatingProfit" : 109.63,
    "netProfitMargin" : 9.02,
    "netProfit" : 36.95
  }, {
    "date" : "2019-12-31",
    "sales" : 412.82,
    "salesGrowthYoY" : -26.65,
    "grossProfitMargin" : 58.02,
    "grossProfit" : 239.52,
    "operatingProfitMargin" : 24.20,
    "operatingProfit" : 99.90,
    "netProfitMargin" : 6.12,
    "netProfit" : 25.26
  }, {
    "date" : "2020-03-31",
    "sales" : 377.26,
    "salesGrowthYoY" : -14.47,
    "grossProfitMargin" : 56.30,
    "grossProfit" : 212.40,
    "operatingProfitMargin" : 23.04,
    "operatingProfit" : 86.92,
    "netProfitMargin" : 10.35,
    "netProfit" : 39.05
  }, {
    "date" : "2020-06-30",
    "sales" : 248.13,
    "salesGrowthYoY" : -50.20,
    "grossProfitMargin" : 53.03,
    "grossProfit" : 131.58,
    "operatingProfitMargin" : 28.65,
    "operatingProfit" : 71.09,
    "netProfitMargin" : 7.86,
    "netProfit" : 19.50
  }, {
    "date" : "2020-09-30",
    "sales" : 370.30,
    "salesGrowthYoY" : -9.61,
    "grossProfitMargin" : 52.00,
    "grossProfit" : 192.56,
    "operatingProfitMargin" : 23.46,
    "operatingProfit" : 86.87,
    "netProfitMargin" : 9.38,
    "netProfit" : 34.73
  }, {
    "date" : "2020-12-31",
    "sales" : 475.43,
    "salesGrowthYoY" : 15.17,
    "grossProfitMargin" : 50.84,
    "grossProfit" : 241.71,
    "operatingProfitMargin" : 27.33,
    "operatingProfit" : 129.94,
    "netProfitMargin" : 11.58,
    "netProfit" : 55.05
  }, {
    "date" : "2021-03-31",
    "sales" : 441.42,
    "salesGrowthYoY" : 17.01,
    "grossProfitMargin" : 53.16,
    "grossProfit" : 234.66,
    "operatingProfitMargin" : 29.93,
    "operatingProfit" : 132.12,
    "netProfitMargin" : 16.10,
    "netProfit" : 71.07
  }, {
    "date" : "2021-06-30",
    "sales" : 519.17,
    "salesGrowthYoY" : 109.23,
    "grossProfitMargin" : 50.98,
    "grossProfit" : 264.67,
    "operatingProfitMargin" : 26.23,
    "operatingProfit" : 136.18,
    "netProfitMargin" : 13.59,
    "netProfit" : 70.56
  }, {
    "date" : "2021-09-30",
    "sales" : 507.22,
    "salesGrowthYoY" : 36.98,
    "grossProfitMargin" : 49.14,
    "grossProfit" : 249.25,
    "operatingProfitMargin" : 25.68,
    "operatingProfit" : 130.25,
    "netProfitMargin" : 12.29,
    "netProfit" : 62.34
  }, {
    "date" : "2021-12-31",
    "sales" : 644.15,
    "salesGrowthYoY" : 35.49,
    "grossProfitMargin" : 42.47,
    "grossProfit" : 273.57,
    "operatingProfitMargin" : 22.99,
    "operatingProfit" : 148.09,
    "netProfitMargin" : 12.18,
    "netProfit" : 78.46
  }, {
    "date" : "2022-03-31",
    "sales" : 534.27,
    "salesGrowthYoY" : 21.03,
    "grossProfitMargin" : 45.89,
    "grossProfit" : 245.18,
    "operatingProfitMargin" : 24.65,
    "operatingProfit" : 131.70,
    "netProfitMargin" : 11.95,
    "netProfit" : 63.85
  }, {
    "date" : "2022-06-30",
    "sales" : 588.06,
    "salesGrowthYoY" : 13.27,
    "grossProfitMargin" : 44.40,
    "grossProfit" : 261.10,
    "operatingProfitMargin" : 22.91,
    "operatingProfit" : 134.72,
    "netProfitMargin" : 28.78,
    "netProfit" : 169.24
  }, {
    "date" : "2022-09-30",
    "sales" : 685.96,
    "salesGrowthYoY" : 35.24,
    "grossProfitMargin" : 40.00,
    "grossProfit" : 274.38,
    "operatingProfitMargin" : 21.02,
    "operatingProfit" : 144.19,
    "netProfitMargin" : 13.23,
    "netProfit" : 90.75
  }, {
    "date" : "2022-12-31",
    "sales" : 697.00,
    "salesGrowthYoY" : 8.20,
    "grossProfitMargin" : 40.92,
    "grossProfit" : 285.21,
    "operatingProfitMargin" : 24.08,
    "operatingProfit" : 167.84,
    "netProfitMargin" : 16.24,
    "netProfit" : 113.19
  }, {
    "date" : "2023-03-31",
    "sales" : 630.24,
    "salesGrowthYoY" : 17.96,
    "grossProfitMargin" : 47.14,
    "grossProfit" : 297.10,
    "operatingProfitMargin" : 29.57,
    "operatingProfit" : 186.36,
    "netProfitMargin" : 15.67,
    "netProfit" : 98.76
  }, {
    "date" : "2023-06-30",
    "sales" : 721.01,
    "salesGrowthYoY" : 22.61,
    "grossProfitMargin" : 45.38,
    "grossProfit" : 327.19,
    "operatingProfitMargin" : 22.74,
    "operatingProfit" : 163.96,
    "netProfitMargin" : 13.61,
    "netProfit" : 98.13
  }, {
    "date" : "2023-09-30",
    "sales" : 711.35,
    "salesGrowthYoY" : 3.70,
    "grossProfitMargin" : 49.00,
    "grossProfit" : 348.56,
    "operatingProfitMargin" : 24.41,
    "operatingProfit" : 173.64,
    "netProfitMargin" : 15.00,
    "netProfit" : 106.70
  }, {
    "date" : "2023-12-31",
    "sales" : 706.24,
    "salesGrowthYoY" : 1.33,
    "grossProfitMargin" : 51.32,
    "grossProfit" : 362.44,
    "operatingProfitMargin" : 26.36,
    "operatingProfit" : 186.16,
    "netProfitMargin" : 16.59,
    "netProfit" : 117.17
  }, {
    "date" : "2024-03-31",
    "sales" : 630.07,
    "salesGrowthYoY" : -0.03,
    "grossProfitMargin" : 46.21,
    "grossProfit" : 291.16,
    "operatingProfitMargin" : 28.33,
    "operatingProfit" : 178.50,
    "netProfitMargin" : 16.56,
    "netProfit" : 104.34
  }, {
    "date" : "2024-06-30",
    "sales" : 653.23,
    "salesGrowthYoY" : -9.40,
    "grossProfitMargin" : 53.83,
    "grossProfit" : 351.63,
    "operatingProfitMargin" : 28.20,
    "operatingProfit" : 184.21,
    "netProfitMargin" : 17.08,
    "netProfit" : 111.57
  }, {
    "date" : "2024-09-30",
    "sales" : 634.42,
    "salesGrowthYoY" : -10.81,
    "grossProfitMargin" : 56.14,
    "grossProfit" : 356.16,
    "operatingProfitMargin" : 28.19,
    "operatingProfit" : 178.84,
    "netProfitMargin" : 16.45,
    "netProfit" : 104.36
  }, {
    "date" : "2024-12-31",
    "sales" : 605.86,
    "salesGrowthYoY" : -14.21,
    "grossProfitMargin" : 55.68,
    "grossProfit" : 337.34,
    "operatingProfitMargin" : 31.72,
    "operatingProfit" : 192.18,
    "netProfitMargin" : 18.81,
    "netProfit" : 113.96
  }, {
    "date" : "2025-03-31",
    "sales" : 591.88,
    "salesGrowthYoY" : -6.06,
    "grossProfitMargin" : 59.23,
    "grossProfit" : 350.57,
    "operatingProfitMargin" : 35.46,
    "operatingProfit" : 209.88,
    "netProfitMargin" : 19.92,
    "netProfit" : 117.90
  }, {
    "date" : "2025-06-30",
    "sales" : 571.08,
    "salesGrowthYoY" : -12.58,
    "grossProfitMargin" : 57.90,
    "grossProfit" : 330.66,
    "operatingProfitMargin" : 34.50,
    "operatingProfit" : 197.02,
    "netProfitMargin" : 18.40,
    "netProfit" : 105.08
  }, {
    "date" : "2025-09-30",
    "sales" : 644.19,
    "salesGrowthYoY" : 1.54,
    "grossProfitMargin" : 70.11,
    "grossProfit" : 451.64,
    "operatingProfitMargin" : 43.83,
    "operatingProfit" : 282.35,
    "netProfitMargin" : 26.24,
    "netProfit" : 169.04
  } ],
  "latestQuarterlyResult" : {
    "date" : "2025-09-30",
    "sales" : 644.19,
    "salesGrowthYoY" : 1.54,
    "grossProfitMargin" : 70.11,
    "grossProfit" : 451.64,
    "operatingProfitMargin" : 43.83,
    "operatingProfit" : 282.35,
    "netProfitMargin" : 26.24,
    "netProfit" : 169.04
  },
  "companyScore" : {
    "priceHigherThanDma50" : 0.00,
    "priceHigherThanDma100" : 0.00,
    "priceHigherThanDma200" : 0.00,
    "dma50HigherThanDma100" : 0.00,
    "dma50HigherThanDma200" : 0.00,
    "dma100HigherThanDma200" : 0.00,
    "pricePercentageAboveDma50" : 5.14,
    "pricePercentageAboveDma100" : 5.31,
    "pricePercentageAboveDma200" : 5.41,
    "weeklyVolumeHigherThanYearlyVolume" : 5.00,
    "salesGrowthPercentile" : 6.58,
    "operatingProfitMarginPercentile" : 20.00,
    "netProfitMarginPercentile" : 9.88,
    "totalTechnicalScore" : 20.87,
    "totalFundamentalScore" : 36.46,
    "totalScore" : 57.33
  }
}