{
  "metadata" : {
    "screenerCompanyId" : "1860",
    "companyCode" : "LMW",
    "companyName" : "LMW",
    "screenerCompanyLink" : "https://www.screener.in/company/LMW",
    "screenerTechnicalHistoryLink" : "https://www.screener.in/api/company/1860/chart/?q=Price-DMA50-DMA200-Volume&days=365",
    "screenerQuarterlyResultsLink" : "https://www.screener.in/api/company/1860/chart/?q=GPM-OPM-NPM-Quarter+Sales&days=10000",
    "attributes" : {
      "companyCode" : "LMW",
      "companyName" : "LMW",
      "marketCap" : 16344.00,
      "peRatio" : 108.00,
      "description" : "Lakshmi Machine Works Ltd is a leading Textile Machinery Manufacturer in India engaged in the manufacturing and selling of textile spinning machinery, CNC Machine Tools, Heavy castings, and parts and components catering to diverse sectors.[1]"
    },
    "companyScore" : {
      "priceHigherThanDma50" : 5.00,
      "priceHigherThanDma100" : 5.00,
      "priceHigherThanDma200" : 0.00,
      "dma50HigherThanDma100" : 5.00,
      "dma50HigherThanDma200" : 0.00,
      "dma100HigherThanDma200" : 0.00,
      "pricePercentageAboveDma50" : 4.99,
      "pricePercentageAboveDma100" : 4.96,
      "pricePercentageAboveDma200" : 5.08,
      "weeklyVolumeHigherThanYearlyVolume" : 0.00,
      "salesGrowthPercentile" : 8.61,
      "operatingProfitMarginPercentile" : 12.23,
      "netProfitMarginPercentile" : 5.11,
      "totalTechnicalScore" : 30.04,
      "totalFundamentalScore" : 25.95,
      "totalScore" : 55.98
    }
  },
  "attributes" : {
    "companyCode" : "LMW",
    "companyName" : "LMW",
    "marketCap" : 16344.00,
    "peRatio" : 108.00,
    "description" : "Lakshmi Machine Works Ltd is a leading Textile Machinery Manufacturer in India engaged in the manufacturing and selling of textile spinning machinery, CNC Machine Tools, Heavy castings, and parts and components catering to diverse sectors.[1]"
  },
  "technicalHistory" : [ {
    "date" : "2024-12-10",
    "price" : 17218.50,
    "dma50" : 16241.91,
    "dma100" : null,
    "dma200" : 15723.93,
    "volume" : 11184.00
  }, {
    "date" : "2024-12-11",
    "price" : 17372.70,
    "dma50" : 16286.25,
    "dma100" : null,
    "dma200" : 15740.34,
    "volume" : 7345.00
  }, {
    "date" : "2024-12-12",
    "price" : 17169.35,
    "dma50" : 16320.88,
    "dma100" : null,
    "dma200" : 15754.55,
    "volume" : 4533.00
  }, {
    "date" : "2024-12-13",
    "price" : 17341.05,
    "dma50" : 16360.89,
    "dma100" : null,
    "dma200" : 15770.34,
    "volume" : 5761.00
  }, {
    "date" : "2024-12-16",
    "price" : 17482.95,
    "dma50" : 16404.89,
    "dma100" : null,
    "dma200" : 15787.38,
    "volume" : 4067.00
  }, {
    "date" : "2024-12-17",
    "price" : 17439.25,
    "dma50" : 16445.45,
    "dma100" : null,
    "dma200" : 15803.82,
    "volume" : 9174.00
  }, {
    "date" : "2024-12-18",
    "price" : 17341.80,
    "dma50" : 16480.60,
    "dma100" : null,
    "dma200" : 15819.12,
    "volume" : 7276.00
  }, {
    "date" : "2024-12-19",
    "price" : 17624.00,
    "dma50" : 16525.44,
    "dma100" : null,
    "dma200" : 15837.08,
    "volume" : 9533.00
  }, {
    "date" : "2024-12-20",
    "price" : 17524.85,
    "dma50" : 16564.64,
    "dma100" : null,
    "dma200" : 15853.87,
    "volume" : 12373.00
  }, {
    "date" : "2024-12-23",
    "price" : 17231.65,
    "dma50" : 16590.79,
    "dma100" : null,
    "dma200" : 15867.58,
    "volume" : 5813.00
  }, {
    "date" : "2024-12-24",
    "price" : 17191.15,
    "dma50" : 16614.34,
    "dma100" : null,
    "dma200" : 15880.75,
    "volume" : 4216.00
  }, {
    "date" : "2024-12-26",
    "price" : 16937.30,
    "dma50" : 16627.00,
    "dma100" : null,
    "dma200" : 15891.27,
    "volume" : 2101.00
  }, {
    "date" : "2024-12-27",
    "price" : 17009.20,
    "dma50" : 16641.99,
    "dma100" : null,
    "dma200" : 15902.39,
    "volume" : 1724.00
  }, {
    "date" : "2024-12-30",
    "price" : 17449.95,
    "dma50" : 16673.68,
    "dma100" : null,
    "dma200" : 15917.79,
    "volume" : 14478.00
  }, {
    "date" : "2024-12-31",
    "price" : 17673.85,
    "dma50" : 16712.90,
    "dma100" : null,
    "dma200" : 15935.26,
    "volume" : 3935.00
  }, {
    "date" : "2025-01-01",
    "price" : 17779.35,
    "dma50" : 16754.72,
    "dma100" : null,
    "dma200" : 15953.61,
    "volume" : 1848.00
  }, {
    "date" : "2025-01-02",
    "price" : 17243.00,
    "dma50" : 16773.87,
    "dma100" : null,
    "dma200" : 15966.44,
    "volume" : 3461.00
  }, {
    "date" : "2025-01-03",
    "price" : 16838.35,
    "dma50" : 16776.40,
    "dma100" : null,
    "dma200" : 15975.12,
    "volume" : 7790.00
  }, {
    "date" : "2025-01-06",
    "price" : 16355.20,
    "dma50" : 16759.88,
    "dma100" : null,
    "dma200" : 15978.90,
    "volume" : 4993.00
  }, {
    "date" : "2025-01-07",
    "price" : 16292.15,
    "dma50" : 16741.54,
    "dma100" : null,
    "dma200" : 15982.02,
    "volume" : 2844.00
  }, {
    "date" : "2025-01-08",
    "price" : 16226.50,
    "dma50" : 16721.34,
    "dma100" : null,
    "dma200" : 15984.45,
    "volume" : 8646.00
  }, {
    "date" : "2025-01-09",
    "price" : 16140.70,
    "dma50" : 16698.57,
    "dma100" : null,
    "dma200" : 15986.00,
    "volume" : 1873.00
  }, {
    "date" : "2025-01-10",
    "price" : 16002.35,
    "dma50" : 16671.27,
    "dma100" : null,
    "dma200" : 15986.17,
    "volume" : 3582.00
  }, {
    "date" : "2025-01-13",
    "price" : 15965.20,
    "dma50" : 16643.58,
    "dma100" : null,
    "dma200" : 15985.96,
    "volume" : 5703.00
  }, {
    "date" : "2025-01-14",
    "price" : 15929.45,
    "dma50" : 16615.57,
    "dma100" : null,
    "dma200" : 15985.39,
    "volume" : 10097.00
  }, {
    "date" : "2025-01-15",
    "price" : 16102.10,
    "dma50" : 16595.44,
    "dma100" : null,
    "dma200" : 15986.56,
    "volume" : 1931.00
  }, {
    "date" : "2025-01-16",
    "price" : 16362.75,
    "dma50" : 16586.31,
    "dma100" : null,
    "dma200" : 15990.30,
    "volume" : 2236.00
  }, {
    "date" : "2025-01-17",
    "price" : 16182.45,
    "dma50" : 16570.47,
    "dma100" : null,
    "dma200" : 15992.21,
    "volume" : 4834.00
  }, {
    "date" : "2025-01-20",
    "price" : 16434.15,
    "dma50" : 16565.13,
    "dma100" : null,
    "dma200" : 15996.61,
    "volume" : 882.00
  }, {
    "date" : "2025-01-21",
    "price" : 16365.80,
    "dma50" : 16557.31,
    "dma100" : null,
    "dma200" : 16000.28,
    "volume" : 1126.00
  }, {
    "date" : "2025-01-22",
    "price" : 16065.45,
    "dma50" : 16538.02,
    "dma100" : null,
    "dma200" : 16000.93,
    "volume" : 2044.00
  }, {
    "date" : "2025-01-23",
    "price" : 16202.25,
    "dma50" : 16524.85,
    "dma100" : null,
    "dma200" : 16002.93,
    "volume" : 2036.00
  }, {
    "date" : "2025-01-24",
    "price" : 15898.70,
    "dma50" : 16500.30,
    "dma100" : null,
    "dma200" : 16001.90,
    "volume" : 1767.00
  }, {
    "date" : "2025-01-27",
    "price" : 14948.30,
    "dma50" : 16439.44,
    "dma100" : null,
    "dma200" : 15991.41,
    "volume" : 13558.00
  }, {
    "date" : "2025-01-28",
    "price" : 14951.80,
    "dma50" : 16381.10,
    "dma100" : null,
    "dma200" : 15981.07,
    "volume" : 4610.00
  }, {
    "date" : "2025-01-29",
    "price" : 15130.15,
    "dma50" : 16332.04,
    "dma100" : null,
    "dma200" : 15972.60,
    "volume" : 2559.00
  }, {
    "date" : "2025-01-30",
    "price" : 15515.10,
    "dma50" : 16300.00,
    "dma100" : null,
    "dma200" : 15968.05,
    "volume" : 2739.00
  }, {
    "date" : "2025-01-31",
    "price" : 15652.75,
    "dma50" : 16274.62,
    "dma100" : null,
    "dma200" : 15964.91,
    "volume" : 2115.00
  }, {
    "date" : "2025-02-01",
    "price" : 15774.90,
    "dma50" : 16255.02,
    "dma100" : null,
    "dma200" : 15963.02,
    "volume" : 1349.00
  }, {
    "date" : "2025-02-03",
    "price" : 15646.05,
    "dma50" : 16231.14,
    "dma100" : null,
    "dma200" : 15959.87,
    "volume" : 3310.00
  }, {
    "date" : "2025-02-04",
    "price" : 15488.90,
    "dma50" : 16202.04,
    "dma100" : null,
    "dma200" : 15955.18,
    "volume" : 2026.00
  }, {
    "date" : "2025-02-05",
    "price" : 15558.80,
    "dma50" : 16176.81,
    "dma100" : null,
    "dma200" : 15951.24,
    "volume" : 1279.00
  }, {
    "date" : "2025-02-06",
    "price" : 15693.45,
    "dma50" : 16157.86,
    "dma100" : null,
    "dma200" : 15948.67,
    "volume" : 1697.00
  }, {
    "date" : "2025-02-07",
    "price" : 15495.80,
    "dma50" : 16131.89,
    "dma100" : null,
    "dma200" : 15944.17,
    "volume" : 2382.00
  }, {
    "date" : "2025-02-10",
    "price" : 15159.40,
    "dma50" : 16093.76,
    "dma100" : null,
    "dma200" : 15936.36,
    "volume" : 2142.00
  }, {
    "date" : "2025-02-11",
    "price" : 14996.75,
    "dma50" : 16050.74,
    "dma100" : null,
    "dma200" : 15927.01,
    "volume" : 3677.00
  }, {
    "date" : "2025-02-12",
    "price" : 14859.45,
    "dma50" : 16004.02,
    "dma100" : null,
    "dma200" : 15916.39,
    "volume" : 4831.00
  }, {
    "date" : "2025-02-13",
    "price" : 14873.45,
    "dma50" : 15959.68,
    "dma100" : null,
    "dma200" : 15906.01,
    "volume" : 25814.00
  }, {
    "date" : "2025-02-14",
    "price" : 14323.10,
    "dma50" : 15895.50,
    "dma100" : null,
    "dma200" : 15890.26,
    "volume" : 11519.00
  }, {
    "date" : "2025-02-17",
    "price" : 14320.05,
    "dma50" : 15833.72,
    "dma100" : null,
    "dma200" : 15874.63,
    "volume" : 27175.00
  }, {
    "date" : "2025-02-18",
    "price" : 14206.15,
    "dma50" : 15769.89,
    "dma100" : null,
    "dma200" : 15858.03,
    "volume" : 4647.00
  }, {
    "date" : "2025-02-19",
    "price" : 14436.10,
    "dma50" : 15717.59,
    "dma100" : null,
    "dma200" : 15843.88,
    "volume" : 2622.00
  }, {
    "date" : "2025-02-20",
    "price" : 14506.05,
    "dma50" : 15670.08,
    "dma100" : null,
    "dma200" : 15830.57,
    "volume" : 2069.00
  }, {
    "date" : "2025-02-21",
    "price" : 14425.80,
    "dma50" : 15621.28,
    "dma100" : null,
    "dma200" : 15816.59,
    "volume" : 3449.00
  }, {
    "date" : "2025-02-24",
    "price" : 14223.40,
    "dma50" : 15566.46,
    "dma100" : null,
    "dma200" : 15800.74,
    "volume" : 1832.00
  }, {
    "date" : "2025-02-25",
    "price" : 14082.25,
    "dma50" : 15508.26,
    "dma100" : null,
    "dma200" : 15783.64,
    "volume" : 9515.00
  }, {
    "date" : "2025-02-27",
    "price" : 14235.45,
    "dma50" : 15458.34,
    "dma100" : null,
    "dma200" : 15768.24,
    "volume" : 4454.00
  }, {
    "date" : "2025-02-28",
    "price" : 13661.05,
    "dma50" : 15387.86,
    "dma100" : null,
    "dma200" : 15747.27,
    "volume" : 12479.00
  }, {
    "date" : "2025-03-03",
    "price" : 14288.00,
    "dma50" : 15344.73,
    "dma100" : null,
    "dma200" : 15732.75,
    "volume" : 6924.00
  }, {
    "date" : "2025-03-04",
    "price" : 14644.00,
    "dma50" : 15317.25,
    "dma100" : null,
    "dma200" : 15721.92,
    "volume" : 6121.00
  }, {
    "date" : "2025-03-05",
    "price" : 15171.00,
    "dma50" : 15311.52,
    "dma100" : null,
    "dma200" : 15716.43,
    "volume" : 3333.00
  }, {
    "date" : "2025-03-06",
    "price" : 15415.90,
    "dma50" : 15315.61,
    "dma100" : null,
    "dma200" : 15713.44,
    "volume" : 4131.00
  }, {
    "date" : "2025-03-07",
    "price" : 15849.45,
    "dma50" : 15336.54,
    "dma100" : null,
    "dma200" : 15714.80,
    "volume" : 5505.00
  }, {
    "date" : "2025-03-10",
    "price" : 15808.40,
    "dma50" : 15355.05,
    "dma100" : null,
    "dma200" : 15715.73,
    "volume" : 2761.00
  }, {
    "date" : "2025-03-11",
    "price" : 15628.55,
    "dma50" : 15365.77,
    "dma100" : null,
    "dma200" : 15714.86,
    "volume" : 1894.00
  }, {
    "date" : "2025-03-12",
    "price" : 15404.20,
    "dma50" : 15367.28,
    "dma100" : null,
    "dma200" : 15711.77,
    "volume" : 2344.00
  }, {
    "date" : "2025-03-13",
    "price" : 15035.55,
    "dma50" : 15354.27,
    "dma100" : null,
    "dma200" : 15705.04,
    "volume" : 2122.00
  }, {
    "date" : "2025-03-17",
    "price" : 15059.20,
    "dma50" : 15342.70,
    "dma100" : null,
    "dma200" : 15698.62,
    "volume" : 1633.00
  }, {
    "date" : "2025-03-18",
    "price" : 15251.75,
    "dma50" : 15339.13,
    "dma100" : null,
    "dma200" : 15694.17,
    "volume" : 3521.00
  }, {
    "date" : "2025-03-19",
    "price" : 15804.60,
    "dma50" : 15357.39,
    "dma100" : null,
    "dma200" : 15695.27,
    "volume" : 3195.00
  }, {
    "date" : "2025-03-20",
    "price" : 16097.30,
    "dma50" : 15386.40,
    "dma100" : null,
    "dma200" : 15699.27,
    "volume" : 3398.00
  }, {
    "date" : "2025-03-21",
    "price" : 16206.45,
    "dma50" : 15418.56,
    "dma100" : null,
    "dma200" : 15704.31,
    "volume" : 2304.00
  }, {
    "date" : "2025-03-24",
    "price" : 16225.70,
    "dma50" : 15450.21,
    "dma100" : null,
    "dma200" : 15709.50,
    "volume" : 2979.00
  }, {
    "date" : "2025-03-25",
    "price" : 16090.55,
    "dma50" : 15475.33,
    "dma100" : null,
    "dma200" : 15713.29,
    "volume" : 2656.00
  }, {
    "date" : "2025-03-26",
    "price" : 16018.20,
    "dma50" : 15496.61,
    "dma100" : null,
    "dma200" : 15716.33,
    "volume" : 10906.00
  }, {
    "date" : "2025-03-27",
    "price" : 15659.45,
    "dma50" : 15503.00,
    "dma100" : null,
    "dma200" : 15715.76,
    "volume" : 4381.00
  }, {
    "date" : "2025-03-28",
    "price" : 15985.30,
    "dma50" : 15521.91,
    "dma100" : null,
    "dma200" : 15718.44,
    "volume" : 2184.00
  }, {
    "date" : "2025-04-01",
    "price" : 15698.75,
    "dma50" : 15528.85,
    "dma100" : null,
    "dma200" : 15718.25,
    "volume" : 1435.00
  }, {
    "date" : "2025-04-02",
    "price" : 15260.35,
    "dma50" : 15518.32,
    "dma100" : null,
    "dma200" : 15713.69,
    "volume" : 6620.00
  }, {
    "date" : "2025-04-03",
    "price" : 15605.55,
    "dma50" : 15521.74,
    "dma100" : null,
    "dma200" : 15712.62,
    "volume" : 2185.00
  }, {
    "date" : "2025-04-04",
    "price" : 15142.40,
    "dma50" : 15506.86,
    "dma100" : null,
    "dma200" : 15706.94,
    "volume" : 2509.00
  }, {
    "date" : "2025-04-07",
    "price" : 14636.35,
    "dma50" : 15472.73,
    "dma100" : null,
    "dma200" : 15696.29,
    "volume" : 4968.00
  }, {
    "date" : "2025-04-08",
    "price" : 14777.75,
    "dma50" : 15445.47,
    "dma100" : null,
    "dma200" : 15687.15,
    "volume" : 1697.00
  }, {
    "date" : "2025-04-09",
    "price" : 14730.15,
    "dma50" : 15417.42,
    "dma100" : null,
    "dma200" : 15677.63,
    "volume" : 3096.00
  }, {
    "date" : "2025-04-11",
    "price" : 15283.35,
    "dma50" : 15412.16,
    "dma100" : null,
    "dma200" : 15673.70,
    "volume" : 10557.00
  }, {
    "date" : "2025-04-15",
    "price" : 15595.00,
    "dma50" : 15419.33,
    "dma100" : null,
    "dma200" : 15672.92,
    "volume" : 12345.00
  }, {
    "date" : "2025-04-16",
    "price" : 15587.00,
    "dma50" : 15425.91,
    "dma100" : null,
    "dma200" : 15672.07,
    "volume" : 5690.00
  }, {
    "date" : "2025-04-17",
    "price" : 15661.00,
    "dma50" : 15435.13,
    "dma100" : null,
    "dma200" : 15671.96,
    "volume" : 3519.00
  }, {
    "date" : "2025-04-21",
    "price" : 15985.00,
    "dma50" : 15456.69,
    "dma100" : null,
    "dma200" : 15675.07,
    "volume" : 2610.00
  }, {
    "date" : "2025-04-22",
    "price" : 16162.00,
    "dma50" : 15484.35,
    "dma100" : null,
    "dma200" : 15679.92,
    "volume" : 2982.00
  }, {
    "date" : "2025-04-23",
    "price" : 16203.00,
    "dma50" : 15512.53,
    "dma100" : null,
    "dma200" : 15685.12,
    "volume" : 16480.00
  }, {
    "date" : "2025-04-24",
    "price" : 16175.00,
    "dma50" : 15538.51,
    "dma100" : null,
    "dma200" : 15689.99,
    "volume" : 12798.00
  }, {
    "date" : "2025-04-25",
    "price" : 16550.00,
    "dma50" : 15578.18,
    "dma100" : null,
    "dma200" : 15698.55,
    "volume" : 12092.00
  }, {
    "date" : "2025-04-28",
    "price" : 16790.00,
    "dma50" : 15625.70,
    "dma100" : null,
    "dma200" : 15709.41,
    "volume" : 3474.00
  }, {
    "date" : "2025-04-29",
    "price" : 16689.00,
    "dma50" : 15667.40,
    "dma100" : null,
    "dma200" : 15719.16,
    "volume" : 2904.00
  }, {
    "date" : "2025-04-30",
    "price" : 16318.00,
    "dma50" : 15692.91,
    "dma100" : null,
    "dma200" : 15725.12,
    "volume" : 3000.00
  }, {
    "date" : "2025-05-02",
    "price" : 16100.00,
    "dma50" : 15708.88,
    "dma100" : null,
    "dma200" : 15728.85,
    "volume" : 3628.00
  }, {
    "date" : "2025-05-05",
    "price" : 15992.00,
    "dma50" : 15719.98,
    "dma100" : null,
    "dma200" : 15731.47,
    "volume" : 12990.00
  }, {
    "date" : "2025-05-06",
    "price" : 15858.00,
    "dma50" : 15725.39,
    "dma100" : null,
    "dma200" : 15732.73,
    "volume" : 2051.00
  }, {
    "date" : "2025-05-07",
    "price" : 16213.00,
    "dma50" : 15744.51,
    "dma100" : null,
    "dma200" : 15737.50,
    "volume" : 8509.00
  }, {
    "date" : "2025-05-08",
    "price" : 16105.00,
    "dma50" : 15758.65,
    "dma100" : 15841.01,
    "dma200" : 15741.16,
    "volume" : 8959.00
  }, {
    "date" : "2025-05-09",
    "price" : 16293.00,
    "dma50" : 15779.61,
    "dma100" : 15830.21,
    "dma200" : 15746.65,
    "volume" : 6523.00
  }, {
    "date" : "2025-05-12",
    "price" : 16909.00,
    "dma50" : 15823.90,
    "dma100" : 15827.61,
    "dma200" : 15758.22,
    "volume" : 15113.00
  }, {
    "date" : "2025-05-13",
    "price" : 17479.00,
    "dma50" : 15888.80,
    "dma100" : 15828.99,
    "dma200" : 15775.34,
    "volume" : 13635.00
  }, {
    "date" : "2025-05-14",
    "price" : 17998.00,
    "dma50" : 15971.52,
    "dma100" : 15834.14,
    "dma200" : 15797.46,
    "volume" : 10247.00
  }, {
    "date" : "2025-05-15",
    "price" : 17448.00,
    "dma50" : 16029.42,
    "dma100" : 15834.22,
    "dma200" : 15813.88,
    "volume" : 5075.00
  }, {
    "date" : "2025-05-16",
    "price" : 17434.00,
    "dma50" : 16084.50,
    "dma100" : 15835.15,
    "dma200" : 15830.00,
    "volume" : 2974.00
  }, {
    "date" : "2025-05-19",
    "price" : 17397.00,
    "dma50" : 16135.97,
    "dma100" : 15832.88,
    "dma200" : 15845.59,
    "volume" : 4954.00
  }, {
    "date" : "2025-05-20",
    "price" : 17324.00,
    "dma50" : 16182.56,
    "dma100" : 15830.87,
    "dma200" : 15860.30,
    "volume" : 2297.00
  }, {
    "date" : "2025-05-21",
    "price" : 17645.00,
    "dma50" : 16239.91,
    "dma100" : 15835.00,
    "dma200" : 15878.06,
    "volume" : 1850.00
  }, {
    "date" : "2025-05-22",
    "price" : 17364.00,
    "dma50" : 16283.99,
    "dma100" : 15836.73,
    "dma200" : 15892.85,
    "volume" : 1766.00
  }, {
    "date" : "2025-05-23",
    "price" : 17396.00,
    "dma50" : 16327.60,
    "dma100" : 15841.32,
    "dma200" : 15907.80,
    "volume" : 1162.00
  }, {
    "date" : "2025-05-26",
    "price" : 17398.00,
    "dma50" : 16369.58,
    "dma100" : 15845.20,
    "dma200" : 15922.63,
    "volume" : 1132.00
  }, {
    "date" : "2025-05-27",
    "price" : 17571.00,
    "dma50" : 16416.69,
    "dma100" : 15846.41,
    "dma200" : 15939.03,
    "volume" : 2261.00
  }, {
    "date" : "2025-05-28",
    "price" : 17524.00,
    "dma50" : 16460.11,
    "dma100" : 15844.92,
    "dma200" : 15954.80,
    "volume" : 1858.00
  }, {
    "date" : "2025-05-29",
    "price" : 17396.00,
    "dma50" : 16496.82,
    "dma100" : 15841.08,
    "dma200" : 15969.14,
    "volume" : 1509.00
  }, {
    "date" : "2025-05-30",
    "price" : 16698.00,
    "dma50" : 16504.71,
    "dma100" : 15835.63,
    "dma200" : 15976.40,
    "volume" : 58617.00
  }, {
    "date" : "2025-06-02",
    "price" : 16649.00,
    "dma50" : 16510.36,
    "dma100" : 15833.74,
    "dma200" : 15983.09,
    "volume" : 3060.00
  }, {
    "date" : "2025-06-03",
    "price" : 16398.00,
    "dma50" : 16505.96,
    "dma100" : 15834.17,
    "dma200" : 15987.22,
    "volume" : 5700.00
  }, {
    "date" : "2025-06-04",
    "price" : 16550.00,
    "dma50" : 16507.68,
    "dma100" : 15836.75,
    "dma200" : 15992.82,
    "volume" : 3645.00
  }, {
    "date" : "2025-06-05",
    "price" : 16496.00,
    "dma50" : 16507.23,
    "dma100" : 15839.44,
    "dma200" : 15997.82,
    "volume" : 1949.00
  }, {
    "date" : "2025-06-06",
    "price" : 16214.00,
    "dma50" : 16495.73,
    "dma100" : 15840.17,
    "dma200" : 15999.97,
    "volume" : 3073.00
  }, {
    "date" : "2025-06-09",
    "price" : 16452.00,
    "dma50" : 16494.01,
    "dma100" : 15844.67,
    "dma200" : 16004.47,
    "volume" : 5062.00
  }, {
    "date" : "2025-06-10",
    "price" : 16660.00,
    "dma50" : 16500.52,
    "dma100" : 15851.62,
    "dma200" : 16011.00,
    "volume" : 4198.00
  }, {
    "date" : "2025-06-11",
    "price" : 16813.00,
    "dma50" : 16512.78,
    "dma100" : 15860.45,
    "dma200" : 16018.98,
    "volume" : 6231.00
  }, {
    "date" : "2025-06-12",
    "price" : 16551.00,
    "dma50" : 16514.27,
    "dma100" : 15864.94,
    "dma200" : 16024.27,
    "volume" : 3302.00
  }, {
    "date" : "2025-06-13",
    "price" : 16493.00,
    "dma50" : 16513.44,
    "dma100" : 15866.24,
    "dma200" : 16028.93,
    "volume" : 2881.00
  }, {
    "date" : "2025-06-16",
    "price" : 16211.00,
    "dma50" : 16501.58,
    "dma100" : 15866.53,
    "dma200" : 16030.74,
    "volume" : 5805.00
  }, {
    "date" : "2025-06-17",
    "price" : 16099.00,
    "dma50" : 16485.79,
    "dma100" : 15863.18,
    "dma200" : 16031.42,
    "volume" : 17117.00
  }, {
    "date" : "2025-06-18",
    "price" : 16365.00,
    "dma50" : 16481.06,
    "dma100" : 15863.17,
    "dma200" : 16034.74,
    "volume" : 4307.00
  }, {
    "date" : "2025-06-19",
    "price" : 16010.00,
    "dma50" : 16462.58,
    "dma100" : 15862.62,
    "dma200" : 16034.50,
    "volume" : 3384.00
  }, {
    "date" : "2025-06-20",
    "price" : 15864.00,
    "dma50" : 16439.11,
    "dma100" : 15859.23,
    "dma200" : 16032.80,
    "volume" : 42770.00
  }, {
    "date" : "2025-06-23",
    "price" : 16108.00,
    "dma50" : 16426.12,
    "dma100" : 15861.33,
    "dma200" : 16033.55,
    "volume" : 4270.00
  }, {
    "date" : "2025-06-24",
    "price" : 15906.00,
    "dma50" : 16405.73,
    "dma100" : 15870.90,
    "dma200" : 16032.28,
    "volume" : 10841.00
  }, {
    "date" : "2025-06-25",
    "price" : 16175.00,
    "dma50" : 16396.68,
    "dma100" : 15883.14,
    "dma200" : 16033.70,
    "volume" : 6666.00
  }, {
    "date" : "2025-06-26",
    "price" : 16190.00,
    "dma50" : 16388.57,
    "dma100" : 15893.73,
    "dma200" : 16035.25,
    "volume" : 7187.00
  }, {
    "date" : "2025-06-27",
    "price" : 16461.00,
    "dma50" : 16391.41,
    "dma100" : 15903.19,
    "dma200" : 16039.49,
    "volume" : 9436.00
  }, {
    "date" : "2025-06-30",
    "price" : 16707.00,
    "dma50" : 16403.79,
    "dma100" : 15913.74,
    "dma200" : 16046.13,
    "volume" : 4513.00
  }, {
    "date" : "2025-07-01",
    "price" : 16832.00,
    "dma50" : 16420.58,
    "dma100" : 15924.31,
    "dma200" : 16053.95,
    "volume" : 4307.00
  }, {
    "date" : "2025-07-02",
    "price" : 16851.00,
    "dma50" : 16437.46,
    "dma100" : 15936.36,
    "dma200" : 16061.88,
    "volume" : 3461.00
  }, {
    "date" : "2025-07-03",
    "price" : 16719.00,
    "dma50" : 16448.50,
    "dma100" : 15948.66,
    "dma200" : 16068.42,
    "volume" : 3533.00
  }, {
    "date" : "2025-07-04",
    "price" : 16666.00,
    "dma50" : 16457.03,
    "dma100" : 15959.73,
    "dma200" : 16074.37,
    "volume" : 3532.00
  }, {
    "date" : "2025-07-07",
    "price" : 16579.00,
    "dma50" : 16461.82,
    "dma100" : 15968.58,
    "dma200" : 16079.39,
    "volume" : 2219.00
  }, {
    "date" : "2025-07-08",
    "price" : 16516.00,
    "dma50" : 16463.94,
    "dma100" : 15978.79,
    "dma200" : 16083.73,
    "volume" : 3343.00
  }, {
    "date" : "2025-07-09",
    "price" : 16522.00,
    "dma50" : 16466.22,
    "dma100" : 15992.41,
    "dma200" : 16088.09,
    "volume" : 1189.00
  }, {
    "date" : "2025-07-10",
    "price" : 16511.00,
    "dma50" : 16467.97,
    "dma100" : 16007.56,
    "dma200" : 16092.30,
    "volume" : 1403.00
  }, {
    "date" : "2025-07-11",
    "price" : 16504.00,
    "dma50" : 16469.39,
    "dma100" : 16024.00,
    "dma200" : 16096.40,
    "volume" : 3057.00
  }, {
    "date" : "2025-07-14",
    "price" : 16191.00,
    "dma50" : 16458.47,
    "dma100" : 16037.18,
    "dma200" : 16097.34,
    "volume" : 4446.00
  }, {
    "date" : "2025-07-15",
    "price" : 16622.00,
    "dma50" : 16464.88,
    "dma100" : 16060.17,
    "dma200" : 16102.56,
    "volume" : 14021.00
  }, {
    "date" : "2025-07-16",
    "price" : 16556.00,
    "dma50" : 16468.45,
    "dma100" : 16082.52,
    "dma200" : 16107.07,
    "volume" : 8345.00
  }, {
    "date" : "2025-07-17",
    "price" : 16419.00,
    "dma50" : 16466.52,
    "dma100" : 16104.65,
    "dma200" : 16110.18,
    "volume" : 14951.00
  }, {
    "date" : "2025-07-18",
    "price" : 16175.00,
    "dma50" : 16455.08,
    "dma100" : 16122.04,
    "dma200" : 16110.82,
    "volume" : 13269.00
  }, {
    "date" : "2025-07-21",
    "price" : 15714.00,
    "dma50" : 16426.02,
    "dma100" : 16134.12,
    "dma200" : 16106.87,
    "volume" : 5623.00
  }, {
    "date" : "2025-07-22",
    "price" : 15709.00,
    "dma50" : 16397.90,
    "dma100" : 16146.95,
    "dma200" : 16102.91,
    "volume" : 6984.00
  }, {
    "date" : "2025-07-23",
    "price" : 15942.00,
    "dma50" : 16380.02,
    "dma100" : 16164.14,
    "dma200" : 16101.31,
    "volume" : 3638.00
  }, {
    "date" : "2025-07-24",
    "price" : 15809.00,
    "dma50" : 16357.63,
    "dma100" : 16181.41,
    "dma200" : 16098.40,
    "volume" : 2812.00
  }, {
    "date" : "2025-07-25",
    "price" : 15461.00,
    "dma50" : 16322.47,
    "dma100" : 16193.66,
    "dma200" : 16092.06,
    "volume" : 3116.00
  }, {
    "date" : "2025-07-28",
    "price" : 15187.00,
    "dma50" : 16277.94,
    "dma100" : 16208.92,
    "dma200" : 16083.06,
    "volume" : 4099.00
  }, {
    "date" : "2025-07-29",
    "price" : 15137.00,
    "dma50" : 16233.20,
    "dma100" : 16217.41,
    "dma200" : 16073.64,
    "volume" : 4361.00
  }, {
    "date" : "2025-07-30",
    "price" : 15146.00,
    "dma50" : 16190.56,
    "dma100" : 16222.43,
    "dma200" : 16064.41,
    "volume" : 2545.00
  }, {
    "date" : "2025-07-31",
    "price" : 15109.00,
    "dma50" : 16148.15,
    "dma100" : 16221.81,
    "dma200" : 16054.91,
    "volume" : 3737.00
  }, {
    "date" : "2025-08-01",
    "price" : 15009.00,
    "dma50" : 16103.48,
    "dma100" : 16217.74,
    "dma200" : 16044.50,
    "volume" : 1990.00
  }, {
    "date" : "2025-08-04",
    "price" : 15380.00,
    "dma50" : 16075.10,
    "dma100" : 16213.05,
    "dma200" : 16037.89,
    "volume" : 2721.00
  }, {
    "date" : "2025-08-05",
    "price" : 15679.00,
    "dma50" : 16059.57,
    "dma100" : 16211.75,
    "dma200" : 16034.32,
    "volume" : 4876.00
  }, {
    "date" : "2025-08-06",
    "price" : 15356.00,
    "dma50" : 16031.98,
    "dma100" : 16209.03,
    "dma200" : 16027.57,
    "volume" : 2696.00
  }, {
    "date" : "2025-08-07",
    "price" : 15572.00,
    "dma50" : 16013.94,
    "dma100" : 16210.71,
    "dma200" : 16023.03,
    "volume" : 4102.00
  }, {
    "date" : "2025-08-08",
    "price" : 14942.00,
    "dma50" : 15971.90,
    "dma100" : 16209.77,
    "dma200" : 16012.28,
    "volume" : 8054.00
  }, {
    "date" : "2025-08-11",
    "price" : 14830.00,
    "dma50" : 15927.12,
    "dma100" : 16207.48,
    "dma200" : 16000.51,
    "volume" : 2692.00
  }, {
    "date" : "2025-08-12",
    "price" : 14741.00,
    "dma50" : 15880.61,
    "dma100" : 16202.37,
    "dma200" : 15987.98,
    "volume" : 3083.00
  }, {
    "date" : "2025-08-13",
    "price" : 14892.00,
    "dma50" : 15841.84,
    "dma100" : 16193.25,
    "dma200" : 15977.08,
    "volume" : 2981.00
  }, {
    "date" : "2025-08-14",
    "price" : 14862.00,
    "dma50" : 15803.42,
    "dma100" : 16180.89,
    "dma200" : 15965.98,
    "volume" : 2199.00
  }, {
    "date" : "2025-08-18",
    "price" : 15190.00,
    "dma50" : 15779.36,
    "dma100" : 16170.73,
    "dma200" : 15958.26,
    "volume" : 2942.00
  }, {
    "date" : "2025-08-19",
    "price" : 15095.00,
    "dma50" : 15752.52,
    "dma100" : 16159.42,
    "dma200" : 15949.67,
    "volume" : 2474.00
  }, {
    "date" : "2025-08-20",
    "price" : 15431.00,
    "dma50" : 15739.91,
    "dma100" : 16152.83,
    "dma200" : 15944.51,
    "volume" : 4183.00
  }, {
    "date" : "2025-08-21",
    "price" : 15445.00,
    "dma50" : 15728.35,
    "dma100" : 16147.09,
    "dma200" : 15939.54,
    "volume" : 1595.00
  }, {
    "date" : "2025-08-22",
    "price" : 15133.00,
    "dma50" : 15705.00,
    "dma100" : 16141.83,
    "dma200" : 15931.51,
    "volume" : 1863.00
  }, {
    "date" : "2025-08-25",
    "price" : 15126.00,
    "dma50" : 15682.30,
    "dma100" : 16133.24,
    "dma200" : 15923.50,
    "volume" : 1608.00
  }, {
    "date" : "2025-08-26",
    "price" : 14612.00,
    "dma50" : 15640.32,
    "dma100" : 16122.37,
    "dma200" : 15910.45,
    "volume" : 15958.00
  }, {
    "date" : "2025-08-28",
    "price" : 14527.00,
    "dma50" : 15596.66,
    "dma100" : 16115.04,
    "dma200" : 15896.68,
    "volume" : 2856.00
  }, {
    "date" : "2025-08-29",
    "price" : 14107.00,
    "dma50" : 15538.25,
    "dma100" : 16100.05,
    "dma200" : 15878.87,
    "volume" : 6392.00
  }, {
    "date" : "2025-09-01",
    "price" : 14108.00,
    "dma50" : 15482.16,
    "dma100" : 16089.71,
    "dma200" : 15861.25,
    "volume" : 2116.00
  }, {
    "date" : "2025-09-02",
    "price" : 14085.00,
    "dma50" : 15427.37,
    "dma100" : 16084.19,
    "dma200" : 15843.58,
    "volume" : 2741.00
  }, {
    "date" : "2025-09-03",
    "price" : 14107.00,
    "dma50" : 15375.59,
    "dma100" : 16077.49,
    "dma200" : 15826.30,
    "volume" : 2652.00
  }, {
    "date" : "2025-09-04",
    "price" : 14352.00,
    "dma50" : 15335.45,
    "dma100" : 16073.70,
    "dma200" : 15811.63,
    "volume" : 8365.00
  }, {
    "date" : "2025-09-05",
    "price" : 14202.00,
    "dma50" : 15291.00,
    "dma100" : 16062.89,
    "dma200" : 15795.61,
    "volume" : 2914.00
  }, {
    "date" : "2025-09-08",
    "price" : 14066.00,
    "dma50" : 15242.96,
    "dma100" : 16047.60,
    "dma200" : 15778.40,
    "volume" : 1924.00
  }, {
    "date" : "2025-09-09",
    "price" : 14493.00,
    "dma50" : 15213.55,
    "dma100" : 16036.66,
    "dma200" : 15765.61,
    "volume" : 5982.00
  }, {
    "date" : "2025-09-10",
    "price" : 14486.00,
    "dma50" : 15185.02,
    "dma100" : 16024.91,
    "dma200" : 15752.88,
    "volume" : 2679.00
  }, {
    "date" : "2025-09-11",
    "price" : 14344.00,
    "dma50" : 15152.04,
    "dma100" : 16008.50,
    "dma200" : 15738.86,
    "volume" : 2954.00
  }, {
    "date" : "2025-09-12",
    "price" : 14937.00,
    "dma50" : 15143.60,
    "dma100" : 15996.25,
    "dma200" : 15730.88,
    "volume" : 8086.00
  }, {
    "date" : "2025-09-15",
    "price" : 14822.00,
    "dma50" : 15130.99,
    "dma100" : 15982.44,
    "dma200" : 15721.84,
    "volume" : 2238.00
  }, {
    "date" : "2025-09-16",
    "price" : 14995.00,
    "dma50" : 15125.66,
    "dma100" : 15970.64,
    "dma200" : 15714.61,
    "volume" : 5136.00
  }, {
    "date" : "2025-09-17",
    "price" : 15290.00,
    "dma50" : 15132.10,
    "dma100" : 15958.04,
    "dma200" : 15710.38,
    "volume" : 4557.00
  }, {
    "date" : "2025-09-18",
    "price" : 15353.00,
    "dma50" : 15140.77,
    "dma100" : 15943.67,
    "dma200" : 15706.83,
    "volume" : 5481.00
  }, {
    "date" : "2025-09-19",
    "price" : 15201.00,
    "dma50" : 15143.13,
    "dma100" : 15928.79,
    "dma200" : 15701.79,
    "volume" : 8319.00
  }, {
    "date" : "2025-09-22",
    "price" : 15600.00,
    "dma50" : 15161.04,
    "dma100" : 15921.61,
    "dma200" : 15700.78,
    "volume" : 8535.00
  }, {
    "date" : "2025-09-23",
    "price" : 15623.00,
    "dma50" : 15179.16,
    "dma100" : 15916.84,
    "dma200" : 15700.01,
    "volume" : 3431.00
  }, {
    "date" : "2025-09-24",
    "price" : 15496.00,
    "dma50" : 15191.59,
    "dma100" : 15911.88,
    "dma200" : 15697.98,
    "volume" : 4535.00
  }, {
    "date" : "2025-09-25",
    "price" : 15272.00,
    "dma50" : 15194.74,
    "dma100" : 15906.02,
    "dma200" : 15693.74,
    "volume" : 2175.00
  }, {
    "date" : "2025-09-26",
    "price" : 14609.00,
    "dma50" : 15171.77,
    "dma100" : 15889.98,
    "dma200" : 15682.95,
    "volume" : 4103.00
  }, {
    "date" : "2025-09-29",
    "price" : 14173.00,
    "dma50" : 15132.60,
    "dma100" : 15870.66,
    "dma200" : 15667.92,
    "volume" : 11327.00
  }, {
    "date" : "2025-09-30",
    "price" : 14437.00,
    "dma50" : 15105.32,
    "dma100" : 15852.10,
    "dma200" : 15655.67,
    "volume" : 4900.00
  }, {
    "date" : "2025-10-01",
    "price" : 14512.00,
    "dma50" : 15082.06,
    "dma100" : 15828.13,
    "dma200" : 15644.29,
    "volume" : 2496.00
  }, {
    "date" : "2025-10-03",
    "price" : 14832.00,
    "dma50" : 15072.25,
    "dma100" : 15801.66,
    "dma200" : 15636.21,
    "volume" : 4652.00
  }, {
    "date" : "2025-10-06",
    "price" : 14659.00,
    "dma50" : 15056.04,
    "dma100" : 15768.27,
    "dma200" : 15626.49,
    "volume" : 5000.00
  }, {
    "date" : "2025-10-07",
    "price" : 14574.00,
    "dma50" : 15037.14,
    "dma100" : 15739.53,
    "dma200" : 15616.01,
    "volume" : 1110.00
  }, {
    "date" : "2025-10-08",
    "price" : 14453.00,
    "dma50" : 15014.23,
    "dma100" : 15709.72,
    "dma200" : 15604.44,
    "volume" : 4184.00
  }, {
    "date" : "2025-10-09",
    "price" : 14417.00,
    "dma50" : 14990.81,
    "dma100" : 15679.92,
    "dma200" : 15592.63,
    "volume" : 2497.00
  }, {
    "date" : "2025-10-10",
    "price" : 14732.00,
    "dma50" : 14980.66,
    "dma100" : 15654.00,
    "dma200" : 15584.06,
    "volume" : 3815.00
  }, {
    "date" : "2025-10-13",
    "price" : 14823.00,
    "dma50" : 14974.48,
    "dma100" : 15625.78,
    "dma200" : 15576.49,
    "volume" : 2400.00
  }, {
    "date" : "2025-10-14",
    "price" : 14778.00,
    "dma50" : 14966.77,
    "dma100" : 15599.92,
    "dma200" : 15568.55,
    "volume" : 2317.00
  }, {
    "date" : "2025-10-15",
    "price" : 14917.00,
    "dma50" : 14964.82,
    "dma100" : 15575.13,
    "dma200" : 15562.06,
    "volume" : 2454.00
  }, {
    "date" : "2025-10-16",
    "price" : 15440.00,
    "dma50" : 14983.46,
    "dma100" : 15555.55,
    "dma200" : 15560.85,
    "volume" : 6300.00
  }, {
    "date" : "2025-10-17",
    "price" : 15432.00,
    "dma50" : 15001.05,
    "dma100" : 15534.16,
    "dma200" : 15559.57,
    "volume" : 3042.00
  }, {
    "date" : "2025-10-20",
    "price" : 15397.00,
    "dma50" : 15016.57,
    "dma100" : 15512.89,
    "dma200" : 15557.95,
    "volume" : 2952.00
  }, {
    "date" : "2025-10-21",
    "price" : 15488.00,
    "dma50" : 15035.06,
    "dma100" : 15493.81,
    "dma200" : 15557.25,
    "volume" : 603.00
  }, {
    "date" : "2025-10-23",
    "price" : 15699.00,
    "dma50" : 15061.10,
    "dma100" : 15483.82,
    "dma200" : 15558.66,
    "volume" : 7826.00
  }, {
    "date" : "2025-10-24",
    "price" : 15492.00,
    "dma50" : 15078.00,
    "dma100" : 15472.25,
    "dma200" : 15558.00,
    "volume" : 3115.00
  }, {
    "date" : "2025-10-27",
    "price" : 15835.00,
    "dma50" : 15107.68,
    "dma100" : 15466.62,
    "dma200" : 15560.76,
    "volume" : 10854.00
  }, {
    "date" : "2025-10-28",
    "price" : 15737.00,
    "dma50" : 15132.36,
    "dma100" : 15458.49,
    "dma200" : 15562.51,
    "volume" : 2468.00
  }, {
    "date" : "2025-10-29",
    "price" : 15976.00,
    "dma50" : 15165.45,
    "dma100" : 15453.29,
    "dma200" : 15566.62,
    "volume" : 4572.00
  }, {
    "date" : "2025-10-30",
    "price" : 15846.00,
    "dma50" : 15192.13,
    "dma100" : 15449.61,
    "dma200" : 15569.40,
    "volume" : 1680.00
  }, {
    "date" : "2025-10-31",
    "price" : 15739.00,
    "dma50" : 15213.58,
    "dma100" : 15442.48,
    "dma200" : 15571.09,
    "volume" : 1881.00
  }, {
    "date" : "2025-11-03",
    "price" : 15853.00,
    "dma50" : 15238.66,
    "dma100" : 15434.41,
    "dma200" : 15573.90,
    "volume" : 2705.00
  }, {
    "date" : "2025-11-04",
    "price" : 15779.00,
    "dma50" : 15259.85,
    "dma100" : 15424.07,
    "dma200" : 15575.94,
    "volume" : 1551.00
  }, {
    "date" : "2025-11-06",
    "price" : 15709.00,
    "dma50" : 15277.46,
    "dma100" : 15415.65,
    "dma200" : 15577.26,
    "volume" : 18374.00
  }, {
    "date" : "2025-11-07",
    "price" : 15718.00,
    "dma50" : 15294.74,
    "dma100" : 15407.90,
    "dma200" : 15578.66,
    "volume" : 1984.00
  }, {
    "date" : "2025-11-10",
    "price" : 15637.00,
    "dma50" : 15308.16,
    "dma100" : 15402.16,
    "dma200" : 15579.24,
    "volume" : 2042.00
  }, {
    "date" : "2025-11-11",
    "price" : 15539.00,
    "dma50" : 15317.21,
    "dma100" : 15396.56,
    "dma200" : 15578.84,
    "volume" : 2614.00
  }, {
    "date" : "2025-11-12",
    "price" : 15562.00,
    "dma50" : 15326.81,
    "dma100" : 15388.53,
    "dma200" : 15578.67,
    "volume" : 2710.00
  }, {
    "date" : "2025-11-13",
    "price" : 15559.00,
    "dma50" : 15335.92,
    "dma100" : 15384.02,
    "dma200" : 15578.48,
    "volume" : 965.00
  }, {
    "date" : "2025-11-14",
    "price" : 15584.00,
    "dma50" : 15345.64,
    "dma100" : 15381.22,
    "dma200" : 15578.53,
    "volume" : 1931.00
  }, {
    "date" : "2025-11-17",
    "price" : 15654.00,
    "dma50" : 15357.74,
    "dma100" : 15376.68,
    "dma200" : 15579.28,
    "volume" : 1407.00
  }, {
    "date" : "2025-11-18",
    "price" : 15276.00,
    "dma50" : 15354.53,
    "dma100" : 15370.38,
    "dma200" : 15576.27,
    "volume" : 2756.00
  }, {
    "date" : "2025-11-19",
    "price" : 15310.00,
    "dma50" : 15352.78,
    "dma100" : 15361.73,
    "dma200" : 15573.62,
    "volume" : 2714.00
  }, {
    "date" : "2025-11-20",
    "price" : 15620.00,
    "dma50" : 15363.26,
    "dma100" : 15356.03,
    "dma200" : 15574.08,
    "volume" : 3732.00
  }, {
    "date" : "2025-11-21",
    "price" : 15282.00,
    "dma50" : 15360.08,
    "dma100" : 15344.24,
    "dma200" : 15571.17,
    "volume" : 1703.00
  }, {
    "date" : "2025-11-24",
    "price" : 15105.00,
    "dma50" : 15350.07,
    "dma100" : 15328.22,
    "dma200" : 15566.53,
    "volume" : 6413.00
  }, {
    "date" : "2025-11-25",
    "price" : 14992.00,
    "dma50" : 15336.03,
    "dma100" : 15309.82,
    "dma200" : 15560.82,
    "volume" : 3554.00
  }, {
    "date" : "2025-11-26",
    "price" : 15477.00,
    "dma50" : 15341.56,
    "dma100" : 15296.08,
    "dma200" : 15559.98,
    "volume" : 2412.00
  }, {
    "date" : "2025-11-27",
    "price" : 15191.00,
    "dma50" : 15335.66,
    "dma100" : 15280.80,
    "dma200" : 15556.31,
    "volume" : 1678.00
  }, {
    "date" : "2025-11-28",
    "price" : 15051.00,
    "dma50" : 15324.49,
    "dma100" : 15264.65,
    "dma200" : 15551.28,
    "volume" : 1363.00
  }, {
    "date" : "2025-12-01",
    "price" : 15082.00,
    "dma50" : 15314.98,
    "dma100" : 15249.68,
    "dma200" : 15546.61,
    "volume" : 1270.00
  }, {
    "date" : "2025-12-02",
    "price" : 15021.00,
    "dma50" : 15303.45,
    "dma100" : 15234.73,
    "dma200" : 15541.38,
    "volume" : 1792.00
  }, {
    "date" : "2025-12-03",
    "price" : 15053.00,
    "dma50" : 15293.63,
    "dma100" : 15220.04,
    "dma200" : 15536.52,
    "volume" : 1177.00
  }, {
    "date" : "2025-12-04",
    "price" : 15076.00,
    "dma50" : 15285.10,
    "dma100" : 15205.69,
    "dma200" : 15531.94,
    "volume" : 1023.00
  }, {
    "date" : "2025-12-05",
    "price" : 15044.00,
    "dma50" : 15275.64,
    "dma100" : 15191.09,
    "dma200" : 15527.09,
    "volume" : 1618.00
  }, {
    "date" : "2025-12-08",
    "price" : 14745.00,
    "dma50" : 15254.83,
    "dma100" : 15176.63,
    "dma200" : 15519.31,
    "volume" : 3577.00
  }, {
    "date" : "2025-12-09",
    "price" : 15272.00,
    "dma50" : 15255.51,
    "dma100" : 15163.13,
    "dma200" : 15516.84,
    "volume" : 2801.00
  } ],
  "latestTechnicalAttributes" : {
    "date" : "2025-12-09",
    "price" : 15272.00,
    "dma50" : 15255.51,
    "dma100" : 15163.13,
    "dma200" : 15516.84,
    "volume" : 2801.00
  },
  "quarterlyResults" : [ {
    "date" : "2005-03-31",
    "sales" : 317.00,
    "salesGrowthYoY" : null,
    "grossProfitMargin" : 36.06,
    "grossProfit" : 114.31,
    "operatingProfitMargin" : 11.44,
    "operatingProfit" : 36.26,
    "netProfitMargin" : 9.53,
    "netProfit" : 30.21
  }, {
    "date" : "2005-06-30",
    "sales" : 251.92,
    "salesGrowthYoY" : null,
    "grossProfitMargin" : 45.62,
    "grossProfit" : 114.93,
    "operatingProfitMargin" : 14.59,
    "operatingProfit" : 36.76,
    "netProfitMargin" : 8.46,
    "netProfit" : 21.31
  }, {
    "date" : "2005-09-30",
    "sales" : 320.28,
    "salesGrowthYoY" : null,
    "grossProfitMargin" : 40.22,
    "grossProfit" : 128.82,
    "operatingProfitMargin" : 12.11,
    "operatingProfit" : 38.79,
    "netProfitMargin" : 6.22,
    "netProfit" : 19.92
  }, {
    "date" : "2005-12-31",
    "sales" : 335.12,
    "salesGrowthYoY" : null,
    "grossProfitMargin" : 44.01,
    "grossProfit" : 147.49,
    "operatingProfitMargin" : 16.13,
    "operatingProfit" : 54.05,
    "netProfitMargin" : 6.97,
    "netProfit" : 23.36
  }, {
    "date" : "2006-03-31",
    "sales" : 394.75,
    "salesGrowthYoY" : 24.53,
    "grossProfitMargin" : 41.14,
    "grossProfit" : 162.40,
    "operatingProfitMargin" : 18.36,
    "operatingProfit" : 72.48,
    "netProfitMargin" : 20.86,
    "netProfit" : 82.34
  }, {
    "date" : "2006-06-30",
    "sales" : 379.40,
    "salesGrowthYoY" : 50.60,
    "grossProfitMargin" : 40.96,
    "grossProfit" : 155.40,
    "operatingProfitMargin" : 15.90,
    "operatingProfit" : 60.32,
    "netProfitMargin" : 9.36,
    "netProfit" : 35.51
  }, {
    "date" : "2006-09-30",
    "sales" : 459.57,
    "salesGrowthYoY" : 43.49,
    "grossProfitMargin" : 40.32,
    "grossProfit" : 185.30,
    "operatingProfitMargin" : 15.43,
    "operatingProfit" : 70.91,
    "netProfitMargin" : 12.49,
    "netProfit" : 57.40
  }, {
    "date" : "2006-12-31",
    "sales" : 465.43,
    "salesGrowthYoY" : 38.88,
    "grossProfitMargin" : 38.42,
    "grossProfit" : 178.82,
    "operatingProfitMargin" : 15.01,
    "operatingProfit" : 69.86,
    "netProfitMargin" : 9.60,
    "netProfit" : 44.68
  }, {
    "date" : "2007-03-31",
    "sales" : 549.18,
    "salesGrowthYoY" : 39.12,
    "grossProfitMargin" : 41.25,
    "grossProfit" : 226.54,
    "operatingProfitMargin" : 16.05,
    "operatingProfit" : 88.14,
    "netProfitMargin" : 12.49,
    "netProfit" : 68.59
  }, {
    "date" : "2007-06-30",
    "sales" : 483.22,
    "salesGrowthYoY" : 27.36,
    "grossProfitMargin" : 41.08,
    "grossProfit" : 198.51,
    "operatingProfitMargin" : 16.57,
    "operatingProfit" : 80.07,
    "netProfitMargin" : 10.19,
    "netProfit" : 49.24
  }, {
    "date" : "2007-09-30",
    "sales" : 582.74,
    "salesGrowthYoY" : 26.80,
    "grossProfitMargin" : 40.87,
    "grossProfit" : 238.17,
    "operatingProfitMargin" : 19.74,
    "operatingProfit" : 115.03,
    "netProfitMargin" : 12.80,
    "netProfit" : 74.59
  }, {
    "date" : "2007-12-31",
    "sales" : 535.21,
    "salesGrowthYoY" : 14.99,
    "grossProfitMargin" : 41.15,
    "grossProfit" : 220.24,
    "operatingProfitMargin" : 19.59,
    "operatingProfit" : 104.85,
    "netProfitMargin" : 10.92,
    "netProfit" : 58.44
  }, {
    "date" : "2008-03-31",
    "sales" : 618.05,
    "salesGrowthYoY" : 12.54,
    "grossProfitMargin" : 41.60,
    "grossProfit" : 257.11,
    "operatingProfitMargin" : 18.38,
    "operatingProfit" : 113.60,
    "netProfitMargin" : 9.71,
    "netProfit" : 60.01
  }, {
    "date" : "2008-06-30",
    "sales" : 473.22,
    "salesGrowthYoY" : -2.07,
    "grossProfitMargin" : 44.93,
    "grossProfit" : 212.62,
    "operatingProfitMargin" : 19.71,
    "operatingProfit" : 93.27,
    "netProfitMargin" : 10.09,
    "netProfit" : 47.75
  }, {
    "date" : "2008-09-30",
    "sales" : 446.18,
    "salesGrowthYoY" : -23.43,
    "grossProfitMargin" : 40.99,
    "grossProfit" : 182.89,
    "operatingProfitMargin" : 18.92,
    "operatingProfit" : 84.42,
    "netProfitMargin" : 8.49,
    "netProfit" : 37.88
  }, {
    "date" : "2008-12-31",
    "sales" : 267.84,
    "salesGrowthYoY" : -49.96,
    "grossProfitMargin" : 45.20,
    "grossProfit" : 121.06,
    "operatingProfitMargin" : 13.41,
    "operatingProfit" : 35.92,
    "netProfitMargin" : 4.97,
    "netProfit" : 13.31
  }, {
    "date" : "2009-03-31",
    "sales" : 187.35,
    "salesGrowthYoY" : -69.69,
    "grossProfitMargin" : 40.84,
    "grossProfit" : 76.51,
    "operatingProfitMargin" : 2.20,
    "operatingProfit" : 4.12,
    "netProfitMargin" : 4.29,
    "netProfit" : 8.04
  }, {
    "date" : "2009-06-30",
    "sales" : 192.47,
    "salesGrowthYoY" : -59.33,
    "grossProfitMargin" : 40.80,
    "grossProfit" : 78.53,
    "operatingProfitMargin" : 10.93,
    "operatingProfit" : 21.04,
    "netProfitMargin" : 5.78,
    "netProfit" : 11.12
  }, {
    "date" : "2009-09-30",
    "sales" : 278.24,
    "salesGrowthYoY" : -37.64,
    "grossProfitMargin" : 45.60,
    "grossProfit" : 126.88,
    "operatingProfitMargin" : 20.14,
    "operatingProfit" : 56.04,
    "netProfitMargin" : 11.63,
    "netProfit" : 32.36
  }, {
    "date" : "2009-12-31",
    "sales" : 336.18,
    "salesGrowthYoY" : 25.52,
    "grossProfitMargin" : 47.97,
    "grossProfit" : 161.27,
    "operatingProfitMargin" : 18.86,
    "operatingProfit" : 63.40,
    "netProfitMargin" : 9.07,
    "netProfit" : 30.49
  }, {
    "date" : "2010-03-31",
    "sales" : 362.53,
    "salesGrowthYoY" : 93.50,
    "grossProfitMargin" : 38.81,
    "grossProfit" : 140.70,
    "operatingProfitMargin" : 15.52,
    "operatingProfit" : 56.26,
    "netProfitMargin" : 8.46,
    "netProfit" : 30.67
  }, {
    "date" : "2010-06-30",
    "sales" : 345.58,
    "salesGrowthYoY" : 79.55,
    "grossProfitMargin" : 42.58,
    "grossProfit" : 147.15,
    "operatingProfitMargin" : 16.14,
    "operatingProfit" : 55.78,
    "netProfitMargin" : 8.71,
    "netProfit" : 30.10
  }, {
    "date" : "2010-09-30",
    "sales" : 442.98,
    "salesGrowthYoY" : 59.21,
    "grossProfitMargin" : 43.64,
    "grossProfit" : 193.32,
    "operatingProfitMargin" : 17.54,
    "operatingProfit" : 77.70,
    "netProfitMargin" : 10.35,
    "netProfit" : 45.85
  }, {
    "date" : "2010-12-31",
    "sales" : 490.89,
    "salesGrowthYoY" : 46.02,
    "grossProfitMargin" : 41.80,
    "grossProfit" : 205.19,
    "operatingProfitMargin" : 15.40,
    "operatingProfit" : 75.60,
    "netProfitMargin" : 9.34,
    "netProfit" : 45.85
  }, {
    "date" : "2011-03-31",
    "sales" : 534.84,
    "salesGrowthYoY" : 47.53,
    "grossProfitMargin" : 36.76,
    "grossProfit" : 196.61,
    "operatingProfitMargin" : 12.44,
    "operatingProfit" : 66.53,
    "netProfitMargin" : 8.29,
    "netProfit" : 44.34
  }, {
    "date" : "2011-06-30",
    "sales" : 509.14,
    "salesGrowthYoY" : 47.33,
    "grossProfitMargin" : 39.57,
    "grossProfit" : 201.47,
    "operatingProfitMargin" : 13.59,
    "operatingProfit" : 69.19,
    "netProfitMargin" : 8.08,
    "netProfit" : 41.14
  }, {
    "date" : "2011-09-30",
    "sales" : 571.59,
    "salesGrowthYoY" : 29.03,
    "grossProfitMargin" : 39.19,
    "grossProfit" : 224.01,
    "operatingProfitMargin" : 13.88,
    "operatingProfit" : 79.34,
    "netProfitMargin" : 8.61,
    "netProfit" : 49.21
  }, {
    "date" : "2011-12-31",
    "sales" : 530.72,
    "salesGrowthYoY" : 8.11,
    "grossProfitMargin" : 36.09,
    "grossProfit" : 191.54,
    "operatingProfitMargin" : 11.55,
    "operatingProfit" : 61.30,
    "netProfitMargin" : 7.47,
    "netProfit" : 39.64
  }, {
    "date" : "2012-03-31",
    "sales" : 502.01,
    "salesGrowthYoY" : -6.14,
    "grossProfitMargin" : 36.96,
    "grossProfit" : 185.54,
    "operatingProfitMargin" : 9.71,
    "operatingProfit" : 48.75,
    "netProfitMargin" : 1.39,
    "netProfit" : 6.98
  }, {
    "date" : "2012-06-30",
    "sales" : 468.99,
    "salesGrowthYoY" : -7.89,
    "grossProfitMargin" : 39.95,
    "grossProfit" : 187.36,
    "operatingProfitMargin" : 12.00,
    "operatingProfit" : 56.28,
    "netProfitMargin" : 7.19,
    "netProfit" : 33.72
  }, {
    "date" : "2012-09-30",
    "sales" : 515.29,
    "salesGrowthYoY" : -9.85,
    "grossProfitMargin" : 37.84,
    "grossProfit" : 194.99,
    "operatingProfitMargin" : 13.01,
    "operatingProfit" : 67.04,
    "netProfitMargin" : 7.01,
    "netProfit" : 36.12
  }, {
    "date" : "2012-12-31",
    "sales" : 430.68,
    "salesGrowthYoY" : -18.85,
    "grossProfitMargin" : 39.18,
    "grossProfit" : 168.74,
    "operatingProfitMargin" : 10.24,
    "operatingProfit" : 44.10,
    "netProfitMargin" : 4.43,
    "netProfit" : 19.08
  }, {
    "date" : "2013-03-31",
    "sales" : 502.17,
    "salesGrowthYoY" : 0.03,
    "grossProfitMargin" : 37.53,
    "grossProfit" : 188.46,
    "operatingProfitMargin" : 8.50,
    "operatingProfit" : 42.68,
    "netProfitMargin" : 5.68,
    "netProfit" : 28.52
  }, {
    "date" : "2013-06-30",
    "sales" : 416.85,
    "salesGrowthYoY" : -11.12,
    "grossProfitMargin" : 41.31,
    "grossProfit" : 172.20,
    "operatingProfitMargin" : 10.95,
    "operatingProfit" : 45.65,
    "netProfitMargin" : 7.04,
    "netProfit" : 29.35
  }, {
    "date" : "2013-09-30",
    "sales" : 561.05,
    "salesGrowthYoY" : 8.88,
    "grossProfitMargin" : 40.14,
    "grossProfit" : 225.21,
    "operatingProfitMargin" : 13.53,
    "operatingProfit" : 75.91,
    "netProfitMargin" : 9.34,
    "netProfit" : 52.40
  }, {
    "date" : "2013-12-31",
    "sales" : 629.64,
    "salesGrowthYoY" : 46.20,
    "grossProfitMargin" : 38.46,
    "grossProfit" : 242.16,
    "operatingProfitMargin" : 13.24,
    "operatingProfit" : 83.36,
    "netProfitMargin" : 8.36,
    "netProfit" : 52.64
  }, {
    "date" : "2014-03-31",
    "sales" : 634.08,
    "salesGrowthYoY" : 26.27,
    "grossProfitMargin" : 32.72,
    "grossProfit" : 207.47,
    "operatingProfitMargin" : 8.11,
    "operatingProfit" : 51.42,
    "netProfitMargin" : 8.66,
    "netProfit" : 54.91
  }, {
    "date" : "2014-06-30",
    "sales" : 571.50,
    "salesGrowthYoY" : 37.10,
    "grossProfitMargin" : 40.17,
    "grossProfit" : 229.57,
    "operatingProfitMargin" : 11.54,
    "operatingProfit" : 65.95,
    "netProfitMargin" : 8.61,
    "netProfit" : 49.21
  }, {
    "date" : "2014-09-30",
    "sales" : 589.31,
    "salesGrowthYoY" : 5.04,
    "grossProfitMargin" : 38.66,
    "grossProfit" : 227.83,
    "operatingProfitMargin" : 13.09,
    "operatingProfit" : 77.14,
    "netProfitMargin" : 8.66,
    "netProfit" : 51.03
  }, {
    "date" : "2014-12-31",
    "sales" : 567.98,
    "salesGrowthYoY" : -9.79,
    "grossProfitMargin" : 39.79,
    "grossProfit" : 226.00,
    "operatingProfitMargin" : 12.66,
    "operatingProfit" : 71.91,
    "netProfitMargin" : 7.90,
    "netProfit" : 44.87
  }, {
    "date" : "2015-03-31",
    "sales" : 656.02,
    "salesGrowthYoY" : 3.46,
    "grossProfitMargin" : 37.60,
    "grossProfit" : 246.66,
    "operatingProfitMargin" : 11.16,
    "operatingProfit" : 73.21,
    "netProfitMargin" : 10.50,
    "netProfit" : 68.88
  }, {
    "date" : "2015-06-30",
    "sales" : 622.95,
    "salesGrowthYoY" : 9.00,
    "grossProfitMargin" : 37.11,
    "grossProfit" : 231.18,
    "operatingProfitMargin" : 10.43,
    "operatingProfit" : 64.97,
    "netProfitMargin" : 6.98,
    "netProfit" : 43.48
  }, {
    "date" : "2015-09-30",
    "sales" : 673.71,
    "salesGrowthYoY" : 14.32,
    "grossProfitMargin" : 34.40,
    "grossProfit" : 231.76,
    "operatingProfitMargin" : 10.73,
    "operatingProfit" : 72.29,
    "netProfitMargin" : 8.26,
    "netProfit" : 55.65
  }, {
    "date" : "2015-12-31",
    "sales" : 706.30,
    "salesGrowthYoY" : 24.35,
    "grossProfitMargin" : 37.71,
    "grossProfit" : 266.35,
    "operatingProfitMargin" : 13.14,
    "operatingProfit" : 92.81,
    "netProfitMargin" : 9.27,
    "netProfit" : 65.47
  }, {
    "date" : "2016-03-31",
    "sales" : 750.06,
    "salesGrowthYoY" : 14.33,
    "grossProfitMargin" : 38.24,
    "grossProfit" : 286.82,
    "operatingProfitMargin" : 11.80,
    "operatingProfit" : 88.51,
    "netProfitMargin" : 7.83,
    "netProfit" : 58.73
  }, {
    "date" : "2016-06-30",
    "sales" : 557.58,
    "salesGrowthYoY" : -10.49,
    "grossProfitMargin" : 36.96,
    "grossProfit" : 206.08,
    "operatingProfitMargin" : 8.07,
    "operatingProfit" : 45.00,
    "netProfitMargin" : 5.96,
    "netProfit" : 33.23
  }, {
    "date" : "2016-09-30",
    "sales" : 580.69,
    "salesGrowthYoY" : -13.81,
    "grossProfitMargin" : 35.60,
    "grossProfit" : 206.73,
    "operatingProfitMargin" : 8.87,
    "operatingProfit" : 51.51,
    "netProfitMargin" : 6.56,
    "netProfit" : 38.09
  }, {
    "date" : "2016-12-31",
    "sales" : 582.03,
    "salesGrowthYoY" : -17.59,
    "grossProfitMargin" : 37.66,
    "grossProfit" : 219.19,
    "operatingProfitMargin" : 11.70,
    "operatingProfit" : 68.10,
    "netProfitMargin" : 9.28,
    "netProfit" : 54.01
  }, {
    "date" : "2017-03-31",
    "sales" : 678.46,
    "salesGrowthYoY" : -9.55,
    "grossProfitMargin" : 36.36,
    "grossProfit" : 246.69,
    "operatingProfitMargin" : 8.46,
    "operatingProfit" : 57.40,
    "netProfitMargin" : 10.09,
    "netProfit" : 68.46
  }, {
    "date" : "2017-06-30",
    "sales" : 696.14,
    "salesGrowthYoY" : 24.85,
    "grossProfitMargin" : 37.17,
    "grossProfit" : 258.76,
    "operatingProfitMargin" : 10.16,
    "operatingProfit" : 70.73,
    "netProfitMargin" : 6.88,
    "netProfit" : 47.89
  }, {
    "date" : "2017-09-30",
    "sales" : 573.04,
    "salesGrowthYoY" : -1.32,
    "grossProfitMargin" : 38.30,
    "grossProfit" : 219.47,
    "operatingProfitMargin" : 11.03,
    "operatingProfit" : 63.21,
    "netProfitMargin" : 8.07,
    "netProfit" : 46.24
  }, {
    "date" : "2017-12-31",
    "sales" : 542.42,
    "salesGrowthYoY" : -6.81,
    "grossProfitMargin" : 43.26,
    "grossProfit" : 234.65,
    "operatingProfitMargin" : 11.95,
    "operatingProfit" : 64.82,
    "netProfitMargin" : 10.42,
    "netProfit" : 56.52
  }, {
    "date" : "2018-03-31",
    "sales" : 747.30,
    "salesGrowthYoY" : 10.15,
    "grossProfitMargin" : 36.49,
    "grossProfit" : 272.69,
    "operatingProfitMargin" : 9.03,
    "operatingProfit" : 67.48,
    "netProfitMargin" : 8.53,
    "netProfit" : 63.74
  }, {
    "date" : "2018-06-30",
    "sales" : 636.01,
    "salesGrowthYoY" : -8.64,
    "grossProfitMargin" : 38.99,
    "grossProfit" : 247.98,
    "operatingProfitMargin" : 8.94,
    "operatingProfit" : 56.86,
    "netProfitMargin" : 8.20,
    "netProfit" : 52.15
  }, {
    "date" : "2018-09-30",
    "sales" : 771.97,
    "salesGrowthYoY" : 34.71,
    "grossProfitMargin" : 38.81,
    "grossProfit" : 299.60,
    "operatingProfitMargin" : 11.70,
    "operatingProfit" : 90.32,
    "netProfitMargin" : 7.65,
    "netProfit" : 59.06
  }, {
    "date" : "2018-12-31",
    "sales" : 647.91,
    "salesGrowthYoY" : 19.45,
    "grossProfitMargin" : 43.31,
    "grossProfit" : 280.61,
    "operatingProfitMargin" : 13.69,
    "operatingProfit" : 88.70,
    "netProfitMargin" : 9.63,
    "netProfit" : 62.39
  }, {
    "date" : "2019-03-31",
    "sales" : 580.01,
    "salesGrowthYoY" : -22.39,
    "grossProfitMargin" : 41.12,
    "grossProfit" : 238.50,
    "operatingProfitMargin" : 5.61,
    "operatingProfit" : 32.54,
    "netProfitMargin" : 6.35,
    "netProfit" : 36.83
  }, {
    "date" : "2019-06-30",
    "sales" : 452.32,
    "salesGrowthYoY" : -28.88,
    "grossProfitMargin" : 40.28,
    "grossProfit" : 182.19,
    "operatingProfitMargin" : 2.66,
    "operatingProfit" : 12.03,
    "netProfitMargin" : 3.11,
    "netProfit" : 14.07
  }, {
    "date" : "2019-09-30",
    "sales" : 411.41,
    "salesGrowthYoY" : -46.71,
    "grossProfitMargin" : 39.37,
    "grossProfit" : 161.97,
    "operatingProfitMargin" : 2.72,
    "operatingProfit" : 11.19,
    "netProfitMargin" : 4.24,
    "netProfit" : 17.44
  }, {
    "date" : "2019-12-31",
    "sales" : 315.20,
    "salesGrowthYoY" : -51.35,
    "grossProfitMargin" : 41.62,
    "grossProfit" : 131.19,
    "operatingProfitMargin" : 0.95,
    "operatingProfit" : 2.99,
    "netProfitMargin" : 2.45,
    "netProfit" : 7.72
  }, {
    "date" : "2020-03-31",
    "sales" : 391.17,
    "salesGrowthYoY" : -32.56,
    "grossProfitMargin" : 40.06,
    "grossProfit" : 156.70,
    "operatingProfitMargin" : -0.67,
    "operatingProfit" : -2.62,
    "netProfitMargin" : 1.80,
    "netProfit" : 7.04
  }, {
    "date" : "2020-06-30",
    "sales" : 170.52,
    "salesGrowthYoY" : -62.30,
    "grossProfitMargin" : 40.94,
    "grossProfit" : 69.81,
    "operatingProfitMargin" : -15.62,
    "operatingProfit" : -26.64,
    "netProfitMargin" : -9.88,
    "netProfit" : -16.85
  }, {
    "date" : "2020-09-30",
    "sales" : 379.29,
    "salesGrowthYoY" : -7.81,
    "grossProfitMargin" : 39.58,
    "grossProfit" : 150.12,
    "operatingProfitMargin" : 3.61,
    "operatingProfit" : 13.69,
    "netProfitMargin" : 3.55,
    "netProfit" : 13.46
  }, {
    "date" : "2020-12-31",
    "sales" : 476.71,
    "salesGrowthYoY" : 51.24,
    "grossProfitMargin" : 40.46,
    "grossProfit" : 192.88,
    "operatingProfitMargin" : 8.10,
    "operatingProfit" : 38.61,
    "netProfitMargin" : 7.13,
    "netProfit" : 33.99
  }, {
    "date" : "2021-03-31",
    "sales" : 663.12,
    "salesGrowthYoY" : 69.52,
    "grossProfitMargin" : 36.25,
    "grossProfit" : 240.38,
    "operatingProfitMargin" : 6.50,
    "operatingProfit" : 43.10,
    "netProfitMargin" : 4.97,
    "netProfit" : 32.96
  }, {
    "date" : "2021-06-30",
    "sales" : 436.04,
    "salesGrowthYoY" : 155.71,
    "grossProfitMargin" : 38.33,
    "grossProfit" : 167.13,
    "operatingProfitMargin" : 1.29,
    "operatingProfit" : 5.62,
    "netProfitMargin" : 1.04,
    "netProfit" : 4.53
  }, {
    "date" : "2021-09-30",
    "sales" : 792.42,
    "salesGrowthYoY" : 108.92,
    "grossProfitMargin" : 35.79,
    "grossProfit" : 283.61,
    "operatingProfitMargin" : 8.50,
    "operatingProfit" : 67.36,
    "netProfitMargin" : 5.91,
    "netProfit" : 46.83
  }, {
    "date" : "2021-12-31",
    "sales" : 883.63,
    "salesGrowthYoY" : 85.36,
    "grossProfitMargin" : 36.03,
    "grossProfit" : 318.37,
    "operatingProfitMargin" : 8.98,
    "operatingProfit" : 79.35,
    "netProfitMargin" : 7.18,
    "netProfit" : 63.44
  }, {
    "date" : "2022-03-31",
    "sales" : 959.51,
    "salesGrowthYoY" : 44.70,
    "grossProfitMargin" : 35.34,
    "grossProfit" : 339.09,
    "operatingProfitMargin" : 7.99,
    "operatingProfit" : 76.66,
    "netProfitMargin" : 8.19,
    "netProfit" : 78.58
  }, {
    "date" : "2022-06-30",
    "sales" : 972.12,
    "salesGrowthYoY" : 122.94,
    "grossProfitMargin" : 35.78,
    "grossProfit" : 347.82,
    "operatingProfitMargin" : 8.16,
    "operatingProfit" : 79.32,
    "netProfitMargin" : 6.87,
    "netProfit" : 66.78
  }, {
    "date" : "2022-09-30",
    "sales" : 1168.26,
    "salesGrowthYoY" : 47.43,
    "grossProfitMargin" : 35.34,
    "grossProfit" : 412.86,
    "operatingProfitMargin" : 9.15,
    "operatingProfit" : 106.90,
    "netProfitMargin" : 8.06,
    "netProfit" : 94.16
  }, {
    "date" : "2022-12-31",
    "sales" : 1176.10,
    "salesGrowthYoY" : 33.10,
    "grossProfitMargin" : 36.87,
    "grossProfit" : 433.63,
    "operatingProfitMargin" : 9.71,
    "operatingProfit" : 114.20,
    "netProfitMargin" : 8.92,
    "netProfit" : 104.91
  }, {
    "date" : "2023-03-31",
    "sales" : 1216.75,
    "salesGrowthYoY" : 26.81,
    "grossProfitMargin" : 34.67,
    "grossProfit" : 421.85,
    "operatingProfitMargin" : 8.41,
    "operatingProfit" : 102.33,
    "netProfitMargin" : 6.93,
    "netProfit" : 84.32
  }, {
    "date" : "2023-06-30",
    "sales" : 1174.07,
    "salesGrowthYoY" : 20.77,
    "grossProfitMargin" : 35.09,
    "grossProfit" : 411.98,
    "operatingProfitMargin" : 9.24,
    "operatingProfit" : 108.48,
    "netProfitMargin" : 7.94,
    "netProfit" : 93.22
  }, {
    "date" : "2023-09-30",
    "sales" : 1305.02,
    "salesGrowthYoY" : 11.71,
    "grossProfitMargin" : 35.96,
    "grossProfit" : 469.29,
    "operatingProfitMargin" : 10.48,
    "operatingProfit" : 136.77,
    "netProfitMargin" : 8.92,
    "netProfit" : 116.41
  }, {
    "date" : "2023-12-31",
    "sales" : 1166.29,
    "salesGrowthYoY" : -0.83,
    "grossProfitMargin" : 37.08,
    "grossProfit" : 432.46,
    "operatingProfitMargin" : 9.78,
    "operatingProfit" : 114.06,
    "netProfitMargin" : 8.29,
    "netProfit" : 96.69
  }, {
    "date" : "2024-03-31",
    "sales" : 951.76,
    "salesGrowthYoY" : -21.78,
    "grossProfitMargin" : 36.65,
    "grossProfit" : 348.82,
    "operatingProfitMargin" : 7.54,
    "operatingProfit" : 71.76,
    "netProfitMargin" : 6.85,
    "netProfit" : 65.20
  }, {
    "date" : "2024-06-30",
    "sales" : 659.22,
    "salesGrowthYoY" : -43.85,
    "grossProfitMargin" : 37.72,
    "grossProfit" : 248.66,
    "operatingProfitMargin" : 2.02,
    "operatingProfit" : 13.32,
    "netProfitMargin" : 1.89,
    "netProfit" : 12.46
  }, {
    "date" : "2024-09-30",
    "sales" : 750.56,
    "salesGrowthYoY" : -42.49,
    "grossProfitMargin" : 38.02,
    "grossProfit" : 285.36,
    "operatingProfitMargin" : 4.72,
    "operatingProfit" : 35.43,
    "netProfitMargin" : 3.83,
    "netProfit" : 28.75
  }, {
    "date" : "2024-12-31",
    "sales" : 710.81,
    "salesGrowthYoY" : -39.05,
    "grossProfitMargin" : 38.57,
    "grossProfit" : 274.16,
    "operatingProfitMargin" : 4.58,
    "operatingProfit" : 32.56,
    "netProfitMargin" : 4.55,
    "netProfit" : 32.34
  }, {
    "date" : "2025-03-31",
    "sales" : 788.81,
    "salesGrowthYoY" : -17.12,
    "grossProfitMargin" : 38.47,
    "grossProfit" : 303.46,
    "operatingProfitMargin" : 7.21,
    "operatingProfit" : 56.87,
    "netProfitMargin" : 6.23,
    "netProfit" : 49.14
  }, {
    "date" : "2025-06-30",
    "sales" : 685.37,
    "salesGrowthYoY" : 3.97,
    "grossProfitMargin" : 37.85,
    "grossProfit" : 259.41,
    "operatingProfitMargin" : 3.75,
    "operatingProfit" : 25.70,
    "netProfitMargin" : 3.71,
    "netProfit" : 25.43
  }, {
    "date" : "2025-09-30",
    "sales" : 776.03,
    "salesGrowthYoY" : 3.39,
    "grossProfitMargin" : 37.83,
    "grossProfit" : 293.57,
    "operatingProfitMargin" : 6.25,
    "operatingProfit" : 48.50,
    "netProfitMargin" : 5.82,
    "netProfit" : 45.16
  } ],
  "latestQuarterlyResult" : {
    "date" : "2025-09-30",
    "sales" : 776.03,
    "salesGrowthYoY" : 3.39,
    "grossProfitMargin" : 37.83,
    "grossProfit" : 293.57,
    "operatingProfitMargin" : 6.25,
    "operatingProfit" : 48.50,
    "netProfitMargin" : 5.82,
    "netProfit" : 45.16
  },
  "companyScore" : {
    "priceHigherThanDma50" : 5.00,
    "priceHigherThanDma100" : 5.00,
    "priceHigherThanDma200" : 0.00,
    "dma50HigherThanDma100" : 5.00,
    "dma50HigherThanDma200" : 0.00,
    "dma100HigherThanDma200" : 0.00,
    "pricePercentageAboveDma50" : 4.99,
    "pricePercentageAboveDma100" : 4.96,
    "pricePercentageAboveDma200" : 5.08,
    "weeklyVolumeHigherThanYearlyVolume" : 0.00,
    "salesGrowthPercentile" : 8.61,
    "operatingProfitMarginPercentile" : 12.23,
    "netProfitMarginPercentile" : 5.11,
    "totalTechnicalScore" : 30.04,
    "totalFundamentalScore" : 25.95,
    "totalScore" : 55.98
  }
}