{
  "metadata" : {
    "screenerCompanyId" : "1919",
    "companyCode" : "LTFOODS",
    "companyName" : "L T Foods",
    "screenerCompanyLink" : "https://www.screener.in/company/LTFOODS",
    "screenerTechnicalHistoryLink" : "https://www.screener.in/api/company/1919/chart/?q=Price-DMA50-DMA200-Volume&days=365",
    "screenerQuarterlyResultsLink" : "https://www.screener.in/api/company/1919/chart/?q=GPM-OPM-NPM-Quarter+Sales&days=10000",
    "attributes" : {
      "companyCode" : "LTFOODS",
      "companyName" : "L T Foods",
      "marketCap" : 13567.00,
      "peRatio" : 65.00,
      "description" : "LT Foods Ltd. is a leading Indian-origin global FMCG company in the food and consumer goods space. It is a leading player globally in the specialty Rice and rice-based foods business for over the last 70 years.[1]"
    },
    "companyScore" : {
      "priceHigherThanDma50" : 0.00,
      "priceHigherThanDma100" : 0.00,
      "priceHigherThanDma200" : 0.00,
      "dma50HigherThanDma100" : 0.00,
      "dma50HigherThanDma200" : 5.00,
      "dma100HigherThanDma200" : 5.00,
      "pricePercentageAboveDma50" : 5.28,
      "pricePercentageAboveDma100" : 5.51,
      "pricePercentageAboveDma200" : 5.27,
      "weeklyVolumeHigherThanYearlyVolume" : 5.00,
      "salesGrowthPercentile" : 7.20,
      "operatingProfitMarginPercentile" : 3.29,
      "netProfitMarginPercentile" : 9.75,
      "totalTechnicalScore" : 31.06,
      "totalFundamentalScore" : 20.24,
      "totalScore" : 51.30
    }
  },
  "attributes" : {
    "companyCode" : "LTFOODS",
    "companyName" : "L T Foods",
    "marketCap" : 13567.00,
    "peRatio" : 65.00,
    "description" : "LT Foods Ltd. is a leading Indian-origin global FMCG company in the food and consumer goods space. It is a leading player globally in the specialty Rice and rice-based foods business for over the last 70 years.[1]"
  },
  "technicalHistory" : [ {
    "date" : "2024-12-10",
    "price" : 439.50,
    "dma50" : 388.21,
    "dma100" : null,
    "dma200" : 315.92,
    "volume" : 892679.00
  }, {
    "date" : "2024-12-11",
    "price" : 427.25,
    "dma50" : 389.74,
    "dma100" : null,
    "dma200" : 317.03,
    "volume" : 784110.00
  }, {
    "date" : "2024-12-12",
    "price" : 435.15,
    "dma50" : 391.52,
    "dma100" : null,
    "dma200" : 318.21,
    "volume" : 620550.00
  }, {
    "date" : "2024-12-13",
    "price" : 431.50,
    "dma50" : 393.09,
    "dma100" : null,
    "dma200" : 319.33,
    "volume" : 1005431.00
  }, {
    "date" : "2024-12-16",
    "price" : 417.75,
    "dma50" : 394.06,
    "dma100" : null,
    "dma200" : 320.31,
    "volume" : 458536.00
  }, {
    "date" : "2024-12-17",
    "price" : 430.20,
    "dma50" : 395.47,
    "dma100" : null,
    "dma200" : 321.41,
    "volume" : 716251.00
  }, {
    "date" : "2024-12-18",
    "price" : 425.05,
    "dma50" : 396.63,
    "dma100" : null,
    "dma200" : 322.44,
    "volume" : 535169.00
  }, {
    "date" : "2024-12-19",
    "price" : 418.70,
    "dma50" : 397.50,
    "dma100" : null,
    "dma200" : 323.39,
    "volume" : 372506.00
  }, {
    "date" : "2024-12-20",
    "price" : 412.20,
    "dma50" : 398.07,
    "dma100" : null,
    "dma200" : 324.28,
    "volume" : 612615.00
  }, {
    "date" : "2024-12-23",
    "price" : 402.15,
    "dma50" : 398.23,
    "dma100" : null,
    "dma200" : 325.05,
    "volume" : 563309.00
  }, {
    "date" : "2024-12-24",
    "price" : 403.70,
    "dma50" : 398.45,
    "dma100" : null,
    "dma200" : 325.84,
    "volume" : 388778.00
  }, {
    "date" : "2024-12-26",
    "price" : 400.35,
    "dma50" : 398.52,
    "dma100" : null,
    "dma200" : 326.58,
    "volume" : 266305.00
  }, {
    "date" : "2024-12-27",
    "price" : 402.75,
    "dma50" : 398.69,
    "dma100" : null,
    "dma200" : 327.33,
    "volume" : 312992.00
  }, {
    "date" : "2024-12-30",
    "price" : 421.90,
    "dma50" : 399.60,
    "dma100" : null,
    "dma200" : 328.28,
    "volume" : 949572.00
  }, {
    "date" : "2024-12-31",
    "price" : 419.10,
    "dma50" : 400.36,
    "dma100" : null,
    "dma200" : 329.18,
    "volume" : 408632.00
  }, {
    "date" : "2025-01-01",
    "price" : 432.25,
    "dma50" : 401.61,
    "dma100" : null,
    "dma200" : 330.21,
    "volume" : 1045598.00
  }, {
    "date" : "2025-01-02",
    "price" : 430.65,
    "dma50" : 402.75,
    "dma100" : null,
    "dma200" : 331.20,
    "volume" : 579192.00
  }, {
    "date" : "2025-01-03",
    "price" : 431.15,
    "dma50" : 403.87,
    "dma100" : null,
    "dma200" : 332.20,
    "volume" : 427855.00
  }, {
    "date" : "2025-01-06",
    "price" : 406.75,
    "dma50" : 403.98,
    "dma100" : null,
    "dma200" : 332.94,
    "volume" : 759087.00
  }, {
    "date" : "2025-01-07",
    "price" : 426.85,
    "dma50" : 404.88,
    "dma100" : null,
    "dma200" : 333.88,
    "volume" : 964732.00
  }, {
    "date" : "2025-01-08",
    "price" : 416.60,
    "dma50" : 405.34,
    "dma100" : null,
    "dma200" : 334.70,
    "volume" : 354571.00
  }, {
    "date" : "2025-01-09",
    "price" : 409.70,
    "dma50" : 405.51,
    "dma100" : null,
    "dma200" : 335.44,
    "volume" : 315318.00
  }, {
    "date" : "2025-01-10",
    "price" : 402.75,
    "dma50" : 405.40,
    "dma100" : null,
    "dma200" : 336.11,
    "volume" : 1197255.00
  }, {
    "date" : "2025-01-13",
    "price" : 386.05,
    "dma50" : 404.64,
    "dma100" : null,
    "dma200" : 336.61,
    "volume" : 780882.00
  }, {
    "date" : "2025-01-14",
    "price" : 388.60,
    "dma50" : 404.01,
    "dma100" : null,
    "dma200" : 337.13,
    "volume" : 366075.00
  }, {
    "date" : "2025-01-15",
    "price" : 400.55,
    "dma50" : 403.88,
    "dma100" : null,
    "dma200" : 337.76,
    "volume" : 458543.00
  }, {
    "date" : "2025-01-16",
    "price" : 400.95,
    "dma50" : 403.76,
    "dma100" : null,
    "dma200" : 338.39,
    "volume" : 217210.00
  }, {
    "date" : "2025-01-17",
    "price" : 395.75,
    "dma50" : 403.45,
    "dma100" : null,
    "dma200" : 338.96,
    "volume" : 153816.00
  }, {
    "date" : "2025-01-20",
    "price" : 398.65,
    "dma50" : 403.26,
    "dma100" : null,
    "dma200" : 339.55,
    "volume" : 275394.00
  }, {
    "date" : "2025-01-21",
    "price" : 387.35,
    "dma50" : 402.63,
    "dma100" : null,
    "dma200" : 340.03,
    "volume" : 351067.00
  }, {
    "date" : "2025-01-22",
    "price" : 390.70,
    "dma50" : 402.17,
    "dma100" : null,
    "dma200" : 340.53,
    "volume" : 362832.00
  }, {
    "date" : "2025-01-23",
    "price" : 400.55,
    "dma50" : 402.10,
    "dma100" : null,
    "dma200" : 341.13,
    "volume" : 259277.00
  }, {
    "date" : "2025-01-24",
    "price" : 399.35,
    "dma50" : 402.00,
    "dma100" : null,
    "dma200" : 341.71,
    "volume" : 584941.00
  }, {
    "date" : "2025-01-27",
    "price" : 370.30,
    "dma50" : 400.75,
    "dma100" : null,
    "dma200" : 341.99,
    "volume" : 1603636.00
  }, {
    "date" : "2025-01-28",
    "price" : 356.80,
    "dma50" : 399.03,
    "dma100" : null,
    "dma200" : 342.14,
    "volume" : 1489525.00
  }, {
    "date" : "2025-01-29",
    "price" : 371.70,
    "dma50" : 397.96,
    "dma100" : null,
    "dma200" : 342.44,
    "volume" : 517227.00
  }, {
    "date" : "2025-01-30",
    "price" : 368.85,
    "dma50" : 396.82,
    "dma100" : null,
    "dma200" : 342.70,
    "volume" : 484325.00
  }, {
    "date" : "2025-01-31",
    "price" : 390.10,
    "dma50" : 396.55,
    "dma100" : null,
    "dma200" : 343.17,
    "volume" : 579994.00
  }, {
    "date" : "2025-02-01",
    "price" : 385.30,
    "dma50" : 396.11,
    "dma100" : null,
    "dma200" : 343.59,
    "volume" : 345382.00
  }, {
    "date" : "2025-02-03",
    "price" : 371.25,
    "dma50" : 395.14,
    "dma100" : null,
    "dma200" : 343.86,
    "volume" : 538348.00
  }, {
    "date" : "2025-02-04",
    "price" : 384.80,
    "dma50" : 394.73,
    "dma100" : null,
    "dma200" : 344.27,
    "volume" : 503900.00
  }, {
    "date" : "2025-02-05",
    "price" : 394.25,
    "dma50" : 394.71,
    "dma100" : null,
    "dma200" : 344.77,
    "volume" : 412353.00
  }, {
    "date" : "2025-02-06",
    "price" : 401.00,
    "dma50" : 394.96,
    "dma100" : null,
    "dma200" : 345.33,
    "volume" : 376570.00
  }, {
    "date" : "2025-02-07",
    "price" : 400.40,
    "dma50" : 395.17,
    "dma100" : null,
    "dma200" : 345.88,
    "volume" : 340417.00
  }, {
    "date" : "2025-02-10",
    "price" : 396.75,
    "dma50" : 395.23,
    "dma100" : null,
    "dma200" : 346.38,
    "volume" : 718805.00
  }, {
    "date" : "2025-02-11",
    "price" : 381.75,
    "dma50" : 394.71,
    "dma100" : null,
    "dma200" : 346.73,
    "volume" : 427837.00
  }, {
    "date" : "2025-02-12",
    "price" : 391.15,
    "dma50" : 394.57,
    "dma100" : null,
    "dma200" : 347.18,
    "volume" : 601896.00
  }, {
    "date" : "2025-02-13",
    "price" : 393.50,
    "dma50" : 394.52,
    "dma100" : null,
    "dma200" : 347.64,
    "volume" : 591317.00
  }, {
    "date" : "2025-02-14",
    "price" : 386.65,
    "dma50" : 394.22,
    "dma100" : null,
    "dma200" : 348.03,
    "volume" : 596841.00
  }, {
    "date" : "2025-02-17",
    "price" : 376.60,
    "dma50" : 393.52,
    "dma100" : null,
    "dma200" : 348.31,
    "volume" : 603235.00
  }, {
    "date" : "2025-02-18",
    "price" : 362.05,
    "dma50" : 392.29,
    "dma100" : null,
    "dma200" : 348.45,
    "volume" : 486348.00
  }, {
    "date" : "2025-02-19",
    "price" : 385.50,
    "dma50" : 392.02,
    "dma100" : null,
    "dma200" : 348.82,
    "volume" : 505617.00
  }, {
    "date" : "2025-02-20",
    "price" : 381.90,
    "dma50" : 391.63,
    "dma100" : null,
    "dma200" : 349.14,
    "volume" : 449773.00
  }, {
    "date" : "2025-02-21",
    "price" : 376.25,
    "dma50" : 391.02,
    "dma100" : null,
    "dma200" : 349.41,
    "volume" : 410373.00
  }, {
    "date" : "2025-02-24",
    "price" : 367.90,
    "dma50" : 390.12,
    "dma100" : null,
    "dma200" : 349.60,
    "volume" : 375741.00
  }, {
    "date" : "2025-02-25",
    "price" : 357.20,
    "dma50" : 388.83,
    "dma100" : null,
    "dma200" : 349.67,
    "volume" : 405236.00
  }, {
    "date" : "2025-02-27",
    "price" : 353.50,
    "dma50" : 387.44,
    "dma100" : null,
    "dma200" : 349.71,
    "volume" : 366004.00
  }, {
    "date" : "2025-02-28",
    "price" : 339.55,
    "dma50" : 385.56,
    "dma100" : null,
    "dma200" : 349.61,
    "volume" : 1484336.00
  }, {
    "date" : "2025-03-03",
    "price" : 334.35,
    "dma50" : 383.55,
    "dma100" : null,
    "dma200" : 349.46,
    "volume" : 1278298.00
  }, {
    "date" : "2025-03-04",
    "price" : 319.50,
    "dma50" : 381.04,
    "dma100" : null,
    "dma200" : 349.16,
    "volume" : 962369.00
  }, {
    "date" : "2025-03-05",
    "price" : 337.25,
    "dma50" : 379.32,
    "dma100" : null,
    "dma200" : 349.04,
    "volume" : 971546.00
  }, {
    "date" : "2025-03-06",
    "price" : 349.85,
    "dma50" : 378.17,
    "dma100" : null,
    "dma200" : 349.05,
    "volume" : 816136.00
  }, {
    "date" : "2025-03-07",
    "price" : 350.05,
    "dma50" : 377.07,
    "dma100" : null,
    "dma200" : 349.06,
    "volume" : 405144.00
  }, {
    "date" : "2025-03-10",
    "price" : 349.10,
    "dma50" : 375.97,
    "dma100" : null,
    "dma200" : 349.06,
    "volume" : 752253.00
  }, {
    "date" : "2025-03-11",
    "price" : 344.40,
    "dma50" : 374.73,
    "dma100" : null,
    "dma200" : 349.01,
    "volume" : 356043.00
  }, {
    "date" : "2025-03-12",
    "price" : 341.75,
    "dma50" : 373.44,
    "dma100" : null,
    "dma200" : 348.94,
    "volume" : 264191.00
  }, {
    "date" : "2025-03-13",
    "price" : 334.55,
    "dma50" : 371.91,
    "dma100" : null,
    "dma200" : 348.80,
    "volume" : 367992.00
  }, {
    "date" : "2025-03-17",
    "price" : 341.60,
    "dma50" : 370.72,
    "dma100" : null,
    "dma200" : 348.73,
    "volume" : 483038.00
  }, {
    "date" : "2025-03-18",
    "price" : 357.40,
    "dma50" : 370.20,
    "dma100" : null,
    "dma200" : 348.81,
    "volume" : 491145.00
  }, {
    "date" : "2025-03-19",
    "price" : 371.85,
    "dma50" : 370.27,
    "dma100" : null,
    "dma200" : 349.04,
    "volume" : 615156.00
  }, {
    "date" : "2025-03-20",
    "price" : 375.85,
    "dma50" : 370.49,
    "dma100" : null,
    "dma200" : 349.31,
    "volume" : 599487.00
  }, {
    "date" : "2025-03-21",
    "price" : 381.30,
    "dma50" : 370.91,
    "dma100" : null,
    "dma200" : 349.63,
    "volume" : 383145.00
  }, {
    "date" : "2025-03-24",
    "price" : 389.75,
    "dma50" : 371.65,
    "dma100" : null,
    "dma200" : 350.03,
    "volume" : 483344.00
  }, {
    "date" : "2025-03-25",
    "price" : 371.90,
    "dma50" : 371.66,
    "dma100" : null,
    "dma200" : 350.24,
    "volume" : 530532.00
  }, {
    "date" : "2025-03-26",
    "price" : 364.75,
    "dma50" : 371.39,
    "dma100" : null,
    "dma200" : 350.39,
    "volume" : 385931.00
  }, {
    "date" : "2025-03-27",
    "price" : 376.75,
    "dma50" : 371.60,
    "dma100" : null,
    "dma200" : 350.65,
    "volume" : 1573820.00
  }, {
    "date" : "2025-03-28",
    "price" : 381.00,
    "dma50" : 371.97,
    "dma100" : null,
    "dma200" : 350.95,
    "volume" : 1103721.00
  }, {
    "date" : "2025-04-01",
    "price" : 362.40,
    "dma50" : 371.59,
    "dma100" : null,
    "dma200" : 351.07,
    "volume" : 1103834.00
  }, {
    "date" : "2025-04-02",
    "price" : 369.90,
    "dma50" : 371.52,
    "dma100" : null,
    "dma200" : 351.25,
    "volume" : 1267844.00
  }, {
    "date" : "2025-04-03",
    "price" : 366.65,
    "dma50" : 371.33,
    "dma100" : null,
    "dma200" : 351.41,
    "volume" : 601312.00
  }, {
    "date" : "2025-04-04",
    "price" : 352.75,
    "dma50" : 370.60,
    "dma100" : null,
    "dma200" : 351.42,
    "volume" : 708176.00
  }, {
    "date" : "2025-04-07",
    "price" : 336.85,
    "dma50" : 369.28,
    "dma100" : null,
    "dma200" : 351.28,
    "volume" : 804715.00
  }, {
    "date" : "2025-04-08",
    "price" : 341.00,
    "dma50" : 368.17,
    "dma100" : null,
    "dma200" : 351.17,
    "volume" : 340902.00
  }, {
    "date" : "2025-04-09",
    "price" : 321.35,
    "dma50" : 366.34,
    "dma100" : null,
    "dma200" : 350.88,
    "volume" : 3923778.00
  }, {
    "date" : "2025-04-11",
    "price" : 354.35,
    "dma50" : 365.87,
    "dma100" : null,
    "dma200" : 350.91,
    "volume" : 3727438.00
  }, {
    "date" : "2025-04-15",
    "price" : 360.50,
    "dma50" : 365.66,
    "dma100" : null,
    "dma200" : 351.01,
    "volume" : 867990.00
  }, {
    "date" : "2025-04-16",
    "price" : 351.35,
    "dma50" : 365.09,
    "dma100" : null,
    "dma200" : 351.01,
    "volume" : 518815.00
  }, {
    "date" : "2025-04-17",
    "price" : 357.25,
    "dma50" : 364.79,
    "dma100" : null,
    "dma200" : 351.07,
    "volume" : 766482.00
  }, {
    "date" : "2025-04-21",
    "price" : 357.40,
    "dma50" : 364.50,
    "dma100" : null,
    "dma200" : 351.14,
    "volume" : 1063555.00
  }, {
    "date" : "2025-04-22",
    "price" : 361.20,
    "dma50" : 364.37,
    "dma100" : null,
    "dma200" : 351.24,
    "volume" : 940323.00
  }, {
    "date" : "2025-04-23",
    "price" : 368.15,
    "dma50" : 364.52,
    "dma100" : null,
    "dma200" : 351.40,
    "volume" : 695196.00
  }, {
    "date" : "2025-04-24",
    "price" : 364.50,
    "dma50" : 364.52,
    "dma100" : null,
    "dma200" : 351.53,
    "volume" : 529132.00
  }, {
    "date" : "2025-04-25",
    "price" : 355.25,
    "dma50" : 364.15,
    "dma100" : null,
    "dma200" : 351.57,
    "volume" : 814480.00
  }, {
    "date" : "2025-04-28",
    "price" : 355.50,
    "dma50" : 363.81,
    "dma100" : null,
    "dma200" : 351.61,
    "volume" : 384864.00
  }, {
    "date" : "2025-04-29",
    "price" : 352.40,
    "dma50" : 363.37,
    "dma100" : null,
    "dma200" : 351.62,
    "volume" : 252786.00
  }, {
    "date" : "2025-04-30",
    "price" : 346.55,
    "dma50" : 362.71,
    "dma100" : null,
    "dma200" : 351.57,
    "volume" : 776002.00
  }, {
    "date" : "2025-05-02",
    "price" : 341.55,
    "dma50" : 361.88,
    "dma100" : null,
    "dma200" : 351.47,
    "volume" : 572956.00
  }, {
    "date" : "2025-05-05",
    "price" : 344.65,
    "dma50" : 361.20,
    "dma100" : null,
    "dma200" : 351.40,
    "volume" : 616538.00
  }, {
    "date" : "2025-05-06",
    "price" : 334.85,
    "dma50" : 360.17,
    "dma100" : null,
    "dma200" : 351.24,
    "volume" : 372169.00
  }, {
    "date" : "2025-05-07",
    "price" : 351.00,
    "dma50" : 359.81,
    "dma100" : null,
    "dma200" : 351.23,
    "volume" : 749498.00
  }, {
    "date" : "2025-05-08",
    "price" : 348.90,
    "dma50" : 359.38,
    "dma100" : 378.27,
    "dma200" : 351.21,
    "volume" : 450196.00
  }, {
    "date" : "2025-05-09",
    "price" : 359.55,
    "dma50" : 359.39,
    "dma100" : 377.59,
    "dma200" : 351.29,
    "volume" : 1742792.00
  }, {
    "date" : "2025-05-12",
    "price" : 366.55,
    "dma50" : 359.67,
    "dma100" : 376.91,
    "dma200" : 351.44,
    "volume" : 558736.00
  }, {
    "date" : "2025-05-13",
    "price" : 370.20,
    "dma50" : 360.08,
    "dma100" : 376.30,
    "dma200" : 351.63,
    "volume" : 469049.00
  }, {
    "date" : "2025-05-14",
    "price" : 368.75,
    "dma50" : 360.42,
    "dma100" : 375.81,
    "dma200" : 351.80,
    "volume" : 445655.00
  }, {
    "date" : "2025-05-15",
    "price" : 363.25,
    "dma50" : 360.53,
    "dma100" : 375.14,
    "dma200" : 351.92,
    "volume" : 515330.00
  }, {
    "date" : "2025-05-16",
    "price" : 370.85,
    "dma50" : 360.94,
    "dma100" : 374.59,
    "dma200" : 352.10,
    "volume" : 2055275.00
  }, {
    "date" : "2025-05-19",
    "price" : 384.15,
    "dma50" : 361.85,
    "dma100" : 374.25,
    "dma200" : 352.42,
    "volume" : 1167454.00
  }, {
    "date" : "2025-05-20",
    "price" : 377.30,
    "dma50" : 362.45,
    "dma100" : 373.90,
    "dma200" : 352.67,
    "volume" : 719865.00
  }, {
    "date" : "2025-05-21",
    "price" : 398.15,
    "dma50" : 363.85,
    "dma100" : 373.86,
    "dma200" : 353.12,
    "volume" : 2471317.00
  }, {
    "date" : "2025-05-22",
    "price" : 402.25,
    "dma50" : 365.36,
    "dma100" : 373.85,
    "dma200" : 353.61,
    "volume" : 1440656.00
  }, {
    "date" : "2025-05-23",
    "price" : 413.15,
    "dma50" : 367.23,
    "dma100" : 373.97,
    "dma200" : 354.20,
    "volume" : 3026738.00
  }, {
    "date" : "2025-05-26",
    "price" : 421.20,
    "dma50" : 369.35,
    "dma100" : 374.16,
    "dma200" : 354.87,
    "volume" : 1486771.00
  }, {
    "date" : "2025-05-27",
    "price" : 412.40,
    "dma50" : 371.04,
    "dma100" : 374.06,
    "dma200" : 355.44,
    "volume" : 457477.00
  }, {
    "date" : "2025-05-28",
    "price" : 422.40,
    "dma50" : 373.05,
    "dma100" : 374.10,
    "dma200" : 356.11,
    "volume" : 1089149.00
  }, {
    "date" : "2025-05-29",
    "price" : 423.95,
    "dma50" : 375.05,
    "dma100" : 374.01,
    "dma200" : 356.78,
    "volume" : 525889.00
  }, {
    "date" : "2025-05-30",
    "price" : 439.90,
    "dma50" : 377.59,
    "dma100" : 374.11,
    "dma200" : 357.61,
    "volume" : 1978702.00
  }, {
    "date" : "2025-06-02",
    "price" : 445.90,
    "dma50" : 380.27,
    "dma100" : 374.25,
    "dma200" : 358.49,
    "volume" : 1768526.00
  }, {
    "date" : "2025-06-03",
    "price" : 446.05,
    "dma50" : 382.85,
    "dma100" : 374.65,
    "dma200" : 359.36,
    "volume" : 1370765.00
  }, {
    "date" : "2025-06-04",
    "price" : 443.10,
    "dma50" : 385.21,
    "dma100" : 374.81,
    "dma200" : 360.19,
    "volume" : 506080.00
  }, {
    "date" : "2025-06-05",
    "price" : 456.55,
    "dma50" : 388.01,
    "dma100" : 375.21,
    "dma200" : 361.15,
    "volume" : 1651886.00
  }, {
    "date" : "2025-06-06",
    "price" : 477.35,
    "dma50" : 391.51,
    "dma100" : 375.88,
    "dma200" : 362.31,
    "volume" : 3219044.00
  }, {
    "date" : "2025-06-09",
    "price" : 471.40,
    "dma50" : 394.65,
    "dma100" : 376.57,
    "dma200" : 363.39,
    "volume" : 756470.00
  }, {
    "date" : "2025-06-10",
    "price" : 468.80,
    "dma50" : 397.55,
    "dma100" : 377.40,
    "dma200" : 364.44,
    "volume" : 793490.00
  }, {
    "date" : "2025-06-11",
    "price" : 465.75,
    "dma50" : 400.23,
    "dma100" : 378.17,
    "dma200" : 365.45,
    "volume" : 753772.00
  }, {
    "date" : "2025-06-12",
    "price" : 463.95,
    "dma50" : 402.73,
    "dma100" : 378.80,
    "dma200" : 366.43,
    "volume" : 429816.00
  }, {
    "date" : "2025-06-13",
    "price" : 458.80,
    "dma50" : 404.93,
    "dma100" : 379.38,
    "dma200" : 367.35,
    "volume" : 549477.00
  }, {
    "date" : "2025-06-16",
    "price" : 451.00,
    "dma50" : 406.73,
    "dma100" : 379.93,
    "dma200" : 368.18,
    "volume" : 722738.00
  }, {
    "date" : "2025-06-17",
    "price" : 441.95,
    "dma50" : 408.11,
    "dma100" : 380.37,
    "dma200" : 368.92,
    "volume" : 605170.00
  }, {
    "date" : "2025-06-18",
    "price" : 437.95,
    "dma50" : 409.28,
    "dma100" : 380.87,
    "dma200" : 369.60,
    "volume" : 378382.00
  }, {
    "date" : "2025-06-19",
    "price" : 424.70,
    "dma50" : 409.89,
    "dma100" : 381.21,
    "dma200" : 370.15,
    "volume" : 610612.00
  }, {
    "date" : "2025-06-20",
    "price" : 432.85,
    "dma50" : 410.79,
    "dma100" : 381.54,
    "dma200" : 370.78,
    "volume" : 2535704.00
  }, {
    "date" : "2025-06-23",
    "price" : 405.60,
    "dma50" : 410.59,
    "dma100" : 381.60,
    "dma200" : 371.12,
    "volume" : 5251085.00
  }, {
    "date" : "2025-06-24",
    "price" : 441.70,
    "dma50" : 411.81,
    "dma100" : 382.31,
    "dma200" : 371.82,
    "volume" : 11857213.00
  }, {
    "date" : "2025-06-25",
    "price" : 448.90,
    "dma50" : 413.26,
    "dma100" : 383.23,
    "dma200" : 372.59,
    "volume" : 2565927.00
  }, {
    "date" : "2025-06-26",
    "price" : 441.40,
    "dma50" : 414.36,
    "dma100" : 383.93,
    "dma200" : 373.28,
    "volume" : 1081891.00
  }, {
    "date" : "2025-06-27",
    "price" : 483.25,
    "dma50" : 417.07,
    "dma100" : 385.08,
    "dma200" : 374.37,
    "volume" : 7050008.00
  }, {
    "date" : "2025-06-30",
    "price" : 486.45,
    "dma50" : 419.79,
    "dma100" : 386.04,
    "dma200" : 375.49,
    "volume" : 2677211.00
  }, {
    "date" : "2025-07-01",
    "price" : 475.95,
    "dma50" : 421.99,
    "dma100" : 386.95,
    "dma200" : 376.49,
    "volume" : 1729746.00
  }, {
    "date" : "2025-07-02",
    "price" : 494.75,
    "dma50" : 424.84,
    "dma100" : 388.18,
    "dma200" : 377.66,
    "volume" : 2307443.00
  }, {
    "date" : "2025-07-03",
    "price" : 499.55,
    "dma50" : 427.77,
    "dma100" : 389.33,
    "dma200" : 378.88,
    "volume" : 3631558.00
  }, {
    "date" : "2025-07-04",
    "price" : 487.35,
    "dma50" : 430.11,
    "dma100" : 390.26,
    "dma200" : 379.95,
    "volume" : 1253488.00
  }, {
    "date" : "2025-07-07",
    "price" : 485.30,
    "dma50" : 432.27,
    "dma100" : 391.10,
    "dma200" : 381.00,
    "volume" : 928288.00
  }, {
    "date" : "2025-07-08",
    "price" : 481.90,
    "dma50" : 434.22,
    "dma100" : 391.92,
    "dma200" : 382.01,
    "volume" : 786520.00
  }, {
    "date" : "2025-07-09",
    "price" : 493.95,
    "dma50" : 436.56,
    "dma100" : 392.89,
    "dma200" : 383.12,
    "volume" : 1347569.00
  }, {
    "date" : "2025-07-10",
    "price" : 496.05,
    "dma50" : 438.89,
    "dma100" : 394.03,
    "dma200" : 384.24,
    "volume" : 907036.00
  }, {
    "date" : "2025-07-11",
    "price" : 484.50,
    "dma50" : 440.68,
    "dma100" : 394.97,
    "dma200" : 385.24,
    "volume" : 726991.00
  }, {
    "date" : "2025-07-14",
    "price" : 481.75,
    "dma50" : 442.29,
    "dma100" : 395.85,
    "dma200" : 386.20,
    "volume" : 595092.00
  }, {
    "date" : "2025-07-15",
    "price" : 491.20,
    "dma50" : 444.21,
    "dma100" : 396.89,
    "dma200" : 387.25,
    "volume" : 1474344.00
  }, {
    "date" : "2025-07-16",
    "price" : 502.20,
    "dma50" : 446.49,
    "dma100" : 398.15,
    "dma200" : 388.39,
    "volume" : 1675835.00
  }, {
    "date" : "2025-07-17",
    "price" : 509.05,
    "dma50" : 448.94,
    "dma100" : 399.62,
    "dma200" : 389.59,
    "volume" : 2660496.00
  }, {
    "date" : "2025-07-18",
    "price" : 503.60,
    "dma50" : 451.08,
    "dma100" : 400.80,
    "dma200" : 390.73,
    "volume" : 1019819.00
  }, {
    "date" : "2025-07-21",
    "price" : 502.45,
    "dma50" : 453.10,
    "dma100" : 402.01,
    "dma200" : 391.84,
    "volume" : 722660.00
  }, {
    "date" : "2025-07-22",
    "price" : 497.35,
    "dma50" : 454.83,
    "dma100" : 403.22,
    "dma200" : 392.89,
    "volume" : 553716.00
  }, {
    "date" : "2025-07-23",
    "price" : 487.70,
    "dma50" : 456.12,
    "dma100" : 404.41,
    "dma200" : 393.83,
    "volume" : 689233.00
  }, {
    "date" : "2025-07-24",
    "price" : 490.70,
    "dma50" : 457.48,
    "dma100" : 405.75,
    "dma200" : 394.79,
    "volume" : 1201859.00
  }, {
    "date" : "2025-07-25",
    "price" : 488.25,
    "dma50" : 458.68,
    "dma100" : 407.10,
    "dma200" : 395.72,
    "volume" : 1008870.00
  }, {
    "date" : "2025-07-28",
    "price" : 480.60,
    "dma50" : 459.54,
    "dma100" : 408.51,
    "dma200" : 396.57,
    "volume" : 751871.00
  }, {
    "date" : "2025-07-29",
    "price" : 500.70,
    "dma50" : 461.16,
    "dma100" : 410.17,
    "dma200" : 397.61,
    "volume" : 982081.00
  }, {
    "date" : "2025-07-30",
    "price" : 501.05,
    "dma50" : 462.72,
    "dma100" : 411.99,
    "dma200" : 398.63,
    "volume" : 709849.00
  }, {
    "date" : "2025-07-31",
    "price" : 486.45,
    "dma50" : 463.65,
    "dma100" : 413.48,
    "dma200" : 399.51,
    "volume" : 934717.00
  }, {
    "date" : "2025-08-01",
    "price" : 477.00,
    "dma50" : 464.18,
    "dma100" : 414.75,
    "dma200" : 400.28,
    "volume" : 817442.00
  }, {
    "date" : "2025-08-04",
    "price" : 485.75,
    "dma50" : 465.02,
    "dma100" : 416.11,
    "dma200" : 401.13,
    "volume" : 552042.00
  }, {
    "date" : "2025-08-05",
    "price" : 474.35,
    "dma50" : 465.39,
    "dma100" : 417.36,
    "dma200" : 401.86,
    "volume" : 631752.00
  }, {
    "date" : "2025-08-06",
    "price" : 468.15,
    "dma50" : 465.50,
    "dma100" : 418.60,
    "dma200" : 402.52,
    "volume" : 794261.00
  }, {
    "date" : "2025-08-07",
    "price" : 461.20,
    "dma50" : 465.33,
    "dma100" : 419.79,
    "dma200" : 403.10,
    "volume" : 753077.00
  }, {
    "date" : "2025-08-08",
    "price" : 455.00,
    "dma50" : 464.92,
    "dma100" : 421.00,
    "dma200" : 403.62,
    "volume" : 934962.00
  }, {
    "date" : "2025-08-11",
    "price" : 467.60,
    "dma50" : 465.03,
    "dma100" : 422.26,
    "dma200" : 404.25,
    "volume" : 1001129.00
  }, {
    "date" : "2025-08-12",
    "price" : 456.65,
    "dma50" : 464.70,
    "dma100" : 423.25,
    "dma200" : 404.78,
    "volume" : 560438.00
  }, {
    "date" : "2025-08-13",
    "price" : 459.10,
    "dma50" : 464.48,
    "dma100" : 424.12,
    "dma200" : 405.32,
    "volume" : 437536.00
  }, {
    "date" : "2025-08-14",
    "price" : 445.75,
    "dma50" : 463.74,
    "dma100" : 424.82,
    "dma200" : 405.72,
    "volume" : 456214.00
  }, {
    "date" : "2025-08-18",
    "price" : 446.25,
    "dma50" : 463.06,
    "dma100" : 425.47,
    "dma200" : 406.12,
    "volume" : 672912.00
  }, {
    "date" : "2025-08-19",
    "price" : 454.45,
    "dma50" : 462.72,
    "dma100" : 426.12,
    "dma200" : 406.60,
    "volume" : 554348.00
  }, {
    "date" : "2025-08-20",
    "price" : 454.50,
    "dma50" : 462.40,
    "dma100" : 426.94,
    "dma200" : 407.08,
    "volume" : 413927.00
  }, {
    "date" : "2025-08-21",
    "price" : 448.85,
    "dma50" : 461.87,
    "dma100" : 427.78,
    "dma200" : 407.50,
    "volume" : 419381.00
  }, {
    "date" : "2025-08-22",
    "price" : 433.60,
    "dma50" : 460.76,
    "dma100" : 428.35,
    "dma200" : 407.76,
    "volume" : 758847.00
  }, {
    "date" : "2025-08-25",
    "price" : 428.25,
    "dma50" : 459.48,
    "dma100" : 428.82,
    "dma200" : 407.96,
    "volume" : 622457.00
  }, {
    "date" : "2025-08-26",
    "price" : 437.55,
    "dma50" : 458.62,
    "dma100" : 429.58,
    "dma200" : 408.25,
    "volume" : 2102848.00
  }, {
    "date" : "2025-08-28",
    "price" : 426.10,
    "dma50" : 457.35,
    "dma100" : 430.14,
    "dma200" : 408.43,
    "volume" : 921683.00
  }, {
    "date" : "2025-08-29",
    "price" : 421.35,
    "dma50" : 455.94,
    "dma100" : 430.68,
    "dma200" : 408.56,
    "volume" : 587317.00
  }, {
    "date" : "2025-09-01",
    "price" : 432.00,
    "dma50" : 455.00,
    "dma100" : 431.48,
    "dma200" : 408.79,
    "volume" : 548260.00
  }, {
    "date" : "2025-09-02",
    "price" : 436.70,
    "dma50" : 454.28,
    "dma100" : 432.48,
    "dma200" : 409.07,
    "volume" : 341181.00
  }, {
    "date" : "2025-09-03",
    "price" : 449.40,
    "dma50" : 454.09,
    "dma100" : 433.56,
    "dma200" : 409.47,
    "volume" : 966571.00
  }, {
    "date" : "2025-09-04",
    "price" : 440.75,
    "dma50" : 453.57,
    "dma100" : 434.75,
    "dma200" : 409.78,
    "volume" : 851086.00
  }, {
    "date" : "2025-09-05",
    "price" : 443.10,
    "dma50" : 453.16,
    "dma100" : 435.64,
    "dma200" : 410.11,
    "volume" : 415554.00
  }, {
    "date" : "2025-09-08",
    "price" : 444.95,
    "dma50" : 452.83,
    "dma100" : 436.49,
    "dma200" : 410.46,
    "volume" : 484819.00
  }, {
    "date" : "2025-09-09",
    "price" : 440.10,
    "dma50" : 452.33,
    "dma100" : 437.37,
    "dma200" : 410.76,
    "volume" : 294053.00
  }, {
    "date" : "2025-09-10",
    "price" : 453.40,
    "dma50" : 452.38,
    "dma100" : 438.33,
    "dma200" : 411.18,
    "volume" : 965165.00
  }, {
    "date" : "2025-09-11",
    "price" : 463.20,
    "dma50" : 452.80,
    "dma100" : 439.39,
    "dma200" : 411.70,
    "volume" : 1247611.00
  }, {
    "date" : "2025-09-12",
    "price" : 462.80,
    "dma50" : 453.19,
    "dma100" : 440.41,
    "dma200" : 412.21,
    "volume" : 791032.00
  }, {
    "date" : "2025-09-15",
    "price" : 459.90,
    "dma50" : 453.46,
    "dma100" : 441.33,
    "dma200" : 412.68,
    "volume" : 696257.00
  }, {
    "date" : "2025-09-16",
    "price" : 458.30,
    "dma50" : 453.65,
    "dma100" : 442.26,
    "dma200" : 413.14,
    "volume" : 368650.00
  }, {
    "date" : "2025-09-17",
    "price" : 462.05,
    "dma50" : 453.98,
    "dma100" : 443.33,
    "dma200" : 413.62,
    "volume" : 358164.00
  }, {
    "date" : "2025-09-18",
    "price" : 464.20,
    "dma50" : 454.38,
    "dma100" : 444.42,
    "dma200" : 414.13,
    "volume" : 344565.00
  }, {
    "date" : "2025-09-19",
    "price" : 472.75,
    "dma50" : 455.10,
    "dma100" : 445.62,
    "dma200" : 414.71,
    "volume" : 1650488.00
  }, {
    "date" : "2025-09-22",
    "price" : 456.65,
    "dma50" : 455.16,
    "dma100" : 446.72,
    "dma200" : 415.13,
    "volume" : 968965.00
  }, {
    "date" : "2025-09-23",
    "price" : 429.90,
    "dma50" : 454.17,
    "dma100" : 447.61,
    "dma200" : 415.27,
    "volume" : 2483656.00
  }, {
    "date" : "2025-09-24",
    "price" : 432.25,
    "dma50" : 453.31,
    "dma100" : 448.48,
    "dma200" : 415.44,
    "volume" : 1107252.00
  }, {
    "date" : "2025-09-25",
    "price" : 425.65,
    "dma50" : 452.22,
    "dma100" : 449.39,
    "dma200" : 415.54,
    "volume" : 627413.00
  }, {
    "date" : "2025-09-26",
    "price" : 415.75,
    "dma50" : 450.79,
    "dma100" : 450.04,
    "dma200" : 415.55,
    "volume" : 723629.00
  }, {
    "date" : "2025-09-29",
    "price" : 404.30,
    "dma50" : 448.97,
    "dma100" : 450.59,
    "dma200" : 415.43,
    "volume" : 838380.00
  }, {
    "date" : "2025-09-30",
    "price" : 405.60,
    "dma50" : 447.27,
    "dma100" : 451.05,
    "dma200" : 415.34,
    "volume" : 1058486.00
  }, {
    "date" : "2025-10-01",
    "price" : 401.30,
    "dma50" : 445.47,
    "dma100" : 451.40,
    "dma200" : 415.20,
    "volume" : 1264509.00
  }, {
    "date" : "2025-10-03",
    "price" : 403.85,
    "dma50" : 443.83,
    "dma100" : 451.74,
    "dma200" : 415.08,
    "volume" : 616185.00
  }, {
    "date" : "2025-10-06",
    "price" : 394.15,
    "dma50" : 441.89,
    "dma100" : 451.99,
    "dma200" : 414.87,
    "volume" : 699941.00
  }, {
    "date" : "2025-10-07",
    "price" : 397.15,
    "dma50" : 440.13,
    "dma100" : 452.33,
    "dma200" : 414.70,
    "volume" : 1009849.00
  }, {
    "date" : "2025-10-08",
    "price" : 394.25,
    "dma50" : 438.33,
    "dma100" : 452.56,
    "dma200" : 414.49,
    "volume" : 858794.00
  }, {
    "date" : "2025-10-09",
    "price" : 386.85,
    "dma50" : 436.31,
    "dma100" : 452.59,
    "dma200" : 414.22,
    "volume" : 524732.00
  }, {
    "date" : "2025-10-10",
    "price" : 402.05,
    "dma50" : 434.97,
    "dma100" : 452.84,
    "dma200" : 414.10,
    "volume" : 1101570.00
  }, {
    "date" : "2025-10-13",
    "price" : 400.30,
    "dma50" : 433.61,
    "dma100" : 452.86,
    "dma200" : 413.96,
    "volume" : 635726.00
  }, {
    "date" : "2025-10-14",
    "price" : 407.40,
    "dma50" : 432.58,
    "dma100" : 452.91,
    "dma200" : 413.90,
    "volume" : 1124262.00
  }, {
    "date" : "2025-10-15",
    "price" : 412.80,
    "dma50" : 431.81,
    "dma100" : 452.91,
    "dma200" : 413.89,
    "volume" : 1220009.00
  }, {
    "date" : "2025-10-16",
    "price" : 413.70,
    "dma50" : 431.10,
    "dma100" : 452.83,
    "dma200" : 413.88,
    "volume" : 724311.00
  }, {
    "date" : "2025-10-17",
    "price" : 419.20,
    "dma50" : 430.63,
    "dma100" : 452.90,
    "dma200" : 413.94,
    "volume" : 913117.00
  }, {
    "date" : "2025-10-20",
    "price" : 422.60,
    "dma50" : 430.31,
    "dma100" : 452.90,
    "dma200" : 414.02,
    "volume" : 902935.00
  }, {
    "date" : "2025-10-21",
    "price" : 430.90,
    "dma50" : 430.34,
    "dma100" : 452.97,
    "dma200" : 414.19,
    "volume" : 358019.00
  }, {
    "date" : "2025-10-23",
    "price" : 425.50,
    "dma50" : 430.15,
    "dma100" : 452.83,
    "dma200" : 414.30,
    "volume" : 1004753.00
  }, {
    "date" : "2025-10-24",
    "price" : 425.95,
    "dma50" : 429.98,
    "dma100" : 452.63,
    "dma200" : 414.42,
    "volume" : 619096.00
  }, {
    "date" : "2025-10-27",
    "price" : 422.90,
    "dma50" : 429.71,
    "dma100" : 452.40,
    "dma200" : 414.50,
    "volume" : 488146.00
  }, {
    "date" : "2025-10-28",
    "price" : 415.70,
    "dma50" : 429.16,
    "dma100" : 452.12,
    "dma200" : 414.52,
    "volume" : 292016.00
  }, {
    "date" : "2025-10-29",
    "price" : 422.60,
    "dma50" : 428.90,
    "dma100" : 451.78,
    "dma200" : 414.60,
    "volume" : 359577.00
  }, {
    "date" : "2025-10-30",
    "price" : 417.15,
    "dma50" : 428.44,
    "dma100" : 451.18,
    "dma200" : 414.62,
    "volume" : 657387.00
  }, {
    "date" : "2025-10-31",
    "price" : 420.50,
    "dma50" : 428.13,
    "dma100" : 450.67,
    "dma200" : 414.68,
    "volume" : 1779052.00
  }, {
    "date" : "2025-11-03",
    "price" : 415.10,
    "dma50" : 427.62,
    "dma100" : 450.14,
    "dma200" : 414.68,
    "volume" : 1148818.00
  }, {
    "date" : "2025-11-04",
    "price" : 403.60,
    "dma50" : 426.67,
    "dma100" : 449.51,
    "dma200" : 414.57,
    "volume" : 1069740.00
  }, {
    "date" : "2025-11-06",
    "price" : 407.70,
    "dma50" : 425.93,
    "dma100" : 448.95,
    "dma200" : 414.50,
    "volume" : 863863.00
  }, {
    "date" : "2025-11-07",
    "price" : 404.30,
    "dma50" : 425.08,
    "dma100" : 448.41,
    "dma200" : 414.40,
    "volume" : 499051.00
  }, {
    "date" : "2025-11-10",
    "price" : 404.70,
    "dma50" : 424.28,
    "dma100" : 447.94,
    "dma200" : 414.31,
    "volume" : 666608.00
  }, {
    "date" : "2025-11-11",
    "price" : 407.15,
    "dma50" : 423.61,
    "dma100" : 447.60,
    "dma200" : 414.24,
    "volume" : 433699.00
  }, {
    "date" : "2025-11-12",
    "price" : 416.20,
    "dma50" : 423.32,
    "dma100" : 447.38,
    "dma200" : 414.26,
    "volume" : 624732.00
  }, {
    "date" : "2025-11-13",
    "price" : 410.25,
    "dma50" : 422.81,
    "dma100" : 447.23,
    "dma200" : 414.22,
    "volume" : 556278.00
  }, {
    "date" : "2025-11-14",
    "price" : 412.90,
    "dma50" : 422.42,
    "dma100" : 447.03,
    "dma200" : 414.20,
    "volume" : 411290.00
  }, {
    "date" : "2025-11-17",
    "price" : 412.65,
    "dma50" : 422.04,
    "dma100" : 447.11,
    "dma200" : 414.19,
    "volume" : 352515.00
  }, {
    "date" : "2025-11-18",
    "price" : 407.90,
    "dma50" : 421.48,
    "dma100" : 446.77,
    "dma200" : 414.12,
    "volume" : 652623.00
  }, {
    "date" : "2025-11-19",
    "price" : 414.60,
    "dma50" : 421.21,
    "dma100" : 446.42,
    "dma200" : 414.13,
    "volume" : 749934.00
  }, {
    "date" : "2025-11-20",
    "price" : 408.25,
    "dma50" : 420.70,
    "dma100" : 446.09,
    "dma200" : 414.07,
    "volume" : 341596.00
  }, {
    "date" : "2025-11-21",
    "price" : 409.55,
    "dma50" : 420.27,
    "dma100" : 445.36,
    "dma200" : 414.03,
    "volume" : 359755.00
  }, {
    "date" : "2025-11-24",
    "price" : 402.05,
    "dma50" : 419.55,
    "dma100" : 444.51,
    "dma200" : 413.91,
    "volume" : 262933.00
  }, {
    "date" : "2025-11-25",
    "price" : 404.75,
    "dma50" : 418.97,
    "dma100" : 443.80,
    "dma200" : 413.82,
    "volume" : 240878.00
  }, {
    "date" : "2025-11-26",
    "price" : 405.00,
    "dma50" : 418.42,
    "dma100" : 442.90,
    "dma200" : 413.73,
    "volume" : 190796.00
  }, {
    "date" : "2025-11-27",
    "price" : 404.95,
    "dma50" : 417.90,
    "dma100" : 441.96,
    "dma200" : 413.64,
    "volume" : 273653.00
  }, {
    "date" : "2025-11-28",
    "price" : 408.30,
    "dma50" : 417.52,
    "dma100" : 441.17,
    "dma200" : 413.59,
    "volume" : 451337.00
  }, {
    "date" : "2025-12-01",
    "price" : 415.25,
    "dma50" : 417.43,
    "dma100" : 440.47,
    "dma200" : 413.60,
    "volume" : 609407.00
  }, {
    "date" : "2025-12-02",
    "price" : 415.40,
    "dma50" : 417.35,
    "dma100" : 439.80,
    "dma200" : 413.62,
    "volume" : 424310.00
  }, {
    "date" : "2025-12-03",
    "price" : 402.05,
    "dma50" : 416.75,
    "dma100" : 438.88,
    "dma200" : 413.51,
    "volume" : 392443.00
  }, {
    "date" : "2025-12-04",
    "price" : 408.60,
    "dma50" : 416.43,
    "dma100" : 438.01,
    "dma200" : 413.46,
    "volume" : 371435.00
  }, {
    "date" : "2025-12-05",
    "price" : 396.40,
    "dma50" : 415.65,
    "dma100" : 437.13,
    "dma200" : 413.29,
    "volume" : 502447.00
  }, {
    "date" : "2025-12-08",
    "price" : 393.50,
    "dma50" : 414.78,
    "dma100" : 436.24,
    "dma200" : 413.09,
    "volume" : 559577.00
  }, {
    "date" : "2025-12-09",
    "price" : 390.70,
    "dma50" : 413.83,
    "dma100" : 435.24,
    "dma200" : 412.87,
    "volume" : 4179388.00
  } ],
  "latestTechnicalAttributes" : {
    "date" : "2025-12-09",
    "price" : 390.70,
    "dma50" : 413.83,
    "dma100" : 435.24,
    "dma200" : 412.87,
    "volume" : 4179388.00
  },
  "quarterlyResults" : [ {
    "date" : "2006-03-31",
    "sales" : 198.13,
    "salesGrowthYoY" : null,
    "grossProfitMargin" : 16.89,
    "grossProfit" : 33.46,
    "operatingProfitMargin" : 6.27,
    "operatingProfit" : 12.42,
    "netProfitMargin" : 3.10,
    "netProfit" : 6.14
  }, {
    "date" : "2006-06-30",
    "sales" : 78.47,
    "salesGrowthYoY" : null,
    "grossProfitMargin" : 28.43,
    "grossProfit" : 22.31,
    "operatingProfitMargin" : 10.92,
    "operatingProfit" : 8.57,
    "netProfitMargin" : 3.39,
    "netProfit" : 2.66
  }, {
    "date" : "2006-09-30",
    "sales" : 89.24,
    "salesGrowthYoY" : null,
    "grossProfitMargin" : 29.64,
    "grossProfit" : 26.45,
    "operatingProfitMargin" : 11.53,
    "operatingProfit" : 10.29,
    "netProfitMargin" : 4.43,
    "netProfit" : 3.95
  }, {
    "date" : "2006-12-31",
    "sales" : 129.66,
    "salesGrowthYoY" : null,
    "grossProfitMargin" : 28.16,
    "grossProfit" : 36.51,
    "operatingProfitMargin" : 12.36,
    "operatingProfit" : 16.03,
    "netProfitMargin" : 5.70,
    "netProfit" : 7.39
  }, {
    "date" : "2007-03-31",
    "sales" : 186.93,
    "salesGrowthYoY" : -5.65,
    "grossProfitMargin" : 25.29,
    "grossProfit" : 47.27,
    "operatingProfitMargin" : 9.54,
    "operatingProfit" : 17.83,
    "netProfitMargin" : 4.17,
    "netProfit" : 7.79
  }, {
    "date" : "2007-06-30",
    "sales" : 118.15,
    "salesGrowthYoY" : 50.57,
    "grossProfitMargin" : 29.37,
    "grossProfit" : 34.70,
    "operatingProfitMargin" : 12.96,
    "operatingProfit" : 15.31,
    "netProfitMargin" : 4.28,
    "netProfit" : 5.06
  }, {
    "date" : "2007-09-30",
    "sales" : 118.88,
    "salesGrowthYoY" : 33.21,
    "grossProfitMargin" : 26.59,
    "grossProfit" : 31.61,
    "operatingProfitMargin" : 11.58,
    "operatingProfit" : 13.77,
    "netProfitMargin" : 4.85,
    "netProfit" : 5.77
  }, {
    "date" : "2007-12-31",
    "sales" : 161.73,
    "salesGrowthYoY" : 24.73,
    "grossProfitMargin" : 29.24,
    "grossProfit" : 47.29,
    "operatingProfitMargin" : 13.86,
    "operatingProfit" : 22.42,
    "netProfitMargin" : 5.75,
    "netProfit" : 9.30
  }, {
    "date" : "2008-03-31",
    "sales" : 176.84,
    "salesGrowthYoY" : -5.40,
    "grossProfitMargin" : 16.74,
    "grossProfit" : 29.60,
    "operatingProfitMargin" : 11.26,
    "operatingProfit" : 19.91,
    "netProfitMargin" : 6.81,
    "netProfit" : 12.04
  }, {
    "date" : "2008-06-30",
    "sales" : 208.93,
    "salesGrowthYoY" : 76.83,
    "grossProfitMargin" : 24.18,
    "grossProfit" : 50.52,
    "operatingProfitMargin" : 10.80,
    "operatingProfit" : 22.56,
    "netProfitMargin" : 4.40,
    "netProfit" : 9.19
  }, {
    "date" : "2008-09-30",
    "sales" : 163.53,
    "salesGrowthYoY" : 37.56,
    "grossProfitMargin" : 25.25,
    "grossProfit" : 41.29,
    "operatingProfitMargin" : 13.09,
    "operatingProfit" : 21.41,
    "netProfitMargin" : 2.03,
    "netProfit" : 3.32
  }, {
    "date" : "2008-12-31",
    "sales" : 162.96,
    "salesGrowthYoY" : 0.76,
    "grossProfitMargin" : 36.97,
    "grossProfit" : 60.25,
    "operatingProfitMargin" : 16.15,
    "operatingProfit" : 26.32,
    "netProfitMargin" : 9.59,
    "netProfit" : 15.63
  }, {
    "date" : "2009-03-31",
    "sales" : 158.98,
    "salesGrowthYoY" : -10.10,
    "grossProfitMargin" : 30.22,
    "grossProfit" : 48.04,
    "operatingProfitMargin" : 19.37,
    "operatingProfit" : 30.79,
    "netProfitMargin" : 6.50,
    "netProfit" : 10.33
  }, {
    "date" : "2009-06-30",
    "sales" : 205.55,
    "salesGrowthYoY" : -1.62,
    "grossProfitMargin" : 20.91,
    "grossProfit" : 42.98,
    "operatingProfitMargin" : 7.22,
    "operatingProfit" : 14.84,
    "netProfitMargin" : 2.86,
    "netProfit" : 5.88
  }, {
    "date" : "2009-09-30",
    "sales" : 171.10,
    "salesGrowthYoY" : 4.63,
    "grossProfitMargin" : 26.45,
    "grossProfit" : 45.26,
    "operatingProfitMargin" : 8.89,
    "operatingProfit" : 15.21,
    "netProfitMargin" : 1.59,
    "netProfit" : 2.72
  }, {
    "date" : "2009-12-31",
    "sales" : 140.73,
    "salesGrowthYoY" : -13.64,
    "grossProfitMargin" : 26.97,
    "grossProfit" : 37.95,
    "operatingProfitMargin" : 11.58,
    "operatingProfit" : 16.30,
    "netProfitMargin" : 2.04,
    "netProfit" : 2.87
  }, {
    "date" : "2010-03-31",
    "sales" : 192.78,
    "salesGrowthYoY" : 21.26,
    "grossProfitMargin" : 23.96,
    "grossProfit" : 46.19,
    "operatingProfitMargin" : 8.07,
    "operatingProfit" : 15.56,
    "netProfitMargin" : 1.16,
    "netProfit" : 2.24
  }, {
    "date" : "2010-06-30",
    "sales" : 189.38,
    "salesGrowthYoY" : -7.87,
    "grossProfitMargin" : 20.57,
    "grossProfit" : 38.96,
    "operatingProfitMargin" : 11.90,
    "operatingProfit" : 22.54,
    "netProfitMargin" : 2.89,
    "netProfit" : 5.47
  }, {
    "date" : "2010-09-30",
    "sales" : 150.11,
    "salesGrowthYoY" : -12.27,
    "grossProfitMargin" : 25.90,
    "grossProfit" : 38.88,
    "operatingProfitMargin" : 10.83,
    "operatingProfit" : 16.26,
    "netProfitMargin" : 1.97,
    "netProfit" : 2.96
  }, {
    "date" : "2010-12-31",
    "sales" : 197.96,
    "salesGrowthYoY" : 40.67,
    "grossProfitMargin" : 25.91,
    "grossProfit" : 51.29,
    "operatingProfitMargin" : 10.82,
    "operatingProfit" : 21.42,
    "netProfitMargin" : 3.24,
    "netProfit" : 6.41
  }, {
    "date" : "2011-03-31",
    "sales" : 312.20,
    "salesGrowthYoY" : 61.95,
    "grossProfitMargin" : 16.51,
    "grossProfit" : 51.54,
    "operatingProfitMargin" : 7.46,
    "operatingProfit" : 23.29,
    "netProfitMargin" : 1.34,
    "netProfit" : 4.18
  }, {
    "date" : "2011-06-30",
    "sales" : 197.33,
    "salesGrowthYoY" : 4.20,
    "grossProfitMargin" : 21.20,
    "grossProfit" : 41.83,
    "operatingProfitMargin" : 10.10,
    "operatingProfit" : 19.93,
    "netProfitMargin" : 1.72,
    "netProfit" : 3.39
  }, {
    "date" : "2011-09-30",
    "sales" : 160.48,
    "salesGrowthYoY" : 6.91,
    "grossProfitMargin" : 31.47,
    "grossProfit" : 50.50,
    "operatingProfitMargin" : 11.35,
    "operatingProfit" : 18.21,
    "netProfitMargin" : 4.17,
    "netProfit" : 6.69
  }, {
    "date" : "2011-12-31",
    "sales" : 282.11,
    "salesGrowthYoY" : 42.51,
    "grossProfitMargin" : 31.13,
    "grossProfit" : 87.82,
    "operatingProfitMargin" : 17.26,
    "operatingProfit" : 48.69,
    "netProfitMargin" : 8.85,
    "netProfit" : 24.97
  }, {
    "date" : "2012-03-31",
    "sales" : 362.20,
    "salesGrowthYoY" : 16.02,
    "grossProfitMargin" : 23.51,
    "grossProfit" : 85.15,
    "operatingProfitMargin" : 10.67,
    "operatingProfit" : 38.65,
    "netProfitMargin" : 1.59,
    "netProfit" : 5.76
  }, {
    "date" : "2012-06-30",
    "sales" : 470.88,
    "salesGrowthYoY" : 138.63,
    "grossProfitMargin" : 22.89,
    "grossProfit" : 107.78,
    "operatingProfitMargin" : 11.02,
    "operatingProfit" : 51.89,
    "netProfitMargin" : 5.16,
    "netProfit" : 24.30
  }, {
    "date" : "2012-09-30",
    "sales" : 324.54,
    "salesGrowthYoY" : 102.23,
    "grossProfitMargin" : 23.97,
    "grossProfit" : 77.79,
    "operatingProfitMargin" : 12.51,
    "operatingProfit" : 40.60,
    "netProfitMargin" : 3.56,
    "netProfit" : 11.55
  }, {
    "date" : "2012-12-31",
    "sales" : 447.26,
    "salesGrowthYoY" : 58.54,
    "grossProfitMargin" : 22.73,
    "grossProfit" : 101.66,
    "operatingProfitMargin" : 8.33,
    "operatingProfit" : 37.26,
    "netProfitMargin" : 1.95,
    "netProfit" : 8.72
  }, {
    "date" : "2013-03-31",
    "sales" : 422.62,
    "salesGrowthYoY" : 16.68,
    "grossProfitMargin" : 21.04,
    "grossProfit" : 88.92,
    "operatingProfitMargin" : 8.97,
    "operatingProfit" : 37.91,
    "netProfitMargin" : 1.44,
    "netProfit" : 6.09
  }, {
    "date" : "2013-06-30",
    "sales" : 415.44,
    "salesGrowthYoY" : -11.77,
    "grossProfitMargin" : 20.43,
    "grossProfit" : 84.87,
    "operatingProfitMargin" : 8.03,
    "operatingProfit" : 33.36,
    "netProfitMargin" : 2.05,
    "netProfit" : 8.52
  }, {
    "date" : "2013-09-30",
    "sales" : 418.02,
    "salesGrowthYoY" : 28.80,
    "grossProfitMargin" : 22.15,
    "grossProfit" : 92.59,
    "operatingProfitMargin" : 7.67,
    "operatingProfit" : 32.06,
    "netProfitMargin" : 2.11,
    "netProfit" : 8.82
  }, {
    "date" : "2013-12-31",
    "sales" : 463.69,
    "salesGrowthYoY" : 3.67,
    "grossProfitMargin" : 19.43,
    "grossProfit" : 90.09,
    "operatingProfitMargin" : 7.85,
    "operatingProfit" : 36.40,
    "netProfitMargin" : 1.87,
    "netProfit" : 8.67
  }, {
    "date" : "2014-03-31",
    "sales" : 512.89,
    "salesGrowthYoY" : 21.36,
    "grossProfitMargin" : 19.84,
    "grossProfit" : 101.76,
    "operatingProfitMargin" : 9.32,
    "operatingProfit" : 47.80,
    "netProfitMargin" : 2.42,
    "netProfit" : 12.41
  }, {
    "date" : "2014-06-30",
    "sales" : 514.91,
    "salesGrowthYoY" : 23.94,
    "grossProfitMargin" : 17.46,
    "grossProfit" : 89.90,
    "operatingProfitMargin" : 7.90,
    "operatingProfit" : 40.68,
    "netProfitMargin" : 2.00,
    "netProfit" : 10.30
  }, {
    "date" : "2014-09-30",
    "sales" : 422.42,
    "salesGrowthYoY" : 1.05,
    "grossProfitMargin" : 20.07,
    "grossProfit" : 84.78,
    "operatingProfitMargin" : 8.23,
    "operatingProfit" : 34.77,
    "netProfitMargin" : 0.68,
    "netProfit" : 2.87
  }, {
    "date" : "2014-12-31",
    "sales" : 463.26,
    "salesGrowthYoY" : -0.09,
    "grossProfitMargin" : 19.32,
    "grossProfit" : 89.50,
    "operatingProfitMargin" : 7.01,
    "operatingProfit" : 32.47,
    "netProfitMargin" : 0.55,
    "netProfit" : 2.55
  }, {
    "date" : "2015-03-31",
    "sales" : 454.67,
    "salesGrowthYoY" : -11.35,
    "grossProfitMargin" : 25.89,
    "grossProfit" : 117.71,
    "operatingProfitMargin" : 11.51,
    "operatingProfit" : 52.33,
    "netProfitMargin" : 3.28,
    "netProfit" : 14.91
  }, {
    "date" : "2015-06-30",
    "sales" : 475.26,
    "salesGrowthYoY" : -7.70,
    "grossProfitMargin" : 21.43,
    "grossProfit" : 101.85,
    "operatingProfitMargin" : 8.94,
    "operatingProfit" : 42.49,
    "netProfitMargin" : 1.34,
    "netProfit" : 6.37
  }, {
    "date" : "2015-09-30",
    "sales" : 463.96,
    "salesGrowthYoY" : 9.83,
    "grossProfitMargin" : 23.51,
    "grossProfit" : 109.08,
    "operatingProfitMargin" : 8.90,
    "operatingProfit" : 41.29,
    "netProfitMargin" : 1.50,
    "netProfit" : 6.96
  }, {
    "date" : "2015-12-31",
    "sales" : 445.92,
    "salesGrowthYoY" : -3.74,
    "grossProfitMargin" : 29.45,
    "grossProfit" : 131.32,
    "operatingProfitMargin" : 9.05,
    "operatingProfit" : 40.36,
    "netProfitMargin" : 2.27,
    "netProfit" : 10.12
  }, {
    "date" : "2016-03-31",
    "sales" : 449.98,
    "salesGrowthYoY" : -1.03,
    "grossProfitMargin" : 23.78,
    "grossProfit" : 107.01,
    "operatingProfitMargin" : 6.25,
    "operatingProfit" : 28.12,
    "netProfitMargin" : 1.54,
    "netProfit" : 6.93
  }, {
    "date" : "2016-06-30",
    "sales" : 417.69,
    "salesGrowthYoY" : -12.11,
    "grossProfitMargin" : 21.21,
    "grossProfit" : 88.59,
    "operatingProfitMargin" : 8.73,
    "operatingProfit" : 36.46,
    "netProfitMargin" : 1.49,
    "netProfit" : 6.22
  }, {
    "date" : "2016-09-30",
    "sales" : 512.83,
    "salesGrowthYoY" : 10.53,
    "grossProfitMargin" : 19.17,
    "grossProfit" : 98.31,
    "operatingProfitMargin" : 6.75,
    "operatingProfit" : 34.62,
    "netProfitMargin" : 1.66,
    "netProfit" : 8.51
  }, {
    "date" : "2016-12-31",
    "sales" : 541.87,
    "salesGrowthYoY" : 21.52,
    "grossProfitMargin" : 23.30,
    "grossProfit" : 126.26,
    "operatingProfitMargin" : 8.13,
    "operatingProfit" : 44.05,
    "netProfitMargin" : 1.44,
    "netProfit" : 7.80
  }, {
    "date" : "2017-03-31",
    "sales" : 583.25,
    "salesGrowthYoY" : 29.62,
    "grossProfitMargin" : 10.91,
    "grossProfit" : 63.63,
    "operatingProfitMargin" : 6.20,
    "operatingProfit" : 36.16,
    "netProfitMargin" : 1.26,
    "netProfit" : 7.35
  }, {
    "date" : "2017-06-30",
    "sales" : 445.15,
    "salesGrowthYoY" : 6.57,
    "grossProfitMargin" : 22.79,
    "grossProfit" : 101.45,
    "operatingProfitMargin" : 8.07,
    "operatingProfit" : 35.92,
    "netProfitMargin" : 1.95,
    "netProfit" : 8.68
  }, {
    "date" : "2017-09-30",
    "sales" : 529.79,
    "salesGrowthYoY" : 3.31,
    "grossProfitMargin" : 18.13,
    "grossProfit" : 96.05,
    "operatingProfitMargin" : 7.86,
    "operatingProfit" : 41.64,
    "netProfitMargin" : 1.98,
    "netProfit" : 10.49
  }, {
    "date" : "2017-12-31",
    "sales" : 552.03,
    "salesGrowthYoY" : 1.87,
    "grossProfitMargin" : 16.68,
    "grossProfit" : 92.08,
    "operatingProfitMargin" : 5.76,
    "operatingProfit" : 31.80,
    "netProfitMargin" : 2.52,
    "netProfit" : 13.91
  }, {
    "date" : "2018-03-31",
    "sales" : 612.92,
    "salesGrowthYoY" : 5.09,
    "grossProfitMargin" : 15.23,
    "grossProfit" : 93.35,
    "operatingProfitMargin" : 5.10,
    "operatingProfit" : 31.26,
    "netProfitMargin" : 1.33,
    "netProfit" : 8.15
  }, {
    "date" : "2018-06-30",
    "sales" : 481.84,
    "salesGrowthYoY" : 8.24,
    "grossProfitMargin" : 18.69,
    "grossProfit" : 90.06,
    "operatingProfitMargin" : 8.20,
    "operatingProfit" : 39.51,
    "netProfitMargin" : 3.36,
    "netProfit" : 16.19
  }, {
    "date" : "2018-09-30",
    "sales" : 524.74,
    "salesGrowthYoY" : -0.95,
    "grossProfitMargin" : 16.22,
    "grossProfit" : 85.11,
    "operatingProfitMargin" : 6.64,
    "operatingProfit" : 34.84,
    "netProfitMargin" : 2.50,
    "netProfit" : 13.12
  }, {
    "date" : "2018-12-31",
    "sales" : 612.84,
    "salesGrowthYoY" : 11.02,
    "grossProfitMargin" : 17.93,
    "grossProfit" : 109.88,
    "operatingProfitMargin" : 7.49,
    "operatingProfit" : 45.90,
    "netProfitMargin" : 2.55,
    "netProfit" : 15.63
  }, {
    "date" : "2019-03-31",
    "sales" : 573.14,
    "salesGrowthYoY" : -6.49,
    "grossProfitMargin" : 18.13,
    "grossProfit" : 103.91,
    "operatingProfitMargin" : 7.05,
    "operatingProfit" : 40.41,
    "netProfitMargin" : 1.67,
    "netProfit" : 9.57
  }, {
    "date" : "2019-06-30",
    "sales" : 600.93,
    "salesGrowthYoY" : 24.72,
    "grossProfitMargin" : 17.95,
    "grossProfit" : 107.87,
    "operatingProfitMargin" : 8.49,
    "operatingProfit" : 51.02,
    "netProfitMargin" : 3.50,
    "netProfit" : 21.03
  }, {
    "date" : "2019-09-30",
    "sales" : 600.84,
    "salesGrowthYoY" : 14.50,
    "grossProfitMargin" : 15.96,
    "grossProfit" : 95.89,
    "operatingProfitMargin" : 6.55,
    "operatingProfit" : 39.36,
    "netProfitMargin" : 4.09,
    "netProfit" : 24.57
  }, {
    "date" : "2019-12-31",
    "sales" : 576.23,
    "salesGrowthYoY" : -5.97,
    "grossProfitMargin" : 18.76,
    "grossProfit" : 108.10,
    "operatingProfitMargin" : 8.42,
    "operatingProfit" : 48.52,
    "netProfitMargin" : 4.17,
    "netProfit" : 24.03
  }, {
    "date" : "2020-03-31",
    "sales" : 572.07,
    "salesGrowthYoY" : -0.19,
    "grossProfitMargin" : 17.50,
    "grossProfit" : 100.11,
    "operatingProfitMargin" : 5.70,
    "operatingProfit" : 32.61,
    "netProfitMargin" : 2.72,
    "netProfit" : 15.56
  }, {
    "date" : "2020-06-30",
    "sales" : 636.53,
    "salesGrowthYoY" : 5.92,
    "grossProfitMargin" : 17.88,
    "grossProfit" : 113.81,
    "operatingProfitMargin" : 7.67,
    "operatingProfit" : 48.82,
    "netProfitMargin" : 4.15,
    "netProfit" : 26.42
  }, {
    "date" : "2020-09-30",
    "sales" : 625.88,
    "salesGrowthYoY" : 4.17,
    "grossProfitMargin" : 20.02,
    "grossProfit" : 125.30,
    "operatingProfitMargin" : 7.74,
    "operatingProfit" : 48.44,
    "netProfitMargin" : 4.19,
    "netProfit" : 26.22
  }, {
    "date" : "2020-12-31",
    "sales" : 535.25,
    "salesGrowthYoY" : -7.11,
    "grossProfitMargin" : 26.44,
    "grossProfit" : 141.52,
    "operatingProfitMargin" : 9.19,
    "operatingProfit" : 49.19,
    "netProfitMargin" : 5.90,
    "netProfit" : 31.58
  }, {
    "date" : "2021-03-31",
    "sales" : 568.65,
    "salesGrowthYoY" : -0.60,
    "grossProfitMargin" : 23.50,
    "grossProfit" : 133.63,
    "operatingProfitMargin" : 6.54,
    "operatingProfit" : 37.19,
    "netProfitMargin" : 3.91,
    "netProfit" : 22.23
  }, {
    "date" : "2021-06-30",
    "sales" : 603.54,
    "salesGrowthYoY" : -5.18,
    "grossProfitMargin" : 23.43,
    "grossProfit" : 141.41,
    "operatingProfitMargin" : 8.78,
    "operatingProfit" : 52.99,
    "netProfitMargin" : 5.53,
    "netProfit" : 33.38
  }, {
    "date" : "2021-09-30",
    "sales" : 648.78,
    "salesGrowthYoY" : 3.66,
    "grossProfitMargin" : 23.33,
    "grossProfit" : 151.36,
    "operatingProfitMargin" : 7.03,
    "operatingProfit" : 45.61,
    "netProfitMargin" : 5.31,
    "netProfit" : 34.45
  }, {
    "date" : "2021-12-31",
    "sales" : 720.30,
    "salesGrowthYoY" : 34.57,
    "grossProfitMargin" : 22.61,
    "grossProfit" : 162.86,
    "operatingProfitMargin" : 5.30,
    "operatingProfit" : 38.18,
    "netProfitMargin" : 2.81,
    "netProfit" : 20.24
  }, {
    "date" : "2022-03-31",
    "sales" : 867.38,
    "salesGrowthYoY" : 52.53,
    "grossProfitMargin" : 20.90,
    "grossProfit" : 181.28,
    "operatingProfitMargin" : 5.03,
    "operatingProfit" : 43.63,
    "netProfitMargin" : 2.79,
    "netProfit" : 24.20
  }, {
    "date" : "2022-06-30",
    "sales" : 1048.88,
    "salesGrowthYoY" : 73.79,
    "grossProfitMargin" : 19.94,
    "grossProfit" : 209.15,
    "operatingProfitMargin" : 4.62,
    "operatingProfit" : 48.46,
    "netProfitMargin" : 3.03,
    "netProfit" : 31.78
  }, {
    "date" : "2022-09-30",
    "sales" : 1056.14,
    "salesGrowthYoY" : 62.79,
    "grossProfitMargin" : 25.83,
    "grossProfit" : 272.80,
    "operatingProfitMargin" : 5.25,
    "operatingProfit" : 55.45,
    "netProfitMargin" : 3.31,
    "netProfit" : 34.96
  }, {
    "date" : "2022-12-31",
    "sales" : 881.23,
    "salesGrowthYoY" : 22.34,
    "grossProfitMargin" : 22.66,
    "grossProfit" : 199.69,
    "operatingProfitMargin" : 5.82,
    "operatingProfit" : 51.29,
    "netProfitMargin" : 3.63,
    "netProfit" : 31.99
  }, {
    "date" : "2023-03-31",
    "sales" : 928.35,
    "salesGrowthYoY" : 7.03,
    "grossProfitMargin" : 22.91,
    "grossProfit" : 212.68,
    "operatingProfitMargin" : 7.70,
    "operatingProfit" : 71.48,
    "netProfitMargin" : 6.64,
    "netProfit" : 61.64
  }, {
    "date" : "2023-06-30",
    "sales" : 959.30,
    "salesGrowthYoY" : -8.54,
    "grossProfitMargin" : 20.96,
    "grossProfit" : 201.07,
    "operatingProfitMargin" : 6.19,
    "operatingProfit" : 59.38,
    "netProfitMargin" : 3.78,
    "netProfit" : 36.26
  }, {
    "date" : "2023-09-30",
    "sales" : 1035.73,
    "salesGrowthYoY" : -1.93,
    "grossProfitMargin" : 17.09,
    "grossProfit" : 177.01,
    "operatingProfitMargin" : 4.65,
    "operatingProfit" : 48.16,
    "netProfitMargin" : 4.08,
    "netProfit" : 42.26
  }, {
    "date" : "2023-12-31",
    "sales" : 1058.45,
    "salesGrowthYoY" : 20.11,
    "grossProfitMargin" : 21.03,
    "grossProfit" : 222.59,
    "operatingProfitMargin" : 5.95,
    "operatingProfit" : 62.98,
    "netProfitMargin" : 3.89,
    "netProfit" : 41.17
  }, {
    "date" : "2024-03-31",
    "sales" : 966.63,
    "salesGrowthYoY" : 4.12,
    "grossProfitMargin" : 21.42,
    "grossProfit" : 207.05,
    "operatingProfitMargin" : 7.13,
    "operatingProfit" : 68.92,
    "netProfitMargin" : 4.14,
    "netProfit" : 40.02
  }, {
    "date" : "2024-06-30",
    "sales" : 1053.47,
    "salesGrowthYoY" : 9.82,
    "grossProfitMargin" : 22.01,
    "grossProfit" : 231.87,
    "operatingProfitMargin" : 7.37,
    "operatingProfit" : 77.64,
    "netProfitMargin" : 4.81,
    "netProfit" : 50.67
  }, {
    "date" : "2024-09-30",
    "sales" : 1016.42,
    "salesGrowthYoY" : -1.86,
    "grossProfitMargin" : 20.70,
    "grossProfit" : 210.40,
    "operatingProfitMargin" : 5.23,
    "operatingProfit" : 53.16,
    "netProfitMargin" : 6.01,
    "netProfit" : 61.09
  }, {
    "date" : "2024-12-31",
    "sales" : 1044.09,
    "salesGrowthYoY" : -1.36,
    "grossProfitMargin" : 22.26,
    "grossProfit" : 232.41,
    "operatingProfitMargin" : 6.16,
    "operatingProfit" : 64.32,
    "netProfitMargin" : 5.96,
    "netProfit" : 62.23
  }, {
    "date" : "2025-03-31",
    "sales" : 971.33,
    "salesGrowthYoY" : 0.49,
    "grossProfitMargin" : 24.31,
    "grossProfit" : 236.13,
    "operatingProfitMargin" : 6.33,
    "operatingProfit" : 61.49,
    "netProfitMargin" : 3.92,
    "netProfit" : 38.08
  }, {
    "date" : "2025-06-30",
    "sales" : 1050.56,
    "salesGrowthYoY" : -0.28,
    "grossProfitMargin" : 23.12,
    "grossProfit" : 242.89,
    "operatingProfitMargin" : 5.24,
    "operatingProfit" : 55.05,
    "netProfitMargin" : 3.52,
    "netProfit" : 36.98
  }, {
    "date" : "2025-09-30",
    "sales" : 1016.78,
    "salesGrowthYoY" : 0.04,
    "grossProfitMargin" : 23.71,
    "grossProfit" : 241.08,
    "operatingProfitMargin" : 5.95,
    "operatingProfit" : 60.50,
    "netProfitMargin" : 7.01,
    "netProfit" : 71.28
  } ],
  "latestQuarterlyResult" : {
    "date" : "2025-09-30",
    "sales" : 1016.78,
    "salesGrowthYoY" : 0.04,
    "grossProfitMargin" : 23.71,
    "grossProfit" : 241.08,
    "operatingProfitMargin" : 5.95,
    "operatingProfit" : 60.50,
    "netProfitMargin" : 7.01,
    "netProfit" : 71.28
  },
  "companyScore" : {
    "priceHigherThanDma50" : 0.00,
    "priceHigherThanDma100" : 0.00,
    "priceHigherThanDma200" : 0.00,
    "dma50HigherThanDma100" : 0.00,
    "dma50HigherThanDma200" : 5.00,
    "dma100HigherThanDma200" : 5.00,
    "pricePercentageAboveDma50" : 5.28,
    "pricePercentageAboveDma100" : 5.51,
    "pricePercentageAboveDma200" : 5.27,
    "weeklyVolumeHigherThanYearlyVolume" : 5.00,
    "salesGrowthPercentile" : 7.20,
    "operatingProfitMarginPercentile" : 3.29,
    "netProfitMarginPercentile" : 9.75,
    "totalTechnicalScore" : 31.06,
    "totalFundamentalScore" : 20.24,
    "totalScore" : 51.30
  }
}