{
  "metadata" : {
    "screenerCompanyId" : "1922",
    "companyCode" : "LUMAXIND",
    "companyName" : "Lumax Industries",
    "screenerCompanyLink" : "https://www.screener.in/company/LUMAXIND/consolidated/",
    "screenerTechnicalHistoryLink" : "https://www.screener.in/api/company/1922/chart/?q=Price-DMA50-DMA200-Volume&days=365",
    "screenerQuarterlyResultsLink" : "https://www.screener.in/api/company/1922/chart/?q=GPM-OPM-NPM-Quarter+Sales&days=10000",
    "attributes" : {
      "companyCode" : "LUMAXIND",
      "companyName" : "Lumax Industries",
      "marketCap" : 6244.00,
      "peRatio" : 35.80,
      "description" : "Lumax Industries Limited is the flagship company of the DK Jain Group. It was founded as a trading company in 1945 and today it has evolved as market leader of automobile lighting in the Indian automotive industry. In 1984, company entered into a technical collaboration with Stanley Electric Co. Ltd., Japan (SECL), which currently holds around 37.5% equity stake in the company. Other 37.5% is held by Indian promoters (D.K. Jain and family). Company has 29 manufacturing facilities across 7 states in India. [1] [2]"
    },
    "companyScore" : {
      "priceHigherThanDma50" : 5.00,
      "priceHigherThanDma100" : 5.00,
      "priceHigherThanDma200" : 5.00,
      "dma50HigherThanDma100" : 5.00,
      "dma50HigherThanDma200" : 5.00,
      "dma100HigherThanDma200" : 5.00,
      "pricePercentageAboveDma50" : 3.63,
      "pricePercentageAboveDma100" : 3.53,
      "pricePercentageAboveDma200" : 2.49,
      "weeklyVolumeHigherThanYearlyVolume" : 5.00,
      "salesGrowthPercentile" : 12.75,
      "operatingProfitMarginPercentile" : 19.68,
      "netProfitMarginPercentile" : 10.00,
      "totalTechnicalScore" : 44.65,
      "totalFundamentalScore" : 42.43,
      "totalScore" : 87.08
    }
  },
  "attributes" : {
    "companyCode" : "LUMAXIND",
    "companyName" : "Lumax Industries",
    "marketCap" : 6244.00,
    "peRatio" : 35.80,
    "description" : "Lumax Industries Limited is the flagship company of the DK Jain Group. It was founded as a trading company in 1945 and today it has evolved as market leader of automobile lighting in the Indian automotive industry. In 1984, company entered into a technical collaboration with Stanley Electric Co. Ltd., Japan (SECL), which currently holds around 37.5% equity stake in the company. Other 37.5% is held by Indian promoters (D.K. Jain and family). Company has 29 manufacturing facilities across 7 states in India. [1] [2]"
  },
  "technicalHistory" : [ {
    "date" : "2025-02-12",
    "price" : 2290.40,
    "dma50" : 2322.70,
    "dma100" : null,
    "dma200" : 2465.80,
    "volume" : 5398.00
  }, {
    "date" : "2025-02-13",
    "price" : 2310.65,
    "dma50" : 2322.23,
    "dma100" : null,
    "dma200" : 2464.25,
    "volume" : 6284.00
  }, {
    "date" : "2025-02-14",
    "price" : 2277.55,
    "dma50" : 2320.48,
    "dma100" : null,
    "dma200" : 2462.40,
    "volume" : 4294.00
  }, {
    "date" : "2025-02-17",
    "price" : 2309.60,
    "dma50" : 2320.05,
    "dma100" : null,
    "dma200" : 2460.88,
    "volume" : 6426.00
  }, {
    "date" : "2025-02-18",
    "price" : 2259.30,
    "dma50" : 2317.67,
    "dma100" : null,
    "dma200" : 2458.87,
    "volume" : 13427.00
  }, {
    "date" : "2025-02-19",
    "price" : 2235.50,
    "dma50" : 2314.44,
    "dma100" : null,
    "dma200" : 2456.65,
    "volume" : 9322.00
  }, {
    "date" : "2025-02-20",
    "price" : 2270.40,
    "dma50" : 2312.72,
    "dma100" : null,
    "dma200" : 2454.79,
    "volume" : 1190.00
  }, {
    "date" : "2025-02-21",
    "price" : 2289.45,
    "dma50" : 2311.81,
    "dma100" : null,
    "dma200" : 2453.15,
    "volume" : 2450.00
  }, {
    "date" : "2025-02-24",
    "price" : 2322.55,
    "dma50" : 2312.23,
    "dma100" : null,
    "dma200" : 2451.85,
    "volume" : 19374.00
  }, {
    "date" : "2025-02-25",
    "price" : 2355.05,
    "dma50" : 2313.91,
    "dma100" : null,
    "dma200" : 2450.89,
    "volume" : 4840.00
  }, {
    "date" : "2025-02-27",
    "price" : 2354.75,
    "dma50" : 2315.51,
    "dma100" : null,
    "dma200" : 2449.93,
    "volume" : 6304.00
  }, {
    "date" : "2025-02-28",
    "price" : 2351.90,
    "dma50" : 2316.93,
    "dma100" : null,
    "dma200" : 2448.95,
    "volume" : 11052.00
  }, {
    "date" : "2025-03-03",
    "price" : 2356.80,
    "dma50" : 2318.50,
    "dma100" : null,
    "dma200" : 2448.04,
    "volume" : 6613.00
  }, {
    "date" : "2025-03-04",
    "price" : 2397.65,
    "dma50" : 2321.60,
    "dma100" : null,
    "dma200" : 2447.54,
    "volume" : 13311.00
  }, {
    "date" : "2025-03-05",
    "price" : 2398.10,
    "dma50" : 2324.60,
    "dma100" : null,
    "dma200" : 2447.04,
    "volume" : 5916.00
  }, {
    "date" : "2025-03-06",
    "price" : 2423.35,
    "dma50" : 2328.47,
    "dma100" : null,
    "dma200" : 2446.81,
    "volume" : 6121.00
  }, {
    "date" : "2025-03-07",
    "price" : 2393.30,
    "dma50" : 2331.02,
    "dma100" : null,
    "dma200" : 2446.28,
    "volume" : 3917.00
  }, {
    "date" : "2025-03-10",
    "price" : 2384.25,
    "dma50" : 2333.10,
    "dma100" : null,
    "dma200" : 2445.66,
    "volume" : 1466.00
  }, {
    "date" : "2025-03-11",
    "price" : 2329.70,
    "dma50" : 2332.97,
    "dma100" : null,
    "dma200" : 2444.50,
    "volume" : 2322.00
  }, {
    "date" : "2025-03-12",
    "price" : 2298.75,
    "dma50" : 2331.63,
    "dma100" : null,
    "dma200" : 2443.05,
    "volume" : 2842.00
  }, {
    "date" : "2025-03-13",
    "price" : 2171.30,
    "dma50" : 2325.34,
    "dma100" : null,
    "dma200" : 2440.35,
    "volume" : 15681.00
  }, {
    "date" : "2025-03-17",
    "price" : 2155.95,
    "dma50" : 2318.70,
    "dma100" : null,
    "dma200" : 2437.52,
    "volume" : 5248.00
  }, {
    "date" : "2025-03-18",
    "price" : 2177.15,
    "dma50" : 2313.15,
    "dma100" : null,
    "dma200" : 2434.93,
    "volume" : 4762.00
  }, {
    "date" : "2025-03-19",
    "price" : 2220.50,
    "dma50" : 2309.51,
    "dma100" : null,
    "dma200" : 2432.80,
    "volume" : 6775.00
  }, {
    "date" : "2025-03-20",
    "price" : 2389.65,
    "dma50" : 2312.66,
    "dma100" : null,
    "dma200" : 2432.37,
    "volume" : 13499.00
  }, {
    "date" : "2025-03-21",
    "price" : 2401.55,
    "dma50" : 2316.14,
    "dma100" : null,
    "dma200" : 2432.06,
    "volume" : 7393.00
  }, {
    "date" : "2025-03-24",
    "price" : 2402.85,
    "dma50" : 2319.54,
    "dma100" : null,
    "dma200" : 2431.77,
    "volume" : 5218.00
  }, {
    "date" : "2025-03-25",
    "price" : 2403.00,
    "dma50" : 2322.82,
    "dma100" : null,
    "dma200" : 2431.48,
    "volume" : 9704.00
  }, {
    "date" : "2025-03-26",
    "price" : 2562.15,
    "dma50" : 2332.20,
    "dma100" : null,
    "dma200" : 2432.78,
    "volume" : 20023.00
  }, {
    "date" : "2025-03-27",
    "price" : 2569.95,
    "dma50" : 2341.53,
    "dma100" : null,
    "dma200" : 2434.15,
    "volume" : 13002.00
  }, {
    "date" : "2025-03-28",
    "price" : 2533.35,
    "dma50" : 2349.05,
    "dma100" : null,
    "dma200" : 2435.14,
    "volume" : 9760.00
  }, {
    "date" : "2025-04-01",
    "price" : 2570.05,
    "dma50" : 2357.71,
    "dma100" : null,
    "dma200" : 2436.48,
    "volume" : 2814.00
  }, {
    "date" : "2025-04-02",
    "price" : 2562.10,
    "dma50" : 2365.73,
    "dma100" : null,
    "dma200" : 2437.73,
    "volume" : 3410.00
  }, {
    "date" : "2025-04-03",
    "price" : 2583.90,
    "dma50" : 2374.29,
    "dma100" : null,
    "dma200" : 2439.18,
    "volume" : 2276.00
  }, {
    "date" : "2025-04-04",
    "price" : 2530.10,
    "dma50" : 2380.40,
    "dma100" : null,
    "dma200" : 2440.09,
    "volume" : 3349.00
  }, {
    "date" : "2025-04-07",
    "price" : 2393.35,
    "dma50" : 2380.90,
    "dma100" : null,
    "dma200" : 2439.62,
    "volume" : 8907.00
  }, {
    "date" : "2025-04-08",
    "price" : 2418.05,
    "dma50" : 2382.36,
    "dma100" : null,
    "dma200" : 2439.41,
    "volume" : 3171.00
  }, {
    "date" : "2025-04-09",
    "price" : 2324.60,
    "dma50" : 2380.10,
    "dma100" : null,
    "dma200" : 2438.26,
    "volume" : 2025.00
  }, {
    "date" : "2025-04-11",
    "price" : 2407.90,
    "dma50" : 2381.19,
    "dma100" : null,
    "dma200" : 2437.96,
    "volume" : 2718.00
  }, {
    "date" : "2025-04-15",
    "price" : 2442.50,
    "dma50" : 2383.59,
    "dma100" : null,
    "dma200" : 2438.01,
    "volume" : 2828.00
  }, {
    "date" : "2025-04-16",
    "price" : 2480.60,
    "dma50" : 2387.39,
    "dma100" : null,
    "dma200" : 2438.43,
    "volume" : 2072.00
  }, {
    "date" : "2025-04-17",
    "price" : 2492.70,
    "dma50" : 2391.52,
    "dma100" : null,
    "dma200" : 2438.97,
    "volume" : 1755.00
  }, {
    "date" : "2025-04-21",
    "price" : 2507.80,
    "dma50" : 2396.08,
    "dma100" : null,
    "dma200" : 2439.66,
    "volume" : 2224.00
  }, {
    "date" : "2025-04-22",
    "price" : 2600.10,
    "dma50" : 2404.08,
    "dma100" : null,
    "dma200" : 2441.25,
    "volume" : 4910.00
  }, {
    "date" : "2025-04-23",
    "price" : 2580.40,
    "dma50" : 2411.00,
    "dma100" : null,
    "dma200" : 2442.64,
    "volume" : 2157.00
  }, {
    "date" : "2025-04-24",
    "price" : 2549.00,
    "dma50" : 2416.41,
    "dma100" : null,
    "dma200" : 2443.70,
    "volume" : 2959.00
  }, {
    "date" : "2025-04-25",
    "price" : 2498.40,
    "dma50" : 2419.63,
    "dma100" : null,
    "dma200" : 2444.24,
    "volume" : 5997.00
  }, {
    "date" : "2025-04-28",
    "price" : 2400.50,
    "dma50" : 2418.88,
    "dma100" : null,
    "dma200" : 2443.80,
    "volume" : 7170.00
  }, {
    "date" : "2025-04-29",
    "price" : 2420.20,
    "dma50" : 2418.93,
    "dma100" : null,
    "dma200" : 2443.57,
    "volume" : 6458.00
  }, {
    "date" : "2025-04-30",
    "price" : 2355.00,
    "dma50" : 2416.42,
    "dma100" : null,
    "dma200" : 2442.69,
    "volume" : 3404.00
  }, {
    "date" : "2025-05-02",
    "price" : 2323.00,
    "dma50" : 2412.76,
    "dma100" : null,
    "dma200" : 2441.50,
    "volume" : 3323.00
  }, {
    "date" : "2025-05-05",
    "price" : 2356.00,
    "dma50" : 2410.53,
    "dma100" : null,
    "dma200" : 2440.65,
    "volume" : 1837.00
  }, {
    "date" : "2025-05-06",
    "price" : 2328.30,
    "dma50" : 2407.31,
    "dma100" : null,
    "dma200" : 2439.53,
    "volume" : 1101.00
  }, {
    "date" : "2025-05-07",
    "price" : 2356.20,
    "dma50" : 2405.30,
    "dma100" : null,
    "dma200" : 2438.70,
    "volume" : 2378.00
  }, {
    "date" : "2025-05-08",
    "price" : 2358.40,
    "dma50" : 2403.46,
    "dma100" : null,
    "dma200" : 2437.90,
    "volume" : 4520.00
  }, {
    "date" : "2025-05-09",
    "price" : 2343.30,
    "dma50" : 2401.10,
    "dma100" : null,
    "dma200" : 2436.96,
    "volume" : 1146.00
  }, {
    "date" : "2025-05-12",
    "price" : 2432.00,
    "dma50" : 2402.32,
    "dma100" : null,
    "dma200" : 2436.91,
    "volume" : 5069.00
  }, {
    "date" : "2025-05-13",
    "price" : 2577.40,
    "dma50" : 2409.18,
    "dma100" : null,
    "dma200" : 2438.31,
    "volume" : 6513.00
  }, {
    "date" : "2025-05-14",
    "price" : 2592.90,
    "dma50" : 2416.39,
    "dma100" : null,
    "dma200" : 2439.85,
    "volume" : 7508.00
  }, {
    "date" : "2025-05-15",
    "price" : 2595.80,
    "dma50" : 2423.42,
    "dma100" : null,
    "dma200" : 2441.40,
    "volume" : 3518.00
  }, {
    "date" : "2025-05-16",
    "price" : 2665.00,
    "dma50" : 2432.90,
    "dma100" : null,
    "dma200" : 2443.62,
    "volume" : 22058.00
  }, {
    "date" : "2025-05-19",
    "price" : 2744.80,
    "dma50" : 2445.13,
    "dma100" : null,
    "dma200" : 2446.62,
    "volume" : 8743.00
  }, {
    "date" : "2025-05-20",
    "price" : 2664.40,
    "dma50" : 2453.73,
    "dma100" : null,
    "dma200" : 2448.79,
    "volume" : 14765.00
  }, {
    "date" : "2025-05-21",
    "price" : 2803.30,
    "dma50" : 2467.43,
    "dma100" : null,
    "dma200" : 2452.31,
    "volume" : 12279.00
  }, {
    "date" : "2025-05-22",
    "price" : 2774.60,
    "dma50" : 2479.48,
    "dma100" : null,
    "dma200" : 2455.52,
    "volume" : 4782.00
  }, {
    "date" : "2025-05-23",
    "price" : 2794.50,
    "dma50" : 2491.83,
    "dma100" : null,
    "dma200" : 2458.89,
    "volume" : 3820.00
  }, {
    "date" : "2025-05-26",
    "price" : 2885.30,
    "dma50" : 2507.26,
    "dma100" : null,
    "dma200" : 2463.14,
    "volume" : 45818.00
  }, {
    "date" : "2025-05-27",
    "price" : 2796.50,
    "dma50" : 2518.61,
    "dma100" : null,
    "dma200" : 2466.45,
    "volume" : 68180.00
  }, {
    "date" : "2025-05-28",
    "price" : 2809.40,
    "dma50" : 2530.01,
    "dma100" : null,
    "dma200" : 2469.87,
    "volume" : 13605.00
  }, {
    "date" : "2025-05-29",
    "price" : 2803.80,
    "dma50" : 2540.75,
    "dma100" : null,
    "dma200" : 2473.19,
    "volume" : 11619.00
  }, {
    "date" : "2025-05-30",
    "price" : 2965.80,
    "dma50" : 2557.42,
    "dma100" : null,
    "dma200" : 2478.09,
    "volume" : 54833.00
  }, {
    "date" : "2025-06-02",
    "price" : 2934.70,
    "dma50" : 2572.21,
    "dma100" : null,
    "dma200" : 2482.63,
    "volume" : 25615.00
  }, {
    "date" : "2025-06-03",
    "price" : 2933.30,
    "dma50" : 2586.37,
    "dma100" : null,
    "dma200" : 2487.12,
    "volume" : 6970.00
  }, {
    "date" : "2025-06-04",
    "price" : 2952.40,
    "dma50" : 2600.73,
    "dma100" : null,
    "dma200" : 2491.75,
    "volume" : 21753.00
  }, {
    "date" : "2025-06-05",
    "price" : 3021.40,
    "dma50" : 2617.22,
    "dma100" : null,
    "dma200" : 2497.02,
    "volume" : 59757.00
  }, {
    "date" : "2025-06-06",
    "price" : 3132.00,
    "dma50" : 2637.41,
    "dma100" : null,
    "dma200" : 2503.34,
    "volume" : 31717.00
  }, {
    "date" : "2025-06-09",
    "price" : 3196.90,
    "dma50" : 2659.35,
    "dma100" : null,
    "dma200" : 2510.24,
    "volume" : 46436.00
  }, {
    "date" : "2025-06-10",
    "price" : 3216.50,
    "dma50" : 2681.20,
    "dma100" : null,
    "dma200" : 2517.27,
    "volume" : 24406.00
  }, {
    "date" : "2025-06-11",
    "price" : 3208.30,
    "dma50" : 2701.87,
    "dma100" : null,
    "dma200" : 2524.14,
    "volume" : 19166.00
  }, {
    "date" : "2025-06-12",
    "price" : 3162.20,
    "dma50" : 2719.92,
    "dma100" : null,
    "dma200" : 2530.49,
    "volume" : 20624.00
  }, {
    "date" : "2025-06-13",
    "price" : 3156.40,
    "dma50" : 2737.04,
    "dma100" : null,
    "dma200" : 2536.72,
    "volume" : 13839.00
  }, {
    "date" : "2025-06-16",
    "price" : 3247.30,
    "dma50" : 2757.05,
    "dma100" : null,
    "dma200" : 2543.79,
    "volume" : 32651.00
  }, {
    "date" : "2025-06-17",
    "price" : 3216.70,
    "dma50" : 2775.08,
    "dma100" : null,
    "dma200" : 2550.48,
    "volume" : 11730.00
  }, {
    "date" : "2025-06-18",
    "price" : 3265.20,
    "dma50" : 2794.30,
    "dma100" : null,
    "dma200" : 2557.60,
    "volume" : 23960.00
  }, {
    "date" : "2025-06-19",
    "price" : 3173.40,
    "dma50" : 2809.16,
    "dma100" : null,
    "dma200" : 2563.72,
    "volume" : 15689.00
  }, {
    "date" : "2025-06-20",
    "price" : 3165.10,
    "dma50" : 2823.12,
    "dma100" : null,
    "dma200" : 2569.71,
    "volume" : 8258.00
  }, {
    "date" : "2025-06-23",
    "price" : 3221.50,
    "dma50" : 2838.74,
    "dma100" : null,
    "dma200" : 2576.19,
    "volume" : 8580.00
  }, {
    "date" : "2025-06-24",
    "price" : 3257.40,
    "dma50" : 2855.16,
    "dma100" : null,
    "dma200" : 2582.97,
    "volume" : 9105.00
  }, {
    "date" : "2025-06-25",
    "price" : 3286.60,
    "dma50" : 2872.08,
    "dma100" : null,
    "dma200" : 2589.97,
    "volume" : 5978.00
  }, {
    "date" : "2025-06-26",
    "price" : 3287.50,
    "dma50" : 2888.37,
    "dma100" : null,
    "dma200" : 2596.91,
    "volume" : 6635.00
  }, {
    "date" : "2025-06-27",
    "price" : 3468.50,
    "dma50" : 2911.12,
    "dma100" : null,
    "dma200" : 2605.58,
    "volume" : 32069.00
  }, {
    "date" : "2025-06-30",
    "price" : 3624.30,
    "dma50" : 2939.09,
    "dma100" : null,
    "dma200" : 2615.72,
    "volume" : 49087.00
  }, {
    "date" : "2025-07-01",
    "price" : 3635.40,
    "dma50" : 2966.40,
    "dma100" : null,
    "dma200" : 2625.87,
    "volume" : 27249.00
  }, {
    "date" : "2025-07-02",
    "price" : 3529.40,
    "dma50" : 2988.47,
    "dma100" : null,
    "dma200" : 2634.86,
    "volume" : 15477.00
  }, {
    "date" : "2025-07-03",
    "price" : 3622.40,
    "dma50" : 3013.33,
    "dma100" : null,
    "dma200" : 2644.68,
    "volume" : 13926.00
  }, {
    "date" : "2025-07-04",
    "price" : 3670.40,
    "dma50" : 3039.10,
    "dma100" : null,
    "dma200" : 2654.89,
    "volume" : 11594.00
  }, {
    "date" : "2025-07-07",
    "price" : 3645.80,
    "dma50" : 3062.89,
    "dma100" : null,
    "dma200" : 2664.75,
    "volume" : 35429.00
  }, {
    "date" : "2025-07-08",
    "price" : 3619.20,
    "dma50" : 3084.71,
    "dma100" : null,
    "dma200" : 2674.25,
    "volume" : 11603.00
  }, {
    "date" : "2025-07-09",
    "price" : 3611.60,
    "dma50" : 3105.37,
    "dma100" : null,
    "dma200" : 2683.57,
    "volume" : 4766.00
  }, {
    "date" : "2025-07-10",
    "price" : 3524.80,
    "dma50" : 3121.82,
    "dma100" : null,
    "dma200" : 2691.94,
    "volume" : 6294.00
  }, {
    "date" : "2025-07-11",
    "price" : 3523.00,
    "dma50" : 3137.55,
    "dma100" : 2719.04,
    "dma200" : 2700.21,
    "volume" : 21345.00
  }, {
    "date" : "2025-07-14",
    "price" : 3529.20,
    "dma50" : 3152.91,
    "dma100" : 2731.22,
    "dma200" : 2708.46,
    "volume" : 6358.00
  }, {
    "date" : "2025-07-15",
    "price" : 3576.50,
    "dma50" : 3169.52,
    "dma100" : 2744.21,
    "dma200" : 2717.10,
    "volume" : 6446.00
  }, {
    "date" : "2025-07-16",
    "price" : 3786.40,
    "dma50" : 3193.71,
    "dma100" : 2758.98,
    "dma200" : 2727.74,
    "volume" : 29255.00
  }, {
    "date" : "2025-07-17",
    "price" : 3913.70,
    "dma50" : 3221.95,
    "dma100" : 2775.52,
    "dma200" : 2739.54,
    "volume" : 192564.00
  }, {
    "date" : "2025-07-18",
    "price" : 3900.90,
    "dma50" : 3248.57,
    "dma100" : 2792.18,
    "dma200" : 2751.10,
    "volume" : 23075.00
  }, {
    "date" : "2025-07-21",
    "price" : 3859.20,
    "dma50" : 3272.52,
    "dma100" : 2808.06,
    "dma200" : 2762.12,
    "volume" : 14279.00
  }, {
    "date" : "2025-07-22",
    "price" : 4000.90,
    "dma50" : 3301.08,
    "dma100" : 2825.18,
    "dma200" : 2774.45,
    "volume" : 29606.00
  }, {
    "date" : "2025-07-23",
    "price" : 3864.60,
    "dma50" : 3323.18,
    "dma100" : 2840.60,
    "dma200" : 2785.29,
    "volume" : 18122.00
  }, {
    "date" : "2025-07-24",
    "price" : 3955.80,
    "dma50" : 3347.99,
    "dma100" : 2856.61,
    "dma200" : 2796.94,
    "volume" : 13922.00
  }, {
    "date" : "2025-07-25",
    "price" : 3828.60,
    "dma50" : 3366.84,
    "dma100" : 2871.35,
    "dma200" : 2807.21,
    "volume" : 18915.00
  }, {
    "date" : "2025-07-28",
    "price" : 3807.50,
    "dma50" : 3384.12,
    "dma100" : 2885.90,
    "dma200" : 2817.16,
    "volume" : 8238.00
  }, {
    "date" : "2025-07-29",
    "price" : 3821.60,
    "dma50" : 3401.28,
    "dma100" : 2900.55,
    "dma200" : 2827.15,
    "volume" : 7173.00
  }, {
    "date" : "2025-07-30",
    "price" : 3945.60,
    "dma50" : 3422.62,
    "dma100" : 2916.03,
    "dma200" : 2838.28,
    "volume" : 18171.00
  }, {
    "date" : "2025-07-31",
    "price" : 3899.30,
    "dma50" : 3441.32,
    "dma100" : 2931.04,
    "dma200" : 2848.84,
    "volume" : 7881.00
  }, {
    "date" : "2025-08-01",
    "price" : 3732.90,
    "dma50" : 3452.75,
    "dma100" : 2944.14,
    "dma200" : 2857.64,
    "volume" : 13793.00
  }, {
    "date" : "2025-08-04",
    "price" : 3844.80,
    "dma50" : 3468.12,
    "dma100" : 2958.65,
    "dma200" : 2867.46,
    "volume" : 12847.00
  }, {
    "date" : "2025-08-05",
    "price" : 3881.00,
    "dma50" : 3484.32,
    "dma100" : 2973.62,
    "dma200" : 2877.54,
    "volume" : 7879.00
  }, {
    "date" : "2025-08-06",
    "price" : 3812.20,
    "dma50" : 3497.17,
    "dma100" : 2988.44,
    "dma200" : 2886.84,
    "volume" : 15072.00
  }, {
    "date" : "2025-08-07",
    "price" : 3386.00,
    "dma50" : 3492.81,
    "dma100" : 2999.32,
    "dma200" : 2891.81,
    "volume" : 73042.00
  }, {
    "date" : "2025-08-08",
    "price" : 3391.00,
    "dma50" : 3488.82,
    "dma100" : 3011.51,
    "dma200" : 2896.78,
    "volume" : 63626.00
  }, {
    "date" : "2025-08-11",
    "price" : 3352.80,
    "dma50" : 3483.49,
    "dma100" : 3023.48,
    "dma200" : 2901.32,
    "volume" : 18112.00
  }, {
    "date" : "2025-08-12",
    "price" : 3342.60,
    "dma50" : 3477.96,
    "dma100" : 3035.14,
    "dma200" : 2905.71,
    "volume" : 9883.00
  }, {
    "date" : "2025-08-13",
    "price" : 3341.80,
    "dma50" : 3472.62,
    "dma100" : 3046.35,
    "dma200" : 2910.05,
    "volume" : 16395.00
  }, {
    "date" : "2025-08-14",
    "price" : 3295.30,
    "dma50" : 3465.67,
    "dma100" : 3055.41,
    "dma200" : 2913.88,
    "volume" : 17166.00
  }, {
    "date" : "2025-08-18",
    "price" : 3546.00,
    "dma50" : 3468.82,
    "dma100" : 3066.85,
    "dma200" : 2920.17,
    "volume" : 37220.00
  }, {
    "date" : "2025-08-19",
    "price" : 3681.10,
    "dma50" : 3477.14,
    "dma100" : 3079.63,
    "dma200" : 2927.74,
    "volume" : 29722.00
  }, {
    "date" : "2025-08-20",
    "price" : 3892.40,
    "dma50" : 3493.43,
    "dma100" : 3094.53,
    "dma200" : 2937.34,
    "volume" : 71049.00
  }, {
    "date" : "2025-08-21",
    "price" : 3861.90,
    "dma50" : 3507.88,
    "dma100" : 3107.52,
    "dma200" : 2946.54,
    "volume" : 26206.00
  }, {
    "date" : "2025-08-22",
    "price" : 3832.40,
    "dma50" : 3520.60,
    "dma100" : 3120.15,
    "dma200" : 2955.35,
    "volume" : 7749.00
  }, {
    "date" : "2025-08-25",
    "price" : 3772.60,
    "dma50" : 3530.49,
    "dma100" : 3132.54,
    "dma200" : 2963.49,
    "volume" : 19128.00
  }, {
    "date" : "2025-08-26",
    "price" : 4067.40,
    "dma50" : 3551.54,
    "dma100" : 3147.51,
    "dma200" : 2974.47,
    "volume" : 288162.00
  }, {
    "date" : "2025-08-28",
    "price" : 4150.20,
    "dma50" : 3575.02,
    "dma100" : 3163.40,
    "dma200" : 2986.17,
    "volume" : 105174.00
  }, {
    "date" : "2025-08-29",
    "price" : 4207.60,
    "dma50" : 3599.83,
    "dma100" : 3179.63,
    "dma200" : 2998.32,
    "volume" : 76309.00
  }, {
    "date" : "2025-09-01",
    "price" : 4340.40,
    "dma50" : 3628.87,
    "dma100" : 3197.74,
    "dma200" : 3011.68,
    "volume" : 56725.00
  }, {
    "date" : "2025-09-02",
    "price" : 4173.30,
    "dma50" : 3650.22,
    "dma100" : 3215.54,
    "dma200" : 3023.23,
    "volume" : 29946.00
  }, {
    "date" : "2025-09-03",
    "price" : 4169.50,
    "dma50" : 3670.58,
    "dma100" : 3233.05,
    "dma200" : 3034.64,
    "volume" : 25345.00
  }, {
    "date" : "2025-09-04",
    "price" : 4190.60,
    "dma50" : 3690.98,
    "dma100" : 3251.71,
    "dma200" : 3046.14,
    "volume" : 10332.00
  }, {
    "date" : "2025-09-05",
    "price" : 4142.40,
    "dma50" : 3708.68,
    "dma100" : 3269.05,
    "dma200" : 3057.05,
    "volume" : 15798.00
  }, {
    "date" : "2025-09-08",
    "price" : 4174.20,
    "dma50" : 3726.93,
    "dma100" : 3286.37,
    "dma200" : 3068.17,
    "volume" : 13526.00
  }, {
    "date" : "2025-09-09",
    "price" : 4193.40,
    "dma50" : 3745.23,
    "dma100" : 3303.50,
    "dma200" : 3079.36,
    "volume" : 10442.00
  }, {
    "date" : "2025-09-10",
    "price" : 4185.90,
    "dma50" : 3762.51,
    "dma100" : 3320.43,
    "dma200" : 3090.37,
    "volume" : 14820.00
  }, {
    "date" : "2025-09-11",
    "price" : 4143.50,
    "dma50" : 3777.45,
    "dma100" : 3336.79,
    "dma200" : 3100.85,
    "volume" : 7250.00
  }, {
    "date" : "2025-09-12",
    "price" : 4194.10,
    "dma50" : 3793.79,
    "dma100" : 3352.73,
    "dma200" : 3111.73,
    "volume" : 12325.00
  }, {
    "date" : "2025-09-15",
    "price" : 4193.40,
    "dma50" : 3809.46,
    "dma100" : 3368.86,
    "dma200" : 3122.49,
    "volume" : 8976.00
  }, {
    "date" : "2025-09-16",
    "price" : 4198.00,
    "dma50" : 3824.70,
    "dma100" : 3385.35,
    "dma200" : 3133.19,
    "volume" : 13112.00
  }, {
    "date" : "2025-09-17",
    "price" : 4392.70,
    "dma50" : 3846.97,
    "dma100" : 3404.29,
    "dma200" : 3145.73,
    "volume" : 121704.00
  }, {
    "date" : "2025-09-18",
    "price" : 4269.80,
    "dma50" : 3863.55,
    "dma100" : 3422.98,
    "dma200" : 3156.91,
    "volume" : 22563.00
  }, {
    "date" : "2025-09-19",
    "price" : 4369.90,
    "dma50" : 3883.41,
    "dma100" : 3442.48,
    "dma200" : 3168.98,
    "volume" : 19256.00
  }, {
    "date" : "2025-09-22",
    "price" : 4274.80,
    "dma50" : 3898.76,
    "dma100" : 3461.68,
    "dma200" : 3179.98,
    "volume" : 18645.00
  }, {
    "date" : "2025-09-23",
    "price" : 4597.40,
    "dma50" : 3926.16,
    "dma100" : 3484.42,
    "dma200" : 3194.09,
    "volume" : 93017.00
  }, {
    "date" : "2025-09-24",
    "price" : 4712.80,
    "dma50" : 3957.00,
    "dma100" : 3507.99,
    "dma200" : 3209.20,
    "volume" : 66155.00
  }, {
    "date" : "2025-09-25",
    "price" : 4769.40,
    "dma50" : 3988.86,
    "dma100" : 3532.40,
    "dma200" : 3224.72,
    "volume" : 43024.00
  }, {
    "date" : "2025-09-26",
    "price" : 4863.80,
    "dma50" : 4023.17,
    "dma100" : 3557.48,
    "dma200" : 3241.03,
    "volume" : 63912.00
  }, {
    "date" : "2025-09-29",
    "price" : 4955.10,
    "dma50" : 4059.72,
    "dma100" : 3583.45,
    "dma200" : 3258.09,
    "volume" : 45810.00
  }, {
    "date" : "2025-09-30",
    "price" : 5051.10,
    "dma50" : 4098.60,
    "dma100" : 3610.52,
    "dma200" : 3275.93,
    "volume" : 46851.00
  }, {
    "date" : "2025-10-01",
    "price" : 5118.00,
    "dma50" : 4138.57,
    "dma100" : 3637.38,
    "dma200" : 3294.26,
    "volume" : 38978.00
  }, {
    "date" : "2025-10-03",
    "price" : 5306.00,
    "dma50" : 4184.36,
    "dma100" : 3664.67,
    "dma200" : 3314.28,
    "volume" : 44340.00
  }, {
    "date" : "2025-10-06",
    "price" : 4910.00,
    "dma50" : 4212.81,
    "dma100" : 3687.84,
    "dma200" : 3330.15,
    "volume" : 63907.00
  }, {
    "date" : "2025-10-07",
    "price" : 5117.50,
    "dma50" : 4248.29,
    "dma100" : 3713.06,
    "dma200" : 3347.94,
    "volume" : 45408.00
  }, {
    "date" : "2025-10-08",
    "price" : 4981.50,
    "dma50" : 4277.04,
    "dma100" : 3736.22,
    "dma200" : 3364.19,
    "volume" : 15297.00
  }, {
    "date" : "2025-10-09",
    "price" : 4916.00,
    "dma50" : 4302.10,
    "dma100" : 3757.93,
    "dma200" : 3379.63,
    "volume" : 19859.00
  }, {
    "date" : "2025-10-10",
    "price" : 4945.00,
    "dma50" : 4327.31,
    "dma100" : 3780.74,
    "dma200" : 3395.21,
    "volume" : 11046.00
  }, {
    "date" : "2025-10-13",
    "price" : 4801.00,
    "dma50" : 4345.89,
    "dma100" : 3800.72,
    "dma200" : 3409.20,
    "volume" : 21795.00
  }, {
    "date" : "2025-10-14",
    "price" : 4803.50,
    "dma50" : 4363.83,
    "dma100" : 3821.01,
    "dma200" : 3423.07,
    "volume" : 19824.00
  }, {
    "date" : "2025-10-15",
    "price" : 5050.50,
    "dma50" : 4390.76,
    "dma100" : 3843.57,
    "dma200" : 3439.26,
    "volume" : 33426.00
  }, {
    "date" : "2025-10-16",
    "price" : 4957.50,
    "dma50" : 4412.99,
    "dma100" : 3864.29,
    "dma200" : 3454.37,
    "volume" : 15532.00
  }, {
    "date" : "2025-10-17",
    "price" : 5006.50,
    "dma50" : 4436.26,
    "dma100" : 3886.39,
    "dma200" : 3469.81,
    "volume" : 12912.00
  }, {
    "date" : "2025-10-20",
    "price" : 5135.00,
    "dma50" : 4463.66,
    "dma100" : 3909.64,
    "dma200" : 3486.38,
    "volume" : 22699.00
  }, {
    "date" : "2025-10-21",
    "price" : 5264.50,
    "dma50" : 4495.07,
    "dma100" : 3934.25,
    "dma200" : 3504.08,
    "volume" : 8100.00
  }, {
    "date" : "2025-10-23",
    "price" : 4994.50,
    "dma50" : 4514.65,
    "dma100" : 3954.54,
    "dma200" : 3518.91,
    "volume" : 19669.00
  }, {
    "date" : "2025-10-24",
    "price" : 4973.50,
    "dma50" : 4532.65,
    "dma100" : 3974.93,
    "dma200" : 3533.38,
    "volume" : 12746.00
  }, {
    "date" : "2025-10-27",
    "price" : 4949.00,
    "dma50" : 4548.98,
    "dma100" : 3995.08,
    "dma200" : 3547.47,
    "volume" : 8379.00
  }, {
    "date" : "2025-10-28",
    "price" : 5009.00,
    "dma50" : 4567.02,
    "dma100" : 4015.65,
    "dma200" : 3562.01,
    "volume" : 17161.00
  }, {
    "date" : "2025-10-29",
    "price" : 4982.00,
    "dma50" : 4583.29,
    "dma100" : 4035.26,
    "dma200" : 3576.14,
    "volume" : 7326.00
  }, {
    "date" : "2025-10-30",
    "price" : 4915.00,
    "dma50" : 4596.30,
    "dma100" : 4053.09,
    "dma200" : 3589.46,
    "volume" : 11090.00
  }, {
    "date" : "2025-10-31",
    "price" : 4991.00,
    "dma50" : 4611.78,
    "dma100" : 4071.03,
    "dma200" : 3603.41,
    "volume" : 8975.00
  }, {
    "date" : "2025-11-03",
    "price" : 5049.20,
    "dma50" : 4628.93,
    "dma100" : 4089.35,
    "dma200" : 3617.79,
    "volume" : 9893.00
  }, {
    "date" : "2025-11-04",
    "price" : 4956.60,
    "dma50" : 4641.78,
    "dma100" : 4106.84,
    "dma200" : 3631.11,
    "volume" : 8384.00
  }, {
    "date" : "2025-11-06",
    "price" : 4841.20,
    "dma50" : 4649.60,
    "dma100" : 4123.63,
    "dma200" : 3643.15,
    "volume" : 21603.00
  }, {
    "date" : "2025-11-07",
    "price" : 4590.70,
    "dma50" : 4647.29,
    "dma100" : 4137.97,
    "dma200" : 3652.58,
    "volume" : 86653.00
  }, {
    "date" : "2025-11-10",
    "price" : 4862.10,
    "dma50" : 4655.71,
    "dma100" : 4154.12,
    "dma200" : 3664.62,
    "volume" : 65126.00
  }, {
    "date" : "2025-11-11",
    "price" : 4973.80,
    "dma50" : 4668.19,
    "dma100" : 4171.69,
    "dma200" : 3677.64,
    "volume" : 21841.00
  }, {
    "date" : "2025-11-12",
    "price" : 5033.10,
    "dma50" : 4682.50,
    "dma100" : 4189.37,
    "dma200" : 3691.13,
    "volume" : 34092.00
  }, {
    "date" : "2025-11-13",
    "price" : 4921.40,
    "dma50" : 4691.87,
    "dma100" : 4206.85,
    "dma200" : 3703.37,
    "volume" : 8324.00
  }, {
    "date" : "2025-11-14",
    "price" : 4897.40,
    "dma50" : 4699.93,
    "dma100" : 4224.17,
    "dma200" : 3715.25,
    "volume" : 4676.00
  }, {
    "date" : "2025-11-17",
    "price" : 5148.30,
    "dma50" : 4717.51,
    "dma100" : 4243.44,
    "dma200" : 3729.51,
    "volume" : 38086.00
  }, {
    "date" : "2025-11-18",
    "price" : 5112.20,
    "dma50" : 4732.99,
    "dma100" : 4261.99,
    "dma200" : 3743.27,
    "volume" : 7221.00
  }, {
    "date" : "2025-11-19",
    "price" : 5096.20,
    "dma50" : 4747.23,
    "dma100" : 4280.08,
    "dma200" : 3756.73,
    "volume" : 4488.00
  }, {
    "date" : "2025-11-20",
    "price" : 5054.40,
    "dma50" : 4759.28,
    "dma100" : 4297.75,
    "dma200" : 3769.64,
    "volume" : 13781.00
  }, {
    "date" : "2025-11-21",
    "price" : 5027.20,
    "dma50" : 4769.79,
    "dma100" : 4313.34,
    "dma200" : 3782.16,
    "volume" : 13612.00
  }, {
    "date" : "2025-11-24",
    "price" : 5007.50,
    "dma50" : 4779.11,
    "dma100" : 4327.17,
    "dma200" : 3794.35,
    "volume" : 3888.00
  }, {
    "date" : "2025-11-25",
    "price" : 5542.10,
    "dma50" : 4809.03,
    "dma100" : 4346.24,
    "dma200" : 3811.74,
    "volume" : 117623.00
  }, {
    "date" : "2025-11-26",
    "price" : 5479.60,
    "dma50" : 4835.33,
    "dma100" : 4365.74,
    "dma200" : 3828.34,
    "volume" : 122686.00
  }, {
    "date" : "2025-11-27",
    "price" : 5391.80,
    "dma50" : 4857.15,
    "dma100" : 4383.43,
    "dma200" : 3843.89,
    "volume" : 18015.00
  }, {
    "date" : "2025-11-28",
    "price" : 5610.60,
    "dma50" : 4886.70,
    "dma100" : 4402.84,
    "dma200" : 3861.47,
    "volume" : 61553.00
  }, {
    "date" : "2025-12-01",
    "price" : 5669.50,
    "dma50" : 4917.39,
    "dma100" : 4423.07,
    "dma200" : 3879.46,
    "volume" : 40029.00
  }, {
    "date" : "2025-12-02",
    "price" : 5632.50,
    "dma50" : 4945.44,
    "dma100" : 4443.21,
    "dma200" : 3896.91,
    "volume" : 23094.00
  }, {
    "date" : "2025-12-03",
    "price" : 5695.50,
    "dma50" : 4974.85,
    "dma100" : 4464.04,
    "dma200" : 3914.80,
    "volume" : 21103.00
  }, {
    "date" : "2025-12-04",
    "price" : 5702.50,
    "dma50" : 5003.39,
    "dma100" : 4485.82,
    "dma200" : 3932.59,
    "volume" : 13921.00
  }, {
    "date" : "2025-12-05",
    "price" : 5669.50,
    "dma50" : 5029.51,
    "dma100" : 4507.29,
    "dma200" : 3949.87,
    "volume" : 42450.00
  }, {
    "date" : "2025-12-08",
    "price" : 5630.00,
    "dma50" : 5053.06,
    "dma100" : 4528.29,
    "dma200" : 3966.59,
    "volume" : 31142.00
  }, {
    "date" : "2025-12-09",
    "price" : 5755.00,
    "dma50" : 5080.58,
    "dma100" : 4550.08,
    "dma200" : 3984.39,
    "volume" : 24811.00
  }, {
    "date" : "2025-12-10",
    "price" : 5607.00,
    "dma50" : 5101.23,
    "dma100" : 4568.29,
    "dma200" : 4000.53,
    "volume" : 20976.00
  }, {
    "date" : "2025-12-11",
    "price" : 5590.50,
    "dma50" : 5120.42,
    "dma100" : 4585.05,
    "dma200" : 4016.35,
    "volume" : 8470.00
  }, {
    "date" : "2025-12-12",
    "price" : 5496.00,
    "dma50" : 5135.14,
    "dma100" : 4601.00,
    "dma200" : 4031.07,
    "volume" : 9274.00
  }, {
    "date" : "2025-12-15",
    "price" : 5603.00,
    "dma50" : 5153.49,
    "dma100" : 4618.44,
    "dma200" : 4046.72,
    "volume" : 13223.00
  }, {
    "date" : "2025-12-16",
    "price" : 5492.50,
    "dma50" : 5166.79,
    "dma100" : 4633.36,
    "dma200" : 4061.10,
    "volume" : 14400.00
  }, {
    "date" : "2025-12-17",
    "price" : 5508.00,
    "dma50" : 5180.17,
    "dma100" : 4649.79,
    "dma200" : 4075.50,
    "volume" : 8979.00
  }, {
    "date" : "2025-12-18",
    "price" : 5494.00,
    "dma50" : 5192.47,
    "dma100" : 4665.17,
    "dma200" : 4089.61,
    "volume" : 17045.00
  }, {
    "date" : "2025-12-19",
    "price" : 5605.00,
    "dma50" : 5208.65,
    "dma100" : 4682.94,
    "dma200" : 4104.69,
    "volume" : 8287.00
  }, {
    "date" : "2025-12-22",
    "price" : 5726.50,
    "dma50" : 5228.96,
    "dma100" : 4702.13,
    "dma200" : 4120.83,
    "volume" : 11005.00
  }, {
    "date" : "2025-12-23",
    "price" : 5655.00,
    "dma50" : 5245.67,
    "dma100" : 4720.46,
    "dma200" : 4136.09,
    "volume" : 8174.00
  }, {
    "date" : "2025-12-24",
    "price" : 5552.50,
    "dma50" : 5257.70,
    "dma100" : 4736.53,
    "dma200" : 4150.19,
    "volume" : 7063.00
  }, {
    "date" : "2025-12-26",
    "price" : 5471.50,
    "dma50" : 5266.08,
    "dma100" : 4752.25,
    "dma200" : 4163.34,
    "volume" : 8441.00
  }, {
    "date" : "2025-12-29",
    "price" : 5377.00,
    "dma50" : 5270.43,
    "dma100" : 4768.69,
    "dma200" : 4175.41,
    "volume" : 13882.00
  }, {
    "date" : "2025-12-30",
    "price" : 5192.50,
    "dma50" : 5267.38,
    "dma100" : 4782.17,
    "dma200" : 4185.53,
    "volume" : 14534.00
  }, {
    "date" : "2025-12-31",
    "price" : 5218.00,
    "dma50" : 5265.44,
    "dma100" : 4795.54,
    "dma200" : 4195.81,
    "volume" : 13655.00
  }, {
    "date" : "2026-01-01",
    "price" : 5071.50,
    "dma50" : 5257.84,
    "dma100" : 4808.13,
    "dma200" : 4204.52,
    "volume" : 20187.00
  }, {
    "date" : "2026-01-02",
    "price" : 5341.50,
    "dma50" : 5261.12,
    "dma100" : 4827.69,
    "dma200" : 4215.83,
    "volume" : 20823.00
  }, {
    "date" : "2026-01-05",
    "price" : 5740.50,
    "dma50" : 5279.92,
    "dma100" : 4851.18,
    "dma200" : 4231.00,
    "volume" : 163068.00
  }, {
    "date" : "2026-01-06",
    "price" : 5591.50,
    "dma50" : 5292.13,
    "dma100" : 4873.57,
    "dma200" : 4244.54,
    "volume" : 36409.00
  }, {
    "date" : "2026-01-07",
    "price" : 5594.50,
    "dma50" : 5303.99,
    "dma100" : 4896.09,
    "dma200" : 4257.97,
    "volume" : 17269.00
  }, {
    "date" : "2026-01-08",
    "price" : 5541.50,
    "dma50" : 5313.31,
    "dma100" : 4918.09,
    "dma200" : 4270.74,
    "volume" : 21169.00
  }, {
    "date" : "2026-01-09",
    "price" : 5472.50,
    "dma50" : 5319.55,
    "dma100" : 4939.86,
    "dma200" : 4282.70,
    "volume" : 34844.00
  }, {
    "date" : "2026-01-12",
    "price" : 5590.50,
    "dma50" : 5330.17,
    "dma100" : 4960.30,
    "dma200" : 4295.71,
    "volume" : 28786.00
  }, {
    "date" : "2026-01-13",
    "price" : 5472.50,
    "dma50" : 5335.76,
    "dma100" : 4978.22,
    "dma200" : 4307.42,
    "volume" : 13606.00
  }, {
    "date" : "2026-01-14",
    "price" : 5555.50,
    "dma50" : 5344.37,
    "dma100" : 4994.85,
    "dma200" : 4319.84,
    "volume" : 18170.00
  }, {
    "date" : "2026-01-16",
    "price" : 5498.50,
    "dma50" : 5350.42,
    "dma100" : 5011.22,
    "dma200" : 4331.57,
    "volume" : 13310.00
  }, {
    "date" : "2026-01-19",
    "price" : 5359.50,
    "dma50" : 5350.77,
    "dma100" : 5026.49,
    "dma200" : 4341.80,
    "volume" : 9594.00
  }, {
    "date" : "2026-01-20",
    "price" : 5205.50,
    "dma50" : 5345.08,
    "dma100" : 5040.82,
    "dma200" : 4350.39,
    "volume" : 18976.00
  }, {
    "date" : "2026-01-21",
    "price" : 4792.00,
    "dma50" : 5323.39,
    "dma100" : 5048.06,
    "dma200" : 4354.79,
    "volume" : 38214.00
  }, {
    "date" : "2026-01-22",
    "price" : 4966.50,
    "dma50" : 5309.39,
    "dma100" : 5056.22,
    "dma200" : 4360.87,
    "volume" : 14861.00
  }, {
    "date" : "2026-01-23",
    "price" : 4631.50,
    "dma50" : 5282.81,
    "dma100" : 5060.46,
    "dma200" : 4363.57,
    "volume" : 18965.00
  }, {
    "date" : "2026-01-27",
    "price" : 4697.00,
    "dma50" : 5259.83,
    "dma100" : 5064.03,
    "dma200" : 4366.88,
    "volume" : 13931.00
  }, {
    "date" : "2026-01-28",
    "price" : 4699.50,
    "dma50" : 5237.86,
    "dma100" : 5069.29,
    "dma200" : 4370.19,
    "volume" : 8758.00
  }, {
    "date" : "2026-01-29",
    "price" : 4806.00,
    "dma50" : 5220.93,
    "dma100" : 5075.66,
    "dma200" : 4374.53,
    "volume" : 15352.00
  }, {
    "date" : "2026-01-30",
    "price" : 4867.00,
    "dma50" : 5207.05,
    "dma100" : 5082.42,
    "dma200" : 4379.43,
    "volume" : 7078.00
  }, {
    "date" : "2026-02-01",
    "price" : 4687.60,
    "dma50" : 5186.68,
    "dma100" : 5087.87,
    "dma200" : 4382.50,
    "volume" : 4164.00
  }, {
    "date" : "2026-02-02",
    "price" : 4790.80,
    "dma50" : 5171.15,
    "dma100" : 5094.04,
    "dma200" : 4386.56,
    "volume" : 11226.00
  }, {
    "date" : "2026-02-03",
    "price" : 5183.80,
    "dma50" : 5171.65,
    "dma100" : 5103.94,
    "dma200" : 4394.49,
    "volume" : 21438.00
  }, {
    "date" : "2026-02-04",
    "price" : 5291.50,
    "dma50" : 5176.35,
    "dma100" : 5115.00,
    "dma200" : 4403.42,
    "volume" : 34306.00
  }, {
    "date" : "2026-02-05",
    "price" : 5088.20,
    "dma50" : 5172.89,
    "dma100" : 5124.45,
    "dma200" : 4410.23,
    "volume" : 12813.00
  }, {
    "date" : "2026-02-06",
    "price" : 4906.60,
    "dma50" : 5162.45,
    "dma100" : 5131.57,
    "dma200" : 4415.17,
    "volume" : 15989.00
  }, {
    "date" : "2026-02-09",
    "price" : 5113.60,
    "dma50" : 5160.53,
    "dma100" : 5140.77,
    "dma200" : 4422.12,
    "volume" : 13675.00
  }, {
    "date" : "2026-02-10",
    "price" : 6136.30,
    "dma50" : 5198.80,
    "dma100" : 5160.16,
    "dma200" : 4439.18,
    "volume" : 217178.00
  }, {
    "date" : "2026-02-11",
    "price" : 6703.00,
    "dma50" : 5257.79,
    "dma100" : 5183.26,
    "dma200" : 4461.70,
    "volume" : 696117.00
  } ],
  "latestTechnicalAttributes" : {
    "date" : "2026-02-11",
    "price" : 6703.00,
    "dma50" : 5257.79,
    "dma100" : 5183.26,
    "dma200" : 4461.70,
    "volume" : 696117.00
  },
  "quarterlyResults" : [ {
    "date" : "2005-03-31",
    "sales" : 92.76,
    "salesGrowthYoY" : null,
    "grossProfitMargin" : 35.05,
    "grossProfit" : 32.51,
    "operatingProfitMargin" : 10.09,
    "operatingProfit" : 9.36,
    "netProfitMargin" : 3.71,
    "netProfit" : 3.44
  }, {
    "date" : "2005-06-30",
    "sales" : 89.68,
    "salesGrowthYoY" : null,
    "grossProfitMargin" : 29.72,
    "grossProfit" : 26.65,
    "operatingProfitMargin" : 7.10,
    "operatingProfit" : 6.37,
    "netProfitMargin" : 1.00,
    "netProfit" : 0.90
  }, {
    "date" : "2005-09-30",
    "sales" : 98.07,
    "salesGrowthYoY" : null,
    "grossProfitMargin" : 37.70,
    "grossProfit" : 36.97,
    "operatingProfitMargin" : 4.46,
    "operatingProfit" : 4.37,
    "netProfitMargin" : 0.22,
    "netProfit" : 0.22
  }, {
    "date" : "2005-12-31",
    "sales" : 107.94,
    "salesGrowthYoY" : null,
    "grossProfitMargin" : 30.16,
    "grossProfit" : 32.55,
    "operatingProfitMargin" : 9.52,
    "operatingProfit" : 10.28,
    "netProfitMargin" : 3.41,
    "netProfit" : 3.68
  }, {
    "date" : "2006-03-31",
    "sales" : 116.70,
    "salesGrowthYoY" : 25.81,
    "grossProfitMargin" : 31.91,
    "grossProfit" : 37.24,
    "operatingProfitMargin" : 9.41,
    "operatingProfit" : 10.98,
    "netProfitMargin" : 3.80,
    "netProfit" : 4.43
  }, {
    "date" : "2006-06-30",
    "sales" : 119.65,
    "salesGrowthYoY" : 33.42,
    "grossProfitMargin" : 30.67,
    "grossProfit" : 36.70,
    "operatingProfitMargin" : 8.64,
    "operatingProfit" : 10.34,
    "netProfitMargin" : 3.38,
    "netProfit" : 4.04
  }, {
    "date" : "2006-09-30",
    "sales" : 129.40,
    "salesGrowthYoY" : 31.95,
    "grossProfitMargin" : 30.23,
    "grossProfit" : 39.12,
    "operatingProfitMargin" : 8.86,
    "operatingProfit" : 11.46,
    "netProfitMargin" : 3.41,
    "netProfit" : 4.41
  }, {
    "date" : "2006-12-31",
    "sales" : 127.51,
    "salesGrowthYoY" : 18.13,
    "grossProfitMargin" : 29.10,
    "grossProfit" : 37.11,
    "operatingProfitMargin" : 6.43,
    "operatingProfit" : 8.20,
    "netProfitMargin" : 2.38,
    "netProfit" : 3.03
  }, {
    "date" : "2007-03-31",
    "sales" : 158.83,
    "salesGrowthYoY" : 36.10,
    "grossProfitMargin" : 31.60,
    "grossProfit" : 50.19,
    "operatingProfitMargin" : 7.40,
    "operatingProfit" : 11.75,
    "netProfitMargin" : 2.94,
    "netProfit" : 4.67
  }, {
    "date" : "2007-06-30",
    "sales" : 122.52,
    "salesGrowthYoY" : 2.40,
    "grossProfitMargin" : 29.52,
    "grossProfit" : 36.17,
    "operatingProfitMargin" : 8.16,
    "operatingProfit" : 10.00,
    "netProfitMargin" : 3.89,
    "netProfit" : 4.77
  }, {
    "date" : "2007-09-30",
    "sales" : 130.63,
    "salesGrowthYoY" : 0.95,
    "grossProfitMargin" : 30.53,
    "grossProfit" : 39.88,
    "operatingProfitMargin" : 8.41,
    "operatingProfit" : 10.99,
    "netProfitMargin" : 3.64,
    "netProfit" : 4.75
  }, {
    "date" : "2007-12-31",
    "sales" : 125.85,
    "salesGrowthYoY" : -1.30,
    "grossProfitMargin" : 26.78,
    "grossProfit" : 33.70,
    "operatingProfitMargin" : 4.43,
    "operatingProfit" : 5.58,
    "netProfitMargin" : 1.70,
    "netProfit" : 2.14
  }, {
    "date" : "2008-03-31",
    "sales" : 141.62,
    "salesGrowthYoY" : -10.84,
    "grossProfitMargin" : 30.20,
    "grossProfit" : 42.77,
    "operatingProfitMargin" : 4.70,
    "operatingProfit" : 6.66,
    "netProfitMargin" : 1.76,
    "netProfit" : 2.49
  }, {
    "date" : "2008-06-30",
    "sales" : 129.97,
    "salesGrowthYoY" : 6.08,
    "grossProfitMargin" : 30.16,
    "grossProfit" : 39.20,
    "operatingProfitMargin" : 6.83,
    "operatingProfit" : 8.88,
    "netProfitMargin" : 1.11,
    "netProfit" : 1.44
  }, {
    "date" : "2008-09-30",
    "sales" : 133.12,
    "salesGrowthYoY" : 1.91,
    "grossProfitMargin" : 31.49,
    "grossProfit" : 41.92,
    "operatingProfitMargin" : 5.99,
    "operatingProfit" : 7.97,
    "netProfitMargin" : 1.60,
    "netProfit" : 2.13
  }, {
    "date" : "2008-12-31",
    "sales" : 129.29,
    "salesGrowthYoY" : 2.73,
    "grossProfitMargin" : 27.03,
    "grossProfit" : 34.95,
    "operatingProfitMargin" : 1.79,
    "operatingProfit" : 2.31,
    "netProfitMargin" : -2.60,
    "netProfit" : -3.36
  }, {
    "date" : "2009-03-31",
    "sales" : 132.94,
    "salesGrowthYoY" : -6.13,
    "grossProfitMargin" : 25.52,
    "grossProfit" : 33.93,
    "operatingProfitMargin" : 1.67,
    "operatingProfit" : 2.22,
    "netProfitMargin" : -1.38,
    "netProfit" : -1.83
  }, {
    "date" : "2009-06-30",
    "sales" : 154.14,
    "salesGrowthYoY" : 18.60,
    "grossProfitMargin" : 27.46,
    "grossProfit" : 42.33,
    "operatingProfitMargin" : 7.18,
    "operatingProfit" : 11.07,
    "netProfitMargin" : 0.98,
    "netProfit" : 1.51
  }, {
    "date" : "2009-09-30",
    "sales" : 153.40,
    "salesGrowthYoY" : 15.23,
    "grossProfitMargin" : 28.49,
    "grossProfit" : 43.70,
    "operatingProfitMargin" : 7.26,
    "operatingProfit" : 11.14,
    "netProfitMargin" : 2.13,
    "netProfit" : 3.27
  }, {
    "date" : "2009-12-31",
    "sales" : 154.20,
    "salesGrowthYoY" : 19.27,
    "grossProfitMargin" : 29.23,
    "grossProfit" : 45.07,
    "operatingProfitMargin" : 7.14,
    "operatingProfit" : 11.01,
    "netProfitMargin" : 1.72,
    "netProfit" : 2.65
  }, {
    "date" : "2010-03-31",
    "sales" : 178.68,
    "salesGrowthYoY" : 34.41,
    "grossProfitMargin" : 29.18,
    "grossProfit" : 52.14,
    "operatingProfitMargin" : 8.37,
    "operatingProfit" : 14.96,
    "netProfitMargin" : -0.83,
    "netProfit" : -1.48
  }, {
    "date" : "2010-06-30",
    "sales" : 175.14,
    "salesGrowthYoY" : 13.62,
    "grossProfitMargin" : 30.74,
    "grossProfit" : 53.84,
    "operatingProfitMargin" : 8.05,
    "operatingProfit" : 14.10,
    "netProfitMargin" : 2.73,
    "netProfit" : 4.78
  }, {
    "date" : "2010-09-30",
    "sales" : 211.65,
    "salesGrowthYoY" : 37.97,
    "grossProfitMargin" : 28.16,
    "grossProfit" : 59.60,
    "operatingProfitMargin" : 7.29,
    "operatingProfit" : 15.43,
    "netProfitMargin" : 2.14,
    "netProfit" : 4.53
  }, {
    "date" : "2010-12-31",
    "sales" : 216.65,
    "salesGrowthYoY" : 40.50,
    "grossProfitMargin" : 27.77,
    "grossProfit" : 60.16,
    "operatingProfitMargin" : 7.91,
    "operatingProfit" : 17.14,
    "netProfitMargin" : 2.77,
    "netProfit" : 6.00
  }, {
    "date" : "2011-03-31",
    "sales" : 262.99,
    "salesGrowthYoY" : 47.18,
    "grossProfitMargin" : 24.76,
    "grossProfit" : 65.12,
    "operatingProfitMargin" : 2.39,
    "operatingProfit" : 6.29,
    "netProfitMargin" : 1.00,
    "netProfit" : 2.63
  }, {
    "date" : "2011-06-30",
    "sales" : 232.86,
    "salesGrowthYoY" : 32.96,
    "grossProfitMargin" : 26.11,
    "grossProfit" : 60.80,
    "operatingProfitMargin" : 5.82,
    "operatingProfit" : 13.55,
    "netProfitMargin" : 2.16,
    "netProfit" : 5.03
  }, {
    "date" : "2011-09-30",
    "sales" : 227.86,
    "salesGrowthYoY" : 7.66,
    "grossProfitMargin" : 26.32,
    "grossProfit" : 59.97,
    "operatingProfitMargin" : 3.91,
    "operatingProfit" : 8.91,
    "netProfitMargin" : 0.71,
    "netProfit" : 1.62
  }, {
    "date" : "2011-12-31",
    "sales" : 228.32,
    "salesGrowthYoY" : 5.39,
    "grossProfitMargin" : 26.49,
    "grossProfit" : 60.48,
    "operatingProfitMargin" : 3.39,
    "operatingProfit" : 7.74,
    "netProfitMargin" : 0.72,
    "netProfit" : 1.64
  }, {
    "date" : "2012-03-31",
    "sales" : 296.12,
    "salesGrowthYoY" : 12.60,
    "grossProfitMargin" : 24.11,
    "grossProfit" : 71.39,
    "operatingProfitMargin" : 5.26,
    "operatingProfit" : 15.58,
    "netProfitMargin" : 1.61,
    "netProfit" : 4.77
  }, {
    "date" : "2012-06-30",
    "sales" : 271.67,
    "salesGrowthYoY" : 16.67,
    "grossProfitMargin" : 28.73,
    "grossProfit" : 78.05,
    "operatingProfitMargin" : 4.52,
    "operatingProfit" : 12.28,
    "netProfitMargin" : 0.59,
    "netProfit" : 1.60
  }, {
    "date" : "2012-09-30",
    "sales" : 253.99,
    "salesGrowthYoY" : 11.47,
    "grossProfitMargin" : 28.65,
    "grossProfit" : 72.77,
    "operatingProfitMargin" : 5.71,
    "operatingProfit" : 14.50,
    "netProfitMargin" : 0.98,
    "netProfit" : 2.49
  }, {
    "date" : "2012-12-31",
    "sales" : 257.87,
    "salesGrowthYoY" : 12.94,
    "grossProfitMargin" : 30.49,
    "grossProfit" : 78.62,
    "operatingProfitMargin" : 6.53,
    "operatingProfit" : 16.84,
    "netProfitMargin" : 1.71,
    "netProfit" : 4.41
  }, {
    "date" : "2013-03-31",
    "sales" : 286.67,
    "salesGrowthYoY" : -3.19,
    "grossProfitMargin" : 28.95,
    "grossProfit" : 82.99,
    "operatingProfitMargin" : 6.12,
    "operatingProfit" : 17.54,
    "netProfitMargin" : 1.78,
    "netProfit" : 5.10
  }, {
    "date" : "2013-06-30",
    "sales" : 270.49,
    "salesGrowthYoY" : -0.43,
    "grossProfitMargin" : 27.92,
    "grossProfit" : 75.52,
    "operatingProfitMargin" : 4.55,
    "operatingProfit" : 12.31,
    "netProfitMargin" : 0.23,
    "netProfit" : 0.62
  }, {
    "date" : "2013-09-30",
    "sales" : 259.70,
    "salesGrowthYoY" : 2.25,
    "grossProfitMargin" : 29.73,
    "grossProfit" : 77.21,
    "operatingProfitMargin" : 4.27,
    "operatingProfit" : 11.09,
    "netProfitMargin" : 0.15,
    "netProfit" : 0.39
  }, {
    "date" : "2013-12-31",
    "sales" : 288.77,
    "salesGrowthYoY" : 11.98,
    "grossProfitMargin" : 27.57,
    "grossProfit" : 79.61,
    "operatingProfitMargin" : 4.28,
    "operatingProfit" : 12.36,
    "netProfitMargin" : 0.61,
    "netProfit" : 1.76
  }, {
    "date" : "2014-03-31",
    "sales" : 297.74,
    "salesGrowthYoY" : 3.86,
    "grossProfitMargin" : 27.60,
    "grossProfit" : 82.18,
    "operatingProfitMargin" : 5.15,
    "operatingProfit" : 15.33,
    "netProfitMargin" : 1.65,
    "netProfit" : 4.91
  }, {
    "date" : "2014-06-30",
    "sales" : 275.04,
    "salesGrowthYoY" : 1.68,
    "grossProfitMargin" : 31.34,
    "grossProfit" : 86.20,
    "operatingProfitMargin" : 6.08,
    "operatingProfit" : 16.72,
    "netProfitMargin" : 1.81,
    "netProfit" : 4.98
  }, {
    "date" : "2014-09-30",
    "sales" : 286.58,
    "salesGrowthYoY" : 10.35,
    "grossProfitMargin" : 30.28,
    "grossProfit" : 86.78,
    "operatingProfitMargin" : 5.68,
    "operatingProfit" : 16.28,
    "netProfitMargin" : 1.88,
    "netProfit" : 5.39
  }, {
    "date" : "2014-12-31",
    "sales" : 270.54,
    "salesGrowthYoY" : -6.31,
    "grossProfitMargin" : 32.48,
    "grossProfit" : 87.87,
    "operatingProfitMargin" : 5.26,
    "operatingProfit" : 14.23,
    "netProfitMargin" : 1.39,
    "netProfit" : 3.76
  }, {
    "date" : "2015-03-31",
    "sales" : 310.40,
    "salesGrowthYoY" : 4.25,
    "grossProfitMargin" : 28.90,
    "grossProfit" : 89.71,
    "operatingProfitMargin" : 3.89,
    "operatingProfit" : 12.07,
    "netProfitMargin" : 0.78,
    "netProfit" : 2.42
  }, {
    "date" : "2015-06-30",
    "sales" : 318.01,
    "salesGrowthYoY" : 15.62,
    "grossProfitMargin" : 32.81,
    "grossProfit" : 104.34,
    "operatingProfitMargin" : 8.41,
    "operatingProfit" : 26.74,
    "netProfitMargin" : 3.57,
    "netProfit" : 11.35
  }, {
    "date" : "2015-09-30",
    "sales" : 304.22,
    "salesGrowthYoY" : 6.16,
    "grossProfitMargin" : 32.94,
    "grossProfit" : 100.21,
    "operatingProfitMargin" : 6.55,
    "operatingProfit" : 19.93,
    "netProfitMargin" : 2.46,
    "netProfit" : 7.48
  }, {
    "date" : "2015-12-31",
    "sales" : 309.87,
    "salesGrowthYoY" : 14.54,
    "grossProfitMargin" : 33.31,
    "grossProfit" : 103.22,
    "operatingProfitMargin" : 6.62,
    "operatingProfit" : 20.51,
    "netProfitMargin" : 2.64,
    "netProfit" : 8.18
  }, {
    "date" : "2016-03-31",
    "sales" : 323.22,
    "salesGrowthYoY" : 4.13,
    "grossProfitMargin" : 33.36,
    "grossProfit" : 107.83,
    "operatingProfitMargin" : 6.65,
    "operatingProfit" : 21.49,
    "netProfitMargin" : 3.20,
    "netProfit" : 10.34
  }, {
    "date" : "2016-06-30",
    "sales" : 302.82,
    "salesGrowthYoY" : -4.78,
    "grossProfitMargin" : 36.31,
    "grossProfit" : 109.95,
    "operatingProfitMargin" : 7.70,
    "operatingProfit" : 23.32,
    "netProfitMargin" : 3.25,
    "netProfit" : 9.84
  }, {
    "date" : "2016-09-30",
    "sales" : 304.20,
    "salesGrowthYoY" : -0.01,
    "grossProfitMargin" : 38.53,
    "grossProfit" : 117.21,
    "operatingProfitMargin" : 8.40,
    "operatingProfit" : 25.55,
    "netProfitMargin" : 3.99,
    "netProfit" : 12.14
  }, {
    "date" : "2016-12-31",
    "sales" : 295.49,
    "salesGrowthYoY" : -4.64,
    "grossProfitMargin" : 43.44,
    "grossProfit" : 128.36,
    "operatingProfitMargin" : 8.63,
    "operatingProfit" : 25.50,
    "netProfitMargin" : 4.47,
    "netProfit" : 13.21
  }, {
    "date" : "2017-03-31",
    "sales" : 385.12,
    "salesGrowthYoY" : 19.15,
    "grossProfitMargin" : 45.71,
    "grossProfit" : 176.04,
    "operatingProfitMargin" : 6.67,
    "operatingProfit" : 25.69,
    "netProfitMargin" : 2.85,
    "netProfit" : 10.98
  }, {
    "date" : "2017-06-30",
    "sales" : 340.43,
    "salesGrowthYoY" : 12.42,
    "grossProfitMargin" : 38.34,
    "grossProfit" : 130.52,
    "operatingProfitMargin" : 7.24,
    "operatingProfit" : 24.65,
    "netProfitMargin" : 2.73,
    "netProfit" : 9.29
  }, {
    "date" : "2017-09-30",
    "sales" : 379.50,
    "salesGrowthYoY" : 24.75,
    "grossProfitMargin" : 36.65,
    "grossProfit" : 139.09,
    "operatingProfitMargin" : 7.92,
    "operatingProfit" : 30.06,
    "netProfitMargin" : 4.80,
    "netProfit" : 18.22
  }, {
    "date" : "2017-12-31",
    "sales" : 370.68,
    "salesGrowthYoY" : 25.45,
    "grossProfitMargin" : 38.55,
    "grossProfit" : 142.90,
    "operatingProfitMargin" : 8.86,
    "operatingProfit" : 32.84,
    "netProfitMargin" : 4.65,
    "netProfit" : 17.24
  }, {
    "date" : "2018-03-31",
    "sales" : 558.88,
    "salesGrowthYoY" : 45.12,
    "grossProfitMargin" : 47.58,
    "grossProfit" : 265.92,
    "operatingProfitMargin" : 8.29,
    "operatingProfit" : 46.33,
    "netProfitMargin" : 3.35,
    "netProfit" : 18.72
  }, {
    "date" : "2018-06-30",
    "sales" : 481.91,
    "salesGrowthYoY" : 41.56,
    "grossProfitMargin" : 35.72,
    "grossProfit" : 172.14,
    "operatingProfitMargin" : 8.41,
    "operatingProfit" : 40.53,
    "netProfitMargin" : 3.60,
    "netProfit" : 17.35
  }, {
    "date" : "2018-09-30",
    "sales" : 504.78,
    "salesGrowthYoY" : 33.01,
    "grossProfitMargin" : 34.31,
    "grossProfit" : 173.19,
    "operatingProfitMargin" : 8.03,
    "operatingProfit" : 40.53,
    "netProfitMargin" : 5.41,
    "netProfit" : 27.31
  }, {
    "date" : "2018-12-31",
    "sales" : 432.11,
    "salesGrowthYoY" : 16.57,
    "grossProfitMargin" : 38.04,
    "grossProfit" : 164.37,
    "operatingProfitMargin" : 9.58,
    "operatingProfit" : 41.40,
    "netProfitMargin" : 5.15,
    "netProfit" : 22.25
  }, {
    "date" : "2019-03-31",
    "sales" : 432.65,
    "salesGrowthYoY" : -22.59,
    "grossProfitMargin" : 36.78,
    "grossProfit" : 159.13,
    "operatingProfitMargin" : 7.10,
    "operatingProfit" : 30.72,
    "netProfitMargin" : 2.81,
    "netProfit" : 12.16
  }, {
    "date" : "2019-06-30",
    "sales" : 402.02,
    "salesGrowthYoY" : -16.58,
    "grossProfitMargin" : 40.36,
    "grossProfit" : 162.26,
    "operatingProfitMargin" : 9.53,
    "operatingProfit" : 38.31,
    "netProfitMargin" : 3.47,
    "netProfit" : 13.95
  }, {
    "date" : "2019-09-30",
    "sales" : 429.03,
    "salesGrowthYoY" : -15.01,
    "grossProfitMargin" : 46.36,
    "grossProfit" : 198.90,
    "operatingProfitMargin" : 9.93,
    "operatingProfit" : 42.60,
    "netProfitMargin" : 4.42,
    "netProfit" : 18.96
  }, {
    "date" : "2019-12-31",
    "sales" : 383.25,
    "salesGrowthYoY" : -11.31,
    "grossProfitMargin" : 45.22,
    "grossProfit" : 173.31,
    "operatingProfitMargin" : 11.26,
    "operatingProfit" : 43.15,
    "netProfitMargin" : 4.25,
    "netProfit" : 16.29
  }, {
    "date" : "2020-03-31",
    "sales" : 387.29,
    "salesGrowthYoY" : -10.48,
    "grossProfitMargin" : 49.03,
    "grossProfit" : 189.89,
    "operatingProfitMargin" : 8.69,
    "operatingProfit" : 33.66,
    "netProfitMargin" : 5.97,
    "netProfit" : 23.12
  }, {
    "date" : "2020-06-30",
    "sales" : 78.01,
    "salesGrowthYoY" : -80.60,
    "grossProfitMargin" : 36.05,
    "grossProfit" : 28.12,
    "operatingProfitMargin" : -44.71,
    "operatingProfit" : -34.88,
    "netProfitMargin" : -36.21,
    "netProfit" : -28.25
  }, {
    "date" : "2020-09-30",
    "sales" : 397.34,
    "salesGrowthYoY" : -7.39,
    "grossProfitMargin" : 41.14,
    "grossProfit" : 163.47,
    "operatingProfitMargin" : 9.22,
    "operatingProfit" : 36.63,
    "netProfitMargin" : 2.12,
    "netProfit" : 8.42
  }, {
    "date" : "2020-12-31",
    "sales" : 446.24,
    "salesGrowthYoY" : 16.44,
    "grossProfitMargin" : 39.63,
    "grossProfit" : 176.84,
    "operatingProfitMargin" : 10.74,
    "operatingProfit" : 47.93,
    "netProfitMargin" : 3.06,
    "netProfit" : 13.65
  }, {
    "date" : "2021-03-31",
    "sales" : 504.39,
    "salesGrowthYoY" : 30.24,
    "grossProfitMargin" : 39.40,
    "grossProfit" : 198.73,
    "operatingProfitMargin" : 9.84,
    "operatingProfit" : 49.63,
    "netProfitMargin" : 4.60,
    "netProfit" : 23.20
  }, {
    "date" : "2021-06-30",
    "sales" : 314.00,
    "salesGrowthYoY" : 302.51,
    "grossProfitMargin" : 38.68,
    "grossProfit" : 121.46,
    "operatingProfitMargin" : 2.02,
    "operatingProfit" : 6.34,
    "netProfitMargin" : -2.96,
    "netProfit" : -9.29
  }, {
    "date" : "2021-09-30",
    "sales" : 452.66,
    "salesGrowthYoY" : 13.92,
    "grossProfitMargin" : 37.68,
    "grossProfit" : 170.56,
    "operatingProfitMargin" : 8.16,
    "operatingProfit" : 36.94,
    "netProfitMargin" : 3.09,
    "netProfit" : 13.99
  }, {
    "date" : "2021-12-31",
    "sales" : 435.29,
    "salesGrowthYoY" : -2.45,
    "grossProfitMargin" : 37.45,
    "grossProfit" : 163.02,
    "operatingProfitMargin" : 7.87,
    "operatingProfit" : 34.26,
    "netProfitMargin" : 2.71,
    "netProfit" : 11.80
  }, {
    "date" : "2022-03-31",
    "sales" : 549.37,
    "salesGrowthYoY" : 8.92,
    "grossProfitMargin" : 42.25,
    "grossProfit" : 232.11,
    "operatingProfitMargin" : 10.46,
    "operatingProfit" : 57.46,
    "netProfitMargin" : 5.74,
    "netProfit" : 31.53
  }, {
    "date" : "2022-06-30",
    "sales" : 511.94,
    "salesGrowthYoY" : 63.04,
    "grossProfitMargin" : 36.77,
    "grossProfit" : 188.24,
    "operatingProfitMargin" : 8.47,
    "operatingProfit" : 43.36,
    "netProfitMargin" : 3.05,
    "netProfit" : 15.61
  }, {
    "date" : "2022-09-30",
    "sales" : 620.06,
    "salesGrowthYoY" : 36.98,
    "grossProfitMargin" : 37.04,
    "grossProfit" : 229.67,
    "operatingProfitMargin" : 9.61,
    "operatingProfit" : 59.59,
    "netProfitMargin" : 3.97,
    "netProfit" : 24.62
  }, {
    "date" : "2022-12-31",
    "sales" : 579.42,
    "salesGrowthYoY" : 33.11,
    "grossProfitMargin" : 38.29,
    "grossProfit" : 221.86,
    "operatingProfitMargin" : 9.72,
    "operatingProfit" : 56.32,
    "netProfitMargin" : 3.76,
    "netProfit" : 21.79
  }, {
    "date" : "2023-03-31",
    "sales" : 608.10,
    "salesGrowthYoY" : 10.69,
    "grossProfitMargin" : 38.75,
    "grossProfit" : 235.64,
    "operatingProfitMargin" : 7.92,
    "operatingProfit" : 48.16,
    "netProfitMargin" : 1.89,
    "netProfit" : 11.49
  }, {
    "date" : "2023-06-30",
    "sales" : 618.44,
    "salesGrowthYoY" : 20.80,
    "grossProfitMargin" : 38.66,
    "grossProfit" : 239.09,
    "operatingProfitMargin" : 8.26,
    "operatingProfit" : 51.08,
    "netProfitMargin" : 2.40,
    "netProfit" : 14.84
  }, {
    "date" : "2023-09-30",
    "sales" : 643.75,
    "salesGrowthYoY" : 3.82,
    "grossProfitMargin" : 35.71,
    "grossProfit" : 229.88,
    "operatingProfitMargin" : 8.45,
    "operatingProfit" : 54.40,
    "netProfitMargin" : 2.48,
    "netProfit" : 15.96
  }, {
    "date" : "2023-12-31",
    "sales" : 631.72,
    "salesGrowthYoY" : 9.03,
    "grossProfitMargin" : 37.53,
    "grossProfit" : 237.08,
    "operatingProfitMargin" : 9.13,
    "operatingProfit" : 57.68,
    "netProfitMargin" : 5.76,
    "netProfit" : 36.39
  }, {
    "date" : "2024-03-31",
    "sales" : 742.69,
    "salesGrowthYoY" : 22.13,
    "grossProfitMargin" : 37.88,
    "grossProfit" : 281.33,
    "operatingProfitMargin" : 8.73,
    "operatingProfit" : 64.84,
    "netProfitMargin" : 2.54,
    "netProfit" : 18.86
  }, {
    "date" : "2024-06-30",
    "sales" : 765.79,
    "salesGrowthYoY" : 23.83,
    "grossProfitMargin" : 39.65,
    "grossProfit" : 303.64,
    "operatingProfitMargin" : 7.43,
    "operatingProfit" : 56.90,
    "netProfitMargin" : 2.61,
    "netProfit" : 19.99
  }, {
    "date" : "2024-09-30",
    "sales" : 811.82,
    "salesGrowthYoY" : 26.11,
    "grossProfitMargin" : 38.95,
    "grossProfit" : 316.20,
    "operatingProfitMargin" : 7.09,
    "operatingProfit" : 57.56,
    "netProfitMargin" : 1.60,
    "netProfit" : 12.99
  }, {
    "date" : "2024-12-31",
    "sales" : 887.08,
    "salesGrowthYoY" : 40.42,
    "grossProfitMargin" : 45.23,
    "grossProfit" : 401.23,
    "operatingProfitMargin" : 7.98,
    "operatingProfit" : 70.79,
    "netProfitMargin" : 2.50,
    "netProfit" : 22.18
  }, {
    "date" : "2025-03-31",
    "sales" : 923.37,
    "salesGrowthYoY" : 24.33,
    "grossProfitMargin" : 36.98,
    "grossProfit" : 341.46,
    "operatingProfitMargin" : 8.42,
    "operatingProfit" : 77.75,
    "netProfitMargin" : 3.94,
    "netProfit" : 36.38
  }, {
    "date" : "2025-06-30",
    "sales" : 922.52,
    "salesGrowthYoY" : 20.47,
    "grossProfitMargin" : 40.87,
    "grossProfit" : 377.03,
    "operatingProfitMargin" : 8.71,
    "operatingProfit" : 80.35,
    "netProfitMargin" : 2.75,
    "netProfit" : 25.37
  }, {
    "date" : "2025-09-30",
    "sales" : 1008.60,
    "salesGrowthYoY" : 24.24,
    "grossProfitMargin" : 38.23,
    "grossProfit" : 385.59,
    "operatingProfitMargin" : 8.68,
    "operatingProfit" : 87.55,
    "netProfitMargin" : 2.56,
    "netProfit" : 25.82
  }, {
    "date" : "2025-12-31",
    "sales" : 1052.72,
    "salesGrowthYoY" : 18.67,
    "grossProfitMargin" : 36.64,
    "grossProfit" : 385.72,
    "operatingProfitMargin" : 10.37,
    "operatingProfit" : 109.17,
    "netProfitMargin" : 6.08,
    "netProfit" : 64.01
  } ],
  "latestQuarterlyResult" : {
    "date" : "2025-12-31",
    "sales" : 1052.72,
    "salesGrowthYoY" : 18.67,
    "grossProfitMargin" : 36.64,
    "grossProfit" : 385.72,
    "operatingProfitMargin" : 10.37,
    "operatingProfit" : 109.17,
    "netProfitMargin" : 6.08,
    "netProfit" : 64.01
  },
  "companyScore" : {
    "priceHigherThanDma50" : 5.00,
    "priceHigherThanDma100" : 5.00,
    "priceHigherThanDma200" : 5.00,
    "dma50HigherThanDma100" : 5.00,
    "dma50HigherThanDma200" : 5.00,
    "dma100HigherThanDma200" : 5.00,
    "pricePercentageAboveDma50" : 3.63,
    "pricePercentageAboveDma100" : 3.53,
    "pricePercentageAboveDma200" : 2.49,
    "weeklyVolumeHigherThanYearlyVolume" : 5.00,
    "salesGrowthPercentile" : 12.75,
    "operatingProfitMarginPercentile" : 19.68,
    "netProfitMarginPercentile" : 10.00,
    "totalTechnicalScore" : 44.65,
    "totalFundamentalScore" : 42.43,
    "totalScore" : 87.08
  }
}