{
  "metadata" : {
    "screenerCompanyId" : "1920",
    "companyCode" : "LUMAXTECH",
    "companyName" : "Lumax Auto Tech.",
    "screenerCompanyLink" : "https://www.screener.in/company/LUMAXTECH/consolidated/",
    "screenerTechnicalHistoryLink" : "https://www.screener.in/api/company/1920/chart/?q=Price-DMA50-DMA200-Volume&days=365",
    "screenerQuarterlyResultsLink" : "https://www.screener.in/api/company/1920/chart/?q=GPM-OPM-NPM-Quarter+Sales&days=10000",
    "attributes" : {
      "companyCode" : "LUMAXTECH",
      "companyName" : "Lumax Auto Tech.",
      "marketCap" : 9025.00,
      "peRatio" : 42.70,
      "description" : "Lumax Auto Technologies Ltd was incorporated in 1981 and is a part of the D.K. Jain Group of companies. It is engaged in the business of manufacturing and supplying of Automotive Lamps, Plastic Moulded Parts, and Frame Chassis to two, three, and four-wheeler segments [1] It has Partnerships with 7 Global players like Yokowo(Japan), JOPP(Germany), and few others.[2]"
    },
    "companyScore" : {
      "priceHigherThanDma50" : 0.00,
      "priceHigherThanDma100" : 0.00,
      "priceHigherThanDma200" : 5.00,
      "dma50HigherThanDma100" : 5.00,
      "dma50HigherThanDma200" : 5.00,
      "dma100HigherThanDma200" : 5.00,
      "pricePercentageAboveDma50" : 5.43,
      "pricePercentageAboveDma100" : 5.10,
      "pricePercentageAboveDma200" : 4.38,
      "weeklyVolumeHigherThanYearlyVolume" : 0.00,
      "salesGrowthPercentile" : 12.53,
      "operatingProfitMarginPercentile" : 15.65,
      "netProfitMarginPercentile" : 7.04,
      "totalTechnicalScore" : 34.91,
      "totalFundamentalScore" : 35.22,
      "totalScore" : 70.13
    }
  },
  "attributes" : {
    "companyCode" : "LUMAXTECH",
    "companyName" : "Lumax Auto Tech.",
    "marketCap" : 9025.00,
    "peRatio" : 42.70,
    "description" : "Lumax Auto Technologies Ltd was incorporated in 1981 and is a part of the D.K. Jain Group of companies. It is engaged in the business of manufacturing and supplying of Automotive Lamps, Plastic Moulded Parts, and Frame Chassis to two, three, and four-wheeler segments [1] It has Partnerships with 7 Global players like Yokowo(Japan), JOPP(Germany), and few others.[2]"
  },
  "technicalHistory" : [ {
    "date" : "2025-01-30",
    "price" : 520.65,
    "dma50" : 573.57,
    "dma100" : null,
    "dma200" : 533.36,
    "volume" : 198297.00
  }, {
    "date" : "2025-01-31",
    "price" : 543.10,
    "dma50" : 572.38,
    "dma100" : null,
    "dma200" : 533.46,
    "volume" : 87054.00
  }, {
    "date" : "2025-02-01",
    "price" : 555.60,
    "dma50" : 571.72,
    "dma100" : null,
    "dma200" : 533.68,
    "volume" : 53340.00
  }, {
    "date" : "2025-02-03",
    "price" : 540.05,
    "dma50" : 570.48,
    "dma100" : null,
    "dma200" : 533.74,
    "volume" : 64284.00
  }, {
    "date" : "2025-02-04",
    "price" : 546.10,
    "dma50" : 569.52,
    "dma100" : null,
    "dma200" : 533.86,
    "volume" : 39385.00
  }, {
    "date" : "2025-02-05",
    "price" : 547.10,
    "dma50" : 568.64,
    "dma100" : null,
    "dma200" : 533.99,
    "volume" : 36552.00
  }, {
    "date" : "2025-02-06",
    "price" : 557.60,
    "dma50" : 568.21,
    "dma100" : null,
    "dma200" : 534.23,
    "volume" : 33335.00
  }, {
    "date" : "2025-02-07",
    "price" : 561.15,
    "dma50" : 567.93,
    "dma100" : null,
    "dma200" : 534.50,
    "volume" : 132030.00
  }, {
    "date" : "2025-02-10",
    "price" : 552.05,
    "dma50" : 567.31,
    "dma100" : null,
    "dma200" : 534.67,
    "volume" : 78094.00
  }, {
    "date" : "2025-02-11",
    "price" : 531.00,
    "dma50" : 565.89,
    "dma100" : null,
    "dma200" : 534.63,
    "volume" : 52092.00
  }, {
    "date" : "2025-02-12",
    "price" : 535.50,
    "dma50" : 564.70,
    "dma100" : null,
    "dma200" : 534.64,
    "volume" : 60095.00
  }, {
    "date" : "2025-02-13",
    "price" : 555.30,
    "dma50" : 564.33,
    "dma100" : null,
    "dma200" : 534.85,
    "volume" : 305631.00
  }, {
    "date" : "2025-02-14",
    "price" : 534.65,
    "dma50" : 563.16,
    "dma100" : null,
    "dma200" : 534.85,
    "volume" : 149846.00
  }, {
    "date" : "2025-02-17",
    "price" : 540.40,
    "dma50" : 562.27,
    "dma100" : null,
    "dma200" : 534.90,
    "volume" : 72284.00
  }, {
    "date" : "2025-02-18",
    "price" : 522.80,
    "dma50" : 560.72,
    "dma100" : null,
    "dma200" : 534.78,
    "volume" : 113523.00
  }, {
    "date" : "2025-02-19",
    "price" : 538.35,
    "dma50" : 559.85,
    "dma100" : null,
    "dma200" : 534.82,
    "volume" : 71582.00
  }, {
    "date" : "2025-02-20",
    "price" : 557.10,
    "dma50" : 559.74,
    "dma100" : null,
    "dma200" : 535.04,
    "volume" : 84252.00
  }, {
    "date" : "2025-02-21",
    "price" : 559.60,
    "dma50" : 559.73,
    "dma100" : null,
    "dma200" : 535.28,
    "volume" : 135814.00
  }, {
    "date" : "2025-02-24",
    "price" : 540.05,
    "dma50" : 558.96,
    "dma100" : null,
    "dma200" : 535.33,
    "volume" : 59755.00
  }, {
    "date" : "2025-02-25",
    "price" : 543.90,
    "dma50" : 558.37,
    "dma100" : null,
    "dma200" : 535.42,
    "volume" : 37747.00
  }, {
    "date" : "2025-02-27",
    "price" : 522.00,
    "dma50" : 556.94,
    "dma100" : null,
    "dma200" : 535.28,
    "volume" : 72934.00
  }, {
    "date" : "2025-02-28",
    "price" : 500.15,
    "dma50" : 554.72,
    "dma100" : null,
    "dma200" : 534.93,
    "volume" : 177641.00
  }, {
    "date" : "2025-03-03",
    "price" : 499.40,
    "dma50" : 552.55,
    "dma100" : null,
    "dma200" : 534.58,
    "volume" : 118595.00
  }, {
    "date" : "2025-03-04",
    "price" : 484.40,
    "dma50" : 549.87,
    "dma100" : null,
    "dma200" : 534.08,
    "volume" : 163857.00
  }, {
    "date" : "2025-03-05",
    "price" : 510.90,
    "dma50" : 548.35,
    "dma100" : null,
    "dma200" : 533.85,
    "volume" : 94362.00
  }, {
    "date" : "2025-03-06",
    "price" : 532.00,
    "dma50" : 547.71,
    "dma100" : null,
    "dma200" : 533.83,
    "volume" : 123984.00
  }, {
    "date" : "2025-03-07",
    "price" : 538.40,
    "dma50" : 547.34,
    "dma100" : null,
    "dma200" : 533.88,
    "volume" : 78338.00
  }, {
    "date" : "2025-03-10",
    "price" : 521.75,
    "dma50" : 546.34,
    "dma100" : null,
    "dma200" : 533.76,
    "volume" : 49640.00
  }, {
    "date" : "2025-03-11",
    "price" : 527.85,
    "dma50" : 545.61,
    "dma100" : null,
    "dma200" : 533.70,
    "volume" : 61329.00
  }, {
    "date" : "2025-03-12",
    "price" : 527.70,
    "dma50" : 544.91,
    "dma100" : null,
    "dma200" : 533.64,
    "volume" : 38666.00
  }, {
    "date" : "2025-03-13",
    "price" : 521.15,
    "dma50" : 543.98,
    "dma100" : null,
    "dma200" : 533.51,
    "volume" : 45991.00
  }, {
    "date" : "2025-03-17",
    "price" : 515.50,
    "dma50" : 542.86,
    "dma100" : null,
    "dma200" : 533.33,
    "volume" : 50201.00
  }, {
    "date" : "2025-03-18",
    "price" : 531.55,
    "dma50" : 542.42,
    "dma100" : null,
    "dma200" : 533.32,
    "volume" : 75676.00
  }, {
    "date" : "2025-03-19",
    "price" : 540.35,
    "dma50" : 542.34,
    "dma100" : null,
    "dma200" : 533.39,
    "volume" : 93441.00
  }, {
    "date" : "2025-03-20",
    "price" : 536.45,
    "dma50" : 542.11,
    "dma100" : null,
    "dma200" : 533.42,
    "volume" : 81366.00
  }, {
    "date" : "2025-03-21",
    "price" : 553.00,
    "dma50" : 542.53,
    "dma100" : null,
    "dma200" : 533.61,
    "volume" : 97981.00
  }, {
    "date" : "2025-03-24",
    "price" : 562.65,
    "dma50" : 543.32,
    "dma100" : null,
    "dma200" : 533.90,
    "volume" : 310848.00
  }, {
    "date" : "2025-03-25",
    "price" : 555.65,
    "dma50" : 543.80,
    "dma100" : null,
    "dma200" : 534.12,
    "volume" : 119270.00
  }, {
    "date" : "2025-03-26",
    "price" : 542.85,
    "dma50" : 543.77,
    "dma100" : null,
    "dma200" : 534.20,
    "volume" : 53490.00
  }, {
    "date" : "2025-03-27",
    "price" : 542.95,
    "dma50" : 543.74,
    "dma100" : null,
    "dma200" : 534.29,
    "volume" : 58329.00
  }, {
    "date" : "2025-03-28",
    "price" : 539.95,
    "dma50" : 543.59,
    "dma100" : null,
    "dma200" : 534.35,
    "volume" : 168122.00
  }, {
    "date" : "2025-04-01",
    "price" : 543.45,
    "dma50" : 543.58,
    "dma100" : null,
    "dma200" : 534.44,
    "volume" : 71757.00
  }, {
    "date" : "2025-04-02",
    "price" : 543.75,
    "dma50" : 543.59,
    "dma100" : null,
    "dma200" : 534.53,
    "volume" : 127455.00
  }, {
    "date" : "2025-04-03",
    "price" : 552.65,
    "dma50" : 543.94,
    "dma100" : null,
    "dma200" : 534.71,
    "volume" : 55803.00
  }, {
    "date" : "2025-04-04",
    "price" : 532.55,
    "dma50" : 543.50,
    "dma100" : null,
    "dma200" : 534.69,
    "volume" : 77840.00
  }, {
    "date" : "2025-04-07",
    "price" : 475.00,
    "dma50" : 540.81,
    "dma100" : null,
    "dma200" : 534.10,
    "volume" : 477386.00
  }, {
    "date" : "2025-04-08",
    "price" : 506.85,
    "dma50" : 539.48,
    "dma100" : null,
    "dma200" : 533.82,
    "volume" : 123776.00
  }, {
    "date" : "2025-04-09",
    "price" : 496.10,
    "dma50" : 537.78,
    "dma100" : null,
    "dma200" : 533.45,
    "volume" : 100399.00
  }, {
    "date" : "2025-04-11",
    "price" : 515.50,
    "dma50" : 536.90,
    "dma100" : null,
    "dma200" : 533.27,
    "volume" : 66351.00
  }, {
    "date" : "2025-04-15",
    "price" : 537.90,
    "dma50" : 536.94,
    "dma100" : null,
    "dma200" : 533.32,
    "volume" : 79727.00
  }, {
    "date" : "2025-04-16",
    "price" : 541.80,
    "dma50" : 537.13,
    "dma100" : null,
    "dma200" : 533.40,
    "volume" : 46794.00
  }, {
    "date" : "2025-04-17",
    "price" : 540.10,
    "dma50" : 537.25,
    "dma100" : null,
    "dma200" : 533.47,
    "volume" : 74729.00
  }, {
    "date" : "2025-04-21",
    "price" : 546.35,
    "dma50" : 537.61,
    "dma100" : null,
    "dma200" : 533.60,
    "volume" : 86811.00
  }, {
    "date" : "2025-04-22",
    "price" : 553.60,
    "dma50" : 538.23,
    "dma100" : null,
    "dma200" : 533.79,
    "volume" : 67003.00
  }, {
    "date" : "2025-04-23",
    "price" : 554.95,
    "dma50" : 538.89,
    "dma100" : null,
    "dma200" : 534.00,
    "volume" : 63053.00
  }, {
    "date" : "2025-04-24",
    "price" : 547.35,
    "dma50" : 539.22,
    "dma100" : null,
    "dma200" : 534.14,
    "volume" : 47469.00
  }, {
    "date" : "2025-04-25",
    "price" : 536.15,
    "dma50" : 539.10,
    "dma100" : null,
    "dma200" : 534.16,
    "volume" : 64271.00
  }, {
    "date" : "2025-04-28",
    "price" : 535.35,
    "dma50" : 538.95,
    "dma100" : null,
    "dma200" : 534.17,
    "volume" : 60141.00
  }, {
    "date" : "2025-04-29",
    "price" : 532.80,
    "dma50" : 538.71,
    "dma100" : null,
    "dma200" : 534.16,
    "volume" : 40218.00
  }, {
    "date" : "2025-04-30",
    "price" : 520.95,
    "dma50" : 538.02,
    "dma100" : null,
    "dma200" : 534.02,
    "volume" : 51873.00
  }, {
    "date" : "2025-05-02",
    "price" : 509.25,
    "dma50" : 536.89,
    "dma100" : null,
    "dma200" : 533.78,
    "volume" : 53032.00
  }, {
    "date" : "2025-05-05",
    "price" : 540.75,
    "dma50" : 537.04,
    "dma100" : null,
    "dma200" : 533.85,
    "volume" : 125865.00
  }, {
    "date" : "2025-05-06",
    "price" : 526.70,
    "dma50" : 536.63,
    "dma100" : null,
    "dma200" : 533.78,
    "volume" : 98351.00
  }, {
    "date" : "2025-05-07",
    "price" : 548.10,
    "dma50" : 537.08,
    "dma100" : null,
    "dma200" : 533.92,
    "volume" : 142853.00
  }, {
    "date" : "2025-05-08",
    "price" : 566.30,
    "dma50" : 538.23,
    "dma100" : null,
    "dma200" : 534.24,
    "volume" : 335699.00
  }, {
    "date" : "2025-05-09",
    "price" : 567.80,
    "dma50" : 539.39,
    "dma100" : null,
    "dma200" : 534.57,
    "volume" : 90493.00
  }, {
    "date" : "2025-05-12",
    "price" : 576.95,
    "dma50" : 540.86,
    "dma100" : null,
    "dma200" : 535.00,
    "volume" : 89808.00
  }, {
    "date" : "2025-05-13",
    "price" : 596.95,
    "dma50" : 543.06,
    "dma100" : null,
    "dma200" : 535.61,
    "volume" : 172632.00
  }, {
    "date" : "2025-05-14",
    "price" : 601.35,
    "dma50" : 545.35,
    "dma100" : null,
    "dma200" : 536.27,
    "volume" : 262306.00
  }, {
    "date" : "2025-05-15",
    "price" : 620.50,
    "dma50" : 548.29,
    "dma100" : null,
    "dma200" : 537.11,
    "volume" : 156786.00
  }, {
    "date" : "2025-05-16",
    "price" : 620.20,
    "dma50" : 551.11,
    "dma100" : null,
    "dma200" : 537.93,
    "volume" : 101093.00
  }, {
    "date" : "2025-05-19",
    "price" : 648.65,
    "dma50" : 554.94,
    "dma100" : null,
    "dma200" : 539.03,
    "volume" : 419703.00
  }, {
    "date" : "2025-05-20",
    "price" : 658.05,
    "dma50" : 558.98,
    "dma100" : null,
    "dma200" : 540.22,
    "volume" : 341225.00
  }, {
    "date" : "2025-05-21",
    "price" : 674.05,
    "dma50" : 563.50,
    "dma100" : null,
    "dma200" : 541.55,
    "volume" : 153932.00
  }, {
    "date" : "2025-05-22",
    "price" : 664.60,
    "dma50" : 567.46,
    "dma100" : null,
    "dma200" : 542.77,
    "volume" : 142019.00
  }, {
    "date" : "2025-05-23",
    "price" : 663.85,
    "dma50" : 571.24,
    "dma100" : null,
    "dma200" : 543.98,
    "volume" : 143768.00
  }, {
    "date" : "2025-05-26",
    "price" : 679.60,
    "dma50" : 575.49,
    "dma100" : null,
    "dma200" : 545.33,
    "volume" : 115732.00
  }, {
    "date" : "2025-05-27",
    "price" : 685.50,
    "dma50" : 579.80,
    "dma100" : null,
    "dma200" : 546.72,
    "volume" : 149192.00
  }, {
    "date" : "2025-05-28",
    "price" : 663.95,
    "dma50" : 583.10,
    "dma100" : null,
    "dma200" : 547.89,
    "volume" : 163903.00
  }, {
    "date" : "2025-05-29",
    "price" : 696.75,
    "dma50" : 587.56,
    "dma100" : null,
    "dma200" : 549.37,
    "volume" : 245233.00
  }, {
    "date" : "2025-05-30",
    "price" : 811.55,
    "dma50" : 596.34,
    "dma100" : null,
    "dma200" : 551.98,
    "volume" : 3843520.00
  }, {
    "date" : "2025-06-02",
    "price" : 898.65,
    "dma50" : 608.20,
    "dma100" : null,
    "dma200" : 555.43,
    "volume" : 3563199.00
  }, {
    "date" : "2025-06-03",
    "price" : 940.80,
    "dma50" : 621.24,
    "dma100" : null,
    "dma200" : 559.26,
    "volume" : 2062437.00
  }, {
    "date" : "2025-06-04",
    "price" : 991.00,
    "dma50" : 635.74,
    "dma100" : null,
    "dma200" : 563.56,
    "volume" : 1346875.00
  }, {
    "date" : "2025-06-05",
    "price" : 976.35,
    "dma50" : 649.10,
    "dma100" : null,
    "dma200" : 567.67,
    "volume" : 623164.00
  }, {
    "date" : "2025-06-06",
    "price" : 961.30,
    "dma50" : 661.34,
    "dma100" : null,
    "dma200" : 571.58,
    "volume" : 259734.00
  }, {
    "date" : "2025-06-09",
    "price" : 982.90,
    "dma50" : 673.95,
    "dma100" : null,
    "dma200" : 575.68,
    "volume" : 269783.00
  }, {
    "date" : "2025-06-10",
    "price" : 1038.55,
    "dma50" : 688.25,
    "dma100" : null,
    "dma200" : 580.28,
    "volume" : 693927.00
  }, {
    "date" : "2025-06-11",
    "price" : 1002.60,
    "dma50" : 700.58,
    "dma100" : null,
    "dma200" : 584.48,
    "volume" : 376484.00
  }, {
    "date" : "2025-06-12",
    "price" : 1019.35,
    "dma50" : 713.08,
    "dma100" : null,
    "dma200" : 588.81,
    "volume" : 263636.00
  }, {
    "date" : "2025-06-13",
    "price" : 1036.10,
    "dma50" : 725.75,
    "dma100" : null,
    "dma200" : 593.26,
    "volume" : 298030.00
  }, {
    "date" : "2025-06-16",
    "price" : 1016.60,
    "dma50" : 737.15,
    "dma100" : null,
    "dma200" : 597.47,
    "volume" : 227592.00
  }, {
    "date" : "2025-06-17",
    "price" : 1062.30,
    "dma50" : 749.90,
    "dma100" : null,
    "dma200" : 602.10,
    "volume" : 456736.00
  }, {
    "date" : "2025-06-18",
    "price" : 1086.80,
    "dma50" : 763.12,
    "dma100" : null,
    "dma200" : 606.92,
    "volume" : 642409.00
  }, {
    "date" : "2025-06-19",
    "price" : 1100.60,
    "dma50" : 776.35,
    "dma100" : null,
    "dma200" : 611.83,
    "volume" : 397596.00
  }, {
    "date" : "2025-06-20",
    "price" : 1078.10,
    "dma50" : 788.18,
    "dma100" : null,
    "dma200" : 616.47,
    "volume" : 268267.00
  }, {
    "date" : "2025-06-23",
    "price" : 1117.55,
    "dma50" : 801.10,
    "dma100" : null,
    "dma200" : 621.46,
    "volume" : 304046.00
  }, {
    "date" : "2025-06-24",
    "price" : 1128.10,
    "dma50" : 813.92,
    "dma100" : null,
    "dma200" : 626.50,
    "volume" : 154911.00
  }, {
    "date" : "2025-06-25",
    "price" : 1113.00,
    "dma50" : 825.65,
    "dma100" : null,
    "dma200" : 631.34,
    "volume" : 199502.00
  }, {
    "date" : "2025-06-26",
    "price" : 1176.55,
    "dma50" : 839.41,
    "dma100" : null,
    "dma200" : 636.77,
    "volume" : 297157.00
  }, {
    "date" : "2025-06-27",
    "price" : 1143.45,
    "dma50" : 851.34,
    "dma100" : 655.73,
    "dma200" : 641.81,
    "volume" : 213431.00
  }, {
    "date" : "2025-06-30",
    "price" : 1176.10,
    "dma50" : 864.07,
    "dma100" : 662.06,
    "dma200" : 647.12,
    "volume" : 168456.00
  }, {
    "date" : "2025-07-01",
    "price" : 1151.00,
    "dma50" : 875.32,
    "dma100" : 668.02,
    "dma200" : 652.14,
    "volume" : 204326.00
  }, {
    "date" : "2025-07-02",
    "price" : 1112.20,
    "dma50" : 884.61,
    "dma100" : 673.74,
    "dma200" : 656.72,
    "volume" : 159000.00
  }, {
    "date" : "2025-07-03",
    "price" : 1138.40,
    "dma50" : 894.57,
    "dma100" : 679.66,
    "dma200" : 661.51,
    "volume" : 106741.00
  }, {
    "date" : "2025-07-04",
    "price" : 1152.00,
    "dma50" : 904.66,
    "dma100" : 685.71,
    "dma200" : 666.39,
    "volume" : 62488.00
  }, {
    "date" : "2025-07-07",
    "price" : 1113.00,
    "dma50" : 912.83,
    "dma100" : 691.26,
    "dma200" : 670.83,
    "volume" : 84621.00
  }, {
    "date" : "2025-07-08",
    "price" : 1114.70,
    "dma50" : 920.75,
    "dma100" : 696.80,
    "dma200" : 675.25,
    "volume" : 85537.00
  }, {
    "date" : "2025-07-09",
    "price" : 1122.60,
    "dma50" : 928.66,
    "dma100" : 702.50,
    "dma200" : 679.70,
    "volume" : 52149.00
  }, {
    "date" : "2025-07-10",
    "price" : 1135.20,
    "dma50" : 936.76,
    "dma100" : 708.55,
    "dma200" : 684.23,
    "volume" : 88503.00
  }, {
    "date" : "2025-07-11",
    "price" : 1147.60,
    "dma50" : 945.03,
    "dma100" : 714.67,
    "dma200" : 688.84,
    "volume" : 86704.00
  }, {
    "date" : "2025-07-14",
    "price" : 1148.80,
    "dma50" : 953.02,
    "dma100" : 720.60,
    "dma200" : 693.42,
    "volume" : 111486.00
  }, {
    "date" : "2025-07-15",
    "price" : 1150.70,
    "dma50" : 960.77,
    "dma100" : 726.76,
    "dma200" : 697.97,
    "volume" : 43005.00
  }, {
    "date" : "2025-07-16",
    "price" : 1140.10,
    "dma50" : 967.81,
    "dma100" : 732.76,
    "dma200" : 702.37,
    "volume" : 42496.00
  }, {
    "date" : "2025-07-17",
    "price" : 1153.10,
    "dma50" : 975.07,
    "dma100" : 739.06,
    "dma200" : 706.85,
    "volume" : 230392.00
  }, {
    "date" : "2025-07-18",
    "price" : 1145.40,
    "dma50" : 981.75,
    "dma100" : 745.13,
    "dma200" : 711.22,
    "volume" : 47614.00
  }, {
    "date" : "2025-07-21",
    "price" : 1144.00,
    "dma50" : 988.11,
    "dma100" : 751.00,
    "dma200" : 715.52,
    "volume" : 65314.00
  }, {
    "date" : "2025-07-22",
    "price" : 1141.50,
    "dma50" : 994.13,
    "dma100" : 756.82,
    "dma200" : 719.76,
    "volume" : 79812.00
  }, {
    "date" : "2025-07-23",
    "price" : 1140.90,
    "dma50" : 999.89,
    "dma100" : 762.83,
    "dma200" : 723.95,
    "volume" : 61429.00
  }, {
    "date" : "2025-07-24",
    "price" : 1090.00,
    "dma50" : 1003.42,
    "dma100" : 768.29,
    "dma200" : 727.60,
    "volume" : 357158.00
  }, {
    "date" : "2025-07-25",
    "price" : 1037.40,
    "dma50" : 1004.75,
    "dma100" : 773.44,
    "dma200" : 730.68,
    "volume" : 234395.00
  }, {
    "date" : "2025-07-28",
    "price" : 1040.40,
    "dma50" : 1006.15,
    "dma100" : 778.85,
    "dma200" : 733.76,
    "volume" : 97985.00
  }, {
    "date" : "2025-07-29",
    "price" : 1072.60,
    "dma50" : 1008.76,
    "dma100" : 784.58,
    "dma200" : 737.13,
    "volume" : 88464.00
  }, {
    "date" : "2025-07-30",
    "price" : 1112.00,
    "dma50" : 1012.80,
    "dma100" : 790.86,
    "dma200" : 740.86,
    "volume" : 137468.00
  }, {
    "date" : "2025-07-31",
    "price" : 1101.90,
    "dma50" : 1016.30,
    "dma100" : 796.77,
    "dma200" : 744.45,
    "volume" : 232517.00
  }, {
    "date" : "2025-08-01",
    "price" : 1089.00,
    "dma50" : 1019.15,
    "dma100" : 802.34,
    "dma200" : 747.88,
    "volume" : 135752.00
  }, {
    "date" : "2025-08-04",
    "price" : 1148.00,
    "dma50" : 1024.20,
    "dma100" : 808.43,
    "dma200" : 751.86,
    "volume" : 158200.00
  }, {
    "date" : "2025-08-05",
    "price" : 1196.60,
    "dma50" : 1030.96,
    "dma100" : 815.18,
    "dma200" : 756.29,
    "volume" : 229021.00
  }, {
    "date" : "2025-08-06",
    "price" : 1154.90,
    "dma50" : 1035.82,
    "dma100" : 821.45,
    "dma200" : 760.26,
    "volume" : 197894.00
  }, {
    "date" : "2025-08-07",
    "price" : 1039.10,
    "dma50" : 1035.95,
    "dma100" : 826.56,
    "dma200" : 763.03,
    "volume" : 484114.00
  }, {
    "date" : "2025-08-08",
    "price" : 992.00,
    "dma50" : 1034.23,
    "dma100" : 831.27,
    "dma200" : 765.31,
    "volume" : 498718.00
  }, {
    "date" : "2025-08-11",
    "price" : 1043.30,
    "dma50" : 1034.58,
    "dma100" : 836.55,
    "dma200" : 768.07,
    "volume" : 398606.00
  }, {
    "date" : "2025-08-12",
    "price" : 1023.60,
    "dma50" : 1034.15,
    "dma100" : 841.47,
    "dma200" : 770.62,
    "volume" : 131529.00
  }, {
    "date" : "2025-08-13",
    "price" : 1012.00,
    "dma50" : 1033.28,
    "dma100" : 846.19,
    "dma200" : 773.02,
    "volume" : 85044.00
  }, {
    "date" : "2025-08-14",
    "price" : 1004.70,
    "dma50" : 1032.16,
    "dma100" : 850.87,
    "dma200" : 775.32,
    "volume" : 85537.00
  }, {
    "date" : "2025-08-18",
    "price" : 1100.30,
    "dma50" : 1034.84,
    "dma100" : 856.34,
    "dma200" : 778.56,
    "volume" : 300230.00
  }, {
    "date" : "2025-08-19",
    "price" : 1134.30,
    "dma50" : 1038.74,
    "dma100" : 862.06,
    "dma200" : 782.10,
    "volume" : 195556.00
  }, {
    "date" : "2025-08-20",
    "price" : 1162.30,
    "dma50" : 1043.58,
    "dma100" : 868.13,
    "dma200" : 785.88,
    "volume" : 189845.00
  }, {
    "date" : "2025-08-21",
    "price" : 1142.40,
    "dma50" : 1047.46,
    "dma100" : 874.12,
    "dma200" : 789.43,
    "volume" : 137386.00
  }, {
    "date" : "2025-08-22",
    "price" : 1142.20,
    "dma50" : 1051.17,
    "dma100" : 880.11,
    "dma200" : 792.94,
    "volume" : 108799.00
  }, {
    "date" : "2025-08-25",
    "price" : 1139.00,
    "dma50" : 1054.62,
    "dma100" : 886.11,
    "dma200" : 796.38,
    "volume" : 93648.00
  }, {
    "date" : "2025-08-26",
    "price" : 1136.80,
    "dma50" : 1057.84,
    "dma100" : 892.04,
    "dma200" : 799.77,
    "volume" : 1042931.00
  }, {
    "date" : "2025-08-28",
    "price" : 1119.40,
    "dma50" : 1060.25,
    "dma100" : 897.80,
    "dma200" : 802.95,
    "volume" : 80060.00
  }, {
    "date" : "2025-08-29",
    "price" : 1174.70,
    "dma50" : 1064.74,
    "dma100" : 904.02,
    "dma200" : 806.65,
    "volume" : 254943.00
  }, {
    "date" : "2025-09-01",
    "price" : 1240.90,
    "dma50" : 1071.65,
    "dma100" : 911.10,
    "dma200" : 810.97,
    "volume" : 303368.00
  }, {
    "date" : "2025-09-02",
    "price" : 1126.30,
    "dma50" : 1073.79,
    "dma100" : 917.61,
    "dma200" : 814.11,
    "volume" : 318185.00
  }, {
    "date" : "2025-09-03",
    "price" : 1048.00,
    "dma50" : 1072.78,
    "dma100" : 923.02,
    "dma200" : 816.43,
    "volume" : 367518.00
  }, {
    "date" : "2025-09-04",
    "price" : 1059.30,
    "dma50" : 1072.25,
    "dma100" : 928.66,
    "dma200" : 818.85,
    "volume" : 238495.00
  }, {
    "date" : "2025-09-05",
    "price" : 1068.70,
    "dma50" : 1072.11,
    "dma100" : 934.19,
    "dma200" : 821.34,
    "volume" : 173240.00
  }, {
    "date" : "2025-09-08",
    "price" : 1147.60,
    "dma50" : 1075.07,
    "dma100" : 940.28,
    "dma200" : 824.58,
    "volume" : 281024.00
  }, {
    "date" : "2025-09-09",
    "price" : 1139.00,
    "dma50" : 1077.58,
    "dma100" : 946.26,
    "dma200" : 827.71,
    "volume" : 69136.00
  }, {
    "date" : "2025-09-10",
    "price" : 1115.80,
    "dma50" : 1079.08,
    "dma100" : 952.01,
    "dma200" : 830.58,
    "volume" : 80803.00
  }, {
    "date" : "2025-09-11",
    "price" : 1072.10,
    "dma50" : 1078.81,
    "dma100" : 957.27,
    "dma200" : 832.98,
    "volume" : 155195.00
  }, {
    "date" : "2025-09-12",
    "price" : 1093.30,
    "dma50" : 1079.37,
    "dma100" : 962.67,
    "dma200" : 835.57,
    "volume" : 94955.00
  }, {
    "date" : "2025-09-15",
    "price" : 1103.70,
    "dma50" : 1080.33,
    "dma100" : 968.16,
    "dma200" : 838.24,
    "volume" : 76523.00
  }, {
    "date" : "2025-09-16",
    "price" : 1089.60,
    "dma50" : 1080.69,
    "dma100" : 973.58,
    "dma200" : 840.74,
    "volume" : 51116.00
  }, {
    "date" : "2025-09-17",
    "price" : 1112.90,
    "dma50" : 1081.95,
    "dma100" : 979.35,
    "dma200" : 843.45,
    "volume" : 84887.00
  }, {
    "date" : "2025-09-18",
    "price" : 1109.40,
    "dma50" : 1083.03,
    "dma100" : 985.09,
    "dma200" : 846.09,
    "volume" : 129554.00
  }, {
    "date" : "2025-09-19",
    "price" : 1117.60,
    "dma50" : 1084.39,
    "dma100" : 990.93,
    "dma200" : 848.80,
    "volume" : 52125.00
  }, {
    "date" : "2025-09-22",
    "price" : 1102.70,
    "dma50" : 1085.10,
    "dma100" : 996.75,
    "dma200" : 851.32,
    "volume" : 66526.00
  }, {
    "date" : "2025-09-23",
    "price" : 1176.40,
    "dma50" : 1088.69,
    "dma100" : 1003.42,
    "dma200" : 854.56,
    "volume" : 456357.00
  }, {
    "date" : "2025-09-24",
    "price" : 1258.40,
    "dma50" : 1095.34,
    "dma100" : 1010.60,
    "dma200" : 858.58,
    "volume" : 1388501.00
  }, {
    "date" : "2025-09-25",
    "price" : 1280.10,
    "dma50" : 1102.59,
    "dma100" : 1018.13,
    "dma200" : 862.77,
    "volume" : 421982.00
  }, {
    "date" : "2025-09-26",
    "price" : 1298.50,
    "dma50" : 1110.27,
    "dma100" : 1025.64,
    "dma200" : 867.11,
    "volume" : 465785.00
  }, {
    "date" : "2025-09-29",
    "price" : 1322.70,
    "dma50" : 1118.60,
    "dma100" : 1033.20,
    "dma200" : 871.64,
    "volume" : 741774.00
  }, {
    "date" : "2025-09-30",
    "price" : 1249.80,
    "dma50" : 1123.74,
    "dma100" : 1040.02,
    "dma200" : 875.40,
    "volume" : 322679.00
  }, {
    "date" : "2025-10-01",
    "price" : 1318.10,
    "dma50" : 1131.37,
    "dma100" : 1047.43,
    "dma200" : 879.81,
    "volume" : 283885.00
  }, {
    "date" : "2025-10-03",
    "price" : 1302.60,
    "dma50" : 1138.08,
    "dma100" : 1054.49,
    "dma200" : 884.01,
    "volume" : 184133.00
  }, {
    "date" : "2025-10-06",
    "price" : 1264.70,
    "dma50" : 1143.05,
    "dma100" : 1061.12,
    "dma200" : 887.80,
    "volume" : 210803.00
  }, {
    "date" : "2025-10-07",
    "price" : 1258.60,
    "dma50" : 1147.58,
    "dma100" : 1067.50,
    "dma200" : 891.49,
    "volume" : 189195.00
  }, {
    "date" : "2025-10-08",
    "price" : 1233.90,
    "dma50" : 1150.96,
    "dma100" : 1073.64,
    "dma200" : 894.90,
    "volume" : 171022.00
  }, {
    "date" : "2025-10-09",
    "price" : 1190.90,
    "dma50" : 1152.53,
    "dma100" : 1079.06,
    "dma200" : 897.84,
    "volume" : 175057.00
  }, {
    "date" : "2025-10-10",
    "price" : 1163.00,
    "dma50" : 1152.94,
    "dma100" : 1084.11,
    "dma200" : 900.48,
    "volume" : 155310.00
  }, {
    "date" : "2025-10-13",
    "price" : 1179.60,
    "dma50" : 1153.99,
    "dma100" : 1089.17,
    "dma200" : 903.26,
    "volume" : 431453.00
  }, {
    "date" : "2025-10-14",
    "price" : 1139.60,
    "dma50" : 1153.42,
    "dma100" : 1093.92,
    "dma200" : 905.61,
    "volume" : 160645.00
  }, {
    "date" : "2025-10-15",
    "price" : 1168.70,
    "dma50" : 1154.02,
    "dma100" : 1098.97,
    "dma200" : 908.23,
    "volume" : 199081.00
  }, {
    "date" : "2025-10-16",
    "price" : 1187.80,
    "dma50" : 1155.35,
    "dma100" : 1104.05,
    "dma200" : 911.01,
    "volume" : 230137.00
  }, {
    "date" : "2025-10-17",
    "price" : 1183.20,
    "dma50" : 1156.44,
    "dma100" : 1109.03,
    "dma200" : 913.72,
    "volume" : 102423.00
  }, {
    "date" : "2025-10-20",
    "price" : 1175.10,
    "dma50" : 1157.17,
    "dma100" : 1114.14,
    "dma200" : 916.32,
    "volume" : 155156.00
  }, {
    "date" : "2025-10-21",
    "price" : 1188.10,
    "dma50" : 1158.38,
    "dma100" : 1119.05,
    "dma200" : 919.02,
    "volume" : 22551.00
  }, {
    "date" : "2025-10-23",
    "price" : 1165.80,
    "dma50" : 1158.67,
    "dma100" : 1122.59,
    "dma200" : 921.48,
    "volume" : 107764.00
  }, {
    "date" : "2025-10-24",
    "price" : 1146.60,
    "dma50" : 1158.20,
    "dma100" : 1125.07,
    "dma200" : 923.72,
    "volume" : 150799.00
  }, {
    "date" : "2025-10-27",
    "price" : 1147.00,
    "dma50" : 1157.76,
    "dma100" : 1127.13,
    "dma200" : 925.94,
    "volume" : 67848.00
  }, {
    "date" : "2025-10-28",
    "price" : 1154.10,
    "dma50" : 1157.62,
    "dma100" : 1128.77,
    "dma200" : 928.21,
    "volume" : 109788.00
  }, {
    "date" : "2025-10-29",
    "price" : 1155.60,
    "dma50" : 1157.54,
    "dma100" : 1130.56,
    "dma200" : 930.47,
    "volume" : 76034.00
  }, {
    "date" : "2025-10-30",
    "price" : 1135.40,
    "dma50" : 1156.67,
    "dma100" : 1132.30,
    "dma200" : 932.51,
    "volume" : 72347.00
  }, {
    "date" : "2025-10-31",
    "price" : 1127.70,
    "dma50" : 1155.53,
    "dma100" : 1133.75,
    "dma200" : 934.46,
    "volume" : 60896.00
  }, {
    "date" : "2025-11-03",
    "price" : 1156.30,
    "dma50" : 1155.56,
    "dma100" : 1134.92,
    "dma200" : 936.66,
    "volume" : 124358.00
  }, {
    "date" : "2025-11-04",
    "price" : 1199.20,
    "dma50" : 1157.28,
    "dma100" : 1136.89,
    "dma200" : 939.27,
    "volume" : 375070.00
  }, {
    "date" : "2025-11-06",
    "price" : 1155.10,
    "dma50" : 1157.19,
    "dma100" : 1138.25,
    "dma200" : 941.42,
    "volume" : 168870.00
  }, {
    "date" : "2025-11-07",
    "price" : 1200.20,
    "dma50" : 1158.88,
    "dma100" : 1139.89,
    "dma200" : 944.00,
    "volume" : 256744.00
  }, {
    "date" : "2025-11-10",
    "price" : 1386.30,
    "dma50" : 1167.80,
    "dma100" : 1143.59,
    "dma200" : 948.40,
    "volume" : 2731793.00
  }, {
    "date" : "2025-11-11",
    "price" : 1429.50,
    "dma50" : 1178.06,
    "dma100" : 1147.26,
    "dma200" : 953.19,
    "volume" : 1136466.00
  }, {
    "date" : "2025-11-12",
    "price" : 1424.70,
    "dma50" : 1187.73,
    "dma100" : 1150.64,
    "dma200" : 957.88,
    "volume" : 338550.00
  }, {
    "date" : "2025-11-13",
    "price" : 1423.50,
    "dma50" : 1196.98,
    "dma100" : 1153.87,
    "dma200" : 962.51,
    "volume" : 279666.00
  }, {
    "date" : "2025-11-14",
    "price" : 1430.40,
    "dma50" : 1206.13,
    "dma100" : 1157.39,
    "dma200" : 967.17,
    "volume" : 98957.00
  }, {
    "date" : "2025-11-17",
    "price" : 1457.30,
    "dma50" : 1215.98,
    "dma100" : 1160.79,
    "dma200" : 972.04,
    "volume" : 294656.00
  }, {
    "date" : "2025-11-18",
    "price" : 1366.70,
    "dma50" : 1221.89,
    "dma100" : 1163.17,
    "dma200" : 975.97,
    "volume" : 283635.00
  }, {
    "date" : "2025-11-19",
    "price" : 1397.30,
    "dma50" : 1228.77,
    "dma100" : 1166.02,
    "dma200" : 980.16,
    "volume" : 224721.00
  }, {
    "date" : "2025-11-20",
    "price" : 1393.00,
    "dma50" : 1235.21,
    "dma100" : 1168.18,
    "dma200" : 984.27,
    "volume" : 128774.00
  }, {
    "date" : "2025-11-21",
    "price" : 1334.30,
    "dma50" : 1239.10,
    "dma100" : 1170.09,
    "dma200" : 987.75,
    "volume" : 140170.00
  }, {
    "date" : "2025-11-24",
    "price" : 1412.30,
    "dma50" : 1245.89,
    "dma100" : 1172.45,
    "dma200" : 991.98,
    "volume" : 495462.00
  }, {
    "date" : "2025-11-25",
    "price" : 1473.80,
    "dma50" : 1254.83,
    "dma100" : 1175.68,
    "dma200" : 996.77,
    "volume" : 572432.00
  }, {
    "date" : "2025-11-26",
    "price" : 1505.20,
    "dma50" : 1264.64,
    "dma100" : 1179.61,
    "dma200" : 1001.83,
    "volume" : 393374.00
  }, {
    "date" : "2025-11-27",
    "price" : 1499.50,
    "dma50" : 1273.85,
    "dma100" : 1183.22,
    "dma200" : 1006.78,
    "volume" : 145367.00
  }, {
    "date" : "2025-11-28",
    "price" : 1536.30,
    "dma50" : 1284.15,
    "dma100" : 1187.06,
    "dma200" : 1012.05,
    "volume" : 276107.00
  }, {
    "date" : "2025-12-01",
    "price" : 1519.30,
    "dma50" : 1293.37,
    "dma100" : 1191.13,
    "dma200" : 1017.10,
    "volume" : 363906.00
  }, {
    "date" : "2025-12-02",
    "price" : 1550.50,
    "dma50" : 1303.45,
    "dma100" : 1195.48,
    "dma200" : 1022.41,
    "volume" : 257926.00
  }, {
    "date" : "2025-12-03",
    "price" : 1557.10,
    "dma50" : 1313.40,
    "dma100" : 1199.83,
    "dma200" : 1027.73,
    "volume" : 175593.00
  }, {
    "date" : "2025-12-04",
    "price" : 1563.30,
    "dma50" : 1323.20,
    "dma100" : 1204.11,
    "dma200" : 1033.06,
    "volume" : 139062.00
  }, {
    "date" : "2025-12-05",
    "price" : 1524.80,
    "dma50" : 1331.10,
    "dma100" : 1207.88,
    "dma200" : 1037.95,
    "volume" : 117818.00
  }, {
    "date" : "2025-12-08",
    "price" : 1487.90,
    "dma50" : 1337.25,
    "dma100" : 1211.27,
    "dma200" : 1042.43,
    "volume" : 252880.00
  }, {
    "date" : "2025-12-09",
    "price" : 1511.70,
    "dma50" : 1344.09,
    "dma100" : 1214.88,
    "dma200" : 1047.09,
    "volume" : 282221.00
  }, {
    "date" : "2025-12-10",
    "price" : 1479.10,
    "dma50" : 1349.39,
    "dma100" : 1218.27,
    "dma200" : 1051.39,
    "volume" : 150218.00
  }, {
    "date" : "2025-12-11",
    "price" : 1477.80,
    "dma50" : 1354.42,
    "dma100" : 1221.52,
    "dma200" : 1055.64,
    "volume" : 83748.00
  }, {
    "date" : "2025-12-12",
    "price" : 1481.30,
    "dma50" : 1359.40,
    "dma100" : 1224.88,
    "dma200" : 1059.87,
    "volume" : 91744.00
  }, {
    "date" : "2025-12-15",
    "price" : 1575.70,
    "dma50" : 1367.88,
    "dma100" : 1229.20,
    "dma200" : 1065.00,
    "volume" : 640488.00
  }, {
    "date" : "2025-12-16",
    "price" : 1498.60,
    "dma50" : 1373.01,
    "dma100" : 1232.77,
    "dma200" : 1069.32,
    "volume" : 348474.00
  }, {
    "date" : "2025-12-17",
    "price" : 1445.50,
    "dma50" : 1375.85,
    "dma100" : 1235.81,
    "dma200" : 1073.06,
    "volume" : 197826.00
  }, {
    "date" : "2025-12-18",
    "price" : 1451.50,
    "dma50" : 1378.82,
    "dma100" : 1239.43,
    "dma200" : 1076.83,
    "volume" : 315490.00
  }, {
    "date" : "2025-12-19",
    "price" : 1542.00,
    "dma50" : 1385.22,
    "dma100" : 1244.47,
    "dma200" : 1081.46,
    "volume" : 324621.00
  }, {
    "date" : "2025-12-22",
    "price" : 1584.80,
    "dma50" : 1393.04,
    "dma100" : 1249.92,
    "dma200" : 1086.46,
    "volume" : 195670.00
  }, {
    "date" : "2025-12-23",
    "price" : 1574.70,
    "dma50" : 1400.17,
    "dma100" : 1254.94,
    "dma200" : 1091.32,
    "volume" : 227025.00
  }, {
    "date" : "2025-12-24",
    "price" : 1553.00,
    "dma50" : 1406.16,
    "dma100" : 1259.35,
    "dma200" : 1095.92,
    "volume" : 77851.00
  }, {
    "date" : "2025-12-26",
    "price" : 1517.60,
    "dma50" : 1410.53,
    "dma100" : 1263.51,
    "dma200" : 1100.11,
    "volume" : 114595.00
  }, {
    "date" : "2025-12-29",
    "price" : 1499.70,
    "dma50" : 1414.03,
    "dma100" : 1267.61,
    "dma200" : 1104.09,
    "volume" : 92585.00
  }, {
    "date" : "2025-12-30",
    "price" : 1520.00,
    "dma50" : 1418.18,
    "dma100" : 1271.33,
    "dma200" : 1108.23,
    "volume" : 107885.00
  }, {
    "date" : "2025-12-31",
    "price" : 1544.50,
    "dma50" : 1423.14,
    "dma100" : 1274.81,
    "dma200" : 1112.57,
    "volume" : 104917.00
  }, {
    "date" : "2026-01-01",
    "price" : 1616.60,
    "dma50" : 1430.72,
    "dma100" : 1279.43,
    "dma200" : 1117.58,
    "volume" : 945880.00
  }, {
    "date" : "2026-01-02",
    "price" : 1655.40,
    "dma50" : 1439.54,
    "dma100" : 1285.59,
    "dma200" : 1122.93,
    "volume" : 432622.00
  }, {
    "date" : "2026-01-05",
    "price" : 1682.00,
    "dma50" : 1449.04,
    "dma100" : 1292.49,
    "dma200" : 1128.50,
    "volume" : 260589.00
  }, {
    "date" : "2026-01-06",
    "price" : 1670.80,
    "dma50" : 1457.74,
    "dma100" : 1298.77,
    "dma200" : 1133.89,
    "volume" : 120097.00
  }, {
    "date" : "2026-01-07",
    "price" : 1669.70,
    "dma50" : 1466.05,
    "dma100" : 1305.23,
    "dma200" : 1139.22,
    "volume" : 98571.00
  }, {
    "date" : "2026-01-08",
    "price" : 1583.30,
    "dma50" : 1470.65,
    "dma100" : 1310.94,
    "dma200" : 1143.64,
    "volume" : 189629.00
  }, {
    "date" : "2026-01-09",
    "price" : 1530.90,
    "dma50" : 1473.01,
    "dma100" : 1316.20,
    "dma200" : 1147.50,
    "volume" : 199640.00
  }, {
    "date" : "2026-01-12",
    "price" : 1511.20,
    "dma50" : 1474.51,
    "dma100" : 1320.31,
    "dma200" : 1151.12,
    "volume" : 202801.00
  }, {
    "date" : "2026-01-13",
    "price" : 1498.70,
    "dma50" : 1475.46,
    "dma100" : 1323.96,
    "dma200" : 1154.57,
    "volume" : 182265.00
  }, {
    "date" : "2026-01-14",
    "price" : 1531.60,
    "dma50" : 1477.66,
    "dma100" : 1327.65,
    "dma200" : 1158.33,
    "volume" : 199043.00
  }, {
    "date" : "2026-01-16",
    "price" : 1540.80,
    "dma50" : 1480.14,
    "dma100" : 1331.63,
    "dma200" : 1162.13,
    "volume" : 144158.00
  }, {
    "date" : "2026-01-19",
    "price" : 1479.30,
    "dma50" : 1480.10,
    "dma100" : 1335.00,
    "dma200" : 1165.29,
    "volume" : 107525.00
  }, {
    "date" : "2026-01-20",
    "price" : 1362.10,
    "dma50" : 1475.48,
    "dma100" : 1337.23,
    "dma200" : 1167.25,
    "volume" : 247749.00
  }, {
    "date" : "2026-01-21",
    "price" : 1394.40,
    "dma50" : 1472.30,
    "dma100" : 1339.81,
    "dma200" : 1169.51,
    "volume" : 192064.00
  }, {
    "date" : "2026-01-22",
    "price" : 1388.20,
    "dma50" : 1469.00,
    "dma100" : 1342.50,
    "dma200" : 1171.68,
    "volume" : 118329.00
  }, {
    "date" : "2026-01-23",
    "price" : 1377.60,
    "dma50" : 1465.41,
    "dma100" : 1344.53,
    "dma200" : 1173.73,
    "volume" : 150824.00
  }, {
    "date" : "2026-01-27",
    "price" : 1355.00,
    "dma50" : 1461.08,
    "dma100" : 1345.67,
    "dma200" : 1175.53,
    "volume" : 178794.00
  }, {
    "date" : "2026-01-28",
    "price" : 1332.80,
    "dma50" : 1456.05,
    "dma100" : 1347.73,
    "dma200" : 1177.10,
    "volume" : 175780.00
  }, {
    "date" : "2026-01-29",
    "price" : 1324.80,
    "dma50" : 1450.91,
    "dma100" : 1350.50,
    "dma200" : 1178.57,
    "volume" : 140812.00
  } ],
  "latestTechnicalAttributes" : {
    "date" : "2026-01-29",
    "price" : 1324.80,
    "dma50" : 1450.91,
    "dma100" : 1350.50,
    "dma200" : 1178.57,
    "volume" : 140812.00
  },
  "quarterlyResults" : [ {
    "date" : "2006-03-31",
    "sales" : 15.40,
    "salesGrowthYoY" : null,
    "grossProfitMargin" : 25.71,
    "grossProfit" : 3.96,
    "operatingProfitMargin" : 6.49,
    "operatingProfit" : 1.00,
    "netProfitMargin" : 0.97,
    "netProfit" : 0.15
  }, {
    "date" : "2006-06-30",
    "sales" : 21.29,
    "salesGrowthYoY" : null,
    "grossProfitMargin" : 25.69,
    "grossProfit" : 5.47,
    "operatingProfitMargin" : 6.48,
    "operatingProfit" : 1.38,
    "netProfitMargin" : 3.76,
    "netProfit" : 0.80
  }, {
    "date" : "2006-09-30",
    "sales" : 44.60,
    "salesGrowthYoY" : null,
    "grossProfitMargin" : 20.92,
    "grossProfit" : 9.33,
    "operatingProfitMargin" : 5.25,
    "operatingProfit" : 2.34,
    "netProfitMargin" : 2.87,
    "netProfit" : 1.28
  }, {
    "date" : "2006-12-31",
    "sales" : 42.73,
    "salesGrowthYoY" : null,
    "grossProfitMargin" : 15.38,
    "grossProfit" : 6.57,
    "operatingProfitMargin" : 1.52,
    "operatingProfit" : 0.65,
    "netProfitMargin" : 0.09,
    "netProfit" : 0.04
  }, {
    "date" : "2007-03-31",
    "sales" : 51.73,
    "salesGrowthYoY" : 235.91,
    "grossProfitMargin" : 14.44,
    "grossProfit" : 7.47,
    "operatingProfitMargin" : 3.54,
    "operatingProfit" : 1.83,
    "netProfitMargin" : 1.22,
    "netProfit" : 0.63
  }, {
    "date" : "2007-06-30",
    "sales" : 59.57,
    "salesGrowthYoY" : 179.80,
    "grossProfitMargin" : 17.37,
    "grossProfit" : 10.35,
    "operatingProfitMargin" : 4.05,
    "operatingProfit" : 2.41,
    "netProfitMargin" : 2.00,
    "netProfit" : 1.19
  }, {
    "date" : "2007-09-30",
    "sales" : 42.56,
    "salesGrowthYoY" : -4.57,
    "grossProfitMargin" : 22.23,
    "grossProfit" : 9.46,
    "operatingProfitMargin" : 4.44,
    "operatingProfit" : 1.89,
    "netProfitMargin" : 1.88,
    "netProfit" : 0.80
  }, {
    "date" : "2007-12-31",
    "sales" : 41.45,
    "salesGrowthYoY" : -3.00,
    "grossProfitMargin" : 22.77,
    "grossProfit" : 9.44,
    "operatingProfitMargin" : 3.91,
    "operatingProfit" : 1.62,
    "netProfitMargin" : 1.28,
    "netProfit" : 0.53
  }, {
    "date" : "2008-03-31",
    "sales" : 33.60,
    "salesGrowthYoY" : -35.05,
    "grossProfitMargin" : 24.05,
    "grossProfit" : 8.08,
    "operatingProfitMargin" : 3.54,
    "operatingProfit" : 1.19,
    "netProfitMargin" : 0.71,
    "netProfit" : 0.24
  }, {
    "date" : "2008-06-30",
    "sales" : 41.69,
    "salesGrowthYoY" : -30.02,
    "grossProfitMargin" : 20.36,
    "grossProfit" : 8.49,
    "operatingProfitMargin" : 3.36,
    "operatingProfit" : 1.40,
    "netProfitMargin" : 0.96,
    "netProfit" : 0.40
  }, {
    "date" : "2008-09-30",
    "sales" : 44.11,
    "salesGrowthYoY" : 3.64,
    "grossProfitMargin" : 20.43,
    "grossProfit" : 9.01,
    "operatingProfitMargin" : 3.74,
    "operatingProfit" : 1.65,
    "netProfitMargin" : 1.36,
    "netProfit" : 0.60
  }, {
    "date" : "2008-12-31",
    "sales" : 41.35,
    "salesGrowthYoY" : -0.24,
    "grossProfitMargin" : 21.84,
    "grossProfit" : 9.03,
    "operatingProfitMargin" : 4.35,
    "operatingProfit" : 1.80,
    "netProfitMargin" : 1.35,
    "netProfit" : 0.56
  }, {
    "date" : "2009-03-31",
    "sales" : 34.12,
    "salesGrowthYoY" : 1.55,
    "grossProfitMargin" : 18.70,
    "grossProfit" : 6.38,
    "operatingProfitMargin" : -3.72,
    "operatingProfit" : -1.27,
    "netProfitMargin" : -2.34,
    "netProfit" : -0.80
  }, {
    "date" : "2009-06-30",
    "sales" : 41.99,
    "salesGrowthYoY" : 0.72,
    "grossProfitMargin" : 20.34,
    "grossProfit" : 8.54,
    "operatingProfitMargin" : 2.57,
    "operatingProfit" : 1.08,
    "netProfitMargin" : -0.05,
    "netProfit" : -0.02
  }, {
    "date" : "2009-09-30",
    "sales" : 53.11,
    "salesGrowthYoY" : 20.40,
    "grossProfitMargin" : 17.36,
    "grossProfit" : 9.22,
    "operatingProfitMargin" : 2.00,
    "operatingProfit" : 1.06,
    "netProfitMargin" : 5.76,
    "netProfit" : 3.06
  }, {
    "date" : "2009-12-31",
    "sales" : 66.73,
    "salesGrowthYoY" : 61.38,
    "grossProfitMargin" : 22.16,
    "grossProfit" : 14.79,
    "operatingProfitMargin" : 8.06,
    "operatingProfit" : 5.38,
    "netProfitMargin" : 4.42,
    "netProfit" : 2.95
  }, {
    "date" : "2010-03-31",
    "sales" : 65.21,
    "salesGrowthYoY" : 91.12,
    "grossProfitMargin" : 19.03,
    "grossProfit" : 12.41,
    "operatingProfitMargin" : 3.42,
    "operatingProfit" : 2.23,
    "netProfitMargin" : 1.20,
    "netProfit" : 0.78
  }, {
    "date" : "2010-06-30",
    "sales" : 74.00,
    "salesGrowthYoY" : 76.23,
    "grossProfitMargin" : 22.15,
    "grossProfit" : 16.39,
    "operatingProfitMargin" : 8.53,
    "operatingProfit" : 6.31,
    "netProfitMargin" : 4.93,
    "netProfit" : 3.65
  }, {
    "date" : "2010-09-30",
    "sales" : 85.47,
    "salesGrowthYoY" : 60.93,
    "grossProfitMargin" : 22.41,
    "grossProfit" : 19.15,
    "operatingProfitMargin" : 8.82,
    "operatingProfit" : 7.54,
    "netProfitMargin" : 5.76,
    "netProfit" : 4.92
  }, {
    "date" : "2010-12-31",
    "sales" : 87.40,
    "salesGrowthYoY" : 30.98,
    "grossProfitMargin" : 22.40,
    "grossProfit" : 19.58,
    "operatingProfitMargin" : 8.03,
    "operatingProfit" : 7.02,
    "netProfitMargin" : 5.33,
    "netProfit" : 4.66
  }, {
    "date" : "2011-03-31",
    "sales" : 93.29,
    "salesGrowthYoY" : 43.06,
    "grossProfitMargin" : 21.41,
    "grossProfit" : 19.97,
    "operatingProfitMargin" : 7.09,
    "operatingProfit" : 6.61,
    "netProfitMargin" : 4.28,
    "netProfit" : 3.99
  }, {
    "date" : "2011-06-30",
    "sales" : 106.94,
    "salesGrowthYoY" : 44.51,
    "grossProfitMargin" : 20.76,
    "grossProfit" : 22.20,
    "operatingProfitMargin" : 8.09,
    "operatingProfit" : 8.65,
    "netProfitMargin" : 5.46,
    "netProfit" : 5.84
  }, {
    "date" : "2011-09-30",
    "sales" : 108.69,
    "salesGrowthYoY" : 27.17,
    "grossProfitMargin" : 21.59,
    "grossProfit" : 23.47,
    "operatingProfitMargin" : 7.04,
    "operatingProfit" : 7.65,
    "netProfitMargin" : 5.52,
    "netProfit" : 6.00
  }, {
    "date" : "2011-12-31",
    "sales" : 107.46,
    "salesGrowthYoY" : 22.95,
    "grossProfitMargin" : 22.46,
    "grossProfit" : 24.14,
    "operatingProfitMargin" : 7.61,
    "operatingProfit" : 8.18,
    "netProfitMargin" : 4.90,
    "netProfit" : 5.27
  }, {
    "date" : "2012-03-31",
    "sales" : 114.69,
    "salesGrowthYoY" : 22.94,
    "grossProfitMargin" : 22.09,
    "grossProfit" : 25.34,
    "operatingProfitMargin" : 7.39,
    "operatingProfit" : 8.48,
    "netProfitMargin" : 4.75,
    "netProfit" : 5.45
  }, {
    "date" : "2012-06-30",
    "sales" : 114.60,
    "salesGrowthYoY" : 7.16,
    "grossProfitMargin" : 25.47,
    "grossProfit" : 29.19,
    "operatingProfitMargin" : 11.68,
    "operatingProfit" : 13.39,
    "netProfitMargin" : 7.71,
    "netProfit" : 8.84
  }, {
    "date" : "2012-09-30",
    "sales" : 103.47,
    "salesGrowthYoY" : -4.80,
    "grossProfitMargin" : 22.83,
    "grossProfit" : 23.62,
    "operatingProfitMargin" : 6.61,
    "operatingProfit" : 6.84,
    "netProfitMargin" : 4.34,
    "netProfit" : 4.49
  }, {
    "date" : "2012-12-31",
    "sales" : 104.33,
    "salesGrowthYoY" : -2.91,
    "grossProfitMargin" : 21.78,
    "grossProfit" : 22.72,
    "operatingProfitMargin" : 5.94,
    "operatingProfit" : 6.20,
    "netProfitMargin" : 3.57,
    "netProfit" : 3.72
  }, {
    "date" : "2013-03-31",
    "sales" : 110.46,
    "salesGrowthYoY" : -3.69,
    "grossProfitMargin" : 23.95,
    "grossProfit" : 26.46,
    "operatingProfitMargin" : 7.79,
    "operatingProfit" : 8.60,
    "netProfitMargin" : 4.75,
    "netProfit" : 5.25
  }, {
    "date" : "2013-06-30",
    "sales" : 104.98,
    "salesGrowthYoY" : -8.39,
    "grossProfitMargin" : 23.31,
    "grossProfit" : 24.47,
    "operatingProfitMargin" : 6.68,
    "operatingProfit" : 7.01,
    "netProfitMargin" : 3.92,
    "netProfit" : 4.12
  }, {
    "date" : "2013-09-30",
    "sales" : 112.98,
    "salesGrowthYoY" : 9.19,
    "grossProfitMargin" : 23.77,
    "grossProfit" : 26.86,
    "operatingProfitMargin" : 5.94,
    "operatingProfit" : 6.71,
    "netProfitMargin" : 2.62,
    "netProfit" : 2.96
  }, {
    "date" : "2013-12-31",
    "sales" : 127.45,
    "salesGrowthYoY" : 22.16,
    "grossProfitMargin" : 24.63,
    "grossProfit" : 31.39,
    "operatingProfitMargin" : 6.20,
    "operatingProfit" : 7.90,
    "netProfitMargin" : 2.73,
    "netProfit" : 3.48
  }, {
    "date" : "2014-03-31",
    "sales" : 131.21,
    "salesGrowthYoY" : 18.79,
    "grossProfitMargin" : 24.93,
    "grossProfit" : 32.71,
    "operatingProfitMargin" : 7.53,
    "operatingProfit" : 9.88,
    "netProfitMargin" : 3.40,
    "netProfit" : 4.46
  }, {
    "date" : "2014-06-30",
    "sales" : 121.68,
    "salesGrowthYoY" : 15.91,
    "grossProfitMargin" : 26.36,
    "grossProfit" : 32.07,
    "operatingProfitMargin" : 6.75,
    "operatingProfit" : 8.21,
    "netProfitMargin" : 3.03,
    "netProfit" : 3.69
  }, {
    "date" : "2014-09-30",
    "sales" : 137.09,
    "salesGrowthYoY" : 21.34,
    "grossProfitMargin" : 26.19,
    "grossProfit" : 35.90,
    "operatingProfitMargin" : 6.89,
    "operatingProfit" : 9.45,
    "netProfitMargin" : 3.06,
    "netProfit" : 4.19
  }, {
    "date" : "2014-12-31",
    "sales" : 136.54,
    "salesGrowthYoY" : 7.13,
    "grossProfitMargin" : 25.62,
    "grossProfit" : 34.98,
    "operatingProfitMargin" : 6.69,
    "operatingProfit" : 9.13,
    "netProfitMargin" : 2.78,
    "netProfit" : 3.80
  }, {
    "date" : "2015-03-31",
    "sales" : 128.50,
    "salesGrowthYoY" : -2.07,
    "grossProfitMargin" : 24.44,
    "grossProfit" : 31.41,
    "operatingProfitMargin" : 6.16,
    "operatingProfit" : 7.92,
    "netProfitMargin" : 1.78,
    "netProfit" : 2.29
  }, {
    "date" : "2015-06-30",
    "sales" : 136.92,
    "salesGrowthYoY" : 12.52,
    "grossProfitMargin" : 26.35,
    "grossProfit" : 36.08,
    "operatingProfitMargin" : 6.68,
    "operatingProfit" : 9.15,
    "netProfitMargin" : 2.77,
    "netProfit" : 3.79
  }, {
    "date" : "2015-09-30",
    "sales" : 146.25,
    "salesGrowthYoY" : 6.68,
    "grossProfitMargin" : 27.95,
    "grossProfit" : 40.88,
    "operatingProfitMargin" : 7.36,
    "operatingProfit" : 10.76,
    "netProfitMargin" : 3.46,
    "netProfit" : 5.06
  }, {
    "date" : "2015-12-31",
    "sales" : 140.68,
    "salesGrowthYoY" : 3.03,
    "grossProfitMargin" : 27.25,
    "grossProfit" : 38.34,
    "operatingProfitMargin" : 5.84,
    "operatingProfit" : 8.22,
    "netProfitMargin" : 2.16,
    "netProfit" : 3.04
  }, {
    "date" : "2016-03-31",
    "sales" : 138.08,
    "salesGrowthYoY" : 7.46,
    "grossProfitMargin" : 27.55,
    "grossProfit" : 38.04,
    "operatingProfitMargin" : 4.78,
    "operatingProfit" : 6.60,
    "netProfitMargin" : 5.55,
    "netProfit" : 7.66
  }, {
    "date" : "2016-06-30",
    "sales" : 139.50,
    "salesGrowthYoY" : 1.88,
    "grossProfitMargin" : 28.04,
    "grossProfit" : 39.12,
    "operatingProfitMargin" : 5.89,
    "operatingProfit" : 8.22,
    "netProfitMargin" : 2.42,
    "netProfit" : 3.38
  }, {
    "date" : "2016-09-30",
    "sales" : 130.11,
    "salesGrowthYoY" : -11.04,
    "grossProfitMargin" : 30.02,
    "grossProfit" : 39.06,
    "operatingProfitMargin" : 5.42,
    "operatingProfit" : 7.05,
    "netProfitMargin" : 2.03,
    "netProfit" : 2.64
  }, {
    "date" : "2016-12-31",
    "sales" : 100.09,
    "salesGrowthYoY" : -28.85,
    "grossProfitMargin" : 29.69,
    "grossProfit" : 29.72,
    "operatingProfitMargin" : 3.90,
    "operatingProfit" : 3.90,
    "netProfitMargin" : 1.47,
    "netProfit" : 1.47
  }, {
    "date" : "2017-03-31",
    "sales" : 111.04,
    "salesGrowthYoY" : -19.58,
    "grossProfitMargin" : 27.60,
    "grossProfit" : 30.65,
    "operatingProfitMargin" : 3.91,
    "operatingProfit" : 4.34,
    "netProfitMargin" : 1.03,
    "netProfit" : 1.14
  }, {
    "date" : "2017-06-30",
    "sales" : 112.30,
    "salesGrowthYoY" : -19.50,
    "grossProfitMargin" : 30.62,
    "grossProfit" : 34.39,
    "operatingProfitMargin" : 5.10,
    "operatingProfit" : 5.73,
    "netProfitMargin" : 2.97,
    "netProfit" : 3.34
  }, {
    "date" : "2017-09-30",
    "sales" : 134.04,
    "salesGrowthYoY" : 3.02,
    "grossProfitMargin" : 29.90,
    "grossProfit" : 40.08,
    "operatingProfitMargin" : 7.83,
    "operatingProfit" : 10.50,
    "netProfitMargin" : 9.20,
    "netProfit" : 12.33
  }, {
    "date" : "2017-12-31",
    "sales" : 154.08,
    "salesGrowthYoY" : 53.94,
    "grossProfitMargin" : 31.46,
    "grossProfit" : 48.47,
    "operatingProfitMargin" : 8.92,
    "operatingProfit" : 13.74,
    "netProfitMargin" : 4.80,
    "netProfit" : 7.40
  }, {
    "date" : "2018-03-31",
    "sales" : 154.01,
    "salesGrowthYoY" : 38.70,
    "grossProfitMargin" : 28.83,
    "grossProfit" : 44.40,
    "operatingProfitMargin" : 5.10,
    "operatingProfit" : 7.85,
    "netProfitMargin" : 4.97,
    "netProfit" : 7.65
  }, {
    "date" : "2018-06-30",
    "sales" : 148.41,
    "salesGrowthYoY" : 32.15,
    "grossProfitMargin" : 30.95,
    "grossProfit" : 45.93,
    "operatingProfitMargin" : 7.42,
    "operatingProfit" : 11.01,
    "netProfitMargin" : 6.49,
    "netProfit" : 9.63
  }, {
    "date" : "2018-09-30",
    "sales" : 252.51,
    "salesGrowthYoY" : 88.38,
    "grossProfitMargin" : 30.08,
    "grossProfit" : 75.96,
    "operatingProfitMargin" : 7.63,
    "operatingProfit" : 19.27,
    "netProfitMargin" : 7.71,
    "netProfit" : 19.47
  }, {
    "date" : "2018-12-31",
    "sales" : 245.94,
    "salesGrowthYoY" : 59.62,
    "grossProfitMargin" : 30.67,
    "grossProfit" : 75.43,
    "operatingProfitMargin" : 8.06,
    "operatingProfit" : 19.82,
    "netProfitMargin" : 6.12,
    "netProfit" : 15.05
  }, {
    "date" : "2019-03-31",
    "sales" : 235.94,
    "salesGrowthYoY" : 53.20,
    "grossProfitMargin" : 29.51,
    "grossProfit" : 69.63,
    "operatingProfitMargin" : 6.69,
    "operatingProfit" : 15.78,
    "netProfitMargin" : 4.20,
    "netProfit" : 9.91
  }, {
    "date" : "2019-06-30",
    "sales" : 235.76,
    "salesGrowthYoY" : 58.86,
    "grossProfitMargin" : 31.14,
    "grossProfit" : 73.42,
    "operatingProfitMargin" : 8.43,
    "operatingProfit" : 19.87,
    "netProfitMargin" : 7.18,
    "netProfit" : 16.93
  }, {
    "date" : "2019-09-30",
    "sales" : 247.17,
    "salesGrowthYoY" : -2.11,
    "grossProfitMargin" : 31.33,
    "grossProfit" : 77.44,
    "operatingProfitMargin" : 8.15,
    "operatingProfit" : 20.14,
    "netProfitMargin" : 9.73,
    "netProfit" : 24.05
  }, {
    "date" : "2019-12-31",
    "sales" : 242.63,
    "salesGrowthYoY" : -1.35,
    "grossProfitMargin" : 30.68,
    "grossProfit" : 74.44,
    "operatingProfitMargin" : 8.58,
    "operatingProfit" : 20.82,
    "netProfitMargin" : 5.07,
    "netProfit" : 12.30
  }, {
    "date" : "2020-03-31",
    "sales" : 216.80,
    "salesGrowthYoY" : -8.11,
    "grossProfitMargin" : 30.14,
    "grossProfit" : 65.34,
    "operatingProfitMargin" : 3.38,
    "operatingProfit" : 7.33,
    "netProfitMargin" : 2.89,
    "netProfit" : 6.27
  }, {
    "date" : "2020-06-30",
    "sales" : 60.79,
    "salesGrowthYoY" : -74.22,
    "grossProfitMargin" : 30.71,
    "grossProfit" : 18.67,
    "operatingProfitMargin" : -11.40,
    "operatingProfit" : -6.93,
    "netProfitMargin" : -12.65,
    "netProfit" : -7.69
  }, {
    "date" : "2020-09-30",
    "sales" : 235.18,
    "salesGrowthYoY" : -4.85,
    "grossProfitMargin" : 30.59,
    "grossProfit" : 71.94,
    "operatingProfitMargin" : 8.92,
    "operatingProfit" : 20.98,
    "netProfitMargin" : 6.05,
    "netProfit" : 14.23
  }, {
    "date" : "2020-12-31",
    "sales" : 296.36,
    "salesGrowthYoY" : 22.14,
    "grossProfitMargin" : 30.26,
    "grossProfit" : 89.68,
    "operatingProfitMargin" : 9.35,
    "operatingProfit" : 27.71,
    "netProfitMargin" : 6.77,
    "netProfit" : 20.06
  }, {
    "date" : "2021-03-31",
    "sales" : 310.62,
    "salesGrowthYoY" : 43.27,
    "grossProfitMargin" : 29.03,
    "grossProfit" : 90.17,
    "operatingProfitMargin" : 7.76,
    "operatingProfit" : 24.10,
    "netProfitMargin" : 4.99,
    "netProfit" : 15.50
  }, {
    "date" : "2021-06-30",
    "sales" : 200.04,
    "salesGrowthYoY" : 229.07,
    "grossProfitMargin" : 29.77,
    "grossProfit" : 59.55,
    "operatingProfitMargin" : 3.93,
    "operatingProfit" : 7.86,
    "netProfitMargin" : 1.73,
    "netProfit" : 3.46
  }, {
    "date" : "2021-09-30",
    "sales" : 322.26,
    "salesGrowthYoY" : 37.03,
    "grossProfitMargin" : 29.98,
    "grossProfit" : 96.61,
    "operatingProfitMargin" : 9.32,
    "operatingProfit" : 30.03,
    "netProfitMargin" : 7.19,
    "netProfit" : 23.17
  }, {
    "date" : "2021-12-31",
    "sales" : 330.94,
    "salesGrowthYoY" : 11.67,
    "grossProfitMargin" : 29.56,
    "grossProfit" : 97.83,
    "operatingProfitMargin" : 8.41,
    "operatingProfit" : 27.83,
    "netProfitMargin" : 5.37,
    "netProfit" : 17.77
  }, {
    "date" : "2022-03-31",
    "sales" : 317.15,
    "salesGrowthYoY" : 2.10,
    "grossProfitMargin" : 29.46,
    "grossProfit" : 93.43,
    "operatingProfitMargin" : 7.39,
    "operatingProfit" : 23.44,
    "netProfitMargin" : 4.71,
    "netProfit" : 14.94
  }, {
    "date" : "2022-06-30",
    "sales" : 294.63,
    "salesGrowthYoY" : 47.29,
    "grossProfitMargin" : 30.02,
    "grossProfit" : 88.45,
    "operatingProfitMargin" : 7.47,
    "operatingProfit" : 22.01,
    "netProfitMargin" : 6.19,
    "netProfit" : 18.24
  }, {
    "date" : "2022-09-30",
    "sales" : 368.22,
    "salesGrowthYoY" : 14.26,
    "grossProfitMargin" : 30.05,
    "grossProfit" : 110.65,
    "operatingProfitMargin" : 8.11,
    "operatingProfit" : 29.86,
    "netProfitMargin" : 6.05,
    "netProfit" : 22.28
  }, {
    "date" : "2022-12-31",
    "sales" : 330.99,
    "salesGrowthYoY" : 0.02,
    "grossProfitMargin" : 29.83,
    "grossProfit" : 98.73,
    "operatingProfitMargin" : 7.84,
    "operatingProfit" : 25.95,
    "netProfitMargin" : 5.30,
    "netProfit" : 17.54
  }, {
    "date" : "2023-03-31",
    "sales" : 303.24,
    "salesGrowthYoY" : -4.39,
    "grossProfitMargin" : 32.40,
    "grossProfit" : 98.25,
    "operatingProfitMargin" : 8.63,
    "operatingProfit" : 26.17,
    "netProfitMargin" : 6.80,
    "netProfit" : 20.62
  }, {
    "date" : "2023-06-30",
    "sales" : 294.28,
    "salesGrowthYoY" : -0.12,
    "grossProfitMargin" : 31.89,
    "grossProfit" : 93.85,
    "operatingProfitMargin" : 7.58,
    "operatingProfit" : 22.31,
    "netProfitMargin" : 4.15,
    "netProfit" : 12.21
  }, {
    "date" : "2023-09-30",
    "sales" : 338.64,
    "salesGrowthYoY" : -8.03,
    "grossProfitMargin" : 32.36,
    "grossProfit" : 109.58,
    "operatingProfitMargin" : 7.95,
    "operatingProfit" : 26.92,
    "netProfitMargin" : 6.46,
    "netProfit" : 21.88
  }, {
    "date" : "2023-12-31",
    "sales" : 347.28,
    "salesGrowthYoY" : 4.92,
    "grossProfitMargin" : 32.70,
    "grossProfit" : 113.56,
    "operatingProfitMargin" : 9.42,
    "operatingProfit" : 32.71,
    "netProfitMargin" : 5.18,
    "netProfit" : 17.99
  }, {
    "date" : "2024-03-31",
    "sales" : 354.37,
    "salesGrowthYoY" : 16.86,
    "grossProfitMargin" : 33.09,
    "grossProfit" : 117.26,
    "operatingProfitMargin" : 8.99,
    "operatingProfit" : 31.86,
    "netProfitMargin" : 11.46,
    "netProfit" : 40.61
  }, {
    "date" : "2024-06-30",
    "sales" : 341.86,
    "salesGrowthYoY" : 16.17,
    "grossProfitMargin" : 33.33,
    "grossProfit" : 113.94,
    "operatingProfitMargin" : 8.83,
    "operatingProfit" : 30.19,
    "netProfitMargin" : 4.55,
    "netProfit" : 15.55
  }, {
    "date" : "2024-09-30",
    "sales" : 369.76,
    "salesGrowthYoY" : 9.19,
    "grossProfitMargin" : 33.49,
    "grossProfit" : 123.83,
    "operatingProfitMargin" : 9.46,
    "operatingProfit" : 34.98,
    "netProfitMargin" : 6.44,
    "netProfit" : 23.81
  }, {
    "date" : "2024-12-31",
    "sales" : 382.18,
    "salesGrowthYoY" : 10.05,
    "grossProfitMargin" : 32.70,
    "grossProfit" : 124.97,
    "operatingProfitMargin" : 9.97,
    "operatingProfit" : 38.10,
    "netProfitMargin" : 5.80,
    "netProfit" : 22.17
  }, {
    "date" : "2025-03-31",
    "sales" : 381.63,
    "salesGrowthYoY" : 7.69,
    "grossProfitMargin" : 32.13,
    "grossProfit" : 122.62,
    "operatingProfitMargin" : 5.65,
    "operatingProfit" : 21.56,
    "netProfitMargin" : 3.24,
    "netProfit" : 12.36
  }, {
    "date" : "2025-06-30",
    "sales" : 367.40,
    "salesGrowthYoY" : 7.47,
    "grossProfitMargin" : 33.74,
    "grossProfit" : 123.96,
    "operatingProfitMargin" : 7.31,
    "operatingProfit" : 26.86,
    "netProfitMargin" : 10.98,
    "netProfit" : 40.34
  }, {
    "date" : "2025-09-30",
    "sales" : 436.00,
    "salesGrowthYoY" : 17.91,
    "grossProfitMargin" : 33.00,
    "grossProfit" : 143.88,
    "operatingProfitMargin" : 6.66,
    "operatingProfit" : 29.04,
    "netProfitMargin" : 4.32,
    "netProfit" : 18.84
  } ],
  "latestQuarterlyResult" : {
    "date" : "2025-09-30",
    "sales" : 436.00,
    "salesGrowthYoY" : 17.91,
    "grossProfitMargin" : 33.00,
    "grossProfit" : 143.88,
    "operatingProfitMargin" : 6.66,
    "operatingProfit" : 29.04,
    "netProfitMargin" : 4.32,
    "netProfit" : 18.84
  },
  "companyScore" : {
    "priceHigherThanDma50" : 0.00,
    "priceHigherThanDma100" : 0.00,
    "priceHigherThanDma200" : 5.00,
    "dma50HigherThanDma100" : 5.00,
    "dma50HigherThanDma200" : 5.00,
    "dma100HigherThanDma200" : 5.00,
    "pricePercentageAboveDma50" : 5.43,
    "pricePercentageAboveDma100" : 5.10,
    "pricePercentageAboveDma200" : 4.38,
    "weeklyVolumeHigherThanYearlyVolume" : 0.00,
    "salesGrowthPercentile" : 12.53,
    "operatingProfitMarginPercentile" : 15.65,
    "netProfitMarginPercentile" : 7.04,
    "totalTechnicalScore" : 34.91,
    "totalFundamentalScore" : 35.22,
    "totalScore" : 70.13
  }
}