{
  "metadata" : {
    "screenerCompanyId" : "98567",
    "companyCode" : "M&MFIN",
    "companyName" : "M & M Fin. Serv.",
    "screenerCompanyLink" : "https://www.screener.in/company/M&MFIN/consolidated/",
    "screenerTechnicalHistoryLink" : "https://www.screener.in/api/company/98567/chart/?q=Price-DMA50-DMA200-Volume&days=365",
    "screenerQuarterlyResultsLink" : "https://www.screener.in/api/company/98567/chart/?q=GPM-OPM-NPM-Quarter+Sales&days=10000",
    "attributes" : {
      "companyCode" : "M&MFIN",
      "companyName" : "M & M Fin. Serv.",
      "marketCap" : 52346.00,
      "peRatio" : 21.20,
      "description" : "Mahindra & Mahindra Financial Services Limited (MMFSL), a part of the Mahindra Group,is a NBFC primarily engaged in the business of financing purchase of new and pre-owned auto and utility vehicles, tractors, cars, commercial vehicles, construction equipment and SME Financing. [1]"
    },
    "companyScore" : {
      "priceHigherThanDma50" : 5.00,
      "priceHigherThanDma100" : 5.00,
      "priceHigherThanDma200" : 5.00,
      "dma50HigherThanDma100" : 5.00,
      "dma50HigherThanDma200" : 5.00,
      "dma100HigherThanDma200" : 5.00,
      "pricePercentageAboveDma50" : 4.31,
      "pricePercentageAboveDma100" : 3.67,
      "pricePercentageAboveDma200" : 3.57,
      "weeklyVolumeHigherThanYearlyVolume" : 5.00,
      "salesGrowthPercentile" : 8.98,
      "operatingProfitMarginPercentile" : 15.58,
      "netProfitMarginPercentile" : 7.47,
      "totalTechnicalScore" : 46.55,
      "totalFundamentalScore" : 32.04,
      "totalScore" : 78.58
    }
  },
  "attributes" : {
    "companyCode" : "M&MFIN",
    "companyName" : "M & M Fin. Serv.",
    "marketCap" : 52346.00,
    "peRatio" : 21.20,
    "description" : "Mahindra & Mahindra Financial Services Limited (MMFSL), a part of the Mahindra Group,is a NBFC primarily engaged in the business of financing purchase of new and pre-owned auto and utility vehicles, tractors, cars, commercial vehicles, construction equipment and SME Financing. [1]"
  },
  "technicalHistory" : [ {
    "date" : "2024-12-23",
    "price" : 257.99,
    "dma50" : 271.40,
    "dma100" : null,
    "dma200" : 279.03,
    "volume" : 802108.00
  }, {
    "date" : "2024-12-24",
    "price" : 256.92,
    "dma50" : 270.84,
    "dma100" : null,
    "dma200" : 278.81,
    "volume" : 582356.00
  }, {
    "date" : "2024-12-26",
    "price" : 258.43,
    "dma50" : 270.35,
    "dma100" : null,
    "dma200" : 278.61,
    "volume" : 1794144.00
  }, {
    "date" : "2024-12-27",
    "price" : 259.79,
    "dma50" : 269.93,
    "dma100" : null,
    "dma200" : 278.42,
    "volume" : 2641111.00
  }, {
    "date" : "2024-12-30",
    "price" : 256.97,
    "dma50" : 269.43,
    "dma100" : null,
    "dma200" : 278.21,
    "volume" : 737693.00
  }, {
    "date" : "2024-12-31",
    "price" : 257.80,
    "dma50" : 268.97,
    "dma100" : null,
    "dma200" : 278.01,
    "volume" : 1409578.00
  }, {
    "date" : "2025-01-01",
    "price" : 258.38,
    "dma50" : 268.56,
    "dma100" : null,
    "dma200" : 277.81,
    "volume" : 677344.00
  }, {
    "date" : "2025-01-02",
    "price" : 268.26,
    "dma50" : 268.54,
    "dma100" : null,
    "dma200" : 277.72,
    "volume" : 3689613.00
  }, {
    "date" : "2025-01-03",
    "price" : 268.99,
    "dma50" : 268.56,
    "dma100" : null,
    "dma200" : 277.63,
    "volume" : 3481047.00
  }, {
    "date" : "2025-01-06",
    "price" : 263.68,
    "dma50" : 268.37,
    "dma100" : null,
    "dma200" : 277.49,
    "volume" : 3041303.00
  }, {
    "date" : "2025-01-07",
    "price" : 269.67,
    "dma50" : 268.42,
    "dma100" : null,
    "dma200" : 277.41,
    "volume" : 853738.00
  }, {
    "date" : "2025-01-08",
    "price" : 271.22,
    "dma50" : 268.53,
    "dma100" : null,
    "dma200" : 277.35,
    "volume" : 2699969.00
  }, {
    "date" : "2025-01-09",
    "price" : 272.20,
    "dma50" : 268.67,
    "dma100" : null,
    "dma200" : 277.30,
    "volume" : 1154625.00
  }, {
    "date" : "2025-01-10",
    "price" : 268.11,
    "dma50" : 268.65,
    "dma100" : null,
    "dma200" : 277.21,
    "volume" : 3474850.00
  }, {
    "date" : "2025-01-13",
    "price" : 256.09,
    "dma50" : 268.16,
    "dma100" : null,
    "dma200" : 277.00,
    "volume" : 2936848.00
  }, {
    "date" : "2025-01-14",
    "price" : 259.60,
    "dma50" : 267.82,
    "dma100" : null,
    "dma200" : 276.82,
    "volume" : 2040729.00
  }, {
    "date" : "2025-01-15",
    "price" : 260.62,
    "dma50" : 267.54,
    "dma100" : null,
    "dma200" : 276.66,
    "volume" : 1420734.00
  }, {
    "date" : "2025-01-16",
    "price" : 262.56,
    "dma50" : 267.35,
    "dma100" : null,
    "dma200" : 276.52,
    "volume" : 1284067.00
  }, {
    "date" : "2025-01-17",
    "price" : 261.30,
    "dma50" : 267.11,
    "dma100" : null,
    "dma200" : 276.37,
    "volume" : 1202629.00
  }, {
    "date" : "2025-01-20",
    "price" : 260.42,
    "dma50" : 266.85,
    "dma100" : null,
    "dma200" : 276.21,
    "volume" : 1107112.00
  }, {
    "date" : "2025-01-21",
    "price" : 258.09,
    "dma50" : 266.50,
    "dma100" : null,
    "dma200" : 276.03,
    "volume" : 914049.00
  }, {
    "date" : "2025-01-22",
    "price" : 258.67,
    "dma50" : 266.20,
    "dma100" : null,
    "dma200" : 275.86,
    "volume" : 829370.00
  }, {
    "date" : "2025-01-23",
    "price" : 268.01,
    "dma50" : 266.27,
    "dma100" : null,
    "dma200" : 275.78,
    "volume" : 3169297.00
  }, {
    "date" : "2025-01-24",
    "price" : 260.81,
    "dma50" : 266.05,
    "dma100" : null,
    "dma200" : 275.63,
    "volume" : 694596.00
  }, {
    "date" : "2025-01-27",
    "price" : 252.74,
    "dma50" : 265.53,
    "dma100" : null,
    "dma200" : 275.40,
    "volume" : 1269628.00
  }, {
    "date" : "2025-01-28",
    "price" : 264.66,
    "dma50" : 265.50,
    "dma100" : null,
    "dma200" : 275.30,
    "volume" : 6335302.00
  }, {
    "date" : "2025-01-29",
    "price" : 262.71,
    "dma50" : 265.39,
    "dma100" : null,
    "dma200" : 275.17,
    "volume" : 3907005.00
  }, {
    "date" : "2025-01-30",
    "price" : 269.18,
    "dma50" : 265.54,
    "dma100" : null,
    "dma200" : 275.11,
    "volume" : 2840916.00
  }, {
    "date" : "2025-01-31",
    "price" : 277.26,
    "dma50" : 266.00,
    "dma100" : null,
    "dma200" : 275.13,
    "volume" : 1427553.00
  }, {
    "date" : "2025-02-01",
    "price" : 275.60,
    "dma50" : 266.37,
    "dma100" : null,
    "dma200" : 275.14,
    "volume" : 1363287.00
  }, {
    "date" : "2025-02-03",
    "price" : 283.97,
    "dma50" : 267.06,
    "dma100" : null,
    "dma200" : 275.23,
    "volume" : 2065947.00
  }, {
    "date" : "2025-02-04",
    "price" : 289.76,
    "dma50" : 267.95,
    "dma100" : null,
    "dma200" : 275.37,
    "volume" : 2210238.00
  }, {
    "date" : "2025-02-05",
    "price" : 290.39,
    "dma50" : 268.83,
    "dma100" : null,
    "dma200" : 275.52,
    "volume" : 1616840.00
  }, {
    "date" : "2025-02-06",
    "price" : 289.03,
    "dma50" : 269.62,
    "dma100" : null,
    "dma200" : 275.66,
    "volume" : 1110530.00
  }, {
    "date" : "2025-02-07",
    "price" : 289.66,
    "dma50" : 270.41,
    "dma100" : null,
    "dma200" : 275.79,
    "volume" : 1975548.00
  }, {
    "date" : "2025-02-10",
    "price" : 288.35,
    "dma50" : 271.11,
    "dma100" : null,
    "dma200" : 275.92,
    "volume" : 788512.00
  }, {
    "date" : "2025-02-11",
    "price" : 273.95,
    "dma50" : 271.23,
    "dma100" : null,
    "dma200" : 275.90,
    "volume" : 1707732.00
  }, {
    "date" : "2025-02-12",
    "price" : 268.60,
    "dma50" : 271.12,
    "dma100" : null,
    "dma200" : 275.83,
    "volume" : 1396886.00
  }, {
    "date" : "2025-02-13",
    "price" : 274.97,
    "dma50" : 271.27,
    "dma100" : null,
    "dma200" : 275.82,
    "volume" : 1779935.00
  }, {
    "date" : "2025-02-14",
    "price" : 263.93,
    "dma50" : 270.99,
    "dma100" : null,
    "dma200" : 275.70,
    "volume" : 2794601.00
  }, {
    "date" : "2025-02-17",
    "price" : 269.38,
    "dma50" : 270.92,
    "dma100" : null,
    "dma200" : 275.64,
    "volume" : 1702868.00
  }, {
    "date" : "2025-02-18",
    "price" : 265.43,
    "dma50" : 270.71,
    "dma100" : null,
    "dma200" : 275.54,
    "volume" : 1491256.00
  }, {
    "date" : "2025-02-19",
    "price" : 270.88,
    "dma50" : 270.71,
    "dma100" : null,
    "dma200" : 275.49,
    "volume" : 671079.00
  }, {
    "date" : "2025-02-20",
    "price" : 272.93,
    "dma50" : 270.80,
    "dma100" : null,
    "dma200" : 275.46,
    "volume" : 1086261.00
  }, {
    "date" : "2025-02-21",
    "price" : 263.15,
    "dma50" : 270.50,
    "dma100" : null,
    "dma200" : 275.34,
    "volume" : 5493463.00
  }, {
    "date" : "2025-02-24",
    "price" : 264.02,
    "dma50" : 270.25,
    "dma100" : null,
    "dma200" : 275.23,
    "volume" : 941222.00
  }, {
    "date" : "2025-02-25",
    "price" : 263.68,
    "dma50" : 269.99,
    "dma100" : null,
    "dma200" : 275.11,
    "volume" : 902581.00
  }, {
    "date" : "2025-02-27",
    "price" : 274.29,
    "dma50" : 270.16,
    "dma100" : null,
    "dma200" : 275.11,
    "volume" : 4260641.00
  }, {
    "date" : "2025-02-28",
    "price" : 263.29,
    "dma50" : 269.89,
    "dma100" : null,
    "dma200" : 274.99,
    "volume" : 1312908.00
  }, {
    "date" : "2025-03-03",
    "price" : 263.10,
    "dma50" : 269.62,
    "dma100" : null,
    "dma200" : 274.87,
    "volume" : 1043848.00
  }, {
    "date" : "2025-03-04",
    "price" : 259.35,
    "dma50" : 269.22,
    "dma100" : null,
    "dma200" : 274.72,
    "volume" : 1109839.00
  }, {
    "date" : "2025-03-05",
    "price" : 268.55,
    "dma50" : 269.19,
    "dma100" : null,
    "dma200" : 274.65,
    "volume" : 2150028.00
  }, {
    "date" : "2025-03-06",
    "price" : 271.56,
    "dma50" : 269.29,
    "dma100" : null,
    "dma200" : 274.62,
    "volume" : 1957249.00
  }, {
    "date" : "2025-03-07",
    "price" : 267.23,
    "dma50" : 269.21,
    "dma100" : null,
    "dma200" : 274.55,
    "volume" : 1053831.00
  }, {
    "date" : "2025-03-10",
    "price" : 264.80,
    "dma50" : 269.03,
    "dma100" : null,
    "dma200" : 274.45,
    "volume" : 1095386.00
  }, {
    "date" : "2025-03-11",
    "price" : 261.35,
    "dma50" : 268.73,
    "dma100" : null,
    "dma200" : 274.32,
    "volume" : 1177257.00
  }, {
    "date" : "2025-03-12",
    "price" : 262.95,
    "dma50" : 268.50,
    "dma100" : null,
    "dma200" : 274.21,
    "volume" : 1827202.00
  }, {
    "date" : "2025-03-13",
    "price" : 264.02,
    "dma50" : 268.33,
    "dma100" : null,
    "dma200" : 274.11,
    "volume" : 921331.00
  }, {
    "date" : "2025-03-17",
    "price" : 267.82,
    "dma50" : 268.31,
    "dma100" : null,
    "dma200" : 274.05,
    "volume" : 1949981.00
  }, {
    "date" : "2025-03-18",
    "price" : 274.43,
    "dma50" : 268.55,
    "dma100" : null,
    "dma200" : 274.05,
    "volume" : 2749100.00
  }, {
    "date" : "2025-03-19",
    "price" : 279.40,
    "dma50" : 268.97,
    "dma100" : null,
    "dma200" : 274.10,
    "volume" : 2391287.00
  }, {
    "date" : "2025-03-20",
    "price" : 279.88,
    "dma50" : 269.40,
    "dma100" : null,
    "dma200" : 274.16,
    "volume" : 803132.00
  }, {
    "date" : "2025-03-21",
    "price" : 283.48,
    "dma50" : 269.95,
    "dma100" : null,
    "dma200" : 274.25,
    "volume" : 1433334.00
  }, {
    "date" : "2025-03-24",
    "price" : 285.19,
    "dma50" : 270.55,
    "dma100" : null,
    "dma200" : 274.36,
    "volume" : 1077770.00
  }, {
    "date" : "2025-03-25",
    "price" : 281.39,
    "dma50" : 270.98,
    "dma100" : null,
    "dma200" : 274.43,
    "volume" : 1789922.00
  }, {
    "date" : "2025-03-26",
    "price" : 279.45,
    "dma50" : 271.31,
    "dma100" : null,
    "dma200" : 274.48,
    "volume" : 922162.00
  }, {
    "date" : "2025-03-27",
    "price" : 282.27,
    "dma50" : 271.74,
    "dma100" : null,
    "dma200" : 274.56,
    "volume" : 1252227.00
  }, {
    "date" : "2025-03-28",
    "price" : 275.36,
    "dma50" : 271.88,
    "dma100" : null,
    "dma200" : 274.57,
    "volume" : 2421943.00
  }, {
    "date" : "2025-04-01",
    "price" : 268.89,
    "dma50" : 271.76,
    "dma100" : null,
    "dma200" : 274.51,
    "volume" : 2563361.00
  }, {
    "date" : "2025-04-02",
    "price" : 261.40,
    "dma50" : 271.36,
    "dma100" : null,
    "dma200" : 274.38,
    "volume" : 3582894.00
  }, {
    "date" : "2025-04-03",
    "price" : 258.04,
    "dma50" : 270.83,
    "dma100" : null,
    "dma200" : 274.22,
    "volume" : 6064615.00
  }, {
    "date" : "2025-04-04",
    "price" : 255.22,
    "dma50" : 270.22,
    "dma100" : null,
    "dma200" : 274.03,
    "volume" : 2182633.00
  }, {
    "date" : "2025-04-07",
    "price" : 245.88,
    "dma50" : 269.27,
    "dma100" : null,
    "dma200" : 273.75,
    "volume" : 1846845.00
  }, {
    "date" : "2025-04-08",
    "price" : 251.81,
    "dma50" : 268.58,
    "dma100" : null,
    "dma200" : 273.53,
    "volume" : 1240387.00
  }, {
    "date" : "2025-04-09",
    "price" : 250.64,
    "dma50" : 267.88,
    "dma100" : null,
    "dma200" : 273.30,
    "volume" : 1331839.00
  }, {
    "date" : "2025-04-11",
    "price" : 256.00,
    "dma50" : 267.41,
    "dma100" : null,
    "dma200" : 273.13,
    "volume" : 1235004.00
  }, {
    "date" : "2025-04-15",
    "price" : 260.81,
    "dma50" : 267.15,
    "dma100" : null,
    "dma200" : 273.01,
    "volume" : 1522354.00
  }, {
    "date" : "2025-04-16",
    "price" : 265.29,
    "dma50" : 267.08,
    "dma100" : null,
    "dma200" : 272.93,
    "volume" : 2340858.00
  }, {
    "date" : "2025-04-17",
    "price" : 268.06,
    "dma50" : 267.12,
    "dma100" : null,
    "dma200" : 272.88,
    "volume" : 1084272.00
  }, {
    "date" : "2025-04-21",
    "price" : 268.35,
    "dma50" : 267.17,
    "dma100" : null,
    "dma200" : 272.84,
    "volume" : 3409953.00
  }, {
    "date" : "2025-04-22",
    "price" : 269.67,
    "dma50" : 267.27,
    "dma100" : null,
    "dma200" : 272.81,
    "volume" : 4335580.00
  }, {
    "date" : "2025-04-23",
    "price" : 262.61,
    "dma50" : 267.08,
    "dma100" : null,
    "dma200" : 272.70,
    "volume" : 8145298.00
  }, {
    "date" : "2025-04-24",
    "price" : 261.35,
    "dma50" : 266.86,
    "dma100" : null,
    "dma200" : 272.59,
    "volume" : 2014785.00
  }, {
    "date" : "2025-04-25",
    "price" : 257.46,
    "dma50" : 266.49,
    "dma100" : null,
    "dma200" : 272.44,
    "volume" : 2680196.00
  }, {
    "date" : "2025-04-28",
    "price" : 254.54,
    "dma50" : 266.02,
    "dma100" : null,
    "dma200" : 272.26,
    "volume" : 6593227.00
  }, {
    "date" : "2025-04-29",
    "price" : 254.25,
    "dma50" : 265.56,
    "dma100" : null,
    "dma200" : 272.08,
    "volume" : 1916679.00
  }, {
    "date" : "2025-04-30",
    "price" : 254.97,
    "dma50" : 265.14,
    "dma100" : null,
    "dma200" : 271.91,
    "volume" : 3433141.00
  }, {
    "date" : "2025-05-02",
    "price" : 255.02,
    "dma50" : 264.75,
    "dma100" : null,
    "dma200" : 271.74,
    "volume" : 1462755.00
  }, {
    "date" : "2025-05-05",
    "price" : 257.36,
    "dma50" : 264.46,
    "dma100" : null,
    "dma200" : 271.60,
    "volume" : 2158420.00
  }, {
    "date" : "2025-05-06",
    "price" : 251.47,
    "dma50" : 263.95,
    "dma100" : null,
    "dma200" : 271.40,
    "volume" : 1333964.00
  }, {
    "date" : "2025-05-07",
    "price" : 253.95,
    "dma50" : 263.56,
    "dma100" : null,
    "dma200" : 271.23,
    "volume" : 1928924.00
  }, {
    "date" : "2025-05-08",
    "price" : 247.97,
    "dma50" : 262.95,
    "dma100" : null,
    "dma200" : 271.00,
    "volume" : 1655731.00
  }, {
    "date" : "2025-05-09",
    "price" : 237.66,
    "dma50" : 261.95,
    "dma100" : null,
    "dma200" : 270.66,
    "volume" : 8717838.00
  }, {
    "date" : "2025-05-12",
    "price" : 249.92,
    "dma50" : 261.48,
    "dma100" : null,
    "dma200" : 270.46,
    "volume" : 9375310.00
  }, {
    "date" : "2025-05-13",
    "price" : 249.38,
    "dma50" : 261.01,
    "dma100" : null,
    "dma200" : 270.25,
    "volume" : 7221976.00
  }, {
    "date" : "2025-05-14",
    "price" : 259.65,
    "dma50" : 260.95,
    "dma100" : null,
    "dma200" : 270.14,
    "volume" : 4619272.00
  }, {
    "date" : "2025-05-15",
    "price" : 265.35,
    "dma50" : 261.13,
    "dma100" : null,
    "dma200" : 270.10,
    "volume" : 2377921.00
  }, {
    "date" : "2025-05-16",
    "price" : 266.95,
    "dma50" : 261.35,
    "dma100" : null,
    "dma200" : 270.06,
    "volume" : 1394370.00
  }, {
    "date" : "2025-05-19",
    "price" : 264.90,
    "dma50" : 261.49,
    "dma100" : null,
    "dma200" : 270.01,
    "volume" : 3746357.00
  }, {
    "date" : "2025-05-20",
    "price" : 257.70,
    "dma50" : 261.35,
    "dma100" : null,
    "dma200" : 269.89,
    "volume" : 2926880.00
  }, {
    "date" : "2025-05-21",
    "price" : 260.25,
    "dma50" : 261.30,
    "dma100" : 265.33,
    "dma200" : 269.79,
    "volume" : 3130620.00
  }, {
    "date" : "2025-05-22",
    "price" : 256.10,
    "dma50" : 261.10,
    "dma100" : 265.32,
    "dma200" : 269.66,
    "volume" : 2238307.00
  }, {
    "date" : "2025-05-23",
    "price" : 256.10,
    "dma50" : 260.90,
    "dma100" : 265.30,
    "dma200" : 269.52,
    "volume" : 2640704.00
  }, {
    "date" : "2025-05-26",
    "price" : 256.50,
    "dma50" : 260.73,
    "dma100" : 265.26,
    "dma200" : 269.39,
    "volume" : 2776289.00
  }, {
    "date" : "2025-05-27",
    "price" : 258.20,
    "dma50" : 260.63,
    "dma100" : 265.28,
    "dma200" : 269.28,
    "volume" : 3432547.00
  }, {
    "date" : "2025-05-28",
    "price" : 262.80,
    "dma50" : 260.72,
    "dma100" : 265.33,
    "dma200" : 269.22,
    "volume" : 4393153.00
  }, {
    "date" : "2025-05-29",
    "price" : 263.10,
    "dma50" : 260.81,
    "dma100" : 265.37,
    "dma200" : 269.16,
    "volume" : 1430724.00
  }, {
    "date" : "2025-05-30",
    "price" : 261.10,
    "dma50" : 260.82,
    "dma100" : 265.30,
    "dma200" : 269.08,
    "volume" : 2324974.00
  }, {
    "date" : "2025-06-02",
    "price" : 259.85,
    "dma50" : 260.78,
    "dma100" : 265.21,
    "dma200" : 268.98,
    "volume" : 1445033.00
  }, {
    "date" : "2025-06-03",
    "price" : 264.00,
    "dma50" : 260.91,
    "dma100" : 265.21,
    "dma200" : 268.94,
    "volume" : 3589053.00
  }, {
    "date" : "2025-06-04",
    "price" : 262.35,
    "dma50" : 260.96,
    "dma100" : 265.14,
    "dma200" : 268.87,
    "volume" : 1396661.00
  }, {
    "date" : "2025-06-05",
    "price" : 262.65,
    "dma50" : 261.03,
    "dma100" : 265.05,
    "dma200" : 268.81,
    "volume" : 624309.00
  }, {
    "date" : "2025-06-06",
    "price" : 275.55,
    "dma50" : 261.60,
    "dma100" : 265.09,
    "dma200" : 268.87,
    "volume" : 9218738.00
  }, {
    "date" : "2025-06-09",
    "price" : 283.65,
    "dma50" : 262.47,
    "dma100" : 265.24,
    "dma200" : 269.02,
    "volume" : 7869977.00
  }, {
    "date" : "2025-06-10",
    "price" : 281.15,
    "dma50" : 263.20,
    "dma100" : 265.49,
    "dma200" : 269.14,
    "volume" : 3859471.00
  }, {
    "date" : "2025-06-11",
    "price" : 281.00,
    "dma50" : 263.90,
    "dma100" : 265.71,
    "dma200" : 269.26,
    "volume" : 2871609.00
  }, {
    "date" : "2025-06-12",
    "price" : 274.25,
    "dma50" : 264.30,
    "dma100" : 265.84,
    "dma200" : 269.31,
    "volume" : 3711635.00
  }, {
    "date" : "2025-06-13",
    "price" : 270.50,
    "dma50" : 264.55,
    "dma100" : 265.92,
    "dma200" : 269.32,
    "volume" : 4493480.00
  }, {
    "date" : "2025-06-16",
    "price" : 273.40,
    "dma50" : 264.89,
    "dma100" : 266.04,
    "dma200" : 269.36,
    "volume" : 1063140.00
  }, {
    "date" : "2025-06-17",
    "price" : 269.30,
    "dma50" : 265.07,
    "dma100" : 266.13,
    "dma200" : 269.36,
    "volume" : 2552569.00
  }, {
    "date" : "2025-06-18",
    "price" : 266.35,
    "dma50" : 265.12,
    "dma100" : 266.22,
    "dma200" : 269.33,
    "volume" : 4521021.00
  }, {
    "date" : "2025-06-19",
    "price" : 261.00,
    "dma50" : 264.95,
    "dma100" : 266.24,
    "dma200" : 269.25,
    "volume" : 1457708.00
  }, {
    "date" : "2025-06-20",
    "price" : 262.60,
    "dma50" : 264.86,
    "dma100" : 266.18,
    "dma200" : 269.18,
    "volume" : 4504578.00
  }, {
    "date" : "2025-06-23",
    "price" : 261.15,
    "dma50" : 264.72,
    "dma100" : 266.19,
    "dma200" : 269.10,
    "volume" : 2215250.00
  }, {
    "date" : "2025-06-24",
    "price" : 269.00,
    "dma50" : 264.88,
    "dma100" : 266.35,
    "dma200" : 269.10,
    "volume" : 4048480.00
  }, {
    "date" : "2025-06-25",
    "price" : 266.40,
    "dma50" : 264.94,
    "dma100" : 266.37,
    "dma200" : 269.08,
    "volume" : 1433383.00
  }, {
    "date" : "2025-06-26",
    "price" : 269.00,
    "dma50" : 265.10,
    "dma100" : 266.43,
    "dma200" : 269.07,
    "volume" : 1877955.00
  }, {
    "date" : "2025-06-27",
    "price" : 272.75,
    "dma50" : 265.40,
    "dma100" : 266.47,
    "dma200" : 269.11,
    "volume" : 1946781.00
  }, {
    "date" : "2025-06-30",
    "price" : 269.95,
    "dma50" : 265.58,
    "dma100" : 266.39,
    "dma200" : 269.12,
    "volume" : 3484672.00
  }, {
    "date" : "2025-07-01",
    "price" : 267.15,
    "dma50" : 265.64,
    "dma100" : 266.31,
    "dma200" : 269.10,
    "volume" : 1738811.00
  }, {
    "date" : "2025-07-02",
    "price" : 261.75,
    "dma50" : 265.49,
    "dma100" : 266.09,
    "dma200" : 269.03,
    "volume" : 7315115.00
  }, {
    "date" : "2025-07-03",
    "price" : 266.50,
    "dma50" : 265.53,
    "dma100" : 265.85,
    "dma200" : 269.00,
    "volume" : 7233468.00
  }, {
    "date" : "2025-07-04",
    "price" : 266.45,
    "dma50" : 265.57,
    "dma100" : 265.61,
    "dma200" : 268.98,
    "volume" : 2055621.00
  }, {
    "date" : "2025-07-07",
    "price" : 268.10,
    "dma50" : 265.66,
    "dma100" : 265.41,
    "dma200" : 268.97,
    "volume" : 1845322.00
  }, {
    "date" : "2025-07-08",
    "price" : 269.85,
    "dma50" : 265.83,
    "dma100" : 265.21,
    "dma200" : 268.98,
    "volume" : 1273535.00
  }, {
    "date" : "2025-07-09",
    "price" : 270.30,
    "dma50" : 266.00,
    "dma100" : 265.03,
    "dma200" : 268.99,
    "volume" : 1048527.00
  }, {
    "date" : "2025-07-10",
    "price" : 267.60,
    "dma50" : 266.07,
    "dma100" : 264.96,
    "dma200" : 268.98,
    "volume" : 1933295.00
  }, {
    "date" : "2025-07-11",
    "price" : 265.80,
    "dma50" : 266.06,
    "dma100" : 264.94,
    "dma200" : 268.94,
    "volume" : 1908526.00
  }, {
    "date" : "2025-07-14",
    "price" : 268.15,
    "dma50" : 266.14,
    "dma100" : 264.87,
    "dma200" : 268.94,
    "volume" : 2211390.00
  }, {
    "date" : "2025-07-15",
    "price" : 265.85,
    "dma50" : 266.13,
    "dma100" : 264.89,
    "dma200" : 268.91,
    "volume" : 1522718.00
  }, {
    "date" : "2025-07-16",
    "price" : 264.15,
    "dma50" : 266.05,
    "dma100" : 264.83,
    "dma200" : 268.86,
    "volume" : 1361377.00
  }, {
    "date" : "2025-07-17",
    "price" : 261.65,
    "dma50" : 265.88,
    "dma100" : 264.80,
    "dma200" : 268.79,
    "volume" : 2248462.00
  }, {
    "date" : "2025-07-18",
    "price" : 259.85,
    "dma50" : 265.64,
    "dma100" : 264.69,
    "dma200" : 268.70,
    "volume" : 2179932.00
  }, {
    "date" : "2025-07-21",
    "price" : 262.85,
    "dma50" : 265.53,
    "dma100" : 264.59,
    "dma200" : 268.64,
    "volume" : 1099561.00
  }, {
    "date" : "2025-07-22",
    "price" : 265.55,
    "dma50" : 265.53,
    "dma100" : 264.61,
    "dma200" : 268.61,
    "volume" : 6534649.00
  }, {
    "date" : "2025-07-23",
    "price" : 259.20,
    "dma50" : 265.28,
    "dma100" : 264.56,
    "dma200" : 268.51,
    "volume" : 7042585.00
  }, {
    "date" : "2025-07-24",
    "price" : 259.15,
    "dma50" : 265.04,
    "dma100" : 264.52,
    "dma200" : 268.42,
    "volume" : 3876340.00
  }, {
    "date" : "2025-07-25",
    "price" : 253.40,
    "dma50" : 264.59,
    "dma100" : 264.31,
    "dma200" : 268.27,
    "volume" : 3598670.00
  }, {
    "date" : "2025-07-28",
    "price" : 249.05,
    "dma50" : 263.98,
    "dma100" : 264.16,
    "dma200" : 268.08,
    "volume" : 4959386.00
  }, {
    "date" : "2025-07-29",
    "price" : 251.95,
    "dma50" : 263.51,
    "dma100" : 264.05,
    "dma200" : 267.92,
    "volume" : 3668581.00
  }, {
    "date" : "2025-07-30",
    "price" : 257.65,
    "dma50" : 263.28,
    "dma100" : 264.04,
    "dma200" : 267.82,
    "volume" : 6411027.00
  }, {
    "date" : "2025-07-31",
    "price" : 257.50,
    "dma50" : 263.05,
    "dma100" : 263.93,
    "dma200" : 267.72,
    "volume" : 6794339.00
  }, {
    "date" : "2025-08-01",
    "price" : 258.50,
    "dma50" : 262.87,
    "dma100" : 263.79,
    "dma200" : 267.62,
    "volume" : 2100434.00
  }, {
    "date" : "2025-08-04",
    "price" : 258.45,
    "dma50" : 262.70,
    "dma100" : 263.71,
    "dma200" : 267.53,
    "volume" : 1734957.00
  }, {
    "date" : "2025-08-05",
    "price" : 256.45,
    "dma50" : 262.45,
    "dma100" : 263.62,
    "dma200" : 267.42,
    "volume" : 776272.00
  }, {
    "date" : "2025-08-06",
    "price" : 253.35,
    "dma50" : 262.10,
    "dma100" : 263.54,
    "dma200" : 267.28,
    "volume" : 1072645.00
  }, {
    "date" : "2025-08-07",
    "price" : 253.60,
    "dma50" : 261.76,
    "dma100" : 263.45,
    "dma200" : 267.15,
    "volume" : 1097958.00
  }, {
    "date" : "2025-08-08",
    "price" : 252.50,
    "dma50" : 261.40,
    "dma100" : 263.33,
    "dma200" : 267.00,
    "volume" : 1167642.00
  }, {
    "date" : "2025-08-11",
    "price" : 254.95,
    "dma50" : 261.15,
    "dma100" : 263.21,
    "dma200" : 266.88,
    "volume" : 1103294.00
  }, {
    "date" : "2025-08-12",
    "price" : 256.95,
    "dma50" : 260.98,
    "dma100" : 263.03,
    "dma200" : 266.78,
    "volume" : 826723.00
  }, {
    "date" : "2025-08-13",
    "price" : 258.85,
    "dma50" : 260.90,
    "dma100" : 262.83,
    "dma200" : 266.70,
    "volume" : 1138016.00
  }, {
    "date" : "2025-08-14",
    "price" : 255.10,
    "dma50" : 260.67,
    "dma100" : 262.58,
    "dma200" : 266.59,
    "volume" : 478069.00
  }, {
    "date" : "2025-08-18",
    "price" : 266.40,
    "dma50" : 260.90,
    "dma100" : 262.41,
    "dma200" : 266.59,
    "volume" : 5129840.00
  }, {
    "date" : "2025-08-19",
    "price" : 263.00,
    "dma50" : 260.98,
    "dma100" : 262.19,
    "dma200" : 266.55,
    "volume" : 1660187.00
  }, {
    "date" : "2025-08-20",
    "price" : 267.25,
    "dma50" : 261.22,
    "dma100" : 262.04,
    "dma200" : 266.56,
    "volume" : 847242.00
  }, {
    "date" : "2025-08-21",
    "price" : 260.75,
    "dma50" : 261.21,
    "dma100" : 261.86,
    "dma200" : 266.50,
    "volume" : 1648511.00
  }, {
    "date" : "2025-08-22",
    "price" : 263.00,
    "dma50" : 261.28,
    "dma100" : 261.66,
    "dma200" : 266.46,
    "volume" : 852019.00
  }, {
    "date" : "2025-08-25",
    "price" : 266.05,
    "dma50" : 261.46,
    "dma100" : 261.57,
    "dma200" : 266.46,
    "volume" : 1308907.00
  }, {
    "date" : "2025-08-26",
    "price" : 260.50,
    "dma50" : 261.43,
    "dma100" : 261.49,
    "dma200" : 266.40,
    "volume" : 1436368.00
  }, {
    "date" : "2025-08-28",
    "price" : 259.10,
    "dma50" : 261.33,
    "dma100" : 261.46,
    "dma200" : 266.33,
    "volume" : 1846180.00
  }, {
    "date" : "2025-08-29",
    "price" : 253.95,
    "dma50" : 261.04,
    "dma100" : 261.42,
    "dma200" : 266.20,
    "volume" : 1107816.00
  }, {
    "date" : "2025-09-01",
    "price" : 257.50,
    "dma50" : 260.91,
    "dma100" : 261.45,
    "dma200" : 266.12,
    "volume" : 577482.00
  }, {
    "date" : "2025-09-02",
    "price" : 260.70,
    "dma50" : 260.90,
    "dma100" : 261.59,
    "dma200" : 266.06,
    "volume" : 1253727.00
  }, {
    "date" : "2025-09-03",
    "price" : 259.70,
    "dma50" : 260.85,
    "dma100" : 261.67,
    "dma200" : 266.00,
    "volume" : 1669774.00
  }, {
    "date" : "2025-09-04",
    "price" : 262.90,
    "dma50" : 260.93,
    "dma100" : 261.80,
    "dma200" : 265.97,
    "volume" : 3346909.00
  }, {
    "date" : "2025-09-05",
    "price" : 269.30,
    "dma50" : 261.26,
    "dma100" : 261.93,
    "dma200" : 266.00,
    "volume" : 4361270.00
  }, {
    "date" : "2025-09-08",
    "price" : 270.85,
    "dma50" : 261.64,
    "dma100" : 262.03,
    "dma200" : 266.05,
    "volume" : 1926230.00
  }, {
    "date" : "2025-09-09",
    "price" : 268.95,
    "dma50" : 261.92,
    "dma100" : 262.07,
    "dma200" : 266.08,
    "volume" : 750124.00
  }, {
    "date" : "2025-09-10",
    "price" : 269.25,
    "dma50" : 262.21,
    "dma100" : 262.08,
    "dma200" : 266.11,
    "volume" : 1093610.00
  }, {
    "date" : "2025-09-11",
    "price" : 271.50,
    "dma50" : 262.57,
    "dma100" : 262.11,
    "dma200" : 266.17,
    "volume" : 2522036.00
  }, {
    "date" : "2025-09-12",
    "price" : 271.35,
    "dma50" : 262.92,
    "dma100" : 262.13,
    "dma200" : 266.22,
    "volume" : 1151939.00
  }, {
    "date" : "2025-09-15",
    "price" : 270.10,
    "dma50" : 263.20,
    "dma100" : 262.20,
    "dma200" : 266.26,
    "volume" : 1030213.00
  }, {
    "date" : "2025-09-16",
    "price" : 278.55,
    "dma50" : 263.80,
    "dma100" : 262.37,
    "dma200" : 266.38,
    "volume" : 4189161.00
  }, {
    "date" : "2025-09-17",
    "price" : 282.00,
    "dma50" : 264.52,
    "dma100" : 262.62,
    "dma200" : 266.53,
    "volume" : 2178901.00
  }, {
    "date" : "2025-09-18",
    "price" : 285.95,
    "dma50" : 265.36,
    "dma100" : 262.93,
    "dma200" : 266.73,
    "volume" : 4319723.00
  }, {
    "date" : "2025-09-19",
    "price" : 289.55,
    "dma50" : 266.30,
    "dma100" : 263.29,
    "dma200" : 266.95,
    "volume" : 2665529.00
  }, {
    "date" : "2025-09-22",
    "price" : 290.25,
    "dma50" : 267.24,
    "dma100" : 263.64,
    "dma200" : 267.19,
    "volume" : 1903047.00
  }, {
    "date" : "2025-09-23",
    "price" : 282.80,
    "dma50" : 267.85,
    "dma100" : 263.92,
    "dma200" : 267.34,
    "volume" : 810743.00
  }, {
    "date" : "2025-09-24",
    "price" : 282.15,
    "dma50" : 268.41,
    "dma100" : 264.16,
    "dma200" : 267.49,
    "volume" : 1476514.00
  }, {
    "date" : "2025-09-25",
    "price" : 279.60,
    "dma50" : 268.85,
    "dma100" : 264.45,
    "dma200" : 267.61,
    "volume" : 1614721.00
  }, {
    "date" : "2025-09-26",
    "price" : 279.75,
    "dma50" : 269.28,
    "dma100" : 264.70,
    "dma200" : 267.73,
    "volume" : 1898984.00
  }, {
    "date" : "2025-09-29",
    "price" : 272.95,
    "dma50" : 269.42,
    "dma100" : 264.95,
    "dma200" : 267.78,
    "volume" : 3208809.00
  }, {
    "date" : "2025-09-30",
    "price" : 275.30,
    "dma50" : 269.65,
    "dma100" : 265.33,
    "dma200" : 267.86,
    "volume" : 1081447.00
  }, {
    "date" : "2025-10-01",
    "price" : 273.40,
    "dma50" : 269.80,
    "dma100" : 265.56,
    "dma200" : 267.91,
    "volume" : 2266276.00
  }, {
    "date" : "2025-10-03",
    "price" : 275.75,
    "dma50" : 270.03,
    "dma100" : 265.83,
    "dma200" : 267.99,
    "volume" : 2121052.00
  }, {
    "date" : "2025-10-06",
    "price" : 284.15,
    "dma50" : 270.59,
    "dma100" : 266.07,
    "dma200" : 268.15,
    "volume" : 3202559.00
  }, {
    "date" : "2025-10-07",
    "price" : 282.50,
    "dma50" : 271.06,
    "dma100" : 266.24,
    "dma200" : 268.29,
    "volume" : 2766496.00
  }, {
    "date" : "2025-10-08",
    "price" : 277.15,
    "dma50" : 271.29,
    "dma100" : 266.35,
    "dma200" : 268.38,
    "volume" : 2327205.00
  }, {
    "date" : "2025-10-09",
    "price" : 281.35,
    "dma50" : 271.69,
    "dma100" : 266.51,
    "dma200" : 268.51,
    "volume" : 3292543.00
  }, {
    "date" : "2025-10-10",
    "price" : 282.10,
    "dma50" : 272.10,
    "dma100" : 266.75,
    "dma200" : 268.65,
    "volume" : 1074820.00
  }, {
    "date" : "2025-10-13",
    "price" : 284.30,
    "dma50" : 272.58,
    "dma100" : 267.00,
    "dma200" : 268.80,
    "volume" : 1560565.00
  }, {
    "date" : "2025-10-14",
    "price" : 287.45,
    "dma50" : 273.16,
    "dma100" : 267.31,
    "dma200" : 268.99,
    "volume" : 3524181.00
  }, {
    "date" : "2025-10-15",
    "price" : 293.85,
    "dma50" : 273.97,
    "dma100" : 267.69,
    "dma200" : 269.23,
    "volume" : 3587633.00
  }, {
    "date" : "2025-10-16",
    "price" : 293.30,
    "dma50" : 274.73,
    "dma100" : 268.05,
    "dma200" : 269.47,
    "volume" : 1831417.00
  }, {
    "date" : "2025-10-17",
    "price" : 300.10,
    "dma50" : 275.72,
    "dma100" : 268.47,
    "dma200" : 269.78,
    "volume" : 5889309.00
  }, {
    "date" : "2025-10-20",
    "price" : 296.85,
    "dma50" : 276.55,
    "dma100" : 268.81,
    "dma200" : 270.05,
    "volume" : 1889959.00
  }, {
    "date" : "2025-10-21",
    "price" : 300.25,
    "dma50" : 277.48,
    "dma100" : 269.19,
    "dma200" : 270.35,
    "volume" : 320832.00
  }, {
    "date" : "2025-10-23",
    "price" : 298.20,
    "dma50" : 278.29,
    "dma100" : 269.56,
    "dma200" : 270.63,
    "volume" : 1849569.00
  }, {
    "date" : "2025-10-24",
    "price" : 298.15,
    "dma50" : 279.07,
    "dma100" : 269.94,
    "dma200" : 270.90,
    "volume" : 1618928.00
  }, {
    "date" : "2025-10-27",
    "price" : 299.10,
    "dma50" : 279.86,
    "dma100" : 270.29,
    "dma200" : 271.18,
    "volume" : 403322.00
  }, {
    "date" : "2025-10-28",
    "price" : 299.90,
    "dma50" : 280.64,
    "dma100" : 270.67,
    "dma200" : 271.47,
    "volume" : 1091900.00
  }, {
    "date" : "2025-10-29",
    "price" : 317.45,
    "dma50" : 282.09,
    "dma100" : 271.21,
    "dma200" : 271.92,
    "volume" : 23269364.00
  }, {
    "date" : "2025-10-30",
    "price" : 315.70,
    "dma50" : 283.41,
    "dma100" : 271.62,
    "dma200" : 272.36,
    "volume" : 4253801.00
  }, {
    "date" : "2025-10-31",
    "price" : 315.55,
    "dma50" : 284.67,
    "dma100" : 271.93,
    "dma200" : 272.79,
    "volume" : 2197428.00
  }, {
    "date" : "2025-11-03",
    "price" : 318.60,
    "dma50" : 286.00,
    "dma100" : 272.31,
    "dma200" : 273.24,
    "volume" : 1392529.00
  }, {
    "date" : "2025-11-04",
    "price" : 318.60,
    "dma50" : 287.28,
    "dma100" : 272.68,
    "dma200" : 273.70,
    "volume" : 1399552.00
  }, {
    "date" : "2025-11-06",
    "price" : 311.90,
    "dma50" : 288.24,
    "dma100" : 273.06,
    "dma200" : 274.08,
    "volume" : 1090676.00
  }, {
    "date" : "2025-11-07",
    "price" : 313.25,
    "dma50" : 289.22,
    "dma100" : 273.49,
    "dma200" : 274.47,
    "volume" : 5587486.00
  }, {
    "date" : "2025-11-10",
    "price" : 313.50,
    "dma50" : 290.17,
    "dma100" : 273.89,
    "dma200" : 274.85,
    "volume" : 2182948.00
  }, {
    "date" : "2025-11-11",
    "price" : 317.75,
    "dma50" : 291.26,
    "dma100" : 274.37,
    "dma200" : 275.28,
    "volume" : 1639918.00
  }, {
    "date" : "2025-11-12",
    "price" : 309.35,
    "dma50" : 291.96,
    "dma100" : 274.80,
    "dma200" : 275.62,
    "volume" : 1922212.00
  }, {
    "date" : "2025-11-13",
    "price" : 309.85,
    "dma50" : 292.67,
    "dma100" : 275.29,
    "dma200" : 275.96,
    "volume" : 1533855.00
  }, {
    "date" : "2025-11-14",
    "price" : 308.65,
    "dma50" : 293.29,
    "dma100" : 275.75,
    "dma200" : 276.29,
    "volume" : 699169.00
  }, {
    "date" : "2025-11-17",
    "price" : 314.20,
    "dma50" : 294.11,
    "dma100" : 276.28,
    "dma200" : 276.66,
    "volume" : 869375.00
  }, {
    "date" : "2025-11-18",
    "price" : 322.90,
    "dma50" : 295.24,
    "dma100" : 276.82,
    "dma200" : 277.12,
    "volume" : 4235540.00
  }, {
    "date" : "2025-11-19",
    "price" : 329.85,
    "dma50" : 296.60,
    "dma100" : 277.46,
    "dma200" : 277.65,
    "volume" : 5259808.00
  }, {
    "date" : "2025-11-20",
    "price" : 346.60,
    "dma50" : 298.56,
    "dma100" : 278.23,
    "dma200" : 278.33,
    "volume" : 13020328.00
  }, {
    "date" : "2025-11-21",
    "price" : 342.55,
    "dma50" : 300.28,
    "dma100" : 278.93,
    "dma200" : 278.97,
    "volume" : 8761163.00
  }, {
    "date" : "2025-11-24",
    "price" : 357.55,
    "dma50" : 302.53,
    "dma100" : 279.81,
    "dma200" : 279.75,
    "volume" : 10152051.00
  }, {
    "date" : "2025-11-25",
    "price" : 360.35,
    "dma50" : 304.80,
    "dma100" : 280.74,
    "dma200" : 280.56,
    "volume" : 3803538.00
  }, {
    "date" : "2025-11-26",
    "price" : 349.85,
    "dma50" : 306.56,
    "dma100" : 281.62,
    "dma200" : 281.25,
    "volume" : 3168333.00
  }, {
    "date" : "2025-11-27",
    "price" : 363.65,
    "dma50" : 308.80,
    "dma100" : 282.59,
    "dma200" : 282.07,
    "volume" : 4134839.00
  }, {
    "date" : "2025-11-28",
    "price" : 371.85,
    "dma50" : 311.28,
    "dma100" : 283.65,
    "dma200" : 282.96,
    "volume" : 6699990.00
  }, {
    "date" : "2025-12-01",
    "price" : 367.90,
    "dma50" : 313.50,
    "dma100" : 284.64,
    "dma200" : 283.80,
    "volume" : 11291923.00
  }, {
    "date" : "2025-12-02",
    "price" : 365.00,
    "dma50" : 315.52,
    "dma100" : 285.60,
    "dma200" : 284.61,
    "volume" : 4869650.00
  }, {
    "date" : "2025-12-03",
    "price" : 355.50,
    "dma50" : 317.08,
    "dma100" : 286.45,
    "dma200" : 285.32,
    "volume" : 2493559.00
  }, {
    "date" : "2025-12-04",
    "price" : 347.00,
    "dma50" : 318.26,
    "dma100" : 287.24,
    "dma200" : 285.93,
    "volume" : 3202861.00
  }, {
    "date" : "2025-12-05",
    "price" : 367.55,
    "dma50" : 320.19,
    "dma100" : 288.26,
    "dma200" : 286.74,
    "volume" : 16480218.00
  }, {
    "date" : "2025-12-08",
    "price" : 351.40,
    "dma50" : 321.41,
    "dma100" : 289.09,
    "dma200" : 287.39,
    "volume" : 3867600.00
  }, {
    "date" : "2025-12-09",
    "price" : 353.40,
    "dma50" : 322.67,
    "dma100" : 289.97,
    "dma200" : 288.04,
    "volume" : 3325611.00
  }, {
    "date" : "2025-12-10",
    "price" : 347.15,
    "dma50" : 323.63,
    "dma100" : 290.80,
    "dma200" : 288.63,
    "volume" : 4610834.00
  }, {
    "date" : "2025-12-11",
    "price" : 340.30,
    "dma50" : 324.28,
    "dma100" : 291.58,
    "dma200" : 289.15,
    "volume" : 2857381.00
  }, {
    "date" : "2025-12-12",
    "price" : 346.10,
    "dma50" : 325.14,
    "dma100" : 292.45,
    "dma200" : 289.71,
    "volume" : 3624707.00
  }, {
    "date" : "2025-12-15",
    "price" : 348.30,
    "dma50" : 326.05,
    "dma100" : 293.30,
    "dma200" : 290.30,
    "volume" : 1315290.00
  }, {
    "date" : "2025-12-16",
    "price" : 341.60,
    "dma50" : 326.66,
    "dma100" : 294.06,
    "dma200" : 290.81,
    "volume" : 2321370.00
  }, {
    "date" : "2025-12-17",
    "price" : 351.70,
    "dma50" : 327.64,
    "dma100" : 294.99,
    "dma200" : 291.41,
    "volume" : 4479637.00
  }, {
    "date" : "2025-12-18",
    "price" : 365.15,
    "dma50" : 329.11,
    "dma100" : 296.05,
    "dma200" : 292.15,
    "volume" : 6486167.00
  }, {
    "date" : "2025-12-19",
    "price" : 376.60,
    "dma50" : 330.97,
    "dma100" : 297.28,
    "dma200" : 292.99,
    "volume" : 5691778.00
  } ],
  "latestTechnicalAttributes" : {
    "date" : "2025-12-19",
    "price" : 376.60,
    "dma50" : 330.97,
    "dma100" : 297.28,
    "dma200" : 292.99,
    "volume" : 5691778.00
  },
  "quarterlyResults" : [ {
    "date" : "2005-03-31",
    "sales" : 124.66,
    "salesGrowthYoY" : null,
    "grossProfitMargin" : 100.00,
    "grossProfit" : 124.66,
    "operatingProfitMargin" : 72.13,
    "operatingProfit" : 89.92,
    "netProfitMargin" : 23.52,
    "netProfit" : 29.32
  }, {
    "date" : "2005-06-30",
    "sales" : 110.33,
    "salesGrowthYoY" : null,
    "grossProfitMargin" : 100.00,
    "grossProfit" : 110.33,
    "operatingProfitMargin" : 62.48,
    "operatingProfit" : 68.93,
    "netProfitMargin" : 15.40,
    "netProfit" : 16.99
  }, {
    "date" : "2005-09-30",
    "sales" : 140.53,
    "salesGrowthYoY" : null,
    "grossProfitMargin" : 100.00,
    "grossProfit" : 140.53,
    "operatingProfitMargin" : 64.29,
    "operatingProfit" : 90.35,
    "netProfitMargin" : 19.90,
    "netProfit" : 27.97
  }, {
    "date" : "2005-12-31",
    "sales" : 140.41,
    "salesGrowthYoY" : null,
    "grossProfitMargin" : 100.00,
    "grossProfit" : 140.41,
    "operatingProfitMargin" : 58.20,
    "operatingProfit" : 81.72,
    "netProfitMargin" : 11.47,
    "netProfit" : 16.11
  }, {
    "date" : "2006-03-31",
    "sales" : 191.05,
    "salesGrowthYoY" : 53.26,
    "grossProfitMargin" : 100.00,
    "grossProfit" : 191.05,
    "operatingProfitMargin" : 68.92,
    "operatingProfit" : 131.67,
    "netProfitMargin" : 24.71,
    "netProfit" : 47.21
  }, {
    "date" : "2006-06-30",
    "sales" : 159.44,
    "salesGrowthYoY" : 44.51,
    "grossProfitMargin" : 100.00,
    "grossProfit" : 159.44,
    "operatingProfitMargin" : 56.55,
    "operatingProfit" : 90.16,
    "netProfitMargin" : 12.06,
    "netProfit" : 19.23
  }, {
    "date" : "2006-09-30",
    "sales" : 193.77,
    "salesGrowthYoY" : 37.89,
    "grossProfitMargin" : 100.00,
    "grossProfit" : 193.77,
    "operatingProfitMargin" : 63.27,
    "operatingProfit" : 122.60,
    "netProfitMargin" : 15.65,
    "netProfit" : 30.33
  }, {
    "date" : "2006-12-31",
    "sales" : 213.73,
    "salesGrowthYoY" : 52.22,
    "grossProfitMargin" : 100.00,
    "grossProfit" : 213.73,
    "operatingProfitMargin" : 57.40,
    "operatingProfit" : 122.68,
    "netProfitMargin" : 11.99,
    "netProfit" : 25.63
  }, {
    "date" : "2007-03-31",
    "sales" : 262.17,
    "salesGrowthYoY" : 37.23,
    "grossProfitMargin" : 100.00,
    "grossProfit" : 262.17,
    "operatingProfitMargin" : 70.32,
    "operatingProfit" : 184.36,
    "netProfitMargin" : 22.01,
    "netProfit" : 57.70
  }, {
    "date" : "2007-06-30",
    "sales" : 244.64,
    "salesGrowthYoY" : 53.44,
    "grossProfitMargin" : 100.00,
    "grossProfit" : 244.64,
    "operatingProfitMargin" : 54.17,
    "operatingProfit" : 132.52,
    "netProfitMargin" : 8.76,
    "netProfit" : 21.43
  }, {
    "date" : "2007-09-30",
    "sales" : 287.58,
    "salesGrowthYoY" : 48.41,
    "grossProfitMargin" : 100.00,
    "grossProfit" : 287.58,
    "operatingProfitMargin" : 56.91,
    "operatingProfit" : 163.66,
    "netProfitMargin" : 13.12,
    "netProfit" : 37.73
  }, {
    "date" : "2007-12-31",
    "sales" : 318.69,
    "salesGrowthYoY" : 49.11,
    "grossProfitMargin" : 100.00,
    "grossProfit" : 318.69,
    "operatingProfitMargin" : 59.44,
    "operatingProfit" : 189.43,
    "netProfitMargin" : 13.33,
    "netProfit" : 42.48
  }, {
    "date" : "2008-03-31",
    "sales" : 354.84,
    "salesGrowthYoY" : 35.35,
    "grossProfitMargin" : 100.00,
    "grossProfit" : 354.84,
    "operatingProfitMargin" : 64.83,
    "operatingProfit" : 230.04,
    "netProfitMargin" : 21.25,
    "netProfit" : 75.40
  }, {
    "date" : "2008-06-30",
    "sales" : 294.64,
    "salesGrowthYoY" : 20.44,
    "grossProfitMargin" : 100.00,
    "grossProfit" : 294.64,
    "operatingProfitMargin" : 50.74,
    "operatingProfit" : 149.50,
    "netProfitMargin" : 9.08,
    "netProfit" : 26.75
  }, {
    "date" : "2008-09-30",
    "sales" : 327.59,
    "salesGrowthYoY" : 13.91,
    "grossProfitMargin" : 100.00,
    "grossProfit" : 327.59,
    "operatingProfitMargin" : 56.27,
    "operatingProfit" : 184.33,
    "netProfitMargin" : 10.75,
    "netProfit" : 35.22
  }, {
    "date" : "2008-12-31",
    "sales" : 353.25,
    "salesGrowthYoY" : 10.84,
    "grossProfitMargin" : 100.00,
    "grossProfit" : 353.25,
    "operatingProfitMargin" : 59.09,
    "operatingProfit" : 208.74,
    "netProfitMargin" : 12.60,
    "netProfit" : 44.51
  }, {
    "date" : "2009-03-31",
    "sales" : 389.35,
    "salesGrowthYoY" : 9.73,
    "grossProfitMargin" : 100.00,
    "grossProfit" : 389.35,
    "operatingProfitMargin" : 72.37,
    "operatingProfit" : 281.77,
    "netProfitMargin" : 27.75,
    "netProfit" : 108.04
  }, {
    "date" : "2009-06-30",
    "sales" : 320.23,
    "salesGrowthYoY" : 8.69,
    "grossProfitMargin" : 100.00,
    "grossProfit" : 320.23,
    "operatingProfitMargin" : 54.49,
    "operatingProfit" : 174.49,
    "netProfitMargin" : 12.49,
    "netProfit" : 40.00
  }, {
    "date" : "2009-09-30",
    "sales" : 352.98,
    "salesGrowthYoY" : 7.75,
    "grossProfitMargin" : 100.00,
    "grossProfit" : 352.98,
    "operatingProfitMargin" : 61.34,
    "operatingProfit" : 216.52,
    "netProfitMargin" : 19.60,
    "netProfit" : 69.18
  }, {
    "date" : "2009-12-31",
    "sales" : 393.94,
    "salesGrowthYoY" : 11.52,
    "grossProfitMargin" : 100.00,
    "grossProfit" : 393.94,
    "operatingProfitMargin" : 68.77,
    "operatingProfit" : 270.91,
    "netProfitMargin" : 23.68,
    "netProfit" : 93.28
  }, {
    "date" : "2010-03-31",
    "sales" : 463.62,
    "salesGrowthYoY" : 19.08,
    "grossProfitMargin" : 100.00,
    "grossProfit" : 463.62,
    "operatingProfitMargin" : 71.66,
    "operatingProfit" : 332.23,
    "netProfitMargin" : 30.25,
    "netProfit" : 140.25
  }, {
    "date" : "2010-06-30",
    "sales" : 392.40,
    "salesGrowthYoY" : 22.54,
    "grossProfitMargin" : 100.00,
    "grossProfit" : 392.40,
    "operatingProfitMargin" : 60.23,
    "operatingProfit" : 236.34,
    "netProfitMargin" : 18.91,
    "netProfit" : 74.20
  }, {
    "date" : "2010-09-30",
    "sales" : 469.56,
    "salesGrowthYoY" : 33.03,
    "grossProfitMargin" : 100.00,
    "grossProfit" : 469.56,
    "operatingProfitMargin" : 68.16,
    "operatingProfit" : 320.05,
    "netProfitMargin" : 24.81,
    "netProfit" : 116.50
  }, {
    "date" : "2010-12-31",
    "sales" : 520.34,
    "salesGrowthYoY" : 32.09,
    "grossProfitMargin" : 100.00,
    "grossProfit" : 520.34,
    "operatingProfitMargin" : 67.04,
    "operatingProfit" : 348.84,
    "netProfitMargin" : 22.27,
    "netProfit" : 115.88
  }, {
    "date" : "2011-03-31",
    "sales" : 581.55,
    "salesGrowthYoY" : 25.44,
    "grossProfitMargin" : 100.00,
    "grossProfit" : 581.55,
    "operatingProfitMargin" : 75.84,
    "operatingProfit" : 441.05,
    "netProfitMargin" : 26.92,
    "netProfit" : 156.55
  }, {
    "date" : "2011-06-30",
    "sales" : 553.84,
    "salesGrowthYoY" : 41.14,
    "grossProfitMargin" : 100.00,
    "grossProfit" : 553.84,
    "operatingProfitMargin" : 65.94,
    "operatingProfit" : 365.20,
    "netProfitMargin" : 18.45,
    "netProfit" : 102.18
  }, {
    "date" : "2011-09-30",
    "sales" : 641.01,
    "salesGrowthYoY" : 36.51,
    "grossProfitMargin" : 100.00,
    "grossProfit" : 641.01,
    "operatingProfitMargin" : 71.85,
    "operatingProfit" : 460.57,
    "netProfitMargin" : 21.14,
    "netProfit" : 135.51
  }, {
    "date" : "2011-12-31",
    "sales" : 733.99,
    "salesGrowthYoY" : 41.06,
    "grossProfitMargin" : 100.00,
    "grossProfit" : 733.99,
    "operatingProfitMargin" : 74.02,
    "operatingProfit" : 543.30,
    "netProfitMargin" : 21.08,
    "netProfit" : 154.73
  }, {
    "date" : "2012-03-31",
    "sales" : 839.27,
    "salesGrowthYoY" : 44.32,
    "grossProfitMargin" : 100.00,
    "grossProfit" : 839.27,
    "operatingProfitMargin" : 79.78,
    "operatingProfit" : 669.57,
    "netProfitMargin" : 27.13,
    "netProfit" : 227.69
  }, {
    "date" : "2012-06-30",
    "sales" : 834.74,
    "salesGrowthYoY" : 50.72,
    "grossProfitMargin" : 100.00,
    "grossProfit" : 834.74,
    "operatingProfitMargin" : 70.47,
    "operatingProfit" : 588.24,
    "netProfitMargin" : 19.29,
    "netProfit" : 161.02
  }, {
    "date" : "2012-09-30",
    "sales" : 915.67,
    "salesGrowthYoY" : 42.85,
    "grossProfitMargin" : 100.00,
    "grossProfit" : 915.67,
    "operatingProfitMargin" : 72.17,
    "operatingProfit" : 660.84,
    "netProfitMargin" : 20.49,
    "netProfit" : 187.62
  }, {
    "date" : "2012-12-31",
    "sales" : 995.54,
    "salesGrowthYoY" : 35.63,
    "grossProfitMargin" : 100.00,
    "grossProfit" : 995.54,
    "operatingProfitMargin" : 73.57,
    "operatingProfit" : 732.42,
    "netProfitMargin" : 20.11,
    "netProfit" : 200.20
  }, {
    "date" : "2013-03-31",
    "sales" : 1110.29,
    "salesGrowthYoY" : 32.29,
    "grossProfitMargin" : 100.00,
    "grossProfit" : 1110.29,
    "operatingProfitMargin" : 78.55,
    "operatingProfit" : 872.13,
    "netProfitMargin" : 28.21,
    "netProfit" : 313.21
  }, {
    "date" : "2013-06-30",
    "sales" : 1092.46,
    "salesGrowthYoY" : 30.87,
    "grossProfitMargin" : 100.00,
    "grossProfit" : 1092.46,
    "operatingProfitMargin" : 70.21,
    "operatingProfit" : 767.02,
    "netProfitMargin" : 17.50,
    "netProfit" : 191.18
  }, {
    "date" : "2013-09-30",
    "sales" : 1203.14,
    "salesGrowthYoY" : 31.39,
    "grossProfitMargin" : 100.00,
    "grossProfit" : 1203.14,
    "operatingProfitMargin" : 71.30,
    "operatingProfit" : 857.84,
    "netProfitMargin" : 18.38,
    "netProfit" : 221.14
  }, {
    "date" : "2013-12-31",
    "sales" : 1265.81,
    "salesGrowthYoY" : 27.15,
    "grossProfitMargin" : 100.00,
    "grossProfit" : 1265.81,
    "operatingProfitMargin" : 66.30,
    "operatingProfit" : 839.23,
    "netProfitMargin" : 12.97,
    "netProfit" : 164.18
  }, {
    "date" : "2014-03-31",
    "sales" : 1360.21,
    "salesGrowthYoY" : 22.51,
    "grossProfitMargin" : 100.00,
    "grossProfit" : 1360.21,
    "operatingProfitMargin" : 78.12,
    "operatingProfit" : 1062.60,
    "netProfitMargin" : 22.84,
    "netProfit" : 310.67
  }, {
    "date" : "2014-06-30",
    "sales" : 1275.13,
    "salesGrowthYoY" : 16.72,
    "grossProfitMargin" : 100.00,
    "grossProfit" : 1275.13,
    "operatingProfitMargin" : 65.44,
    "operatingProfit" : 834.45,
    "netProfitMargin" : 12.15,
    "netProfit" : 154.93
  }, {
    "date" : "2014-09-30",
    "sales" : 1353.67,
    "salesGrowthYoY" : 12.51,
    "grossProfitMargin" : 100.00,
    "grossProfit" : 1353.67,
    "operatingProfitMargin" : 68.51,
    "operatingProfit" : 927.40,
    "netProfitMargin" : 15.30,
    "netProfit" : 207.11
  }, {
    "date" : "2014-12-31",
    "sales" : 1386.55,
    "salesGrowthYoY" : 9.54,
    "grossProfitMargin" : 100.00,
    "grossProfit" : 1386.55,
    "operatingProfitMargin" : 61.80,
    "operatingProfit" : 856.89,
    "netProfitMargin" : 9.84,
    "netProfit" : 136.44
  }, {
    "date" : "2015-03-31",
    "sales" : 1520.70,
    "salesGrowthYoY" : 11.80,
    "grossProfitMargin" : 100.00,
    "grossProfit" : 1520.70,
    "operatingProfitMargin" : 73.95,
    "operatingProfit" : 1124.56,
    "netProfitMargin" : 21.92,
    "netProfit" : 333.34
  }, {
    "date" : "2015-06-30",
    "sales" : 1360.83,
    "salesGrowthYoY" : 6.72,
    "grossProfitMargin" : 100.00,
    "grossProfit" : 1360.83,
    "operatingProfitMargin" : 57.63,
    "operatingProfit" : 784.25,
    "netProfitMargin" : 6.54,
    "netProfit" : 89.00
  }, {
    "date" : "2015-09-30",
    "sales" : 1420.00,
    "salesGrowthYoY" : 4.90,
    "grossProfitMargin" : 100.00,
    "grossProfit" : 1420.00,
    "operatingProfitMargin" : 61.42,
    "operatingProfit" : 872.16,
    "netProfitMargin" : 10.29,
    "netProfit" : 146.12
  }, {
    "date" : "2015-12-31",
    "sales" : 1400.23,
    "salesGrowthYoY" : 0.99,
    "grossProfitMargin" : 100.00,
    "grossProfit" : 1400.23,
    "operatingProfitMargin" : 55.38,
    "operatingProfit" : 775.45,
    "netProfitMargin" : 4.80,
    "netProfit" : 67.21
  }, {
    "date" : "2016-03-31",
    "sales" : 1672.10,
    "salesGrowthYoY" : 9.96,
    "grossProfitMargin" : 100.00,
    "grossProfit" : 1672.10,
    "operatingProfitMargin" : 73.84,
    "operatingProfit" : 1234.68,
    "netProfitMargin" : 22.14,
    "netProfit" : 370.20
  }, {
    "date" : "2016-06-30",
    "sales" : 1366.43,
    "salesGrowthYoY" : 0.41,
    "grossProfitMargin" : 100.00,
    "grossProfit" : 1366.43,
    "operatingProfitMargin" : 60.49,
    "operatingProfit" : 826.55,
    "netProfitMargin" : 6.37,
    "netProfit" : 87.04
  }, {
    "date" : "2016-09-30",
    "sales" : 1491.61,
    "salesGrowthYoY" : 5.04,
    "grossProfitMargin" : 100.00,
    "grossProfit" : 1491.61,
    "operatingProfitMargin" : 56.41,
    "operatingProfit" : 841.42,
    "netProfitMargin" : 6.36,
    "netProfit" : 94.87
  }, {
    "date" : "2016-12-31",
    "sales" : 1490.42,
    "salesGrowthYoY" : 6.44,
    "grossProfitMargin" : 100.00,
    "grossProfit" : 1490.42,
    "operatingProfitMargin" : 48.18,
    "operatingProfit" : 718.08,
    "netProfitMargin" : -1.05,
    "netProfit" : -15.65
  }, {
    "date" : "2017-03-31",
    "sales" : 1825.45,
    "salesGrowthYoY" : 9.17,
    "grossProfitMargin" : 100.00,
    "grossProfit" : 1825.45,
    "operatingProfitMargin" : 58.83,
    "operatingProfit" : 1073.91,
    "netProfitMargin" : 12.82,
    "netProfit" : 234.02
  }, {
    "date" : "2017-06-30",
    "sales" : 1498.02,
    "salesGrowthYoY" : 9.63,
    "grossProfitMargin" : 100.00,
    "grossProfit" : 1498.02,
    "operatingProfitMargin" : 70.41,
    "operatingProfit" : 1054.76,
    "netProfitMargin" : 13.44,
    "netProfit" : 201.33
  }, {
    "date" : "2017-09-30",
    "sales" : 1517.38,
    "salesGrowthYoY" : 1.73,
    "grossProfitMargin" : 100.00,
    "grossProfit" : 1517.38,
    "operatingProfitMargin" : 64.16,
    "operatingProfit" : 973.55,
    "netProfitMargin" : 10.81,
    "netProfit" : 164.03
  }, {
    "date" : "2017-12-31",
    "sales" : 1818.62,
    "salesGrowthYoY" : 22.02,
    "grossProfitMargin" : 100.00,
    "grossProfit" : 1818.62,
    "operatingProfitMargin" : 74.42,
    "operatingProfit" : 1353.42,
    "netProfitMargin" : 19.76,
    "netProfit" : 359.36
  }, {
    "date" : "2018-03-31",
    "sales" : 1796.83,
    "salesGrowthYoY" : -1.57,
    "grossProfitMargin" : 100.00,
    "grossProfit" : 1796.83,
    "operatingProfitMargin" : 71.88,
    "operatingProfit" : 1291.56,
    "netProfitMargin" : 17.50,
    "netProfit" : 314.45
  }, {
    "date" : "2018-06-30",
    "sales" : 1928.55,
    "salesGrowthYoY" : 28.74,
    "grossProfitMargin" : 100.00,
    "grossProfit" : 1928.55,
    "operatingProfitMargin" : 65.49,
    "operatingProfit" : 1263.01,
    "netProfitMargin" : 13.95,
    "netProfit" : 269.03
  }, {
    "date" : "2018-09-30",
    "sales" : 2109.71,
    "salesGrowthYoY" : 39.04,
    "grossProfitMargin" : 100.00,
    "grossProfit" : 2109.71,
    "operatingProfitMargin" : 69.47,
    "operatingProfit" : 1465.62,
    "netProfitMargin" : 18.08,
    "netProfit" : 381.44
  }, {
    "date" : "2018-12-31",
    "sales" : 2230.38,
    "salesGrowthYoY" : 22.64,
    "grossProfitMargin" : 100.00,
    "grossProfit" : 2230.38,
    "operatingProfitMargin" : 69.03,
    "operatingProfit" : 1539.63,
    "netProfitMargin" : 14.29,
    "netProfit" : 318.72
  }, {
    "date" : "2019-03-31",
    "sales" : 2455.19,
    "salesGrowthYoY" : 36.64,
    "grossProfitMargin" : 100.00,
    "grossProfit" : 2455.19,
    "operatingProfitMargin" : 82.76,
    "operatingProfit" : 2031.92,
    "netProfitMargin" : 23.95,
    "netProfit" : 588.02
  }, {
    "date" : "2019-06-30",
    "sales" : 2394.01,
    "salesGrowthYoY" : 24.14,
    "grossProfitMargin" : 100.00,
    "grossProfit" : 2394.01,
    "operatingProfitMargin" : 52.16,
    "operatingProfit" : 1248.72,
    "netProfitMargin" : 2.86,
    "netProfit" : 68.47
  }, {
    "date" : "2019-09-30",
    "sales" : 2486.37,
    "salesGrowthYoY" : 17.85,
    "grossProfitMargin" : 100.00,
    "grossProfit" : 2486.37,
    "operatingProfitMargin" : 66.04,
    "operatingProfit" : 1642.00,
    "netProfitMargin" : 10.13,
    "netProfit" : 251.87
  }, {
    "date" : "2019-12-31",
    "sales" : 2580.60,
    "salesGrowthYoY" : 15.70,
    "grossProfitMargin" : 100.00,
    "grossProfit" : 2580.60,
    "operatingProfitMargin" : 65.79,
    "operatingProfit" : 1697.78,
    "netProfitMargin" : 14.15,
    "netProfit" : 365.15
  }, {
    "date" : "2020-03-31",
    "sales" : 2636.88,
    "salesGrowthYoY" : 7.40,
    "grossProfitMargin" : 100.00,
    "grossProfit" : 2636.88,
    "operatingProfitMargin" : 58.97,
    "operatingProfit" : 1554.97,
    "netProfitMargin" : 8.38,
    "netProfit" : 220.97
  }, {
    "date" : "2020-06-30",
    "sales" : 2640.51,
    "salesGrowthYoY" : 10.30,
    "grossProfitMargin" : 100.00,
    "grossProfit" : 2640.51,
    "operatingProfitMargin" : 56.19,
    "operatingProfit" : 1483.70,
    "netProfitMargin" : 5.73,
    "netProfit" : 151.30
  }, {
    "date" : "2020-09-30",
    "sales" : 2612.88,
    "salesGrowthYoY" : 5.09,
    "grossProfitMargin" : 100.00,
    "grossProfit" : 2612.88,
    "operatingProfitMargin" : 62.38,
    "operatingProfit" : 1629.91,
    "netProfitMargin" : 11.62,
    "netProfit" : 303.62
  }, {
    "date" : "2020-12-31",
    "sales" : 2541.79,
    "salesGrowthYoY" : -1.50,
    "grossProfitMargin" : 100.00,
    "grossProfit" : 2541.79,
    "operatingProfitMargin" : 30.97,
    "operatingProfit" : 787.19,
    "netProfitMargin" : -10.79,
    "netProfit" : -274.26
  }, {
    "date" : "2021-03-31",
    "sales" : 2606.73,
    "salesGrowthYoY" : -1.14,
    "grossProfitMargin" : 100.00,
    "grossProfit" : 2606.73,
    "operatingProfitMargin" : 48.33,
    "operatingProfit" : 1259.83,
    "netProfitMargin" : 5.75,
    "netProfit" : 149.89
  }, {
    "date" : "2021-06-30",
    "sales" : 2175.98,
    "salesGrowthYoY" : -17.59,
    "grossProfitMargin" : 100.00,
    "grossProfit" : 2175.98,
    "operatingProfitMargin" : -47.60,
    "operatingProfit" : -1035.77,
    "netProfitMargin" : -70.26,
    "netProfit" : -1528.84
  }, {
    "date" : "2021-09-30",
    "sales" : 2507.90,
    "salesGrowthYoY" : -4.02,
    "grossProfitMargin" : 100.00,
    "grossProfit" : 2507.90,
    "operatingProfitMargin" : 96.17,
    "operatingProfit" : 2411.85,
    "netProfitMargin" : 40.79,
    "netProfit" : 1022.97
  }, {
    "date" : "2021-12-31",
    "sales" : 2528.55,
    "salesGrowthYoY" : -0.52,
    "grossProfitMargin" : 100.00,
    "grossProfit" : 2528.55,
    "operatingProfitMargin" : 86.06,
    "operatingProfit" : 2176.07,
    "netProfitMargin" : 35.35,
    "netProfit" : 893.84
  }, {
    "date" : "2022-03-31",
    "sales" : 2442.44,
    "salesGrowthYoY" : -6.30,
    "grossProfitMargin" : 100.00,
    "grossProfit" : 2442.44,
    "operatingProfitMargin" : 73.20,
    "operatingProfit" : 1787.87,
    "netProfitMargin" : 24.60,
    "netProfit" : 600.84
  }, {
    "date" : "2022-06-30",
    "sales" : 2486.31,
    "salesGrowthYoY" : 14.26,
    "grossProfitMargin" : 100.00,
    "grossProfit" : 2486.31,
    "operatingProfitMargin" : 50.52,
    "operatingProfit" : 1256.08,
    "netProfitMargin" : 8.97,
    "netProfit" : 223.02
  }, {
    "date" : "2022-09-30",
    "sales" : 2585.84,
    "salesGrowthYoY" : 3.11,
    "grossProfitMargin" : 100.00,
    "grossProfit" : 2585.84,
    "operatingProfitMargin" : 67.93,
    "operatingProfit" : 1756.56,
    "netProfitMargin" : 18.89,
    "netProfit" : 488.47
  }, {
    "date" : "2022-12-31",
    "sales" : 2862.50,
    "salesGrowthYoY" : 13.21,
    "grossProfitMargin" : 100.00,
    "grossProfit" : 2862.50,
    "operatingProfitMargin" : 73.65,
    "operatingProfit" : 2108.23,
    "netProfitMargin" : 21.97,
    "netProfit" : 628.89
  }, {
    "date" : "2023-03-31",
    "sales" : 2994.15,
    "salesGrowthYoY" : 22.59,
    "grossProfitMargin" : 100.00,
    "grossProfit" : 2994.15,
    "operatingProfitMargin" : 75.76,
    "operatingProfit" : 2268.37,
    "netProfitMargin" : 22.85,
    "netProfit" : 684.16
  }, {
    "date" : "2023-06-30",
    "sales" : 3084.56,
    "salesGrowthYoY" : 24.06,
    "grossProfitMargin" : 100.00,
    "grossProfit" : 3084.56,
    "operatingProfitMargin" : 62.81,
    "operatingProfit" : 1937.41,
    "netProfitMargin" : 11.43,
    "netProfit" : 352.57
  }, {
    "date" : "2023-09-30",
    "sales" : 3211.94,
    "salesGrowthYoY" : 24.21,
    "grossProfitMargin" : 100.00,
    "grossProfit" : 3211.94,
    "operatingProfitMargin" : 59.47,
    "operatingProfit" : 1910.14,
    "netProfitMargin" : 7.32,
    "netProfit" : 235.11
  }, {
    "date" : "2023-12-31",
    "sales" : 3453.63,
    "salesGrowthYoY" : 20.65,
    "grossProfitMargin" : 100.00,
    "grossProfit" : 3453.63,
    "operatingProfitMargin" : 70.37,
    "operatingProfit" : 2430.32,
    "netProfitMargin" : 16.01,
    "netProfit" : 552.93
  }, {
    "date" : "2024-03-31",
    "sales" : 3654.01,
    "salesGrowthYoY" : 22.04,
    "grossProfitMargin" : 100.00,
    "grossProfit" : 3654.01,
    "operatingProfitMargin" : 70.47,
    "operatingProfit" : 2574.98,
    "netProfitMargin" : 16.94,
    "netProfit" : 618.99
  }, {
    "date" : "2024-06-30",
    "sales" : 3722.21,
    "salesGrowthYoY" : 20.67,
    "grossProfitMargin" : 100.00,
    "grossProfit" : 3722.21,
    "operatingProfitMargin" : 68.26,
    "operatingProfit" : 2540.78,
    "netProfitMargin" : 13.78,
    "netProfit" : 512.92
  }, {
    "date" : "2024-09-30",
    "sales" : 3912.94,
    "salesGrowthYoY" : 21.82,
    "grossProfitMargin" : 100.00,
    "grossProfit" : 3912.94,
    "operatingProfitMargin" : 63.42,
    "operatingProfit" : 2481.59,
    "netProfitMargin" : 9.44,
    "netProfit" : 369.38
  }, {
    "date" : "2024-12-31",
    "sales" : 4143.00,
    "salesGrowthYoY" : 19.96,
    "grossProfitMargin" : 100.00,
    "grossProfit" : 4143.00,
    "operatingProfitMargin" : 80.31,
    "operatingProfit" : 3327.24,
    "netProfitMargin" : 21.71,
    "netProfit" : 899.45
  }, {
    "date" : "2025-03-31",
    "sales" : 4240.80,
    "salesGrowthYoY" : 16.06,
    "grossProfitMargin" : 100.00,
    "grossProfit" : 4240.80,
    "operatingProfitMargin" : 68.70,
    "operatingProfit" : 2913.43,
    "netProfitMargin" : 13.28,
    "netProfit" : 563.18
  }, {
    "date" : "2025-06-30",
    "sales" : 4419.37,
    "salesGrowthYoY" : 18.73,
    "grossProfitMargin" : 100.00,
    "grossProfit" : 4419.37,
    "operatingProfitMargin" : 65.67,
    "operatingProfit" : 2902.20,
    "netProfitMargin" : 11.98,
    "netProfit" : 529.44
  }, {
    "date" : "2025-09-30",
    "sales" : 4472.67,
    "salesGrowthYoY" : 14.30,
    "grossProfitMargin" : 100.00,
    "grossProfit" : 4472.67,
    "operatingProfitMargin" : 64.40,
    "operatingProfit" : 2880.40,
    "netProfitMargin" : 12.73,
    "netProfit" : 569.37
  } ],
  "latestQuarterlyResult" : {
    "date" : "2025-09-30",
    "sales" : 4472.67,
    "salesGrowthYoY" : 14.30,
    "grossProfitMargin" : 100.00,
    "grossProfit" : 4472.67,
    "operatingProfitMargin" : 64.40,
    "operatingProfit" : 2880.40,
    "netProfitMargin" : 12.73,
    "netProfit" : 569.37
  },
  "companyScore" : {
    "priceHigherThanDma50" : 5.00,
    "priceHigherThanDma100" : 5.00,
    "priceHigherThanDma200" : 5.00,
    "dma50HigherThanDma100" : 5.00,
    "dma50HigherThanDma200" : 5.00,
    "dma100HigherThanDma200" : 5.00,
    "pricePercentageAboveDma50" : 4.31,
    "pricePercentageAboveDma100" : 3.67,
    "pricePercentageAboveDma200" : 3.57,
    "weeklyVolumeHigherThanYearlyVolume" : 5.00,
    "salesGrowthPercentile" : 8.98,
    "operatingProfitMarginPercentile" : 15.58,
    "netProfitMarginPercentile" : 7.47,
    "totalTechnicalScore" : 46.55,
    "totalFundamentalScore" : 32.04,
    "totalScore" : 78.58
  }
}