{
  "metadata" : {
    "screenerCompanyId" : "1948",
    "companyCode" : "MADRASFERT",
    "companyName" : "Madras Fertilize",
    "screenerCompanyLink" : "https://www.screener.in/company/MADRASFERT/",
    "screenerTechnicalHistoryLink" : "https://www.screener.in/api/company/1948/chart/?q=Price-DMA50-DMA200-Volume&days=365",
    "screenerQuarterlyResultsLink" : "https://www.screener.in/api/company/1948/chart/?q=GPM-OPM-NPM-Quarter+Sales&days=10000",
    "attributes" : {
      "companyCode" : "MADRASFERT",
      "companyName" : "Madras Fertilize",
      "marketCap" : 1179.00,
      "peRatio" : 14.90,
      "description" : "Madras Fertilizers Limited is engaged in the manufacturing of Urea and Complex Fertilizers. It is also involved in manufacturing Bio-fertilizers and trading eco-friendly Agro Chemicals, Organic Manure, and City Compost under the brand name ‘Vijay’. [1]"
    },
    "companyScore" : {
      "priceHigherThanDma50" : 0.00,
      "priceHigherThanDma100" : 0.00,
      "priceHigherThanDma200" : 0.00,
      "dma50HigherThanDma100" : 0.00,
      "dma50HigherThanDma200" : 0.00,
      "dma100HigherThanDma200" : 0.00,
      "pricePercentageAboveDma50" : 5.42,
      "pricePercentageAboveDma100" : 5.72,
      "pricePercentageAboveDma200" : 5.77,
      "weeklyVolumeHigherThanYearlyVolume" : 0.00,
      "salesGrowthPercentile" : 8.10,
      "operatingProfitMarginPercentile" : 18.37,
      "netProfitMarginPercentile" : 9.52,
      "totalTechnicalScore" : 16.91,
      "totalFundamentalScore" : 35.99,
      "totalScore" : 52.90
    }
  },
  "attributes" : {
    "companyCode" : "MADRASFERT",
    "companyName" : "Madras Fertilize",
    "marketCap" : 1179.00,
    "peRatio" : 14.90,
    "description" : "Madras Fertilizers Limited is engaged in the manufacturing of Urea and Complex Fertilizers. It is also involved in manufacturing Bio-fertilizers and trading eco-friendly Agro Chemicals, Organic Manure, and City Compost under the brand name ‘Vijay’. [1]"
  },
  "technicalHistory" : [ {
    "date" : "2024-12-13",
    "price" : 100.46,
    "dma50" : 99.53,
    "dma100" : null,
    "dma200" : 99.25,
    "volume" : 191715.00
  }, {
    "date" : "2024-12-16",
    "price" : 101.39,
    "dma50" : 99.60,
    "dma100" : null,
    "dma200" : 99.27,
    "volume" : 132776.00
  }, {
    "date" : "2024-12-17",
    "price" : 104.08,
    "dma50" : 99.77,
    "dma100" : null,
    "dma200" : 99.31,
    "volume" : 1956629.00
  }, {
    "date" : "2024-12-18",
    "price" : 102.70,
    "dma50" : 99.89,
    "dma100" : null,
    "dma200" : 99.35,
    "volume" : 415035.00
  }, {
    "date" : "2024-12-19",
    "price" : 100.50,
    "dma50" : 99.91,
    "dma100" : null,
    "dma200" : 99.36,
    "volume" : 294070.00
  }, {
    "date" : "2024-12-20",
    "price" : 96.73,
    "dma50" : 99.79,
    "dma100" : null,
    "dma200" : 99.33,
    "volume" : 231650.00
  }, {
    "date" : "2024-12-23",
    "price" : 95.47,
    "dma50" : 99.62,
    "dma100" : null,
    "dma200" : 99.30,
    "volume" : 184141.00
  }, {
    "date" : "2024-12-24",
    "price" : 96.87,
    "dma50" : 99.51,
    "dma100" : null,
    "dma200" : 99.27,
    "volume" : 114139.00
  }, {
    "date" : "2024-12-26",
    "price" : 96.01,
    "dma50" : 99.37,
    "dma100" : null,
    "dma200" : 99.24,
    "volume" : 129647.00
  }, {
    "date" : "2024-12-27",
    "price" : 95.42,
    "dma50" : 99.22,
    "dma100" : null,
    "dma200" : 99.20,
    "volume" : 105474.00
  }, {
    "date" : "2024-12-30",
    "price" : 93.93,
    "dma50" : 99.01,
    "dma100" : null,
    "dma200" : 99.15,
    "volume" : 125820.00
  }, {
    "date" : "2024-12-31",
    "price" : 95.12,
    "dma50" : 98.86,
    "dma100" : null,
    "dma200" : 99.11,
    "volume" : 142831.00
  }, {
    "date" : "2025-01-01",
    "price" : 98.93,
    "dma50" : 98.86,
    "dma100" : null,
    "dma200" : 99.11,
    "volume" : 393112.00
  }, {
    "date" : "2025-01-02",
    "price" : 100.90,
    "dma50" : 98.94,
    "dma100" : null,
    "dma200" : 99.12,
    "volume" : 429937.00
  }, {
    "date" : "2025-01-03",
    "price" : 100.65,
    "dma50" : 99.01,
    "dma100" : null,
    "dma200" : 99.14,
    "volume" : 179294.00
  }, {
    "date" : "2025-01-06",
    "price" : 94.47,
    "dma50" : 98.83,
    "dma100" : null,
    "dma200" : 99.09,
    "volume" : 233405.00
  }, {
    "date" : "2025-01-07",
    "price" : 100.15,
    "dma50" : 98.88,
    "dma100" : null,
    "dma200" : 99.10,
    "volume" : 626865.00
  }, {
    "date" : "2025-01-08",
    "price" : 98.98,
    "dma50" : 98.89,
    "dma100" : null,
    "dma200" : 99.10,
    "volume" : 251553.00
  }, {
    "date" : "2025-01-09",
    "price" : 98.15,
    "dma50" : 98.86,
    "dma100" : null,
    "dma200" : 99.09,
    "volume" : 632313.00
  }, {
    "date" : "2025-01-10",
    "price" : 95.39,
    "dma50" : 98.72,
    "dma100" : null,
    "dma200" : 99.06,
    "volume" : 212704.00
  }, {
    "date" : "2025-01-13",
    "price" : 88.34,
    "dma50" : 98.31,
    "dma100" : null,
    "dma200" : 98.95,
    "volume" : 298046.00
  }, {
    "date" : "2025-01-14",
    "price" : 91.81,
    "dma50" : 98.06,
    "dma100" : null,
    "dma200" : 98.88,
    "volume" : 166369.00
  }, {
    "date" : "2025-01-15",
    "price" : 92.51,
    "dma50" : 97.84,
    "dma100" : null,
    "dma200" : 98.81,
    "volume" : 106566.00
  }, {
    "date" : "2025-01-16",
    "price" : 93.83,
    "dma50" : 97.68,
    "dma100" : null,
    "dma200" : 98.77,
    "volume" : 127751.00
  }, {
    "date" : "2025-01-17",
    "price" : 96.28,
    "dma50" : 97.63,
    "dma100" : null,
    "dma200" : 98.74,
    "volume" : 432734.00
  }, {
    "date" : "2025-01-20",
    "price" : 96.42,
    "dma50" : 97.58,
    "dma100" : null,
    "dma200" : 98.72,
    "volume" : 123608.00
  }, {
    "date" : "2025-01-21",
    "price" : 95.43,
    "dma50" : 97.50,
    "dma100" : null,
    "dma200" : 98.68,
    "volume" : 316543.00
  }, {
    "date" : "2025-01-22",
    "price" : 93.04,
    "dma50" : 97.32,
    "dma100" : null,
    "dma200" : 98.63,
    "volume" : 189904.00
  }, {
    "date" : "2025-01-23",
    "price" : 93.93,
    "dma50" : 97.19,
    "dma100" : null,
    "dma200" : 98.58,
    "volume" : 191005.00
  }, {
    "date" : "2025-01-24",
    "price" : 92.56,
    "dma50" : 97.01,
    "dma100" : null,
    "dma200" : 98.52,
    "volume" : 92924.00
  }, {
    "date" : "2025-01-27",
    "price" : 89.08,
    "dma50" : 96.70,
    "dma100" : null,
    "dma200" : 98.43,
    "volume" : 245437.00
  }, {
    "date" : "2025-01-28",
    "price" : 87.74,
    "dma50" : 96.35,
    "dma100" : null,
    "dma200" : 98.32,
    "volume" : 166656.00
  }, {
    "date" : "2025-01-29",
    "price" : 89.54,
    "dma50" : 96.08,
    "dma100" : null,
    "dma200" : 98.23,
    "volume" : 156078.00
  }, {
    "date" : "2025-01-30",
    "price" : 90.56,
    "dma50" : 95.86,
    "dma100" : null,
    "dma200" : 98.16,
    "volume" : 242292.00
  }, {
    "date" : "2025-01-31",
    "price" : 93.11,
    "dma50" : 95.75,
    "dma100" : null,
    "dma200" : 98.11,
    "volume" : 290957.00
  }, {
    "date" : "2025-02-01",
    "price" : 91.02,
    "dma50" : 95.57,
    "dma100" : null,
    "dma200" : 98.04,
    "volume" : 1483010.00
  }, {
    "date" : "2025-02-03",
    "price" : 90.28,
    "dma50" : 95.36,
    "dma100" : null,
    "dma200" : 97.96,
    "volume" : 147226.00
  }, {
    "date" : "2025-02-04",
    "price" : 90.72,
    "dma50" : 95.18,
    "dma100" : null,
    "dma200" : 97.89,
    "volume" : 216882.00
  }, {
    "date" : "2025-02-05",
    "price" : 91.04,
    "dma50" : 95.02,
    "dma100" : null,
    "dma200" : 97.82,
    "volume" : 129036.00
  }, {
    "date" : "2025-02-06",
    "price" : 90.23,
    "dma50" : 94.83,
    "dma100" : null,
    "dma200" : 97.74,
    "volume" : 101942.00
  }, {
    "date" : "2025-02-07",
    "price" : 88.85,
    "dma50" : 94.59,
    "dma100" : null,
    "dma200" : 97.66,
    "volume" : 144535.00
  }, {
    "date" : "2025-02-10",
    "price" : 87.23,
    "dma50" : 94.31,
    "dma100" : null,
    "dma200" : 97.55,
    "volume" : 99860.00
  }, {
    "date" : "2025-02-11",
    "price" : 81.94,
    "dma50" : 93.82,
    "dma100" : null,
    "dma200" : 97.40,
    "volume" : 204599.00
  }, {
    "date" : "2025-02-12",
    "price" : 85.17,
    "dma50" : 93.48,
    "dma100" : null,
    "dma200" : 97.28,
    "volume" : 2124782.00
  }, {
    "date" : "2025-02-13",
    "price" : 85.56,
    "dma50" : 93.17,
    "dma100" : null,
    "dma200" : 97.16,
    "volume" : 173862.00
  }, {
    "date" : "2025-02-14",
    "price" : 81.49,
    "dma50" : 92.71,
    "dma100" : null,
    "dma200" : 97.00,
    "volume" : 165177.00
  }, {
    "date" : "2025-02-17",
    "price" : 76.90,
    "dma50" : 92.09,
    "dma100" : null,
    "dma200" : 96.80,
    "volume" : 541758.00
  }, {
    "date" : "2025-02-18",
    "price" : 75.26,
    "dma50" : 91.43,
    "dma100" : null,
    "dma200" : 96.59,
    "volume" : 199120.00
  }, {
    "date" : "2025-02-19",
    "price" : 77.61,
    "dma50" : 90.89,
    "dma100" : null,
    "dma200" : 96.40,
    "volume" : 118253.00
  }, {
    "date" : "2025-02-20",
    "price" : 78.62,
    "dma50" : 90.41,
    "dma100" : null,
    "dma200" : 96.22,
    "volume" : 137189.00
  }, {
    "date" : "2025-02-21",
    "price" : 80.02,
    "dma50" : 90.00,
    "dma100" : null,
    "dma200" : 96.06,
    "volume" : 157158.00
  }, {
    "date" : "2025-02-24",
    "price" : 77.69,
    "dma50" : 89.52,
    "dma100" : null,
    "dma200" : 95.88,
    "volume" : 122067.00
  }, {
    "date" : "2025-02-25",
    "price" : 76.98,
    "dma50" : 89.03,
    "dma100" : null,
    "dma200" : 95.69,
    "volume" : 99249.00
  }, {
    "date" : "2025-02-27",
    "price" : 75.29,
    "dma50" : 88.49,
    "dma100" : null,
    "dma200" : 95.49,
    "volume" : 119679.00
  }, {
    "date" : "2025-02-28",
    "price" : 70.69,
    "dma50" : 87.79,
    "dma100" : null,
    "dma200" : 95.24,
    "volume" : 192032.00
  }, {
    "date" : "2025-03-03",
    "price" : 69.05,
    "dma50" : 87.06,
    "dma100" : null,
    "dma200" : 94.98,
    "volume" : 330012.00
  }, {
    "date" : "2025-03-04",
    "price" : 70.30,
    "dma50" : 86.40,
    "dma100" : null,
    "dma200" : 94.73,
    "volume" : 386684.00
  }, {
    "date" : "2025-03-05",
    "price" : 73.14,
    "dma50" : 85.88,
    "dma100" : null,
    "dma200" : 94.52,
    "volume" : 156136.00
  }, {
    "date" : "2025-03-06",
    "price" : 74.32,
    "dma50" : 85.43,
    "dma100" : null,
    "dma200" : 94.32,
    "volume" : 118665.00
  }, {
    "date" : "2025-03-07",
    "price" : 75.55,
    "dma50" : 85.04,
    "dma100" : null,
    "dma200" : 94.13,
    "volume" : 106221.00
  }, {
    "date" : "2025-03-10",
    "price" : 73.64,
    "dma50" : 84.59,
    "dma100" : null,
    "dma200" : 93.93,
    "volume" : 92862.00
  }, {
    "date" : "2025-03-11",
    "price" : 72.17,
    "dma50" : 84.10,
    "dma100" : null,
    "dma200" : 93.71,
    "volume" : 63476.00
  }, {
    "date" : "2025-03-12",
    "price" : 70.56,
    "dma50" : 83.57,
    "dma100" : null,
    "dma200" : 93.48,
    "volume" : 86466.00
  }, {
    "date" : "2025-03-13",
    "price" : 69.85,
    "dma50" : 83.03,
    "dma100" : null,
    "dma200" : 93.25,
    "volume" : 73997.00
  }, {
    "date" : "2025-03-17",
    "price" : 70.10,
    "dma50" : 82.53,
    "dma100" : null,
    "dma200" : 93.02,
    "volume" : 106278.00
  }, {
    "date" : "2025-03-18",
    "price" : 71.20,
    "dma50" : 82.08,
    "dma100" : null,
    "dma200" : 92.80,
    "volume" : 180516.00
  }, {
    "date" : "2025-03-19",
    "price" : 74.38,
    "dma50" : 81.78,
    "dma100" : null,
    "dma200" : 92.62,
    "volume" : 170747.00
  }, {
    "date" : "2025-03-20",
    "price" : 73.88,
    "dma50" : 81.47,
    "dma100" : null,
    "dma200" : 92.43,
    "volume" : 115793.00
  }, {
    "date" : "2025-03-21",
    "price" : 76.85,
    "dma50" : 81.29,
    "dma100" : null,
    "dma200" : 92.27,
    "volume" : 341137.00
  }, {
    "date" : "2025-03-24",
    "price" : 78.05,
    "dma50" : 81.16,
    "dma100" : null,
    "dma200" : 92.13,
    "volume" : 251712.00
  }, {
    "date" : "2025-03-25",
    "price" : 75.14,
    "dma50" : 80.93,
    "dma100" : null,
    "dma200" : 91.96,
    "volume" : 392722.00
  }, {
    "date" : "2025-03-26",
    "price" : 72.84,
    "dma50" : 80.61,
    "dma100" : null,
    "dma200" : 91.77,
    "volume" : 166637.00
  }, {
    "date" : "2025-03-27",
    "price" : 73.17,
    "dma50" : 80.32,
    "dma100" : null,
    "dma200" : 91.59,
    "volume" : 470408.00
  }, {
    "date" : "2025-03-28",
    "price" : 71.70,
    "dma50" : 79.98,
    "dma100" : null,
    "dma200" : 91.39,
    "volume" : 329064.00
  }, {
    "date" : "2025-04-01",
    "price" : 73.29,
    "dma50" : 79.72,
    "dma100" : null,
    "dma200" : 91.21,
    "volume" : 179844.00
  }, {
    "date" : "2025-04-02",
    "price" : 73.85,
    "dma50" : 79.49,
    "dma100" : null,
    "dma200" : 91.04,
    "volume" : 70123.00
  }, {
    "date" : "2025-04-03",
    "price" : 76.17,
    "dma50" : 79.36,
    "dma100" : null,
    "dma200" : 90.89,
    "volume" : 419703.00
  }, {
    "date" : "2025-04-04",
    "price" : 73.62,
    "dma50" : 79.13,
    "dma100" : null,
    "dma200" : 90.72,
    "volume" : 208901.00
  }, {
    "date" : "2025-04-07",
    "price" : 69.23,
    "dma50" : 78.74,
    "dma100" : null,
    "dma200" : 90.50,
    "volume" : 208369.00
  }, {
    "date" : "2025-04-08",
    "price" : 71.91,
    "dma50" : 78.48,
    "dma100" : null,
    "dma200" : 90.32,
    "volume" : 177883.00
  }, {
    "date" : "2025-04-09",
    "price" : 72.19,
    "dma50" : 78.23,
    "dma100" : null,
    "dma200" : 90.14,
    "volume" : 121202.00
  }, {
    "date" : "2025-04-11",
    "price" : 73.82,
    "dma50" : 78.06,
    "dma100" : null,
    "dma200" : 89.98,
    "volume" : 332585.00
  }, {
    "date" : "2025-04-15",
    "price" : 77.99,
    "dma50" : 78.05,
    "dma100" : null,
    "dma200" : 89.86,
    "volume" : 539120.00
  }, {
    "date" : "2025-04-16",
    "price" : 78.79,
    "dma50" : 78.08,
    "dma100" : null,
    "dma200" : 89.75,
    "volume" : 472115.00
  }, {
    "date" : "2025-04-17",
    "price" : 81.75,
    "dma50" : 78.23,
    "dma100" : null,
    "dma200" : 89.67,
    "volume" : 1258124.00
  }, {
    "date" : "2025-04-21",
    "price" : 83.46,
    "dma50" : 78.43,
    "dma100" : null,
    "dma200" : 89.61,
    "volume" : 480707.00
  }, {
    "date" : "2025-04-22",
    "price" : 86.83,
    "dma50" : 78.76,
    "dma100" : null,
    "dma200" : 89.58,
    "volume" : 695247.00
  }, {
    "date" : "2025-04-23",
    "price" : 86.22,
    "dma50" : 79.05,
    "dma100" : null,
    "dma200" : 89.54,
    "volume" : 331475.00
  }, {
    "date" : "2025-04-24",
    "price" : 85.79,
    "dma50" : 79.32,
    "dma100" : null,
    "dma200" : 89.51,
    "volume" : 339441.00
  }, {
    "date" : "2025-04-25",
    "price" : 81.59,
    "dma50" : 79.41,
    "dma100" : null,
    "dma200" : 89.43,
    "volume" : 338612.00
  }, {
    "date" : "2025-04-28",
    "price" : 82.60,
    "dma50" : 79.53,
    "dma100" : null,
    "dma200" : 89.36,
    "volume" : 178726.00
  }, {
    "date" : "2025-04-29",
    "price" : 83.59,
    "dma50" : 79.69,
    "dma100" : null,
    "dma200" : 89.30,
    "volume" : 172548.00
  }, {
    "date" : "2025-04-30",
    "price" : 80.93,
    "dma50" : 79.74,
    "dma100" : null,
    "dma200" : 89.22,
    "volume" : 245187.00
  }, {
    "date" : "2025-05-02",
    "price" : 84.16,
    "dma50" : 79.91,
    "dma100" : null,
    "dma200" : 89.17,
    "volume" : 294795.00
  }, {
    "date" : "2025-05-05",
    "price" : 85.70,
    "dma50" : 80.14,
    "dma100" : null,
    "dma200" : 89.13,
    "volume" : 412069.00
  }, {
    "date" : "2025-05-06",
    "price" : 83.07,
    "dma50" : 80.26,
    "dma100" : null,
    "dma200" : 89.07,
    "volume" : 415666.00
  }, {
    "date" : "2025-05-07",
    "price" : 83.19,
    "dma50" : 80.37,
    "dma100" : null,
    "dma200" : 89.02,
    "volume" : 251917.00
  }, {
    "date" : "2025-05-08",
    "price" : 83.54,
    "dma50" : 80.49,
    "dma100" : null,
    "dma200" : 88.96,
    "volume" : 270542.00
  }, {
    "date" : "2025-05-09",
    "price" : 81.16,
    "dma50" : 80.52,
    "dma100" : null,
    "dma200" : 88.88,
    "volume" : 213231.00
  }, {
    "date" : "2025-05-12",
    "price" : 87.59,
    "dma50" : 80.80,
    "dma100" : null,
    "dma200" : 88.87,
    "volume" : 560325.00
  }, {
    "date" : "2025-05-13",
    "price" : 89.20,
    "dma50" : 81.13,
    "dma100" : 84.60,
    "dma200" : 88.87,
    "volume" : 470363.00
  }, {
    "date" : "2025-05-14",
    "price" : 91.47,
    "dma50" : 81.53,
    "dma100" : 84.50,
    "dma200" : 88.90,
    "volume" : 607606.00
  }, {
    "date" : "2025-05-15",
    "price" : 95.61,
    "dma50" : 82.09,
    "dma100" : 84.41,
    "dma200" : 88.97,
    "volume" : 1336974.00
  }, {
    "date" : "2025-05-16",
    "price" : 98.35,
    "dma50" : 82.72,
    "dma100" : 84.37,
    "dma200" : 89.06,
    "volume" : 871873.00
  }, {
    "date" : "2025-05-19",
    "price" : 98.93,
    "dma50" : 83.36,
    "dma100" : 84.35,
    "dma200" : 89.16,
    "volume" : 643760.00
  }, {
    "date" : "2025-05-20",
    "price" : 99.28,
    "dma50" : 83.98,
    "dma100" : 84.38,
    "dma200" : 89.26,
    "volume" : 784546.00
  }, {
    "date" : "2025-05-21",
    "price" : 98.66,
    "dma50" : 84.56,
    "dma100" : 84.41,
    "dma200" : 89.35,
    "volume" : 287589.00
  }, {
    "date" : "2025-05-22",
    "price" : 98.22,
    "dma50" : 85.09,
    "dma100" : 84.43,
    "dma200" : 89.44,
    "volume" : 361805.00
  }, {
    "date" : "2025-05-23",
    "price" : 98.04,
    "dma50" : 85.60,
    "dma100" : 84.45,
    "dma200" : 89.53,
    "volume" : 258853.00
  }, {
    "date" : "2025-05-26",
    "price" : 98.54,
    "dma50" : 86.11,
    "dma100" : 84.48,
    "dma200" : 89.62,
    "volume" : 263684.00
  }, {
    "date" : "2025-05-27",
    "price" : 98.50,
    "dma50" : 86.60,
    "dma100" : 84.52,
    "dma200" : 89.70,
    "volume" : 760133.00
  }, {
    "date" : "2025-05-28",
    "price" : 95.79,
    "dma50" : 86.96,
    "dma100" : 84.53,
    "dma200" : 89.76,
    "volume" : 525229.00
  }, {
    "date" : "2025-05-29",
    "price" : 90.86,
    "dma50" : 87.11,
    "dma100" : 84.45,
    "dma200" : 89.78,
    "volume" : 711931.00
  }, {
    "date" : "2025-05-30",
    "price" : 90.28,
    "dma50" : 87.23,
    "dma100" : 84.34,
    "dma200" : 89.78,
    "volume" : 281466.00
  }, {
    "date" : "2025-06-02",
    "price" : 89.23,
    "dma50" : 87.31,
    "dma100" : 84.23,
    "dma200" : 89.78,
    "volume" : 288968.00
  }, {
    "date" : "2025-06-03",
    "price" : 99.12,
    "dma50" : 87.77,
    "dma100" : 84.27,
    "dma200" : 89.87,
    "volume" : 5169180.00
  }, {
    "date" : "2025-06-04",
    "price" : 95.14,
    "dma50" : 88.06,
    "dma100" : 84.22,
    "dma200" : 89.92,
    "volume" : 1318794.00
  }, {
    "date" : "2025-06-05",
    "price" : 96.16,
    "dma50" : 88.38,
    "dma100" : 84.20,
    "dma200" : 89.98,
    "volume" : 1464094.00
  }, {
    "date" : "2025-06-06",
    "price" : 95.64,
    "dma50" : 88.67,
    "dma100" : 84.17,
    "dma200" : 90.04,
    "volume" : 772650.00
  }, {
    "date" : "2025-06-09",
    "price" : 95.78,
    "dma50" : 88.94,
    "dma100" : 84.17,
    "dma200" : 90.10,
    "volume" : 495891.00
  }, {
    "date" : "2025-06-10",
    "price" : 95.82,
    "dma50" : 89.21,
    "dma100" : 84.25,
    "dma200" : 90.15,
    "volume" : 317140.00
  }, {
    "date" : "2025-06-11",
    "price" : 96.35,
    "dma50" : 89.49,
    "dma100" : 84.30,
    "dma200" : 90.21,
    "volume" : 708885.00
  }, {
    "date" : "2025-06-12",
    "price" : 94.87,
    "dma50" : 89.70,
    "dma100" : 84.32,
    "dma200" : 90.26,
    "volume" : 417398.00
  }, {
    "date" : "2025-06-13",
    "price" : 92.93,
    "dma50" : 89.83,
    "dma100" : 84.31,
    "dma200" : 90.29,
    "volume" : 404402.00
  }, {
    "date" : "2025-06-16",
    "price" : 93.10,
    "dma50" : 89.96,
    "dma100" : 84.28,
    "dma200" : 90.32,
    "volume" : 288819.00
  }, {
    "date" : "2025-06-17",
    "price" : 91.48,
    "dma50" : 90.02,
    "dma100" : 84.23,
    "dma200" : 90.33,
    "volume" : 293842.00
  }, {
    "date" : "2025-06-18",
    "price" : 90.54,
    "dma50" : 90.04,
    "dma100" : 84.18,
    "dma200" : 90.33,
    "volume" : 192301.00
  }, {
    "date" : "2025-06-19",
    "price" : 87.80,
    "dma50" : 89.95,
    "dma100" : 84.13,
    "dma200" : 90.30,
    "volume" : 282944.00
  }, {
    "date" : "2025-06-20",
    "price" : 89.63,
    "dma50" : 89.94,
    "dma100" : 84.08,
    "dma200" : 90.30,
    "volume" : 234318.00
  }, {
    "date" : "2025-06-23",
    "price" : 90.27,
    "dma50" : 89.95,
    "dma100" : 84.06,
    "dma200" : 90.30,
    "volume" : 203749.00
  }, {
    "date" : "2025-06-24",
    "price" : 91.25,
    "dma50" : 90.00,
    "dma100" : 84.08,
    "dma200" : 90.31,
    "volume" : 391104.00
  }, {
    "date" : "2025-06-25",
    "price" : 93.03,
    "dma50" : 90.12,
    "dma100" : 84.14,
    "dma200" : 90.33,
    "volume" : 273384.00
  }, {
    "date" : "2025-06-26",
    "price" : 92.48,
    "dma50" : 90.21,
    "dma100" : 84.17,
    "dma200" : 90.36,
    "volume" : 154575.00
  }, {
    "date" : "2025-06-27",
    "price" : 93.43,
    "dma50" : 90.34,
    "dma100" : 84.19,
    "dma200" : 90.39,
    "volume" : 420576.00
  }, {
    "date" : "2025-06-30",
    "price" : 94.19,
    "dma50" : 90.49,
    "dma100" : 84.20,
    "dma200" : 90.42,
    "volume" : 158692.00
  }, {
    "date" : "2025-07-01",
    "price" : 93.52,
    "dma50" : 90.61,
    "dma100" : 84.23,
    "dma200" : 90.45,
    "volume" : 155588.00
  }, {
    "date" : "2025-07-02",
    "price" : 92.78,
    "dma50" : 90.70,
    "dma100" : 84.25,
    "dma200" : 90.48,
    "volume" : 95687.00
  }, {
    "date" : "2025-07-03",
    "price" : 92.12,
    "dma50" : 90.75,
    "dma100" : 84.27,
    "dma200" : 90.49,
    "volume" : 182618.00
  }, {
    "date" : "2025-07-04",
    "price" : 91.25,
    "dma50" : 90.77,
    "dma100" : 84.27,
    "dma200" : 90.50,
    "volume" : 192814.00
  }, {
    "date" : "2025-07-07",
    "price" : 91.06,
    "dma50" : 90.78,
    "dma100" : 84.28,
    "dma200" : 90.51,
    "volume" : 123105.00
  }, {
    "date" : "2025-07-08",
    "price" : 90.97,
    "dma50" : 90.79,
    "dma100" : 84.30,
    "dma200" : 90.51,
    "volume" : 167431.00
  }, {
    "date" : "2025-07-09",
    "price" : 90.57,
    "dma50" : 90.78,
    "dma100" : 84.33,
    "dma200" : 90.51,
    "volume" : 129357.00
  }, {
    "date" : "2025-07-10",
    "price" : 90.32,
    "dma50" : 90.76,
    "dma100" : 84.42,
    "dma200" : 90.51,
    "volume" : 79113.00
  }, {
    "date" : "2025-07-11",
    "price" : 89.44,
    "dma50" : 90.71,
    "dma100" : 84.46,
    "dma200" : 90.50,
    "volume" : 105371.00
  }, {
    "date" : "2025-07-14",
    "price" : 89.24,
    "dma50" : 90.65,
    "dma100" : 84.50,
    "dma200" : 90.49,
    "volume" : 62041.00
  }, {
    "date" : "2025-07-15",
    "price" : 90.82,
    "dma50" : 90.66,
    "dma100" : 84.59,
    "dma200" : 90.49,
    "volume" : 813715.00
  }, {
    "date" : "2025-07-16",
    "price" : 91.25,
    "dma50" : 90.68,
    "dma100" : 84.73,
    "dma200" : 90.50,
    "volume" : 190051.00
  }, {
    "date" : "2025-07-17",
    "price" : 91.08,
    "dma50" : 90.70,
    "dma100" : 84.89,
    "dma200" : 90.50,
    "volume" : 82022.00
  }, {
    "date" : "2025-07-18",
    "price" : 89.96,
    "dma50" : 90.67,
    "dma100" : 85.02,
    "dma200" : 90.50,
    "volume" : 110057.00
  }, {
    "date" : "2025-07-21",
    "price" : 89.80,
    "dma50" : 90.64,
    "dma100" : 85.13,
    "dma200" : 90.49,
    "volume" : 176126.00
  }, {
    "date" : "2025-07-22",
    "price" : 89.17,
    "dma50" : 90.58,
    "dma100" : 85.22,
    "dma200" : 90.48,
    "volume" : 233742.00
  }, {
    "date" : "2025-07-23",
    "price" : 89.69,
    "dma50" : 90.54,
    "dma100" : 85.34,
    "dma200" : 90.47,
    "volume" : 119679.00
  }, {
    "date" : "2025-07-24",
    "price" : 90.40,
    "dma50" : 90.54,
    "dma100" : 85.47,
    "dma200" : 90.47,
    "volume" : 593512.00
  }, {
    "date" : "2025-07-25",
    "price" : 89.11,
    "dma50" : 90.48,
    "dma100" : 85.61,
    "dma200" : 90.46,
    "volume" : 177187.00
  }, {
    "date" : "2025-07-28",
    "price" : 87.68,
    "dma50" : 90.37,
    "dma100" : 85.78,
    "dma200" : 90.43,
    "volume" : 133141.00
  }, {
    "date" : "2025-07-29",
    "price" : 89.41,
    "dma50" : 90.33,
    "dma100" : 85.98,
    "dma200" : 90.42,
    "volume" : 271086.00
  }, {
    "date" : "2025-07-30",
    "price" : 94.46,
    "dma50" : 90.50,
    "dma100" : 86.23,
    "dma200" : 90.46,
    "volume" : 2839882.00
  }, {
    "date" : "2025-07-31",
    "price" : 92.94,
    "dma50" : 90.59,
    "dma100" : 86.42,
    "dma200" : 90.48,
    "volume" : 573865.00
  }, {
    "date" : "2025-08-01",
    "price" : 93.01,
    "dma50" : 90.69,
    "dma100" : 86.61,
    "dma200" : 90.51,
    "volume" : 402414.00
  }, {
    "date" : "2025-08-04",
    "price" : 93.51,
    "dma50" : 90.80,
    "dma100" : 86.79,
    "dma200" : 90.54,
    "volume" : 281513.00
  }, {
    "date" : "2025-08-05",
    "price" : 93.84,
    "dma50" : 90.92,
    "dma100" : 86.99,
    "dma200" : 90.57,
    "volume" : 641512.00
  }, {
    "date" : "2025-08-06",
    "price" : 91.90,
    "dma50" : 90.96,
    "dma100" : 87.19,
    "dma200" : 90.58,
    "volume" : 141708.00
  }, {
    "date" : "2025-08-07",
    "price" : 89.86,
    "dma50" : 90.91,
    "dma100" : 87.38,
    "dma200" : 90.58,
    "volume" : 214925.00
  }, {
    "date" : "2025-08-08",
    "price" : 89.18,
    "dma50" : 90.84,
    "dma100" : 87.58,
    "dma200" : 90.56,
    "volume" : 211657.00
  }, {
    "date" : "2025-08-11",
    "price" : 89.83,
    "dma50" : 90.80,
    "dma100" : 87.77,
    "dma200" : 90.56,
    "volume" : 174117.00
  }, {
    "date" : "2025-08-12",
    "price" : 89.60,
    "dma50" : 90.76,
    "dma100" : 87.96,
    "dma200" : 90.55,
    "volume" : 131851.00
  }, {
    "date" : "2025-08-13",
    "price" : 89.91,
    "dma50" : 90.72,
    "dma100" : 88.11,
    "dma200" : 90.54,
    "volume" : 185103.00
  }, {
    "date" : "2025-08-14",
    "price" : 87.46,
    "dma50" : 90.60,
    "dma100" : 88.25,
    "dma200" : 90.51,
    "volume" : 123148.00
  }, {
    "date" : "2025-08-18",
    "price" : 88.65,
    "dma50" : 90.52,
    "dma100" : 88.37,
    "dma200" : 90.49,
    "volume" : 192850.00
  }, {
    "date" : "2025-08-19",
    "price" : 89.98,
    "dma50" : 90.50,
    "dma100" : 88.49,
    "dma200" : 90.49,
    "volume" : 269749.00
  }, {
    "date" : "2025-08-20",
    "price" : 93.96,
    "dma50" : 90.63,
    "dma100" : 88.67,
    "dma200" : 90.52,
    "volume" : 815348.00
  }, {
    "date" : "2025-08-21",
    "price" : 93.82,
    "dma50" : 90.76,
    "dma100" : 88.88,
    "dma200" : 90.55,
    "volume" : 323211.00
  }, {
    "date" : "2025-08-22",
    "price" : 93.85,
    "dma50" : 90.88,
    "dma100" : 89.09,
    "dma200" : 90.59,
    "volume" : 644236.00
  }, {
    "date" : "2025-08-25",
    "price" : 91.54,
    "dma50" : 90.91,
    "dma100" : 89.29,
    "dma200" : 90.60,
    "volume" : 226912.00
  }, {
    "date" : "2025-08-26",
    "price" : 89.16,
    "dma50" : 90.84,
    "dma100" : 89.45,
    "dma200" : 90.58,
    "volume" : 178169.00
  }, {
    "date" : "2025-08-28",
    "price" : 88.04,
    "dma50" : 90.73,
    "dma100" : 89.59,
    "dma200" : 90.56,
    "volume" : 152878.00
  }, {
    "date" : "2025-08-29",
    "price" : 86.99,
    "dma50" : 90.58,
    "dma100" : 89.70,
    "dma200" : 90.52,
    "volume" : 228998.00
  }, {
    "date" : "2025-09-01",
    "price" : 88.36,
    "dma50" : 90.49,
    "dma100" : 89.85,
    "dma200" : 90.50,
    "volume" : 171345.00
  }, {
    "date" : "2025-09-02",
    "price" : 89.11,
    "dma50" : 90.44,
    "dma100" : 90.04,
    "dma200" : 90.49,
    "volume" : 572060.00
  }, {
    "date" : "2025-09-03",
    "price" : 94.35,
    "dma50" : 90.59,
    "dma100" : 90.27,
    "dma200" : 90.52,
    "volume" : 1028290.00
  }, {
    "date" : "2025-09-04",
    "price" : 94.06,
    "dma50" : 90.73,
    "dma100" : 90.49,
    "dma200" : 90.56,
    "volume" : 419540.00
  }, {
    "date" : "2025-09-05",
    "price" : 92.50,
    "dma50" : 90.80,
    "dma100" : 90.67,
    "dma200" : 90.58,
    "volume" : 235442.00
  }, {
    "date" : "2025-09-08",
    "price" : 91.26,
    "dma50" : 90.82,
    "dma100" : 90.81,
    "dma200" : 90.58,
    "volume" : 123913.00
  }, {
    "date" : "2025-09-09",
    "price" : 90.13,
    "dma50" : 90.79,
    "dma100" : 90.92,
    "dma200" : 90.58,
    "volume" : 125683.00
  }, {
    "date" : "2025-09-10",
    "price" : 90.82,
    "dma50" : 90.79,
    "dma100" : 91.01,
    "dma200" : 90.58,
    "volume" : 98953.00
  }, {
    "date" : "2025-09-11",
    "price" : 91.07,
    "dma50" : 90.80,
    "dma100" : 91.09,
    "dma200" : 90.59,
    "volume" : 167298.00
  }, {
    "date" : "2025-09-12",
    "price" : 90.49,
    "dma50" : 90.79,
    "dma100" : 91.12,
    "dma200" : 90.59,
    "volume" : 86448.00
  }, {
    "date" : "2025-09-15",
    "price" : 91.07,
    "dma50" : 90.80,
    "dma100" : 91.17,
    "dma200" : 90.59,
    "volume" : 142951.00
  }, {
    "date" : "2025-09-16",
    "price" : 92.46,
    "dma50" : 90.87,
    "dma100" : 91.24,
    "dma200" : 90.61,
    "volume" : 321644.00
  }, {
    "date" : "2025-09-17",
    "price" : 91.94,
    "dma50" : 90.91,
    "dma100" : 91.34,
    "dma200" : 90.62,
    "volume" : 115673.00
  }, {
    "date" : "2025-09-18",
    "price" : 90.95,
    "dma50" : 90.91,
    "dma100" : 91.43,
    "dma200" : 90.63,
    "volume" : 89797.00
  }, {
    "date" : "2025-09-19",
    "price" : 90.69,
    "dma50" : 90.90,
    "dma100" : 91.50,
    "dma200" : 90.63,
    "volume" : 127282.00
  }, {
    "date" : "2025-09-22",
    "price" : 89.22,
    "dma50" : 90.84,
    "dma100" : 91.58,
    "dma200" : 90.61,
    "volume" : 253677.00
  }, {
    "date" : "2025-09-23",
    "price" : 89.04,
    "dma50" : 90.76,
    "dma100" : 91.63,
    "dma200" : 90.60,
    "volume" : 143605.00
  }, {
    "date" : "2025-09-24",
    "price" : 88.14,
    "dma50" : 90.66,
    "dma100" : 91.65,
    "dma200" : 90.57,
    "volume" : 140676.00
  }, {
    "date" : "2025-09-25",
    "price" : 87.74,
    "dma50" : 90.55,
    "dma100" : 91.70,
    "dma200" : 90.54,
    "volume" : 120193.00
  }, {
    "date" : "2025-09-26",
    "price" : 85.62,
    "dma50" : 90.35,
    "dma100" : 91.72,
    "dma200" : 90.50,
    "volume" : 183811.00
  }, {
    "date" : "2025-09-29",
    "price" : 85.07,
    "dma50" : 90.15,
    "dma100" : 91.74,
    "dma200" : 90.44,
    "volume" : 187045.00
  }, {
    "date" : "2025-09-30",
    "price" : 83.42,
    "dma50" : 89.88,
    "dma100" : 91.76,
    "dma200" : 90.37,
    "volume" : 183734.00
  }, {
    "date" : "2025-10-01",
    "price" : 84.90,
    "dma50" : 89.69,
    "dma100" : 91.74,
    "dma200" : 90.32,
    "volume" : 90749.00
  }, {
    "date" : "2025-10-03",
    "price" : 85.92,
    "dma50" : 89.54,
    "dma100" : 91.70,
    "dma200" : 90.27,
    "volume" : 132830.00
  }, {
    "date" : "2025-10-06",
    "price" : 84.47,
    "dma50" : 89.34,
    "dma100" : 91.63,
    "dma200" : 90.22,
    "volume" : 79402.00
  }, {
    "date" : "2025-10-07",
    "price" : 84.32,
    "dma50" : 89.14,
    "dma100" : 91.52,
    "dma200" : 90.16,
    "volume" : 69224.00
  }, {
    "date" : "2025-10-08",
    "price" : 84.41,
    "dma50" : 88.96,
    "dma100" : 91.38,
    "dma200" : 90.10,
    "volume" : 88521.00
  }, {
    "date" : "2025-10-09",
    "price" : 83.52,
    "dma50" : 88.75,
    "dma100" : 91.23,
    "dma200" : 90.03,
    "volume" : 68860.00
  }, {
    "date" : "2025-10-10",
    "price" : 83.30,
    "dma50" : 88.53,
    "dma100" : 91.07,
    "dma200" : 89.97,
    "volume" : 106099.00
  }, {
    "date" : "2025-10-13",
    "price" : 82.78,
    "dma50" : 88.31,
    "dma100" : 90.91,
    "dma200" : 89.90,
    "volume" : 74431.00
  }, {
    "date" : "2025-10-14",
    "price" : 81.28,
    "dma50" : 88.03,
    "dma100" : 90.74,
    "dma200" : 89.81,
    "volume" : 74159.00
  }, {
    "date" : "2025-10-15",
    "price" : 81.84,
    "dma50" : 87.79,
    "dma100" : 90.58,
    "dma200" : 89.73,
    "volume" : 191779.00
  }, {
    "date" : "2025-10-16",
    "price" : 82.44,
    "dma50" : 87.58,
    "dma100" : 90.41,
    "dma200" : 89.66,
    "volume" : 171948.00
  }, {
    "date" : "2025-10-17",
    "price" : 81.05,
    "dma50" : 87.32,
    "dma100" : 90.24,
    "dma200" : 89.57,
    "volume" : 77476.00
  }, {
    "date" : "2025-10-20",
    "price" : 81.61,
    "dma50" : 87.10,
    "dma100" : 90.10,
    "dma200" : 89.49,
    "volume" : 139207.00
  }, {
    "date" : "2025-10-21",
    "price" : 82.23,
    "dma50" : 86.91,
    "dma100" : 90.01,
    "dma200" : 89.42,
    "volume" : 27474.00
  }, {
    "date" : "2025-10-23",
    "price" : 82.29,
    "dma50" : 86.73,
    "dma100" : 89.93,
    "dma200" : 89.35,
    "volume" : 66502.00
  }, {
    "date" : "2025-10-24",
    "price" : 81.07,
    "dma50" : 86.50,
    "dma100" : 89.85,
    "dma200" : 89.27,
    "volume" : 92255.00
  }, {
    "date" : "2025-10-27",
    "price" : 81.21,
    "dma50" : 86.30,
    "dma100" : 89.67,
    "dma200" : 89.19,
    "volume" : 65278.00
  }, {
    "date" : "2025-10-28",
    "price" : 82.18,
    "dma50" : 86.14,
    "dma100" : 89.54,
    "dma200" : 89.12,
    "volume" : 303279.00
  }, {
    "date" : "2025-10-29",
    "price" : 81.59,
    "dma50" : 85.96,
    "dma100" : 89.40,
    "dma200" : 89.04,
    "volume" : 131571.00
  }, {
    "date" : "2025-10-30",
    "price" : 81.58,
    "dma50" : 85.79,
    "dma100" : 89.26,
    "dma200" : 88.97,
    "volume" : 79906.00
  }, {
    "date" : "2025-10-31",
    "price" : 82.01,
    "dma50" : 85.64,
    "dma100" : 89.12,
    "dma200" : 88.90,
    "volume" : 68704.00
  }, {
    "date" : "2025-11-03",
    "price" : 82.30,
    "dma50" : 85.51,
    "dma100" : 88.98,
    "dma200" : 88.83,
    "volume" : 135562.00
  }, {
    "date" : "2025-11-04",
    "price" : 81.57,
    "dma50" : 85.35,
    "dma100" : 88.84,
    "dma200" : 88.76,
    "volume" : 54840.00
  }, {
    "date" : "2025-11-06",
    "price" : 79.43,
    "dma50" : 85.12,
    "dma100" : 88.68,
    "dma200" : 88.67,
    "volume" : 72478.00
  }, {
    "date" : "2025-11-07",
    "price" : 78.38,
    "dma50" : 84.86,
    "dma100" : 88.54,
    "dma200" : 88.57,
    "volume" : 83035.00
  }, {
    "date" : "2025-11-10",
    "price" : 78.33,
    "dma50" : 84.60,
    "dma100" : 88.39,
    "dma200" : 88.46,
    "volume" : 34156.00
  }, {
    "date" : "2025-11-11",
    "price" : 81.78,
    "dma50" : 84.49,
    "dma100" : 88.29,
    "dma200" : 88.40,
    "volume" : 548543.00
  }, {
    "date" : "2025-11-12",
    "price" : 81.46,
    "dma50" : 84.37,
    "dma100" : 88.20,
    "dma200" : 88.33,
    "volume" : 147191.00
  }, {
    "date" : "2025-11-13",
    "price" : 82.10,
    "dma50" : 84.28,
    "dma100" : 88.14,
    "dma200" : 88.27,
    "volume" : 203336.00
  }, {
    "date" : "2025-11-14",
    "price" : 81.33,
    "dma50" : 84.17,
    "dma100" : 88.06,
    "dma200" : 88.20,
    "volume" : 96666.00
  }, {
    "date" : "2025-11-17",
    "price" : 81.16,
    "dma50" : 84.05,
    "dma100" : 87.97,
    "dma200" : 88.13,
    "volume" : 61537.00
  }, {
    "date" : "2025-11-18",
    "price" : 80.75,
    "dma50" : 83.92,
    "dma100" : 87.86,
    "dma200" : 88.05,
    "volume" : 128499.00
  }, {
    "date" : "2025-11-19",
    "price" : 79.86,
    "dma50" : 83.76,
    "dma100" : 87.73,
    "dma200" : 87.97,
    "volume" : 37311.00
  }, {
    "date" : "2025-11-20",
    "price" : 78.85,
    "dma50" : 83.57,
    "dma100" : 87.60,
    "dma200" : 87.88,
    "volume" : 55830.00
  }, {
    "date" : "2025-11-21",
    "price" : 77.58,
    "dma50" : 83.33,
    "dma100" : 87.44,
    "dma200" : 87.78,
    "volume" : 65573.00
  }, {
    "date" : "2025-11-24",
    "price" : 76.19,
    "dma50" : 83.05,
    "dma100" : 87.26,
    "dma200" : 87.66,
    "volume" : 52626.00
  }, {
    "date" : "2025-11-25",
    "price" : 76.14,
    "dma50" : 82.78,
    "dma100" : 87.08,
    "dma200" : 87.55,
    "volume" : 48177.00
  }, {
    "date" : "2025-11-26",
    "price" : 76.86,
    "dma50" : 82.55,
    "dma100" : 86.92,
    "dma200" : 87.44,
    "volume" : 46926.00
  }, {
    "date" : "2025-11-27",
    "price" : 77.84,
    "dma50" : 82.36,
    "dma100" : 86.78,
    "dma200" : 87.35,
    "volume" : 36469.00
  }, {
    "date" : "2025-11-28",
    "price" : 77.87,
    "dma50" : 82.19,
    "dma100" : 86.65,
    "dma200" : 87.25,
    "volume" : 64975.00
  }, {
    "date" : "2025-12-01",
    "price" : 77.51,
    "dma50" : 82.00,
    "dma100" : 86.51,
    "dma200" : 87.16,
    "volume" : 42160.00
  }, {
    "date" : "2025-12-02",
    "price" : 76.83,
    "dma50" : 81.80,
    "dma100" : 86.37,
    "dma200" : 87.05,
    "volume" : 28615.00
  }, {
    "date" : "2025-12-03",
    "price" : 75.85,
    "dma50" : 81.57,
    "dma100" : 86.22,
    "dma200" : 86.94,
    "volume" : 81386.00
  }, {
    "date" : "2025-12-04",
    "price" : 74.97,
    "dma50" : 81.31,
    "dma100" : 86.07,
    "dma200" : 86.82,
    "volume" : 66345.00
  }, {
    "date" : "2025-12-05",
    "price" : 76.81,
    "dma50" : 81.13,
    "dma100" : 85.94,
    "dma200" : 86.72,
    "volume" : 171905.00
  }, {
    "date" : "2025-12-08",
    "price" : 72.90,
    "dma50" : 80.81,
    "dma100" : 85.78,
    "dma200" : 86.59,
    "volume" : 81036.00
  }, {
    "date" : "2025-12-09",
    "price" : 72.72,
    "dma50" : 80.49,
    "dma100" : 85.60,
    "dma200" : 86.45,
    "volume" : 69647.00
  }, {
    "date" : "2025-12-10",
    "price" : 72.43,
    "dma50" : 80.18,
    "dma100" : 85.41,
    "dma200" : 86.31,
    "volume" : 80859.00
  }, {
    "date" : "2025-12-11",
    "price" : 72.45,
    "dma50" : 79.87,
    "dma100" : 85.22,
    "dma200" : 86.17,
    "volume" : 34485.00
  }, {
    "date" : "2025-12-12",
    "price" : 72.85,
    "dma50" : 79.60,
    "dma100" : 85.05,
    "dma200" : 86.04,
    "volume" : 86999.00
  } ],
  "latestTechnicalAttributes" : {
    "date" : "2025-12-12",
    "price" : 72.85,
    "dma50" : 79.60,
    "dma100" : 85.05,
    "dma200" : 86.04,
    "volume" : 86999.00
  },
  "quarterlyResults" : [ {
    "date" : "2005-03-31",
    "sales" : 325.07,
    "salesGrowthYoY" : null,
    "grossProfitMargin" : 24.47,
    "grossProfit" : 79.54,
    "operatingProfitMargin" : 7.70,
    "operatingProfit" : 25.03,
    "netProfitMargin" : 1.92,
    "netProfit" : 6.24
  }, {
    "date" : "2005-06-30",
    "sales" : 245.54,
    "salesGrowthYoY" : null,
    "grossProfitMargin" : 20.36,
    "grossProfit" : 49.99,
    "operatingProfitMargin" : 5.65,
    "operatingProfit" : 13.87,
    "netProfitMargin" : -4.95,
    "netProfit" : -12.15
  }, {
    "date" : "2005-09-30",
    "sales" : 254.47,
    "salesGrowthYoY" : null,
    "grossProfitMargin" : 13.43,
    "grossProfit" : 34.18,
    "operatingProfitMargin" : -2.41,
    "operatingProfit" : -6.13,
    "netProfitMargin" : -14.16,
    "netProfit" : -36.03
  }, {
    "date" : "2005-12-31",
    "sales" : 287.11,
    "salesGrowthYoY" : null,
    "grossProfitMargin" : 11.79,
    "grossProfit" : 33.85,
    "operatingProfitMargin" : -2.66,
    "operatingProfit" : -7.64,
    "netProfitMargin" : -12.49,
    "netProfit" : -35.86
  }, {
    "date" : "2006-03-31",
    "sales" : 297.11,
    "salesGrowthYoY" : -8.60,
    "grossProfitMargin" : 5.10,
    "grossProfit" : 15.15,
    "operatingProfitMargin" : -9.16,
    "operatingProfit" : -27.22,
    "netProfitMargin" : -16.06,
    "netProfit" : -47.72
  }, {
    "date" : "2006-06-30",
    "sales" : 287.80,
    "salesGrowthYoY" : 17.21,
    "grossProfitMargin" : 13.19,
    "grossProfit" : 37.96,
    "operatingProfitMargin" : 0.75,
    "operatingProfit" : 2.16,
    "netProfitMargin" : -10.38,
    "netProfit" : -29.87
  }, {
    "date" : "2006-09-30",
    "sales" : 334.53,
    "salesGrowthYoY" : 31.46,
    "grossProfitMargin" : 8.38,
    "grossProfit" : 28.03,
    "operatingProfitMargin" : -2.35,
    "operatingProfit" : -7.86,
    "netProfitMargin" : -11.81,
    "netProfit" : -39.51
  }, {
    "date" : "2006-12-31",
    "sales" : 293.21,
    "salesGrowthYoY" : 2.12,
    "grossProfitMargin" : 5.42,
    "grossProfit" : 15.89,
    "operatingProfitMargin" : -5.55,
    "operatingProfit" : -16.27,
    "netProfitMargin" : -16.04,
    "netProfit" : -47.03
  }, {
    "date" : "2007-03-31",
    "sales" : 295.12,
    "salesGrowthYoY" : -0.67,
    "grossProfitMargin" : 20.81,
    "grossProfit" : 61.41,
    "operatingProfitMargin" : 8.37,
    "operatingProfit" : 24.70,
    "netProfitMargin" : 0.56,
    "netProfit" : 1.65
  }, {
    "date" : "2007-06-30",
    "sales" : 201.39,
    "salesGrowthYoY" : -30.02,
    "grossProfitMargin" : 2.37,
    "grossProfit" : 4.77,
    "operatingProfitMargin" : -13.21,
    "operatingProfit" : -26.60,
    "netProfitMargin" : -28.66,
    "netProfit" : -57.72
  }, {
    "date" : "2007-09-30",
    "sales" : 248.89,
    "salesGrowthYoY" : -25.60,
    "grossProfitMargin" : 7.72,
    "grossProfit" : 19.21,
    "operatingProfitMargin" : -4.95,
    "operatingProfit" : -12.32,
    "netProfitMargin" : -17.88,
    "netProfit" : -44.50
  }, {
    "date" : "2007-12-31",
    "sales" : 329.03,
    "salesGrowthYoY" : 12.22,
    "grossProfitMargin" : 13.00,
    "grossProfit" : 42.77,
    "operatingProfitMargin" : 3.71,
    "operatingProfit" : 12.21,
    "netProfitMargin" : -5.73,
    "netProfit" : -18.85
  }, {
    "date" : "2008-03-31",
    "sales" : 360.75,
    "salesGrowthYoY" : 22.24,
    "grossProfitMargin" : 10.84,
    "grossProfit" : 39.11,
    "operatingProfitMargin" : 1.47,
    "operatingProfit" : 5.30,
    "netProfitMargin" : -3.82,
    "netProfit" : -13.78
  }, {
    "date" : "2008-06-30",
    "sales" : 186.79,
    "salesGrowthYoY" : -7.25,
    "grossProfitMargin" : 18.15,
    "grossProfit" : 33.90,
    "operatingProfitMargin" : 2.25,
    "operatingProfit" : 4.20,
    "netProfitMargin" : -16.13,
    "netProfit" : -30.13
  }, {
    "date" : "2008-09-30",
    "sales" : 464.07,
    "salesGrowthYoY" : 86.46,
    "grossProfitMargin" : 13.69,
    "grossProfit" : 63.53,
    "operatingProfitMargin" : 6.79,
    "operatingProfit" : 31.51,
    "netProfitMargin" : -0.63,
    "netProfit" : -2.92
  }, {
    "date" : "2008-12-31",
    "sales" : 250.48,
    "salesGrowthYoY" : -23.87,
    "grossProfitMargin" : -8.38,
    "grossProfit" : -20.99,
    "operatingProfitMargin" : -20.62,
    "operatingProfit" : -51.65,
    "netProfitMargin" : -33.84,
    "netProfit" : -84.76
  }, {
    "date" : "2009-03-31",
    "sales" : 222.25,
    "salesGrowthYoY" : -38.39,
    "grossProfitMargin" : 16.29,
    "grossProfit" : 36.20,
    "operatingProfitMargin" : 0.46,
    "operatingProfit" : 1.02,
    "netProfitMargin" : -12.40,
    "netProfit" : -27.56
  }, {
    "date" : "2009-06-30",
    "sales" : 163.93,
    "salesGrowthYoY" : -12.24,
    "grossProfitMargin" : 0.73,
    "grossProfit" : 1.20,
    "operatingProfitMargin" : -15.36,
    "operatingProfit" : -25.18,
    "netProfitMargin" : -36.62,
    "netProfit" : -60.03
  }, {
    "date" : "2009-09-30",
    "sales" : 324.02,
    "salesGrowthYoY" : -30.18,
    "grossProfitMargin" : 18.52,
    "grossProfit" : 60.01,
    "operatingProfitMargin" : 8.66,
    "operatingProfit" : 28.06,
    "netProfitMargin" : -2.20,
    "netProfit" : -7.13
  }, {
    "date" : "2009-12-31",
    "sales" : 379.87,
    "salesGrowthYoY" : 51.66,
    "grossProfitMargin" : 23.66,
    "grossProfit" : 89.88,
    "operatingProfitMargin" : 13.03,
    "operatingProfit" : 49.50,
    "netProfitMargin" : 4.11,
    "netProfit" : 15.61
  }, {
    "date" : "2010-03-31",
    "sales" : 435.02,
    "salesGrowthYoY" : 95.73,
    "grossProfitMargin" : 26.72,
    "grossProfit" : 116.24,
    "operatingProfitMargin" : 18.00,
    "operatingProfit" : 78.30,
    "netProfitMargin" : 13.43,
    "netProfit" : 58.42
  }, {
    "date" : "2010-06-30",
    "sales" : 353.74,
    "salesGrowthYoY" : 115.79,
    "grossProfitMargin" : 19.55,
    "grossProfit" : 69.16,
    "operatingProfitMargin" : 8.29,
    "operatingProfit" : 29.33,
    "netProfitMargin" : 0.27,
    "netProfit" : 0.96
  }, {
    "date" : "2010-09-30",
    "sales" : 251.54,
    "salesGrowthYoY" : -22.37,
    "grossProfitMargin" : 12.83,
    "grossProfit" : 32.27,
    "operatingProfitMargin" : -3.57,
    "operatingProfit" : -8.98,
    "netProfitMargin" : -12.90,
    "netProfit" : -32.45
  }, {
    "date" : "2010-12-31",
    "sales" : 437.28,
    "salesGrowthYoY" : 15.11,
    "grossProfitMargin" : 27.01,
    "grossProfit" : 118.11,
    "operatingProfitMargin" : 16.84,
    "operatingProfit" : 73.64,
    "netProfitMargin" : 11.59,
    "netProfit" : 50.68
  }, {
    "date" : "2011-03-31",
    "sales" : 580.27,
    "salesGrowthYoY" : 33.39,
    "grossProfitMargin" : 26.03,
    "grossProfit" : 151.04,
    "operatingProfitMargin" : 6.30,
    "operatingProfit" : 36.56,
    "netProfitMargin" : 4.48,
    "netProfit" : 26.00
  }, {
    "date" : "2011-06-30",
    "sales" : 548.63,
    "salesGrowthYoY" : 55.09,
    "grossProfitMargin" : 19.12,
    "grossProfit" : 104.90,
    "operatingProfitMargin" : 11.39,
    "operatingProfit" : 62.49,
    "netProfitMargin" : 6.57,
    "netProfit" : 36.04
  }, {
    "date" : "2011-09-30",
    "sales" : 557.59,
    "salesGrowthYoY" : 121.67,
    "grossProfitMargin" : 20.55,
    "grossProfit" : 114.58,
    "operatingProfitMargin" : 12.17,
    "operatingProfit" : 67.86,
    "netProfitMargin" : 7.53,
    "netProfit" : 41.99
  }, {
    "date" : "2011-12-31",
    "sales" : 641.44,
    "salesGrowthYoY" : 46.69,
    "grossProfitMargin" : 16.75,
    "grossProfit" : 107.44,
    "operatingProfitMargin" : 8.69,
    "operatingProfit" : 55.74,
    "netProfitMargin" : 5.00,
    "netProfit" : 32.07
  }, {
    "date" : "2012-03-31",
    "sales" : 460.11,
    "salesGrowthYoY" : -20.71,
    "grossProfitMargin" : 16.47,
    "grossProfit" : 75.78,
    "operatingProfitMargin" : 3.02,
    "operatingProfit" : 13.90,
    "netProfitMargin" : 0.13,
    "netProfit" : 0.60
  }, {
    "date" : "2012-06-30",
    "sales" : 358.69,
    "salesGrowthYoY" : -34.62,
    "grossProfitMargin" : 0.61,
    "grossProfit" : 2.19,
    "operatingProfitMargin" : -14.48,
    "operatingProfit" : -51.94,
    "netProfitMargin" : -22.53,
    "netProfit" : -80.81
  }, {
    "date" : "2012-09-30",
    "sales" : 668.36,
    "salesGrowthYoY" : 19.87,
    "grossProfitMargin" : 17.72,
    "grossProfit" : 118.43,
    "operatingProfitMargin" : 10.61,
    "operatingProfit" : 70.91,
    "netProfitMargin" : 6.41,
    "netProfit" : 42.84
  }, {
    "date" : "2012-12-31",
    "sales" : 764.47,
    "salesGrowthYoY" : 19.18,
    "grossProfitMargin" : 14.29,
    "grossProfit" : 109.24,
    "operatingProfitMargin" : 7.39,
    "operatingProfit" : 56.49,
    "netProfitMargin" : 3.56,
    "netProfit" : 27.22
  }, {
    "date" : "2013-03-31",
    "sales" : 554.77,
    "salesGrowthYoY" : 20.57,
    "grossProfitMargin" : 17.44,
    "grossProfit" : 96.75,
    "operatingProfitMargin" : 10.00,
    "operatingProfit" : 55.48,
    "netProfitMargin" : 6.34,
    "netProfit" : 35.17
  }, {
    "date" : "2013-06-30",
    "sales" : 663.92,
    "salesGrowthYoY" : 85.10,
    "grossProfitMargin" : 19.13,
    "grossProfit" : 127.01,
    "operatingProfitMargin" : 10.67,
    "operatingProfit" : 70.84,
    "netProfitMargin" : 6.96,
    "netProfit" : 46.21
  }, {
    "date" : "2013-09-30",
    "sales" : 659.08,
    "salesGrowthYoY" : -1.39,
    "grossProfitMargin" : 14.50,
    "grossProfit" : 95.57,
    "operatingProfitMargin" : 6.58,
    "operatingProfit" : 43.37,
    "netProfitMargin" : 2.61,
    "netProfit" : 17.20
  }, {
    "date" : "2013-12-31",
    "sales" : 774.65,
    "salesGrowthYoY" : 1.33,
    "grossProfitMargin" : 16.94,
    "grossProfit" : 131.23,
    "operatingProfitMargin" : 9.47,
    "operatingProfit" : 73.36,
    "netProfitMargin" : 5.69,
    "netProfit" : 44.08
  }, {
    "date" : "2014-03-31",
    "sales" : 495.82,
    "salesGrowthYoY" : -10.63,
    "grossProfitMargin" : 18.41,
    "grossProfit" : 91.28,
    "operatingProfitMargin" : 6.25,
    "operatingProfit" : 30.99,
    "netProfitMargin" : -1.50,
    "netProfit" : -7.44
  }, {
    "date" : "2014-06-30",
    "sales" : 457.67,
    "salesGrowthYoY" : -31.07,
    "grossProfitMargin" : 5.67,
    "grossProfit" : 25.95,
    "operatingProfitMargin" : -5.88,
    "operatingProfit" : -26.91,
    "netProfitMargin" : -11.78,
    "netProfit" : -53.91
  }, {
    "date" : "2014-09-30",
    "sales" : 695.21,
    "salesGrowthYoY" : 5.48,
    "grossProfitMargin" : 16.27,
    "grossProfit" : 113.11,
    "operatingProfitMargin" : 7.75,
    "operatingProfit" : 53.88,
    "netProfitMargin" : 3.40,
    "netProfit" : 23.64
  }, {
    "date" : "2014-12-31",
    "sales" : 119.99,
    "salesGrowthYoY" : -84.51,
    "grossProfitMargin" : -22.05,
    "grossProfit" : -26.46,
    "operatingProfitMargin" : -56.50,
    "operatingProfit" : -67.79,
    "netProfitMargin" : -80.97,
    "netProfit" : -97.16
  }, {
    "date" : "2015-03-31",
    "sales" : 429.00,
    "salesGrowthYoY" : -13.48,
    "grossProfitMargin" : 14.98,
    "grossProfit" : 64.26,
    "operatingProfitMargin" : -2.29,
    "operatingProfit" : -9.82,
    "netProfitMargin" : -1.68,
    "netProfit" : -7.21
  }, {
    "date" : "2015-06-30",
    "sales" : 155.59,
    "salesGrowthYoY" : -66.00,
    "grossProfitMargin" : -5.10,
    "grossProfit" : -7.94,
    "operatingProfitMargin" : -35.25,
    "operatingProfit" : -54.85,
    "netProfitMargin" : -51.62,
    "netProfit" : -80.32
  }, {
    "date" : "2015-09-30",
    "sales" : 355.00,
    "salesGrowthYoY" : -48.94,
    "grossProfitMargin" : 19.86,
    "grossProfit" : 70.50,
    "operatingProfitMargin" : 3.57,
    "operatingProfit" : 12.67,
    "netProfitMargin" : -2.32,
    "netProfit" : -8.24
  }, {
    "date" : "2015-12-31",
    "sales" : 305.11,
    "salesGrowthYoY" : 154.28,
    "grossProfitMargin" : 21.15,
    "grossProfit" : 64.53,
    "operatingProfitMargin" : 2.54,
    "operatingProfit" : 7.75,
    "netProfitMargin" : -5.82,
    "netProfit" : -17.76
  }, {
    "date" : "2016-03-31",
    "sales" : 385.94,
    "salesGrowthYoY" : -10.04,
    "grossProfitMargin" : 22.06,
    "grossProfit" : 85.14,
    "operatingProfitMargin" : 3.69,
    "operatingProfit" : 14.24,
    "netProfitMargin" : 2.27,
    "netProfit" : 8.76
  }, {
    "date" : "2016-06-30",
    "sales" : 333.45,
    "salesGrowthYoY" : 114.31,
    "grossProfitMargin" : 26.62,
    "grossProfit" : 88.76,
    "operatingProfitMargin" : 7.53,
    "operatingProfit" : 25.11,
    "netProfitMargin" : 0.32,
    "netProfit" : 1.07
  }, {
    "date" : "2016-09-30",
    "sales" : 309.18,
    "salesGrowthYoY" : -12.91,
    "grossProfitMargin" : 18.38,
    "grossProfit" : 56.83,
    "operatingProfitMargin" : -2.44,
    "operatingProfit" : -7.54,
    "netProfitMargin" : -8.96,
    "netProfit" : -27.70
  }, {
    "date" : "2016-12-31",
    "sales" : 305.16,
    "salesGrowthYoY" : 0.02,
    "grossProfitMargin" : 23.22,
    "grossProfit" : 70.86,
    "operatingProfitMargin" : 4.42,
    "operatingProfit" : 13.49,
    "netProfitMargin" : -3.51,
    "netProfit" : -10.71
  }, {
    "date" : "2017-03-31",
    "sales" : 445.90,
    "salesGrowthYoY" : 15.54,
    "grossProfitMargin" : 22.72,
    "grossProfit" : 101.31,
    "operatingProfitMargin" : 6.95,
    "operatingProfit" : 30.99,
    "netProfitMargin" : 9.55,
    "netProfit" : 42.58
  }, {
    "date" : "2017-06-30",
    "sales" : 312.14,
    "salesGrowthYoY" : -6.39,
    "grossProfitMargin" : 6.40,
    "grossProfit" : 19.98,
    "operatingProfitMargin" : -13.07,
    "operatingProfit" : -40.80,
    "netProfitMargin" : -19.81,
    "netProfit" : -61.83
  }, {
    "date" : "2017-09-30",
    "sales" : 340.83,
    "salesGrowthYoY" : 10.24,
    "grossProfitMargin" : 10.16,
    "grossProfit" : 34.63,
    "operatingProfitMargin" : -6.58,
    "operatingProfit" : -22.43,
    "netProfitMargin" : -13.55,
    "netProfit" : -46.18
  }, {
    "date" : "2017-12-31",
    "sales" : 460.50,
    "salesGrowthYoY" : 50.90,
    "grossProfitMargin" : 17.84,
    "grossProfit" : 82.15,
    "operatingProfitMargin" : 2.45,
    "operatingProfit" : 11.28,
    "netProfitMargin" : -1.99,
    "netProfit" : -9.16
  }, {
    "date" : "2018-03-31",
    "sales" : 503.12,
    "salesGrowthYoY" : 12.83,
    "grossProfitMargin" : 25.00,
    "grossProfit" : 125.78,
    "operatingProfitMargin" : 11.42,
    "operatingProfit" : 57.46,
    "netProfitMargin" : 14.42,
    "netProfit" : 72.55
  }, {
    "date" : "2018-06-30",
    "sales" : 149.94,
    "salesGrowthYoY" : -51.96,
    "grossProfitMargin" : 14.50,
    "grossProfit" : 21.74,
    "operatingProfitMargin" : -17.97,
    "operatingProfit" : -26.94,
    "netProfitMargin" : -36.84,
    "netProfit" : -55.24
  }, {
    "date" : "2018-09-30",
    "sales" : 464.83,
    "salesGrowthYoY" : 36.38,
    "grossProfitMargin" : 9.37,
    "grossProfit" : 43.55,
    "operatingProfitMargin" : -3.69,
    "operatingProfit" : -17.15,
    "netProfitMargin" : -9.57,
    "netProfit" : -44.48
  }, {
    "date" : "2018-12-31",
    "sales" : 594.71,
    "salesGrowthYoY" : 29.14,
    "grossProfitMargin" : 18.16,
    "grossProfit" : 108.00,
    "operatingProfitMargin" : 5.75,
    "operatingProfit" : 34.20,
    "netProfitMargin" : 1.30,
    "netProfit" : 7.73
  }, {
    "date" : "2019-03-31",
    "sales" : 383.52,
    "salesGrowthYoY" : -23.77,
    "grossProfitMargin" : 13.26,
    "grossProfit" : 50.85,
    "operatingProfitMargin" : -3.84,
    "operatingProfit" : -14.73,
    "netProfitMargin" : 2.90,
    "netProfit" : 11.12
  }, {
    "date" : "2019-06-30",
    "sales" : 37.82,
    "salesGrowthYoY" : -74.78,
    "grossProfitMargin" : -25.36,
    "grossProfit" : -9.59,
    "operatingProfitMargin" : -173.59,
    "operatingProfit" : -65.65,
    "netProfitMargin" : -230.96,
    "netProfit" : -87.35
  }, {
    "date" : "2019-09-30",
    "sales" : 312.69,
    "salesGrowthYoY" : -32.73,
    "grossProfitMargin" : 12.60,
    "grossProfit" : 39.40,
    "operatingProfitMargin" : -6.51,
    "operatingProfit" : -20.36,
    "netProfitMargin" : -14.93,
    "netProfit" : -46.68
  }, {
    "date" : "2019-12-31",
    "sales" : 480.85,
    "salesGrowthYoY" : -19.15,
    "grossProfitMargin" : 19.90,
    "grossProfit" : 95.69,
    "operatingProfitMargin" : 7.20,
    "operatingProfit" : 34.62,
    "netProfitMargin" : 0.40,
    "netProfit" : 1.92
  }, {
    "date" : "2020-03-31",
    "sales" : 445.23,
    "salesGrowthYoY" : 16.09,
    "grossProfitMargin" : 32.04,
    "grossProfit" : 142.65,
    "operatingProfitMargin" : 5.00,
    "operatingProfit" : 22.26,
    "netProfitMargin" : 1.54,
    "netProfit" : 6.86
  }, {
    "date" : "2020-06-30",
    "sales" : 213.16,
    "salesGrowthYoY" : 463.62,
    "grossProfitMargin" : 39.10,
    "grossProfit" : 83.35,
    "operatingProfitMargin" : -3.08,
    "operatingProfit" : -6.57,
    "netProfitMargin" : -15.98,
    "netProfit" : -34.06
  }, {
    "date" : "2020-09-30",
    "sales" : 416.90,
    "salesGrowthYoY" : 33.33,
    "grossProfitMargin" : 40.18,
    "grossProfit" : 167.51,
    "operatingProfitMargin" : 8.05,
    "operatingProfit" : 33.56,
    "netProfitMargin" : 1.06,
    "netProfit" : 4.42
  }, {
    "date" : "2020-12-31",
    "sales" : 441.87,
    "salesGrowthYoY" : -8.11,
    "grossProfitMargin" : 37.23,
    "grossProfit" : 164.51,
    "operatingProfitMargin" : 7.96,
    "operatingProfit" : 35.17,
    "netProfitMargin" : 1.34,
    "netProfit" : 5.92
  }, {
    "date" : "2021-03-31",
    "sales" : 460.11,
    "salesGrowthYoY" : 3.34,
    "grossProfitMargin" : 42.65,
    "grossProfit" : 196.24,
    "operatingProfitMargin" : 15.08,
    "operatingProfit" : 69.38,
    "netProfitMargin" : 5.78,
    "netProfit" : 26.59
  }, {
    "date" : "2021-06-30",
    "sales" : 494.85,
    "salesGrowthYoY" : 132.15,
    "grossProfitMargin" : 37.99,
    "grossProfit" : 187.99,
    "operatingProfitMargin" : 10.52,
    "operatingProfit" : 52.06,
    "netProfitMargin" : 5.02,
    "netProfit" : 24.84
  }, {
    "date" : "2021-09-30",
    "sales" : 382.17,
    "salesGrowthYoY" : -8.33,
    "grossProfitMargin" : 33.92,
    "grossProfit" : 129.63,
    "operatingProfitMargin" : 3.72,
    "operatingProfit" : 14.22,
    "netProfitMargin" : -2.99,
    "netProfit" : -11.43
  }, {
    "date" : "2021-12-31",
    "sales" : 648.17,
    "salesGrowthYoY" : 46.69,
    "grossProfitMargin" : 34.90,
    "grossProfit" : 226.21,
    "operatingProfitMargin" : 12.11,
    "operatingProfit" : 78.49,
    "netProfitMargin" : 8.22,
    "netProfit" : 53.28
  }, {
    "date" : "2022-03-31",
    "sales" : 776.97,
    "salesGrowthYoY" : 68.87,
    "grossProfitMargin" : 37.74,
    "grossProfit" : 293.23,
    "operatingProfitMargin" : 11.95,
    "operatingProfit" : 92.85,
    "netProfitMargin" : 12.27,
    "netProfit" : 95.33
  }, {
    "date" : "2022-06-30",
    "sales" : 813.05,
    "salesGrowthYoY" : 64.30,
    "grossProfitMargin" : 30.67,
    "grossProfit" : 249.36,
    "operatingProfitMargin" : 12.67,
    "operatingProfit" : 103.01,
    "netProfitMargin" : 7.75,
    "netProfit" : 63.01
  }, {
    "date" : "2022-09-30",
    "sales" : 912.10,
    "salesGrowthYoY" : 138.66,
    "grossProfitMargin" : 20.50,
    "grossProfit" : 186.98,
    "operatingProfitMargin" : 5.53,
    "operatingProfit" : 50.44,
    "netProfitMargin" : 2.62,
    "netProfit" : 23.90
  }, {
    "date" : "2022-12-31",
    "sales" : 953.81,
    "salesGrowthYoY" : 47.15,
    "grossProfitMargin" : 23.65,
    "grossProfit" : 225.58,
    "operatingProfitMargin" : 8.85,
    "operatingProfit" : 84.41,
    "netProfitMargin" : 5.35,
    "netProfit" : 51.03
  }, {
    "date" : "2023-03-31",
    "sales" : 768.13,
    "salesGrowthYoY" : -1.14,
    "grossProfitMargin" : 31.37,
    "grossProfit" : 240.96,
    "operatingProfitMargin" : 10.97,
    "operatingProfit" : 84.26,
    "netProfitMargin" : 6.16,
    "netProfit" : 47.32
  }, {
    "date" : "2023-06-30",
    "sales" : 528.64,
    "salesGrowthYoY" : -34.98,
    "grossProfitMargin" : 21.72,
    "grossProfit" : 114.82,
    "operatingProfitMargin" : -3.24,
    "operatingProfit" : -17.13,
    "netProfitMargin" : -6.51,
    "netProfit" : -34.41
  }, {
    "date" : "2023-09-30",
    "sales" : 385.25,
    "salesGrowthYoY" : -57.76,
    "grossProfitMargin" : 30.81,
    "grossProfit" : 118.70,
    "operatingProfitMargin" : 3.00,
    "operatingProfit" : 11.56,
    "netProfitMargin" : 0.87,
    "netProfit" : 3.35
  }, {
    "date" : "2023-12-31",
    "sales" : 556.05,
    "salesGrowthYoY" : -41.70,
    "grossProfitMargin" : 24.71,
    "grossProfit" : 137.40,
    "operatingProfitMargin" : 2.41,
    "operatingProfit" : 13.40,
    "netProfitMargin" : 0.83,
    "netProfit" : 4.62
  }, {
    "date" : "2024-03-31",
    "sales" : 758.48,
    "salesGrowthYoY" : -1.26,
    "grossProfitMargin" : 30.61,
    "grossProfit" : 232.17,
    "operatingProfitMargin" : 12.16,
    "operatingProfit" : 92.23,
    "netProfitMargin" : 10.86,
    "netProfit" : 82.37
  }, {
    "date" : "2024-06-30",
    "sales" : 655.15,
    "salesGrowthYoY" : 23.93,
    "grossProfitMargin" : 51.11,
    "grossProfit" : 334.85,
    "operatingProfitMargin" : 9.99,
    "operatingProfit" : 65.45,
    "netProfitMargin" : 6.18,
    "netProfit" : 40.49
  }, {
    "date" : "2024-09-30",
    "sales" : 532.42,
    "salesGrowthYoY" : 38.20,
    "grossProfitMargin" : 42.30,
    "grossProfit" : 225.21,
    "operatingProfitMargin" : 2.07,
    "operatingProfit" : 11.02,
    "netProfitMargin" : 0.30,
    "netProfit" : 1.60
  }, {
    "date" : "2024-12-31",
    "sales" : 799.52,
    "salesGrowthYoY" : 43.79,
    "grossProfitMargin" : 46.77,
    "grossProfit" : 373.94,
    "operatingProfitMargin" : 13.39,
    "operatingProfit" : 107.06,
    "netProfitMargin" : 9.33,
    "netProfit" : 74.60
  }, {
    "date" : "2025-03-31",
    "sales" : 554.76,
    "salesGrowthYoY" : -26.86,
    "grossProfitMargin" : 36.20,
    "grossProfit" : 200.82,
    "operatingProfitMargin" : -11.02,
    "operatingProfit" : -61.13,
    "netProfitMargin" : -9.45,
    "netProfit" : -52.42
  }, {
    "date" : "2025-06-30",
    "sales" : 672.08,
    "salesGrowthYoY" : 2.58,
    "grossProfitMargin" : 47.81,
    "grossProfit" : 321.32,
    "operatingProfitMargin" : 9.62,
    "operatingProfit" : 64.65,
    "netProfitMargin" : 6.56,
    "netProfit" : 44.09
  }, {
    "date" : "2025-09-30",
    "sales" : 510.37,
    "salesGrowthYoY" : -4.14,
    "grossProfitMargin" : 42.73,
    "grossProfit" : 218.08,
    "operatingProfitMargin" : 2.40,
    "operatingProfit" : 12.25,
    "netProfitMargin" : 2.54,
    "netProfit" : 12.96
  } ],
  "latestQuarterlyResult" : {
    "date" : "2025-09-30",
    "sales" : 510.37,
    "salesGrowthYoY" : -4.14,
    "grossProfitMargin" : 42.73,
    "grossProfit" : 218.08,
    "operatingProfitMargin" : 2.40,
    "operatingProfit" : 12.25,
    "netProfitMargin" : 2.54,
    "netProfit" : 12.96
  },
  "companyScore" : {
    "priceHigherThanDma50" : 0.00,
    "priceHigherThanDma100" : 0.00,
    "priceHigherThanDma200" : 0.00,
    "dma50HigherThanDma100" : 0.00,
    "dma50HigherThanDma200" : 0.00,
    "dma100HigherThanDma200" : 0.00,
    "pricePercentageAboveDma50" : 5.42,
    "pricePercentageAboveDma100" : 5.72,
    "pricePercentageAboveDma200" : 5.77,
    "weeklyVolumeHigherThanYearlyVolume" : 0.00,
    "salesGrowthPercentile" : 8.10,
    "operatingProfitMarginPercentile" : 18.37,
    "netProfitMarginPercentile" : 9.52,
    "totalTechnicalScore" : 16.91,
    "totalFundamentalScore" : 35.99,
    "totalScore" : 52.90
  }
}