{
  "metadata" : {
    "screenerCompanyId" : "1988",
    "companyCode" : "MANALIPETC",
    "companyName" : "Manali Petrochem",
    "screenerCompanyLink" : "https://www.screener.in/company/MANALIPETC/consolidated/",
    "screenerTechnicalHistoryLink" : "https://www.screener.in/api/company/1988/chart/?q=Price-DMA50-DMA200-Volume&days=365",
    "screenerQuarterlyResultsLink" : "https://www.screener.in/api/company/1988/chart/?q=GPM-OPM-NPM-Quarter+Sales&days=10000",
    "attributes" : {
      "companyCode" : "MANALIPETC",
      "companyName" : "Manali Petrochem",
      "marketCap" : 1014.00,
      "peRatio" : 15.10,
      "description" : "Incorporated in 1986, Manali Petrochemicals Limited manufactures and sells Propylene Oxide (PO), Propylene Glycol (PG) and Polyols (PY), which are used as industrial raw materials. Located in Chennai, the company is the only domestic manufacturer of Propylene Glycol. Also, it is the first and largest Indian manufacturer of Propylene Oxide which is the input material for the aforesaid derivative products."
    },
    "companyScore" : {
      "priceHigherThanDma50" : 0.00,
      "priceHigherThanDma100" : 0.00,
      "priceHigherThanDma200" : 0.00,
      "dma50HigherThanDma100" : 0.00,
      "dma50HigherThanDma200" : 0.00,
      "dma100HigherThanDma200" : 0.00,
      "pricePercentageAboveDma50" : 5.11,
      "pricePercentageAboveDma100" : 5.40,
      "pricePercentageAboveDma200" : 5.40,
      "weeklyVolumeHigherThanYearlyVolume" : 0.00,
      "salesGrowthPercentile" : 18.50,
      "operatingProfitMarginPercentile" : 3.86,
      "netProfitMarginPercentile" : 2.59,
      "totalTechnicalScore" : 15.91,
      "totalFundamentalScore" : 24.95,
      "totalScore" : 40.86
    }
  },
  "attributes" : {
    "companyCode" : "MANALIPETC",
    "companyName" : "Manali Petrochem",
    "marketCap" : 1014.00,
    "peRatio" : 15.10,
    "description" : "Incorporated in 1986, Manali Petrochemicals Limited manufactures and sells Propylene Oxide (PO), Propylene Glycol (PG) and Polyols (PY), which are used as industrial raw materials. Located in Chennai, the company is the only domestic manufacturer of Propylene Glycol. Also, it is the first and largest Indian manufacturer of Propylene Oxide which is the input material for the aforesaid derivative products."
  },
  "technicalHistory" : [ {
    "date" : "2025-02-14",
    "price" : 61.76,
    "dma50" : 62.27,
    "dma100" : null,
    "dma200" : 71.13,
    "volume" : 780206.00
  }, {
    "date" : "2025-02-17",
    "price" : 61.58,
    "dma50" : 62.24,
    "dma100" : null,
    "dma200" : 71.03,
    "volume" : 416410.00
  }, {
    "date" : "2025-02-18",
    "price" : 61.54,
    "dma50" : 62.21,
    "dma100" : null,
    "dma200" : 70.94,
    "volume" : 607640.00
  }, {
    "date" : "2025-02-19",
    "price" : 62.42,
    "dma50" : 62.22,
    "dma100" : null,
    "dma200" : 70.85,
    "volume" : 304810.00
  }, {
    "date" : "2025-02-20",
    "price" : 62.17,
    "dma50" : 62.22,
    "dma100" : null,
    "dma200" : 70.77,
    "volume" : 136918.00
  }, {
    "date" : "2025-02-21",
    "price" : 61.76,
    "dma50" : 62.20,
    "dma100" : null,
    "dma200" : 70.68,
    "volume" : 168529.00
  }, {
    "date" : "2025-02-24",
    "price" : 60.80,
    "dma50" : 62.15,
    "dma100" : null,
    "dma200" : 70.58,
    "volume" : 177513.00
  }, {
    "date" : "2025-02-25",
    "price" : 59.54,
    "dma50" : 62.04,
    "dma100" : null,
    "dma200" : 70.47,
    "volume" : 218473.00
  }, {
    "date" : "2025-02-27",
    "price" : 61.33,
    "dma50" : 62.02,
    "dma100" : null,
    "dma200" : 70.38,
    "volume" : 355224.00
  }, {
    "date" : "2025-02-28",
    "price" : 61.29,
    "dma50" : 61.99,
    "dma100" : null,
    "dma200" : 70.29,
    "volume" : 395723.00
  }, {
    "date" : "2025-03-03",
    "price" : 59.24,
    "dma50" : 61.88,
    "dma100" : null,
    "dma200" : 70.18,
    "volume" : 304203.00
  }, {
    "date" : "2025-03-04",
    "price" : 59.39,
    "dma50" : 61.78,
    "dma100" : null,
    "dma200" : 70.07,
    "volume" : 326327.00
  }, {
    "date" : "2025-03-05",
    "price" : 61.65,
    "dma50" : 61.78,
    "dma100" : null,
    "dma200" : 69.99,
    "volume" : 1349258.00
  }, {
    "date" : "2025-03-06",
    "price" : 62.51,
    "dma50" : 61.81,
    "dma100" : null,
    "dma200" : 69.91,
    "volume" : 409446.00
  }, {
    "date" : "2025-03-07",
    "price" : 62.15,
    "dma50" : 61.82,
    "dma100" : null,
    "dma200" : 69.83,
    "volume" : 210742.00
  }, {
    "date" : "2025-03-10",
    "price" : 62.36,
    "dma50" : 61.84,
    "dma100" : null,
    "dma200" : 69.76,
    "volume" : 451273.00
  }, {
    "date" : "2025-03-11",
    "price" : 62.08,
    "dma50" : 61.85,
    "dma100" : null,
    "dma200" : 69.68,
    "volume" : 432238.00
  }, {
    "date" : "2025-03-12",
    "price" : 61.48,
    "dma50" : 61.84,
    "dma100" : null,
    "dma200" : 69.60,
    "volume" : 283539.00
  }, {
    "date" : "2025-03-13",
    "price" : 61.36,
    "dma50" : 61.82,
    "dma100" : null,
    "dma200" : 69.52,
    "volume" : 261704.00
  }, {
    "date" : "2025-03-17",
    "price" : 58.15,
    "dma50" : 61.67,
    "dma100" : null,
    "dma200" : 69.41,
    "volume" : 247622.00
  }, {
    "date" : "2025-03-18",
    "price" : 58.70,
    "dma50" : 61.56,
    "dma100" : null,
    "dma200" : 69.30,
    "volume" : 727639.00
  }, {
    "date" : "2025-03-19",
    "price" : 59.56,
    "dma50" : 61.48,
    "dma100" : null,
    "dma200" : 69.20,
    "volume" : 336578.00
  }, {
    "date" : "2025-03-20",
    "price" : 61.40,
    "dma50" : 61.47,
    "dma100" : null,
    "dma200" : 69.13,
    "volume" : 1201907.00
  }, {
    "date" : "2025-03-21",
    "price" : 61.77,
    "dma50" : 61.49,
    "dma100" : null,
    "dma200" : 69.05,
    "volume" : 612905.00
  }, {
    "date" : "2025-03-24",
    "price" : 61.13,
    "dma50" : 61.47,
    "dma100" : null,
    "dma200" : 68.97,
    "volume" : 523914.00
  }, {
    "date" : "2025-03-25",
    "price" : 60.10,
    "dma50" : 61.42,
    "dma100" : null,
    "dma200" : 68.89,
    "volume" : 424336.00
  }, {
    "date" : "2025-03-26",
    "price" : 58.17,
    "dma50" : 61.29,
    "dma100" : null,
    "dma200" : 68.78,
    "volume" : 366977.00
  }, {
    "date" : "2025-03-27",
    "price" : 57.97,
    "dma50" : 61.16,
    "dma100" : null,
    "dma200" : 68.67,
    "volume" : 650232.00
  }, {
    "date" : "2025-03-28",
    "price" : 56.13,
    "dma50" : 60.96,
    "dma100" : null,
    "dma200" : 68.55,
    "volume" : 614121.00
  }, {
    "date" : "2025-04-01",
    "price" : 58.37,
    "dma50" : 60.86,
    "dma100" : null,
    "dma200" : 68.44,
    "volume" : 285743.00
  }, {
    "date" : "2025-04-02",
    "price" : 58.45,
    "dma50" : 60.77,
    "dma100" : null,
    "dma200" : 68.35,
    "volume" : 155353.00
  }, {
    "date" : "2025-04-03",
    "price" : 59.02,
    "dma50" : 60.70,
    "dma100" : null,
    "dma200" : 68.25,
    "volume" : 183379.00
  }, {
    "date" : "2025-04-04",
    "price" : 55.24,
    "dma50" : 60.48,
    "dma100" : null,
    "dma200" : 68.12,
    "volume" : 778681.00
  }, {
    "date" : "2025-04-07",
    "price" : 51.60,
    "dma50" : 60.14,
    "dma100" : null,
    "dma200" : 67.96,
    "volume" : 486736.00
  }, {
    "date" : "2025-04-08",
    "price" : 53.19,
    "dma50" : 59.86,
    "dma100" : null,
    "dma200" : 67.81,
    "volume" : 183088.00
  }, {
    "date" : "2025-04-09",
    "price" : 53.95,
    "dma50" : 59.63,
    "dma100" : null,
    "dma200" : 67.67,
    "volume" : 187958.00
  }, {
    "date" : "2025-04-11",
    "price" : 53.86,
    "dma50" : 59.41,
    "dma100" : null,
    "dma200" : 67.54,
    "volume" : 255822.00
  }, {
    "date" : "2025-04-15",
    "price" : 55.13,
    "dma50" : 59.24,
    "dma100" : null,
    "dma200" : 67.41,
    "volume" : 148751.00
  }, {
    "date" : "2025-04-16",
    "price" : 55.51,
    "dma50" : 59.09,
    "dma100" : null,
    "dma200" : 67.29,
    "volume" : 276709.00
  }, {
    "date" : "2025-04-17",
    "price" : 56.30,
    "dma50" : 58.98,
    "dma100" : null,
    "dma200" : 67.19,
    "volume" : 274567.00
  }, {
    "date" : "2025-04-21",
    "price" : 57.10,
    "dma50" : 58.91,
    "dma100" : null,
    "dma200" : 67.08,
    "volume" : 228705.00
  }, {
    "date" : "2025-04-22",
    "price" : 58.02,
    "dma50" : 58.87,
    "dma100" : null,
    "dma200" : 66.99,
    "volume" : 198675.00
  }, {
    "date" : "2025-04-23",
    "price" : 57.35,
    "dma50" : 58.81,
    "dma100" : null,
    "dma200" : 66.90,
    "volume" : 155725.00
  }, {
    "date" : "2025-04-24",
    "price" : 57.51,
    "dma50" : 58.76,
    "dma100" : null,
    "dma200" : 66.81,
    "volume" : 199515.00
  }, {
    "date" : "2025-04-25",
    "price" : 56.02,
    "dma50" : 58.66,
    "dma100" : null,
    "dma200" : 66.70,
    "volume" : 201364.00
  }, {
    "date" : "2025-04-28",
    "price" : 54.64,
    "dma50" : 58.50,
    "dma100" : null,
    "dma200" : 66.58,
    "volume" : 202678.00
  }, {
    "date" : "2025-04-29",
    "price" : 55.11,
    "dma50" : 58.36,
    "dma100" : null,
    "dma200" : 66.46,
    "volume" : 163249.00
  }, {
    "date" : "2025-04-30",
    "price" : 53.65,
    "dma50" : 58.18,
    "dma100" : null,
    "dma200" : 66.34,
    "volume" : 130915.00
  }, {
    "date" : "2025-05-02",
    "price" : 53.34,
    "dma50" : 57.99,
    "dma100" : null,
    "dma200" : 66.21,
    "volume" : 180740.00
  }, {
    "date" : "2025-05-05",
    "price" : 53.79,
    "dma50" : 57.83,
    "dma100" : null,
    "dma200" : 66.08,
    "volume" : 132247.00
  }, {
    "date" : "2025-05-06",
    "price" : 52.12,
    "dma50" : 57.60,
    "dma100" : null,
    "dma200" : 65.94,
    "volume" : 186140.00
  }, {
    "date" : "2025-05-07",
    "price" : 53.46,
    "dma50" : 57.44,
    "dma100" : null,
    "dma200" : 65.82,
    "volume" : 236877.00
  }, {
    "date" : "2025-05-08",
    "price" : 52.44,
    "dma50" : 57.24,
    "dma100" : null,
    "dma200" : 65.69,
    "volume" : 166213.00
  }, {
    "date" : "2025-05-09",
    "price" : 51.87,
    "dma50" : 57.03,
    "dma100" : null,
    "dma200" : 65.55,
    "volume" : 155167.00
  }, {
    "date" : "2025-05-12",
    "price" : 52.15,
    "dma50" : 56.84,
    "dma100" : null,
    "dma200" : 65.42,
    "volume" : 669657.00
  }, {
    "date" : "2025-05-13",
    "price" : 53.24,
    "dma50" : 56.70,
    "dma100" : null,
    "dma200" : 65.30,
    "volume" : 446936.00
  }, {
    "date" : "2025-05-14",
    "price" : 56.50,
    "dma50" : 56.69,
    "dma100" : null,
    "dma200" : 65.21,
    "volume" : 2298210.00
  }, {
    "date" : "2025-05-15",
    "price" : 56.95,
    "dma50" : 56.70,
    "dma100" : null,
    "dma200" : 65.13,
    "volume" : 634761.00
  }, {
    "date" : "2025-05-16",
    "price" : 58.00,
    "dma50" : 56.75,
    "dma100" : null,
    "dma200" : 65.05,
    "volume" : 426177.00
  }, {
    "date" : "2025-05-19",
    "price" : 58.54,
    "dma50" : 56.82,
    "dma100" : null,
    "dma200" : 64.99,
    "volume" : 376160.00
  }, {
    "date" : "2025-05-20",
    "price" : 55.73,
    "dma50" : 56.78,
    "dma100" : null,
    "dma200" : 64.90,
    "volume" : 631031.00
  }, {
    "date" : "2025-05-21",
    "price" : 56.76,
    "dma50" : 56.78,
    "dma100" : null,
    "dma200" : 64.82,
    "volume" : 293547.00
  }, {
    "date" : "2025-05-22",
    "price" : 56.76,
    "dma50" : 56.78,
    "dma100" : null,
    "dma200" : 64.74,
    "volume" : 265991.00
  }, {
    "date" : "2025-05-23",
    "price" : 56.37,
    "dma50" : 56.76,
    "dma100" : null,
    "dma200" : 64.65,
    "volume" : 269254.00
  }, {
    "date" : "2025-05-26",
    "price" : 56.23,
    "dma50" : 56.74,
    "dma100" : null,
    "dma200" : 64.57,
    "volume" : 320585.00
  }, {
    "date" : "2025-05-27",
    "price" : 56.19,
    "dma50" : 56.72,
    "dma100" : null,
    "dma200" : 64.49,
    "volume" : 385914.00
  }, {
    "date" : "2025-05-28",
    "price" : 57.33,
    "dma50" : 56.74,
    "dma100" : null,
    "dma200" : 64.41,
    "volume" : 390543.00
  }, {
    "date" : "2025-05-29",
    "price" : 56.80,
    "dma50" : 56.75,
    "dma100" : null,
    "dma200" : 64.34,
    "volume" : 231972.00
  }, {
    "date" : "2025-05-30",
    "price" : 56.67,
    "dma50" : 56.74,
    "dma100" : null,
    "dma200" : 64.26,
    "volume" : 222704.00
  }, {
    "date" : "2025-06-02",
    "price" : 58.13,
    "dma50" : 56.80,
    "dma100" : null,
    "dma200" : 64.20,
    "volume" : 366250.00
  }, {
    "date" : "2025-06-03",
    "price" : 57.89,
    "dma50" : 56.84,
    "dma100" : null,
    "dma200" : 64.14,
    "volume" : 346516.00
  }, {
    "date" : "2025-06-04",
    "price" : 58.79,
    "dma50" : 56.92,
    "dma100" : null,
    "dma200" : 64.09,
    "volume" : 318955.00
  }, {
    "date" : "2025-06-05",
    "price" : 59.10,
    "dma50" : 57.00,
    "dma100" : null,
    "dma200" : 64.04,
    "volume" : 251279.00
  }, {
    "date" : "2025-06-06",
    "price" : 58.64,
    "dma50" : 57.07,
    "dma100" : null,
    "dma200" : 63.98,
    "volume" : 131180.00
  }, {
    "date" : "2025-06-09",
    "price" : 58.03,
    "dma50" : 57.10,
    "dma100" : null,
    "dma200" : 63.92,
    "volume" : 802727.00
  }, {
    "date" : "2025-06-10",
    "price" : 58.01,
    "dma50" : 57.14,
    "dma100" : null,
    "dma200" : 63.86,
    "volume" : 558868.00
  }, {
    "date" : "2025-06-11",
    "price" : 58.71,
    "dma50" : 57.20,
    "dma100" : null,
    "dma200" : 63.81,
    "volume" : 970721.00
  }, {
    "date" : "2025-06-12",
    "price" : 64.19,
    "dma50" : 57.48,
    "dma100" : null,
    "dma200" : 63.82,
    "volume" : 8204592.00
  }, {
    "date" : "2025-06-13",
    "price" : 64.00,
    "dma50" : 57.73,
    "dma100" : null,
    "dma200" : 63.82,
    "volume" : 4180330.00
  }, {
    "date" : "2025-06-16",
    "price" : 62.28,
    "dma50" : 57.91,
    "dma100" : null,
    "dma200" : 63.80,
    "volume" : 1018359.00
  }, {
    "date" : "2025-06-17",
    "price" : 65.17,
    "dma50" : 58.19,
    "dma100" : null,
    "dma200" : 63.82,
    "volume" : 5386517.00
  }, {
    "date" : "2025-06-18",
    "price" : 70.39,
    "dma50" : 58.67,
    "dma100" : null,
    "dma200" : 63.88,
    "volume" : 12603349.00
  }, {
    "date" : "2025-06-19",
    "price" : 67.02,
    "dma50" : 59.00,
    "dma100" : null,
    "dma200" : 63.91,
    "volume" : 6091714.00
  }, {
    "date" : "2025-06-20",
    "price" : 66.19,
    "dma50" : 59.28,
    "dma100" : null,
    "dma200" : 63.94,
    "volume" : 1685229.00
  }, {
    "date" : "2025-06-23",
    "price" : 69.09,
    "dma50" : 59.67,
    "dma100" : null,
    "dma200" : 63.99,
    "volume" : 4707118.00
  }, {
    "date" : "2025-06-24",
    "price" : 68.00,
    "dma50" : 59.99,
    "dma100" : null,
    "dma200" : 64.03,
    "volume" : 1816759.00
  }, {
    "date" : "2025-06-25",
    "price" : 70.03,
    "dma50" : 60.39,
    "dma100" : null,
    "dma200" : 64.09,
    "volume" : 1868696.00
  }, {
    "date" : "2025-06-26",
    "price" : 69.69,
    "dma50" : 60.75,
    "dma100" : null,
    "dma200" : 64.14,
    "volume" : 1078561.00
  }, {
    "date" : "2025-06-27",
    "price" : 67.60,
    "dma50" : 61.02,
    "dma100" : null,
    "dma200" : 64.18,
    "volume" : 812746.00
  }, {
    "date" : "2025-06-30",
    "price" : 68.93,
    "dma50" : 61.33,
    "dma100" : null,
    "dma200" : 64.22,
    "volume" : 583687.00
  }, {
    "date" : "2025-07-01",
    "price" : 70.27,
    "dma50" : 61.68,
    "dma100" : null,
    "dma200" : 64.28,
    "volume" : 1929679.00
  }, {
    "date" : "2025-07-02",
    "price" : 69.05,
    "dma50" : 61.97,
    "dma100" : null,
    "dma200" : 64.33,
    "volume" : 760769.00
  }, {
    "date" : "2025-07-03",
    "price" : 73.83,
    "dma50" : 62.44,
    "dma100" : null,
    "dma200" : 64.43,
    "volume" : 3508920.00
  }, {
    "date" : "2025-07-04",
    "price" : 72.77,
    "dma50" : 62.84,
    "dma100" : null,
    "dma200" : 64.51,
    "volume" : 1465810.00
  }, {
    "date" : "2025-07-07",
    "price" : 69.01,
    "dma50" : 63.08,
    "dma100" : null,
    "dma200" : 64.55,
    "volume" : 1002409.00
  }, {
    "date" : "2025-07-08",
    "price" : 68.34,
    "dma50" : 63.29,
    "dma100" : null,
    "dma200" : 64.59,
    "volume" : 663600.00
  }, {
    "date" : "2025-07-09",
    "price" : 69.62,
    "dma50" : 63.54,
    "dma100" : null,
    "dma200" : 64.64,
    "volume" : 1033283.00
  }, {
    "date" : "2025-07-10",
    "price" : 70.26,
    "dma50" : 63.80,
    "dma100" : null,
    "dma200" : 64.70,
    "volume" : 373889.00
  }, {
    "date" : "2025-07-11",
    "price" : 68.72,
    "dma50" : 63.99,
    "dma100" : null,
    "dma200" : 64.74,
    "volume" : 402843.00
  }, {
    "date" : "2025-07-14",
    "price" : 67.23,
    "dma50" : 64.12,
    "dma100" : null,
    "dma200" : 64.76,
    "volume" : 588654.00
  }, {
    "date" : "2025-07-15",
    "price" : 68.24,
    "dma50" : 64.28,
    "dma100" : 60.26,
    "dma200" : 64.80,
    "volume" : 355972.00
  }, {
    "date" : "2025-07-16",
    "price" : 68.10,
    "dma50" : 64.43,
    "dma100" : 60.33,
    "dma200" : 64.83,
    "volume" : 401708.00
  }, {
    "date" : "2025-07-17",
    "price" : 69.12,
    "dma50" : 64.62,
    "dma100" : 60.40,
    "dma200" : 64.87,
    "volume" : 847518.00
  }, {
    "date" : "2025-07-18",
    "price" : 79.25,
    "dma50" : 65.19,
    "dma100" : 60.57,
    "dma200" : 65.02,
    "volume" : 25200865.00
  }, {
    "date" : "2025-07-21",
    "price" : 77.82,
    "dma50" : 65.68,
    "dma100" : 60.73,
    "dma200" : 65.14,
    "volume" : 4187020.00
  }, {
    "date" : "2025-07-22",
    "price" : 76.39,
    "dma50" : 66.10,
    "dma100" : 60.87,
    "dma200" : 65.26,
    "volume" : 1539601.00
  }, {
    "date" : "2025-07-23",
    "price" : 76.18,
    "dma50" : 66.50,
    "dma100" : 61.03,
    "dma200" : 65.36,
    "volume" : 1456115.00
  }, {
    "date" : "2025-07-24",
    "price" : 74.72,
    "dma50" : 66.82,
    "dma100" : 61.18,
    "dma200" : 65.46,
    "volume" : 1527401.00
  }, {
    "date" : "2025-07-25",
    "price" : 72.90,
    "dma50" : 67.06,
    "dma100" : 61.30,
    "dma200" : 65.53,
    "volume" : 769380.00
  }, {
    "date" : "2025-07-28",
    "price" : 70.28,
    "dma50" : 67.19,
    "dma100" : 61.39,
    "dma200" : 65.58,
    "volume" : 882695.00
  }, {
    "date" : "2025-07-29",
    "price" : 71.99,
    "dma50" : 67.38,
    "dma100" : 61.51,
    "dma200" : 65.64,
    "volume" : 1346992.00
  }, {
    "date" : "2025-07-30",
    "price" : 68.97,
    "dma50" : 67.44,
    "dma100" : 61.61,
    "dma200" : 65.68,
    "volume" : 931316.00
  }, {
    "date" : "2025-07-31",
    "price" : 67.96,
    "dma50" : 67.46,
    "dma100" : 61.67,
    "dma200" : 65.70,
    "volume" : 714921.00
  }, {
    "date" : "2025-08-01",
    "price" : 66.07,
    "dma50" : 67.40,
    "dma100" : 61.71,
    "dma200" : 65.70,
    "volume" : 513270.00
  }, {
    "date" : "2025-08-04",
    "price" : 65.39,
    "dma50" : 67.32,
    "dma100" : 61.74,
    "dma200" : 65.70,
    "volume" : 600762.00
  }, {
    "date" : "2025-08-05",
    "price" : 65.44,
    "dma50" : 67.25,
    "dma100" : 61.77,
    "dma200" : 65.70,
    "volume" : 968306.00
  }, {
    "date" : "2025-08-06",
    "price" : 63.58,
    "dma50" : 67.11,
    "dma100" : 61.79,
    "dma200" : 65.68,
    "volume" : 442266.00
  }, {
    "date" : "2025-08-07",
    "price" : 63.87,
    "dma50" : 66.98,
    "dma100" : 61.81,
    "dma200" : 65.66,
    "volume" : 467004.00
  }, {
    "date" : "2025-08-08",
    "price" : 64.82,
    "dma50" : 66.90,
    "dma100" : 61.84,
    "dma200" : 65.65,
    "volume" : 638306.00
  }, {
    "date" : "2025-08-11",
    "price" : 65.15,
    "dma50" : 66.83,
    "dma100" : 61.91,
    "dma200" : 65.64,
    "volume" : 325174.00
  }, {
    "date" : "2025-08-12",
    "price" : 65.98,
    "dma50" : 66.79,
    "dma100" : 61.99,
    "dma200" : 65.65,
    "volume" : 652334.00
  }, {
    "date" : "2025-08-13",
    "price" : 65.67,
    "dma50" : 66.75,
    "dma100" : 62.05,
    "dma200" : 65.65,
    "volume" : 201891.00
  }, {
    "date" : "2025-08-14",
    "price" : 64.21,
    "dma50" : 66.65,
    "dma100" : 62.08,
    "dma200" : 65.63,
    "volume" : 259262.00
  }, {
    "date" : "2025-08-18",
    "price" : 64.29,
    "dma50" : 66.56,
    "dma100" : 62.10,
    "dma200" : 65.62,
    "volume" : 432432.00
  }, {
    "date" : "2025-08-19",
    "price" : 66.82,
    "dma50" : 66.57,
    "dma100" : 62.16,
    "dma200" : 65.63,
    "volume" : 662521.00
  }, {
    "date" : "2025-08-20",
    "price" : 68.23,
    "dma50" : 66.63,
    "dma100" : 62.24,
    "dma200" : 65.66,
    "volume" : 514375.00
  }, {
    "date" : "2025-08-21",
    "price" : 68.03,
    "dma50" : 66.69,
    "dma100" : 62.34,
    "dma200" : 65.68,
    "volume" : 553204.00
  }, {
    "date" : "2025-08-22",
    "price" : 67.19,
    "dma50" : 66.71,
    "dma100" : 62.43,
    "dma200" : 65.70,
    "volume" : 363360.00
  }, {
    "date" : "2025-08-25",
    "price" : 66.18,
    "dma50" : 66.69,
    "dma100" : 62.53,
    "dma200" : 65.70,
    "volume" : 412338.00
  }, {
    "date" : "2025-08-26",
    "price" : 65.13,
    "dma50" : 66.63,
    "dma100" : 62.60,
    "dma200" : 65.70,
    "volume" : 109627.00
  }, {
    "date" : "2025-08-28",
    "price" : 64.89,
    "dma50" : 66.56,
    "dma100" : 62.66,
    "dma200" : 65.69,
    "volume" : 207252.00
  }, {
    "date" : "2025-08-29",
    "price" : 64.43,
    "dma50" : 66.47,
    "dma100" : 62.72,
    "dma200" : 65.67,
    "volume" : 233555.00
  }, {
    "date" : "2025-09-01",
    "price" : 68.05,
    "dma50" : 66.54,
    "dma100" : 62.85,
    "dma200" : 65.70,
    "volume" : 2191442.00
  }, {
    "date" : "2025-09-02",
    "price" : 68.91,
    "dma50" : 66.63,
    "dma100" : 63.02,
    "dma200" : 65.73,
    "volume" : 623634.00
  }, {
    "date" : "2025-09-03",
    "price" : 73.70,
    "dma50" : 66.91,
    "dma100" : 63.22,
    "dma200" : 65.81,
    "volume" : 2164163.00
  }, {
    "date" : "2025-09-04",
    "price" : 71.82,
    "dma50" : 67.10,
    "dma100" : 63.40,
    "dma200" : 65.87,
    "volume" : 971482.00
  }, {
    "date" : "2025-09-05",
    "price" : 72.06,
    "dma50" : 67.29,
    "dma100" : 63.58,
    "dma200" : 65.93,
    "volume" : 478549.00
  }, {
    "date" : "2025-09-08",
    "price" : 73.28,
    "dma50" : 67.53,
    "dma100" : 63.77,
    "dma200" : 66.00,
    "volume" : 686110.00
  }, {
    "date" : "2025-09-09",
    "price" : 71.50,
    "dma50" : 67.68,
    "dma100" : 63.93,
    "dma200" : 66.06,
    "volume" : 271936.00
  }, {
    "date" : "2025-09-10",
    "price" : 71.31,
    "dma50" : 67.83,
    "dma100" : 64.08,
    "dma200" : 66.11,
    "volume" : 273894.00
  }, {
    "date" : "2025-09-11",
    "price" : 70.65,
    "dma50" : 67.94,
    "dma100" : 64.21,
    "dma200" : 66.16,
    "volume" : 249259.00
  }, {
    "date" : "2025-09-12",
    "price" : 70.37,
    "dma50" : 68.03,
    "dma100" : 64.33,
    "dma200" : 66.20,
    "volume" : 194769.00
  }, {
    "date" : "2025-09-15",
    "price" : 69.85,
    "dma50" : 68.10,
    "dma100" : 64.46,
    "dma200" : 66.23,
    "volume" : 349930.00
  }, {
    "date" : "2025-09-16",
    "price" : 68.88,
    "dma50" : 68.13,
    "dma100" : 64.57,
    "dma200" : 66.26,
    "volume" : 712308.00
  }, {
    "date" : "2025-09-17",
    "price" : 68.72,
    "dma50" : 68.16,
    "dma100" : 64.70,
    "dma200" : 66.29,
    "volume" : 418009.00
  }, {
    "date" : "2025-09-18",
    "price" : 69.41,
    "dma50" : 68.21,
    "dma100" : 64.85,
    "dma200" : 66.32,
    "volume" : 256607.00
  }, {
    "date" : "2025-09-19",
    "price" : 68.30,
    "dma50" : 68.21,
    "dma100" : 64.98,
    "dma200" : 66.34,
    "volume" : 305422.00
  }, {
    "date" : "2025-09-22",
    "price" : 67.74,
    "dma50" : 68.19,
    "dma100" : 65.12,
    "dma200" : 66.35,
    "volume" : 330054.00
  }, {
    "date" : "2025-09-23",
    "price" : 66.83,
    "dma50" : 68.14,
    "dma100" : 65.26,
    "dma200" : 66.35,
    "volume" : 242722.00
  }, {
    "date" : "2025-09-24",
    "price" : 66.33,
    "dma50" : 68.07,
    "dma100" : 65.38,
    "dma200" : 66.35,
    "volume" : 209904.00
  }, {
    "date" : "2025-09-25",
    "price" : 66.04,
    "dma50" : 67.99,
    "dma100" : 65.52,
    "dma200" : 66.35,
    "volume" : 220915.00
  }, {
    "date" : "2025-09-26",
    "price" : 64.54,
    "dma50" : 67.85,
    "dma100" : 65.63,
    "dma200" : 66.33,
    "volume" : 227414.00
  }, {
    "date" : "2025-09-29",
    "price" : 64.19,
    "dma50" : 67.71,
    "dma100" : 65.75,
    "dma200" : 66.31,
    "volume" : 230956.00
  }, {
    "date" : "2025-09-30",
    "price" : 64.19,
    "dma50" : 67.57,
    "dma100" : 65.87,
    "dma200" : 66.29,
    "volume" : 312132.00
  }, {
    "date" : "2025-10-01",
    "price" : 64.94,
    "dma50" : 67.47,
    "dma100" : 66.00,
    "dma200" : 66.28,
    "volume" : 230946.00
  }, {
    "date" : "2025-10-03",
    "price" : 65.66,
    "dma50" : 67.40,
    "dma100" : 66.12,
    "dma200" : 66.27,
    "volume" : 213079.00
  }, {
    "date" : "2025-10-06",
    "price" : 64.74,
    "dma50" : 67.29,
    "dma100" : 66.21,
    "dma200" : 66.26,
    "volume" : 308612.00
  }, {
    "date" : "2025-10-07",
    "price" : 63.84,
    "dma50" : 67.16,
    "dma100" : 66.28,
    "dma200" : 66.23,
    "volume" : 406335.00
  }, {
    "date" : "2025-10-08",
    "price" : 64.62,
    "dma50" : 67.06,
    "dma100" : 66.34,
    "dma200" : 66.22,
    "volume" : 193450.00
  }, {
    "date" : "2025-10-09",
    "price" : 70.89,
    "dma50" : 67.21,
    "dma100" : 66.46,
    "dma200" : 66.26,
    "volume" : 10492007.00
  }, {
    "date" : "2025-10-10",
    "price" : 73.01,
    "dma50" : 67.44,
    "dma100" : 66.64,
    "dma200" : 66.33,
    "volume" : 1931929.00
  }, {
    "date" : "2025-10-13",
    "price" : 73.67,
    "dma50" : 67.68,
    "dma100" : 66.81,
    "dma200" : 66.40,
    "volume" : 2115382.00
  }, {
    "date" : "2025-10-14",
    "price" : 73.51,
    "dma50" : 67.91,
    "dma100" : 66.97,
    "dma200" : 66.47,
    "volume" : 689806.00
  }, {
    "date" : "2025-10-15",
    "price" : 74.62,
    "dma50" : 68.17,
    "dma100" : 67.16,
    "dma200" : 66.55,
    "volume" : 1640153.00
  }, {
    "date" : "2025-10-16",
    "price" : 73.05,
    "dma50" : 68.36,
    "dma100" : 67.32,
    "dma200" : 66.62,
    "volume" : 2025302.00
  }, {
    "date" : "2025-10-17",
    "price" : 72.58,
    "dma50" : 68.53,
    "dma100" : 67.49,
    "dma200" : 66.68,
    "volume" : 587879.00
  }, {
    "date" : "2025-10-20",
    "price" : 70.81,
    "dma50" : 68.62,
    "dma100" : 67.62,
    "dma200" : 66.72,
    "volume" : 280014.00
  }, {
    "date" : "2025-10-21",
    "price" : 71.26,
    "dma50" : 68.72,
    "dma100" : 67.77,
    "dma200" : 66.76,
    "volume" : 114426.00
  }, {
    "date" : "2025-10-23",
    "price" : 71.54,
    "dma50" : 68.83,
    "dma100" : 67.92,
    "dma200" : 66.81,
    "volume" : 792070.00
  }, {
    "date" : "2025-10-24",
    "price" : 70.53,
    "dma50" : 68.90,
    "dma100" : 68.04,
    "dma200" : 66.85,
    "volume" : 271748.00
  }, {
    "date" : "2025-10-27",
    "price" : 74.19,
    "dma50" : 69.11,
    "dma100" : 68.20,
    "dma200" : 66.92,
    "volume" : 3877133.00
  }, {
    "date" : "2025-10-28",
    "price" : 73.58,
    "dma50" : 69.28,
    "dma100" : 68.35,
    "dma200" : 66.99,
    "volume" : 753643.00
  }, {
    "date" : "2025-10-29",
    "price" : 74.48,
    "dma50" : 69.49,
    "dma100" : 68.51,
    "dma200" : 67.06,
    "volume" : 944922.00
  }, {
    "date" : "2025-10-30",
    "price" : 74.05,
    "dma50" : 69.66,
    "dma100" : 68.66,
    "dma200" : 67.13,
    "volume" : 586169.00
  }, {
    "date" : "2025-10-31",
    "price" : 73.97,
    "dma50" : 69.83,
    "dma100" : 68.82,
    "dma200" : 67.20,
    "volume" : 604603.00
  }, {
    "date" : "2025-11-03",
    "price" : 73.98,
    "dma50" : 70.00,
    "dma100" : 68.98,
    "dma200" : 67.27,
    "volume" : 462229.00
  }, {
    "date" : "2025-11-04",
    "price" : 72.76,
    "dma50" : 70.10,
    "dma100" : 69.12,
    "dma200" : 67.32,
    "volume" : 561574.00
  }, {
    "date" : "2025-11-06",
    "price" : 69.26,
    "dma50" : 70.07,
    "dma100" : 69.17,
    "dma200" : 67.34,
    "volume" : 489573.00
  }, {
    "date" : "2025-11-07",
    "price" : 69.08,
    "dma50" : 70.03,
    "dma100" : 69.22,
    "dma200" : 67.36,
    "volume" : 268382.00
  }, {
    "date" : "2025-11-10",
    "price" : 68.02,
    "dma50" : 69.95,
    "dma100" : 69.28,
    "dma200" : 67.37,
    "volume" : 335784.00
  }, {
    "date" : "2025-11-11",
    "price" : 69.35,
    "dma50" : 69.93,
    "dma100" : 69.32,
    "dma200" : 67.39,
    "volume" : 1281360.00
  }, {
    "date" : "2025-11-12",
    "price" : 70.24,
    "dma50" : 69.94,
    "dma100" : 69.32,
    "dma200" : 67.41,
    "volume" : 257763.00
  }, {
    "date" : "2025-11-13",
    "price" : 69.25,
    "dma50" : 69.91,
    "dma100" : 69.34,
    "dma200" : 67.43,
    "volume" : 223442.00
  }, {
    "date" : "2025-11-14",
    "price" : 68.15,
    "dma50" : 69.85,
    "dma100" : 69.36,
    "dma200" : 67.44,
    "volume" : 209959.00
  }, {
    "date" : "2025-11-17",
    "price" : 68.05,
    "dma50" : 69.78,
    "dma100" : 69.35,
    "dma200" : 67.45,
    "volume" : 350520.00
  }, {
    "date" : "2025-11-18",
    "price" : 67.86,
    "dma50" : 69.70,
    "dma100" : 69.35,
    "dma200" : 67.45,
    "volume" : 354653.00
  }, {
    "date" : "2025-11-19",
    "price" : 67.83,
    "dma50" : 69.63,
    "dma100" : 69.33,
    "dma200" : 67.45,
    "volume" : 752513.00
  }, {
    "date" : "2025-11-20",
    "price" : 66.49,
    "dma50" : 69.50,
    "dma100" : 69.29,
    "dma200" : 67.44,
    "volume" : 273590.00
  }, {
    "date" : "2025-11-21",
    "price" : 65.52,
    "dma50" : 69.35,
    "dma100" : 69.27,
    "dma200" : 67.42,
    "volume" : 219599.00
  }, {
    "date" : "2025-11-24",
    "price" : 64.69,
    "dma50" : 69.16,
    "dma100" : 69.23,
    "dma200" : 67.40,
    "volume" : 154248.00
  }, {
    "date" : "2025-11-25",
    "price" : 65.77,
    "dma50" : 69.03,
    "dma100" : 69.19,
    "dma200" : 67.38,
    "volume" : 229285.00
  }, {
    "date" : "2025-11-26",
    "price" : 66.77,
    "dma50" : 68.94,
    "dma100" : 69.16,
    "dma200" : 67.38,
    "volume" : 201242.00
  }, {
    "date" : "2025-11-27",
    "price" : 65.57,
    "dma50" : 68.81,
    "dma100" : 69.08,
    "dma200" : 67.36,
    "volume" : 217370.00
  }, {
    "date" : "2025-11-28",
    "price" : 65.16,
    "dma50" : 68.67,
    "dma100" : 69.00,
    "dma200" : 67.34,
    "volume" : 89805.00
  }, {
    "date" : "2025-12-01",
    "price" : 64.84,
    "dma50" : 68.52,
    "dma100" : 68.96,
    "dma200" : 67.31,
    "volume" : 93364.00
  }, {
    "date" : "2025-12-02",
    "price" : 63.85,
    "dma50" : 68.33,
    "dma100" : 68.92,
    "dma200" : 67.28,
    "volume" : 137965.00
  }, {
    "date" : "2025-12-03",
    "price" : 63.02,
    "dma50" : 68.13,
    "dma100" : 68.85,
    "dma200" : 67.23,
    "volume" : 129263.00
  }, {
    "date" : "2025-12-04",
    "price" : 62.63,
    "dma50" : 67.91,
    "dma100" : 68.78,
    "dma200" : 67.19,
    "volume" : 127715.00
  }, {
    "date" : "2025-12-05",
    "price" : 61.57,
    "dma50" : 67.66,
    "dma100" : 68.70,
    "dma200" : 67.13,
    "volume" : 222135.00
  }, {
    "date" : "2025-12-08",
    "price" : 59.94,
    "dma50" : 67.36,
    "dma100" : 68.63,
    "dma200" : 67.06,
    "volume" : 250999.00
  }, {
    "date" : "2025-12-09",
    "price" : 60.68,
    "dma50" : 67.10,
    "dma100" : 68.56,
    "dma200" : 67.00,
    "volume" : 164629.00
  }, {
    "date" : "2025-12-10",
    "price" : 60.28,
    "dma50" : 66.83,
    "dma100" : 68.48,
    "dma200" : 66.93,
    "volume" : 132799.00
  }, {
    "date" : "2025-12-11",
    "price" : 60.99,
    "dma50" : 66.60,
    "dma100" : 68.40,
    "dma200" : 66.87,
    "volume" : 130946.00
  }, {
    "date" : "2025-12-12",
    "price" : 61.08,
    "dma50" : 66.38,
    "dma100" : 68.21,
    "dma200" : 66.81,
    "volume" : 152854.00
  }, {
    "date" : "2025-12-15",
    "price" : 61.45,
    "dma50" : 66.19,
    "dma100" : 68.05,
    "dma200" : 66.76,
    "volume" : 134647.00
  }, {
    "date" : "2025-12-16",
    "price" : 61.01,
    "dma50" : 65.99,
    "dma100" : 67.90,
    "dma200" : 66.70,
    "volume" : 109920.00
  }, {
    "date" : "2025-12-17",
    "price" : 59.56,
    "dma50" : 65.74,
    "dma100" : 67.73,
    "dma200" : 66.63,
    "volume" : 148413.00
  }, {
    "date" : "2025-12-18",
    "price" : 59.43,
    "dma50" : 65.49,
    "dma100" : 67.58,
    "dma200" : 66.56,
    "volume" : 151876.00
  }, {
    "date" : "2025-12-19",
    "price" : 61.23,
    "dma50" : 65.32,
    "dma100" : 67.46,
    "dma200" : 66.51,
    "volume" : 253672.00
  }, {
    "date" : "2025-12-22",
    "price" : 61.22,
    "dma50" : 65.16,
    "dma100" : 67.37,
    "dma200" : 66.45,
    "volume" : 210280.00
  }, {
    "date" : "2025-12-23",
    "price" : 61.03,
    "dma50" : 65.00,
    "dma100" : 67.26,
    "dma200" : 66.40,
    "volume" : 121149.00
  }, {
    "date" : "2025-12-24",
    "price" : 60.59,
    "dma50" : 64.83,
    "dma100" : 67.18,
    "dma200" : 66.34,
    "volume" : 103062.00
  }, {
    "date" : "2025-12-26",
    "price" : 60.34,
    "dma50" : 64.65,
    "dma100" : 67.10,
    "dma200" : 66.28,
    "volume" : 98579.00
  }, {
    "date" : "2025-12-29",
    "price" : 60.87,
    "dma50" : 64.50,
    "dma100" : 67.05,
    "dma200" : 66.23,
    "volume" : 286363.00
  }, {
    "date" : "2025-12-30",
    "price" : 62.33,
    "dma50" : 64.42,
    "dma100" : 67.02,
    "dma200" : 66.19,
    "volume" : 256215.00
  }, {
    "date" : "2025-12-31",
    "price" : 62.84,
    "dma50" : 64.35,
    "dma100" : 66.99,
    "dma200" : 66.16,
    "volume" : 281740.00
  }, {
    "date" : "2026-01-01",
    "price" : 62.86,
    "dma50" : 64.30,
    "dma100" : 66.99,
    "dma200" : 66.12,
    "volume" : 116723.00
  }, {
    "date" : "2026-01-02",
    "price" : 62.88,
    "dma50" : 64.24,
    "dma100" : 66.98,
    "dma200" : 66.09,
    "volume" : 185727.00
  }, {
    "date" : "2026-01-05",
    "price" : 62.05,
    "dma50" : 64.15,
    "dma100" : 66.95,
    "dma200" : 66.05,
    "volume" : 149256.00
  }, {
    "date" : "2026-01-06",
    "price" : 61.55,
    "dma50" : 64.05,
    "dma100" : 66.91,
    "dma200" : 66.01,
    "volume" : 216479.00
  }, {
    "date" : "2026-01-07",
    "price" : 61.20,
    "dma50" : 63.94,
    "dma100" : 66.86,
    "dma200" : 65.96,
    "volume" : 115001.00
  }, {
    "date" : "2026-01-08",
    "price" : 59.60,
    "dma50" : 63.77,
    "dma100" : 66.80,
    "dma200" : 65.90,
    "volume" : 221532.00
  }, {
    "date" : "2026-01-09",
    "price" : 58.88,
    "dma50" : 63.58,
    "dma100" : 66.75,
    "dma200" : 65.83,
    "volume" : 154470.00
  }, {
    "date" : "2026-01-12",
    "price" : 57.96,
    "dma50" : 63.36,
    "dma100" : 66.69,
    "dma200" : 65.75,
    "volume" : 206934.00
  }, {
    "date" : "2026-01-13",
    "price" : 58.76,
    "dma50" : 63.18,
    "dma100" : 66.61,
    "dma200" : 65.68,
    "volume" : 98404.00
  }, {
    "date" : "2026-01-14",
    "price" : 59.26,
    "dma50" : 63.02,
    "dma100" : 66.52,
    "dma200" : 65.61,
    "volume" : 185935.00
  }, {
    "date" : "2026-01-16",
    "price" : 58.42,
    "dma50" : 62.84,
    "dma100" : 66.42,
    "dma200" : 65.54,
    "volume" : 100497.00
  }, {
    "date" : "2026-01-19",
    "price" : 57.15,
    "dma50" : 62.62,
    "dma100" : 66.32,
    "dma200" : 65.46,
    "volume" : 191799.00
  }, {
    "date" : "2026-01-20",
    "price" : 55.03,
    "dma50" : 62.32,
    "dma100" : 66.21,
    "dma200" : 65.36,
    "volume" : 260315.00
  }, {
    "date" : "2026-01-21",
    "price" : 55.27,
    "dma50" : 62.05,
    "dma100" : 66.11,
    "dma200" : 65.26,
    "volume" : 207088.00
  }, {
    "date" : "2026-01-22",
    "price" : 55.51,
    "dma50" : 61.79,
    "dma100" : 66.02,
    "dma200" : 65.16,
    "volume" : 149694.00
  }, {
    "date" : "2026-01-23",
    "price" : 53.39,
    "dma50" : 61.46,
    "dma100" : 65.91,
    "dma200" : 65.04,
    "volume" : 138220.00
  }, {
    "date" : "2026-01-27",
    "price" : 52.83,
    "dma50" : 61.12,
    "dma100" : 65.75,
    "dma200" : 64.92,
    "volume" : 217088.00
  }, {
    "date" : "2026-01-28",
    "price" : 55.26,
    "dma50" : 60.89,
    "dma100" : 65.62,
    "dma200" : 64.82,
    "volume" : 240747.00
  }, {
    "date" : "2026-01-29",
    "price" : 58.21,
    "dma50" : 60.79,
    "dma100" : 65.46,
    "dma200" : 64.76,
    "volume" : 601184.00
  }, {
    "date" : "2026-01-30",
    "price" : 57.52,
    "dma50" : 60.66,
    "dma100" : 65.32,
    "dma200" : 64.69,
    "volume" : 122596.00
  }, {
    "date" : "2026-02-01",
    "price" : 58.38,
    "dma50" : 60.57,
    "dma100" : 65.18,
    "dma200" : 64.62,
    "volume" : 84674.00
  }, {
    "date" : "2026-02-02",
    "price" : 58.74,
    "dma50" : 60.50,
    "dma100" : 65.04,
    "dma200" : 64.56,
    "volume" : 300371.00
  }, {
    "date" : "2026-02-03",
    "price" : 60.36,
    "dma50" : 60.49,
    "dma100" : 64.93,
    "dma200" : 64.52,
    "volume" : 445985.00
  }, {
    "date" : "2026-02-04",
    "price" : 59.30,
    "dma50" : 60.45,
    "dma100" : 64.81,
    "dma200" : 64.47,
    "volume" : 306417.00
  }, {
    "date" : "2026-02-05",
    "price" : 59.06,
    "dma50" : 60.39,
    "dma100" : 64.69,
    "dma200" : 64.42,
    "volume" : 158938.00
  }, {
    "date" : "2026-02-06",
    "price" : 58.26,
    "dma50" : 60.31,
    "dma100" : 64.57,
    "dma200" : 64.36,
    "volume" : 108910.00
  }, {
    "date" : "2026-02-09",
    "price" : 59.91,
    "dma50" : 60.29,
    "dma100" : 64.47,
    "dma200" : 64.31,
    "volume" : 258457.00
  }, {
    "date" : "2026-02-10",
    "price" : 62.53,
    "dma50" : 60.38,
    "dma100" : 64.41,
    "dma200" : 64.29,
    "volume" : 539943.00
  }, {
    "date" : "2026-02-11",
    "price" : 60.69,
    "dma50" : 60.39,
    "dma100" : 64.33,
    "dma200" : 64.26,
    "volume" : 164159.00
  }, {
    "date" : "2026-02-12",
    "price" : 59.88,
    "dma50" : 60.37,
    "dma100" : 64.23,
    "dma200" : 64.21,
    "volume" : 212776.00
  }, {
    "date" : "2026-02-13",
    "price" : 59.00,
    "dma50" : 60.32,
    "dma100" : 64.14,
    "dma200" : 64.16,
    "volume" : 120007.00
  } ],
  "latestTechnicalAttributes" : {
    "date" : "2026-02-13",
    "price" : 59.00,
    "dma50" : 60.32,
    "dma100" : 64.14,
    "dma200" : 64.16,
    "volume" : 120007.00
  },
  "quarterlyResults" : [ {
    "date" : "2005-03-31",
    "sales" : 73.53,
    "salesGrowthYoY" : null,
    "grossProfitMargin" : 36.01,
    "grossProfit" : 26.48,
    "operatingProfitMargin" : 23.68,
    "operatingProfit" : 17.41,
    "netProfitMargin" : 19.01,
    "netProfit" : 13.98
  }, {
    "date" : "2005-06-30",
    "sales" : 84.73,
    "salesGrowthYoY" : null,
    "grossProfitMargin" : 26.44,
    "grossProfit" : 22.40,
    "operatingProfitMargin" : 17.73,
    "operatingProfit" : 15.02,
    "netProfitMargin" : 13.09,
    "netProfit" : 11.09
  }, {
    "date" : "2005-09-30",
    "sales" : 85.48,
    "salesGrowthYoY" : null,
    "grossProfitMargin" : 23.65,
    "grossProfit" : 20.22,
    "operatingProfitMargin" : 14.19,
    "operatingProfit" : 12.13,
    "netProfitMargin" : 10.26,
    "netProfit" : 8.77
  }, {
    "date" : "2005-12-31",
    "sales" : 77.53,
    "salesGrowthYoY" : null,
    "grossProfitMargin" : 29.23,
    "grossProfit" : 22.66,
    "operatingProfitMargin" : 14.97,
    "operatingProfit" : 11.61,
    "netProfitMargin" : 10.86,
    "netProfit" : 8.42
  }, {
    "date" : "2006-03-31",
    "sales" : 78.95,
    "salesGrowthYoY" : 7.37,
    "grossProfitMargin" : 18.78,
    "grossProfit" : 14.83,
    "operatingProfitMargin" : 8.09,
    "operatingProfit" : 6.39,
    "netProfitMargin" : 7.30,
    "netProfit" : 5.76
  }, {
    "date" : "2006-06-30",
    "sales" : 89.53,
    "salesGrowthYoY" : 5.67,
    "grossProfitMargin" : 18.51,
    "grossProfit" : 16.57,
    "operatingProfitMargin" : 8.75,
    "operatingProfit" : 7.83,
    "netProfitMargin" : 4.03,
    "netProfit" : 3.61
  }, {
    "date" : "2006-09-30",
    "sales" : 73.49,
    "salesGrowthYoY" : -14.03,
    "grossProfitMargin" : 22.33,
    "grossProfit" : 16.41,
    "operatingProfitMargin" : 8.68,
    "operatingProfit" : 6.38,
    "netProfitMargin" : 3.76,
    "netProfit" : 2.76
  }, {
    "date" : "2006-12-31",
    "sales" : 72.14,
    "salesGrowthYoY" : -6.95,
    "grossProfitMargin" : 23.84,
    "grossProfit" : 17.20,
    "operatingProfitMargin" : 9.97,
    "operatingProfit" : 7.19,
    "netProfitMargin" : 4.62,
    "netProfit" : 3.33
  }, {
    "date" : "2007-03-31",
    "sales" : 80.02,
    "salesGrowthYoY" : 1.36,
    "grossProfitMargin" : 24.29,
    "grossProfit" : 19.44,
    "operatingProfitMargin" : 10.01,
    "operatingProfit" : 8.01,
    "netProfitMargin" : 6.61,
    "netProfit" : 5.29
  }, {
    "date" : "2007-06-30",
    "sales" : 80.11,
    "salesGrowthYoY" : -10.52,
    "grossProfitMargin" : 19.12,
    "grossProfit" : 15.32,
    "operatingProfitMargin" : 6.34,
    "operatingProfit" : 5.08,
    "netProfitMargin" : 3.02,
    "netProfit" : 2.42
  }, {
    "date" : "2007-09-30",
    "sales" : 82.71,
    "salesGrowthYoY" : 12.55,
    "grossProfitMargin" : 13.66,
    "grossProfit" : 11.30,
    "operatingProfitMargin" : 2.97,
    "operatingProfit" : 2.46,
    "netProfitMargin" : 1.51,
    "netProfit" : 1.25
  }, {
    "date" : "2007-12-31",
    "sales" : 79.22,
    "salesGrowthYoY" : 9.81,
    "grossProfitMargin" : 12.60,
    "grossProfit" : 9.98,
    "operatingProfitMargin" : 2.21,
    "operatingProfit" : 1.75,
    "netProfitMargin" : 0.66,
    "netProfit" : 0.52
  }, {
    "date" : "2008-03-31",
    "sales" : 81.66,
    "salesGrowthYoY" : 2.05,
    "grossProfitMargin" : 18.09,
    "grossProfit" : 14.77,
    "operatingProfitMargin" : 5.03,
    "operatingProfit" : 4.11,
    "netProfitMargin" : 2.09,
    "netProfit" : 1.71
  }, {
    "date" : "2008-06-30",
    "sales" : 95.18,
    "salesGrowthYoY" : 18.81,
    "grossProfitMargin" : 14.51,
    "grossProfit" : 13.81,
    "operatingProfitMargin" : 3.37,
    "operatingProfit" : 3.21,
    "netProfitMargin" : 0.64,
    "netProfit" : 0.61
  }, {
    "date" : "2008-09-30",
    "sales" : 89.01,
    "salesGrowthYoY" : 7.62,
    "grossProfitMargin" : 20.31,
    "grossProfit" : 18.08,
    "operatingProfitMargin" : 6.02,
    "operatingProfit" : 5.36,
    "netProfitMargin" : 2.40,
    "netProfit" : 2.14
  }, {
    "date" : "2008-12-31",
    "sales" : 83.49,
    "salesGrowthYoY" : 5.39,
    "grossProfitMargin" : 13.13,
    "grossProfit" : 10.96,
    "operatingProfitMargin" : 2.18,
    "operatingProfit" : 1.82,
    "netProfitMargin" : 0.20,
    "netProfit" : 0.17
  }, {
    "date" : "2009-03-31",
    "sales" : 86.24,
    "salesGrowthYoY" : 5.61,
    "grossProfitMargin" : 21.17,
    "grossProfit" : 18.26,
    "operatingProfitMargin" : 8.13,
    "operatingProfit" : 7.01,
    "netProfitMargin" : 4.77,
    "netProfit" : 4.11
  }, {
    "date" : "2009-06-30",
    "sales" : 88.50,
    "salesGrowthYoY" : -7.02,
    "grossProfitMargin" : 21.80,
    "grossProfit" : 19.29,
    "operatingProfitMargin" : 8.76,
    "operatingProfit" : 7.75,
    "netProfitMargin" : 5.44,
    "netProfit" : 4.81
  }, {
    "date" : "2009-09-30",
    "sales" : 89.98,
    "salesGrowthYoY" : 1.09,
    "grossProfitMargin" : 23.73,
    "grossProfit" : 21.35,
    "operatingProfitMargin" : 7.70,
    "operatingProfit" : 6.93,
    "netProfitMargin" : 4.66,
    "netProfit" : 4.19
  }, {
    "date" : "2009-12-31",
    "sales" : 103.31,
    "salesGrowthYoY" : 23.74,
    "grossProfitMargin" : 21.94,
    "grossProfit" : 22.67,
    "operatingProfitMargin" : 6.47,
    "operatingProfit" : 6.68,
    "netProfitMargin" : 4.17,
    "netProfit" : 4.31
  }, {
    "date" : "2010-03-31",
    "sales" : 107.69,
    "salesGrowthYoY" : 24.87,
    "grossProfitMargin" : 19.91,
    "grossProfit" : 21.44,
    "operatingProfitMargin" : 9.45,
    "operatingProfit" : 10.18,
    "netProfitMargin" : 7.21,
    "netProfit" : 7.76
  }, {
    "date" : "2010-06-30",
    "sales" : 106.95,
    "salesGrowthYoY" : 20.85,
    "grossProfitMargin" : 18.71,
    "grossProfit" : 20.01,
    "operatingProfitMargin" : 6.92,
    "operatingProfit" : 7.40,
    "netProfitMargin" : 4.33,
    "netProfit" : 4.63
  }, {
    "date" : "2010-09-30",
    "sales" : 100.93,
    "salesGrowthYoY" : 12.17,
    "grossProfitMargin" : 18.79,
    "grossProfit" : 18.96,
    "operatingProfitMargin" : 6.04,
    "operatingProfit" : 6.10,
    "netProfitMargin" : 4.60,
    "netProfit" : 4.64
  }, {
    "date" : "2010-12-31",
    "sales" : 116.85,
    "salesGrowthYoY" : 13.11,
    "grossProfitMargin" : 22.52,
    "grossProfit" : 26.31,
    "operatingProfitMargin" : 9.50,
    "operatingProfit" : 11.10,
    "netProfitMargin" : 6.44,
    "netProfit" : 7.53
  }, {
    "date" : "2011-03-31",
    "sales" : 128.08,
    "salesGrowthYoY" : 18.93,
    "grossProfitMargin" : 19.52,
    "grossProfit" : 25.00,
    "operatingProfitMargin" : 9.35,
    "operatingProfit" : 11.98,
    "netProfitMargin" : 6.62,
    "netProfit" : 8.48
  }, {
    "date" : "2011-06-30",
    "sales" : 138.37,
    "salesGrowthYoY" : 29.38,
    "grossProfitMargin" : 20.08,
    "grossProfit" : 27.78,
    "operatingProfitMargin" : 8.90,
    "operatingProfit" : 12.31,
    "netProfitMargin" : 6.01,
    "netProfit" : 8.32
  }, {
    "date" : "2011-09-30",
    "sales" : 130.80,
    "salesGrowthYoY" : 29.59,
    "grossProfitMargin" : 22.11,
    "grossProfit" : 28.92,
    "operatingProfitMargin" : 7.84,
    "operatingProfit" : 10.25,
    "netProfitMargin" : 5.34,
    "netProfit" : 6.98
  }, {
    "date" : "2011-12-31",
    "sales" : 142.63,
    "salesGrowthYoY" : 22.06,
    "grossProfitMargin" : 27.11,
    "grossProfit" : 38.67,
    "operatingProfitMargin" : 11.58,
    "operatingProfit" : 16.52,
    "netProfitMargin" : 7.61,
    "netProfit" : 10.85
  }, {
    "date" : "2012-03-31",
    "sales" : 162.16,
    "salesGrowthYoY" : 26.61,
    "grossProfitMargin" : 22.66,
    "grossProfit" : 36.75,
    "operatingProfitMargin" : 12.80,
    "operatingProfit" : 20.76,
    "netProfitMargin" : 10.94,
    "netProfit" : 17.74
  }, {
    "date" : "2012-06-30",
    "sales" : 155.08,
    "salesGrowthYoY" : 12.08,
    "grossProfitMargin" : 20.37,
    "grossProfit" : 31.59,
    "operatingProfitMargin" : 9.52,
    "operatingProfit" : 14.76,
    "netProfitMargin" : 6.51,
    "netProfit" : 10.10
  }, {
    "date" : "2012-09-30",
    "sales" : 137.37,
    "salesGrowthYoY" : 5.02,
    "grossProfitMargin" : 18.80,
    "grossProfit" : 25.83,
    "operatingProfitMargin" : 9.41,
    "operatingProfit" : 12.93,
    "netProfitMargin" : 7.24,
    "netProfit" : 9.95
  }, {
    "date" : "2012-12-31",
    "sales" : 107.57,
    "salesGrowthYoY" : -24.58,
    "grossProfitMargin" : 19.01,
    "grossProfit" : 20.45,
    "operatingProfitMargin" : 3.50,
    "operatingProfit" : 3.76,
    "netProfitMargin" : 2.26,
    "netProfit" : 2.43
  }, {
    "date" : "2013-03-31",
    "sales" : 120.58,
    "salesGrowthYoY" : -25.64,
    "grossProfitMargin" : 15.63,
    "grossProfit" : 18.85,
    "operatingProfitMargin" : 4.38,
    "operatingProfit" : 5.28,
    "netProfitMargin" : 4.03,
    "netProfit" : 4.86
  }, {
    "date" : "2013-06-30",
    "sales" : 116.21,
    "salesGrowthYoY" : -25.06,
    "grossProfitMargin" : 18.14,
    "grossProfit" : 21.08,
    "operatingProfitMargin" : 5.83,
    "operatingProfit" : 6.78,
    "netProfitMargin" : 3.87,
    "netProfit" : 4.50
  }, {
    "date" : "2013-09-30",
    "sales" : 139.50,
    "salesGrowthYoY" : 1.55,
    "grossProfitMargin" : 18.37,
    "grossProfit" : 25.63,
    "operatingProfitMargin" : 8.03,
    "operatingProfit" : 11.20,
    "netProfitMargin" : 5.98,
    "netProfit" : 8.34
  }, {
    "date" : "2013-12-31",
    "sales" : 155.25,
    "salesGrowthYoY" : 44.32,
    "grossProfitMargin" : 20.68,
    "grossProfit" : 32.11,
    "operatingProfitMargin" : 8.46,
    "operatingProfit" : 13.13,
    "netProfitMargin" : 5.95,
    "netProfit" : 9.24
  }, {
    "date" : "2014-03-31",
    "sales" : 143.19,
    "salesGrowthYoY" : 18.75,
    "grossProfitMargin" : 16.91,
    "grossProfit" : 24.21,
    "operatingProfitMargin" : 11.53,
    "operatingProfit" : 16.51,
    "netProfitMargin" : 4.88,
    "netProfit" : 6.99
  }, {
    "date" : "2014-06-30",
    "sales" : 162.60,
    "salesGrowthYoY" : 39.92,
    "grossProfitMargin" : 17.17,
    "grossProfit" : 27.92,
    "operatingProfitMargin" : 8.18,
    "operatingProfit" : 13.30,
    "netProfitMargin" : 4.22,
    "netProfit" : 6.86
  }, {
    "date" : "2014-09-30",
    "sales" : 191.65,
    "salesGrowthYoY" : 37.38,
    "grossProfitMargin" : 23.76,
    "grossProfit" : 45.54,
    "operatingProfitMargin" : 10.74,
    "operatingProfit" : 20.58,
    "netProfitMargin" : 6.81,
    "netProfit" : 13.05
  }, {
    "date" : "2014-12-31",
    "sales" : 182.14,
    "salesGrowthYoY" : 17.32,
    "grossProfitMargin" : 22.03,
    "grossProfit" : 40.13,
    "operatingProfitMargin" : 12.52,
    "operatingProfit" : 22.80,
    "netProfitMargin" : 8.32,
    "netProfit" : 15.15
  }, {
    "date" : "2015-03-31",
    "sales" : 196.73,
    "salesGrowthYoY" : 37.39,
    "grossProfitMargin" : 25.91,
    "grossProfit" : 50.97,
    "operatingProfitMargin" : 6.86,
    "operatingProfit" : 13.50,
    "netProfitMargin" : 4.53,
    "netProfit" : 8.91
  }, {
    "date" : "2015-06-30",
    "sales" : 169.87,
    "salesGrowthYoY" : 4.47,
    "grossProfitMargin" : 32.51,
    "grossProfit" : 55.22,
    "operatingProfitMargin" : 12.80,
    "operatingProfit" : 21.74,
    "netProfitMargin" : 8.67,
    "netProfit" : 14.73
  }, {
    "date" : "2015-09-30",
    "sales" : 171.64,
    "salesGrowthYoY" : -10.44,
    "grossProfitMargin" : 20.99,
    "grossProfit" : 36.03,
    "operatingProfitMargin" : 13.74,
    "operatingProfit" : 23.58,
    "netProfitMargin" : 9.65,
    "netProfit" : 16.56
  }, {
    "date" : "2015-12-31",
    "sales" : 114.38,
    "salesGrowthYoY" : -37.20,
    "grossProfitMargin" : 15.41,
    "grossProfit" : 17.63,
    "operatingProfitMargin" : 4.74,
    "operatingProfit" : 5.42,
    "netProfitMargin" : 3.62,
    "netProfit" : 4.14
  }, {
    "date" : "2016-03-31",
    "sales" : 123.15,
    "salesGrowthYoY" : -37.40,
    "grossProfitMargin" : 23.23,
    "grossProfit" : 28.61,
    "operatingProfitMargin" : 13.14,
    "operatingProfit" : 16.18,
    "netProfitMargin" : 10.38,
    "netProfit" : 12.78
  }, {
    "date" : "2016-06-30",
    "sales" : 155.44,
    "salesGrowthYoY" : -8.49,
    "grossProfitMargin" : 16.41,
    "grossProfit" : 25.51,
    "operatingProfitMargin" : 10.53,
    "operatingProfit" : 16.37,
    "netProfitMargin" : 7.10,
    "netProfit" : 11.04
  }, {
    "date" : "2016-09-30",
    "sales" : 138.16,
    "salesGrowthYoY" : -19.51,
    "grossProfitMargin" : 20.24,
    "grossProfit" : 27.96,
    "operatingProfitMargin" : 13.35,
    "operatingProfit" : 18.44,
    "netProfitMargin" : 7.88,
    "netProfit" : 10.89
  }, {
    "date" : "2016-12-31",
    "sales" : 138.50,
    "salesGrowthYoY" : 21.09,
    "grossProfitMargin" : 22.58,
    "grossProfit" : 31.27,
    "operatingProfitMargin" : 11.29,
    "operatingProfit" : 15.64,
    "netProfitMargin" : 9.68,
    "netProfit" : 13.41
  }, {
    "date" : "2017-03-31",
    "sales" : 150.69,
    "salesGrowthYoY" : 22.36,
    "grossProfitMargin" : 21.12,
    "grossProfit" : 31.83,
    "operatingProfitMargin" : 7.29,
    "operatingProfit" : 10.99,
    "netProfitMargin" : 4.48,
    "netProfit" : 6.75
  }, {
    "date" : "2017-06-30",
    "sales" : 145.38,
    "salesGrowthYoY" : -6.47,
    "grossProfitMargin" : 15.97,
    "grossProfit" : 23.22,
    "operatingProfitMargin" : 3.81,
    "operatingProfit" : 5.54,
    "netProfitMargin" : 1.47,
    "netProfit" : 2.14
  }, {
    "date" : "2017-09-30",
    "sales" : 147.81,
    "salesGrowthYoY" : 6.98,
    "grossProfitMargin" : 17.37,
    "grossProfit" : 25.67,
    "operatingProfitMargin" : 9.28,
    "operatingProfit" : 13.72,
    "netProfitMargin" : 6.19,
    "netProfit" : 9.15
  }, {
    "date" : "2017-12-31",
    "sales" : 162.20,
    "salesGrowthYoY" : 17.11,
    "grossProfitMargin" : 31.57,
    "grossProfit" : 51.21,
    "operatingProfitMargin" : 18.79,
    "operatingProfit" : 30.48,
    "netProfitMargin" : 10.60,
    "netProfit" : 17.19
  }, {
    "date" : "2018-03-31",
    "sales" : 189.93,
    "salesGrowthYoY" : 26.04,
    "grossProfitMargin" : 32.58,
    "grossProfit" : 61.88,
    "operatingProfitMargin" : 22.91,
    "operatingProfit" : 43.51,
    "netProfitMargin" : 14.03,
    "netProfit" : 26.65
  }, {
    "date" : "2018-06-30",
    "sales" : 177.17,
    "salesGrowthYoY" : 21.87,
    "grossProfitMargin" : 28.55,
    "grossProfit" : 50.58,
    "operatingProfitMargin" : 15.01,
    "operatingProfit" : 26.59,
    "netProfitMargin" : 9.01,
    "netProfit" : 15.96
  }, {
    "date" : "2018-09-30",
    "sales" : 183.52,
    "salesGrowthYoY" : 24.16,
    "grossProfitMargin" : 24.99,
    "grossProfit" : 45.86,
    "operatingProfitMargin" : 14.27,
    "operatingProfit" : 26.19,
    "netProfitMargin" : 9.15,
    "netProfit" : 16.79
  }, {
    "date" : "2018-12-31",
    "sales" : 177.61,
    "salesGrowthYoY" : 9.50,
    "grossProfitMargin" : 20.97,
    "grossProfit" : 37.24,
    "operatingProfitMargin" : 10.85,
    "operatingProfit" : 19.27,
    "netProfitMargin" : 6.47,
    "netProfit" : 11.49
  }, {
    "date" : "2019-03-31",
    "sales" : 163.82,
    "salesGrowthYoY" : -13.75,
    "grossProfitMargin" : 22.07,
    "grossProfit" : 36.16,
    "operatingProfitMargin" : 11.68,
    "operatingProfit" : 19.13,
    "netProfitMargin" : 6.82,
    "netProfit" : 11.17
  }, {
    "date" : "2019-06-30",
    "sales" : 180.72,
    "salesGrowthYoY" : 2.00,
    "grossProfitMargin" : 22.14,
    "grossProfit" : 40.01,
    "operatingProfitMargin" : 11.06,
    "operatingProfit" : 19.99,
    "netProfitMargin" : 6.19,
    "netProfit" : 11.19
  }, {
    "date" : "2019-09-30",
    "sales" : 167.70,
    "salesGrowthYoY" : -8.62,
    "grossProfitMargin" : 19.80,
    "grossProfit" : 33.20,
    "operatingProfitMargin" : 9.15,
    "operatingProfit" : 15.34,
    "netProfitMargin" : 5.88,
    "netProfit" : 9.86
  }, {
    "date" : "2019-12-31",
    "sales" : 145.71,
    "salesGrowthYoY" : -17.96,
    "grossProfitMargin" : 19.99,
    "grossProfit" : 29.13,
    "operatingProfitMargin" : 8.81,
    "operatingProfit" : 12.84,
    "netProfitMargin" : 4.19,
    "netProfit" : 6.11
  }, {
    "date" : "2020-03-31",
    "sales" : 182.51,
    "salesGrowthYoY" : 11.41,
    "grossProfitMargin" : 18.32,
    "grossProfit" : 33.44,
    "operatingProfitMargin" : 8.05,
    "operatingProfit" : 14.69,
    "netProfitMargin" : 9.58,
    "netProfit" : 17.48
  }, {
    "date" : "2020-06-30",
    "sales" : 68.43,
    "salesGrowthYoY" : -62.13,
    "grossProfitMargin" : 21.00,
    "grossProfit" : 14.37,
    "operatingProfitMargin" : 2.21,
    "operatingProfit" : 1.51,
    "netProfitMargin" : -1.64,
    "netProfit" : -1.12
  }, {
    "date" : "2020-09-30",
    "sales" : 194.59,
    "salesGrowthYoY" : 16.03,
    "grossProfitMargin" : 26.78,
    "grossProfit" : 52.11,
    "operatingProfitMargin" : 18.19,
    "operatingProfit" : 35.40,
    "netProfitMargin" : 12.83,
    "netProfit" : 24.97
  }, {
    "date" : "2020-12-31",
    "sales" : 325.84,
    "salesGrowthYoY" : 123.62,
    "grossProfitMargin" : 45.99,
    "grossProfit" : 149.85,
    "operatingProfitMargin" : 38.67,
    "operatingProfit" : 126.00,
    "netProfitMargin" : 27.67,
    "netProfit" : 90.16
  }, {
    "date" : "2021-03-31",
    "sales" : 333.36,
    "salesGrowthYoY" : 82.65,
    "grossProfitMargin" : 45.07,
    "grossProfit" : 150.25,
    "operatingProfitMargin" : 38.18,
    "operatingProfit" : 127.28,
    "netProfitMargin" : 27.92,
    "netProfit" : 93.07
  }, {
    "date" : "2021-06-30",
    "sales" : 279.63,
    "salesGrowthYoY" : 308.64,
    "grossProfitMargin" : 45.99,
    "grossProfit" : 128.60,
    "operatingProfitMargin" : 38.95,
    "operatingProfit" : 108.92,
    "netProfitMargin" : 28.23,
    "netProfit" : 78.94
  }, {
    "date" : "2021-09-30",
    "sales" : 403.66,
    "salesGrowthYoY" : 107.44,
    "grossProfitMargin" : 45.00,
    "grossProfit" : 181.65,
    "operatingProfitMargin" : 39.97,
    "operatingProfit" : 161.34,
    "netProfitMargin" : 29.63,
    "netProfit" : 119.60
  }, {
    "date" : "2021-12-31",
    "sales" : 399.49,
    "salesGrowthYoY" : 22.60,
    "grossProfitMargin" : 43.38,
    "grossProfit" : 173.30,
    "operatingProfitMargin" : 37.52,
    "operatingProfit" : 149.89,
    "netProfitMargin" : 27.29,
    "netProfit" : 109.02
  }, {
    "date" : "2022-03-31",
    "sales" : 360.89,
    "salesGrowthYoY" : 8.26,
    "grossProfitMargin" : 36.47,
    "grossProfit" : 131.62,
    "operatingProfitMargin" : 28.29,
    "operatingProfit" : 102.10,
    "netProfitMargin" : 20.51,
    "netProfit" : 74.02
  }, {
    "date" : "2022-06-30",
    "sales" : 300.91,
    "salesGrowthYoY" : 7.61,
    "grossProfitMargin" : 24.81,
    "grossProfit" : 74.66,
    "operatingProfitMargin" : 17.02,
    "operatingProfit" : 51.21,
    "netProfitMargin" : 12.34,
    "netProfit" : 37.13
  }, {
    "date" : "2022-09-30",
    "sales" : 260.67,
    "salesGrowthYoY" : -35.42,
    "grossProfitMargin" : 16.32,
    "grossProfit" : 42.54,
    "operatingProfitMargin" : 6.53,
    "operatingProfit" : 17.02,
    "netProfitMargin" : 4.49,
    "netProfit" : 11.70
  }, {
    "date" : "2022-12-31",
    "sales" : 205.30,
    "salesGrowthYoY" : -48.61,
    "grossProfitMargin" : 12.71,
    "grossProfit" : 26.09,
    "operatingProfitMargin" : 0.51,
    "operatingProfit" : 1.05,
    "netProfitMargin" : 0.31,
    "netProfit" : 0.64
  }, {
    "date" : "2023-03-31",
    "sales" : 266.39,
    "salesGrowthYoY" : -26.19,
    "grossProfitMargin" : 12.16,
    "grossProfit" : 32.39,
    "operatingProfitMargin" : 1.96,
    "operatingProfit" : 5.22,
    "netProfitMargin" : 0.50,
    "netProfit" : 1.33
  }, {
    "date" : "2023-06-30",
    "sales" : 235.99,
    "salesGrowthYoY" : -21.57,
    "grossProfitMargin" : 7.64,
    "grossProfit" : 18.03,
    "operatingProfitMargin" : -2.58,
    "operatingProfit" : -6.09,
    "netProfitMargin" : -2.64,
    "netProfit" : -6.23
  }, {
    "date" : "2023-09-30",
    "sales" : 215.91,
    "salesGrowthYoY" : -17.17,
    "grossProfitMargin" : 13.96,
    "grossProfit" : 30.14,
    "operatingProfitMargin" : 2.69,
    "operatingProfit" : 5.81,
    "netProfitMargin" : 1.51,
    "netProfit" : 3.26
  }, {
    "date" : "2023-12-31",
    "sales" : 155.25,
    "salesGrowthYoY" : -24.38,
    "grossProfitMargin" : 12.43,
    "grossProfit" : 19.30,
    "operatingProfitMargin" : -2.25,
    "operatingProfit" : -3.49,
    "netProfitMargin" : -2.75,
    "netProfit" : -4.27
  }, {
    "date" : "2024-03-31",
    "sales" : 190.48,
    "salesGrowthYoY" : -28.50,
    "grossProfitMargin" : 17.35,
    "grossProfit" : 33.05,
    "operatingProfitMargin" : 3.48,
    "operatingProfit" : 6.63,
    "netProfitMargin" : 0.04,
    "netProfit" : 0.08
  }, {
    "date" : "2024-06-30",
    "sales" : 177.76,
    "salesGrowthYoY" : -24.67,
    "grossProfitMargin" : 16.55,
    "grossProfit" : 29.42,
    "operatingProfitMargin" : 3.31,
    "operatingProfit" : 5.88,
    "netProfitMargin" : 0.98,
    "netProfit" : 1.74
  }, {
    "date" : "2024-09-30",
    "sales" : 165.54,
    "salesGrowthYoY" : -23.33,
    "grossProfitMargin" : 9.33,
    "grossProfit" : 15.44,
    "operatingProfitMargin" : -5.93,
    "operatingProfit" : -9.82,
    "netProfitMargin" : -6.48,
    "netProfit" : -10.73
  }, {
    "date" : "2024-12-31",
    "sales" : 140.95,
    "salesGrowthYoY" : -9.21,
    "grossProfitMargin" : 16.62,
    "grossProfit" : 23.43,
    "operatingProfitMargin" : 0.94,
    "operatingProfit" : 1.32,
    "netProfitMargin" : -2.01,
    "netProfit" : -2.83
  }, {
    "date" : "2025-03-31",
    "sales" : 163.27,
    "salesGrowthYoY" : -14.28,
    "grossProfitMargin" : 20.12,
    "grossProfit" : 32.85,
    "operatingProfitMargin" : 4.43,
    "operatingProfit" : 7.23,
    "netProfitMargin" : 3.01,
    "netProfit" : 4.91
  }, {
    "date" : "2025-06-30",
    "sales" : 163.25,
    "salesGrowthYoY" : -8.16,
    "grossProfitMargin" : 17.40,
    "grossProfit" : 28.41,
    "operatingProfitMargin" : 3.83,
    "operatingProfit" : 6.25,
    "netProfitMargin" : 1.85,
    "netProfit" : 3.02
  }, {
    "date" : "2025-09-30",
    "sales" : 180.15,
    "salesGrowthYoY" : 8.83,
    "grossProfitMargin" : 14.75,
    "grossProfit" : 26.57,
    "operatingProfitMargin" : 0.92,
    "operatingProfit" : 1.66,
    "netProfitMargin" : 0.53,
    "netProfit" : 0.95
  }, {
    "date" : "2025-12-31",
    "sales" : 195.14,
    "salesGrowthYoY" : 38.45,
    "grossProfitMargin" : 16.20,
    "grossProfit" : 31.61,
    "operatingProfitMargin" : 2.93,
    "operatingProfit" : 5.72,
    "netProfitMargin" : 2.88,
    "netProfit" : 5.62
  } ],
  "latestQuarterlyResult" : {
    "date" : "2025-12-31",
    "sales" : 195.14,
    "salesGrowthYoY" : 38.45,
    "grossProfitMargin" : 16.20,
    "grossProfit" : 31.61,
    "operatingProfitMargin" : 2.93,
    "operatingProfit" : 5.72,
    "netProfitMargin" : 2.88,
    "netProfit" : 5.62
  },
  "companyScore" : {
    "priceHigherThanDma50" : 0.00,
    "priceHigherThanDma100" : 0.00,
    "priceHigherThanDma200" : 0.00,
    "dma50HigherThanDma100" : 0.00,
    "dma50HigherThanDma200" : 0.00,
    "dma100HigherThanDma200" : 0.00,
    "pricePercentageAboveDma50" : 5.11,
    "pricePercentageAboveDma100" : 5.40,
    "pricePercentageAboveDma200" : 5.40,
    "weeklyVolumeHigherThanYearlyVolume" : 0.00,
    "salesGrowthPercentile" : 18.50,
    "operatingProfitMarginPercentile" : 3.86,
    "netProfitMarginPercentile" : 2.59,
    "totalTechnicalScore" : 15.91,
    "totalFundamentalScore" : 24.95,
    "totalScore" : 40.86
  }
}