{
  "metadata" : {
    "screenerCompanyId" : "1270786",
    "companyCode" : "MANAKCOAT",
    "companyName" : "Manaksia Coated",
    "screenerCompanyLink" : "https://www.screener.in/company/MANAKCOAT/",
    "screenerTechnicalHistoryLink" : "https://www.screener.in/api/company/1270786/chart/?q=Price-DMA50-DMA200-Volume&days=365",
    "screenerQuarterlyResultsLink" : "https://www.screener.in/api/company/1270786/chart/?q=GPM-OPM-NPM-Quarter+Sales&days=10000",
    "attributes" : {
      "companyCode" : "MANAKCOAT",
      "companyName" : "Manaksia Coated",
      "marketCap" : 1350.00,
      "peRatio" : 35.20,
      "description" : "Incorporated in 2010, Manaksia Coated Metals & Industries Ltd specializes in manufacturing and exporting high-performance coated metal products.[1]"
    },
    "companyScore" : {
      "priceHigherThanDma50" : 0.00,
      "priceHigherThanDma100" : 0.00,
      "priceHigherThanDma200" : 0.00,
      "dma50HigherThanDma100" : 0.00,
      "dma50HigherThanDma200" : 5.00,
      "dma100HigherThanDma200" : 5.00,
      "pricePercentageAboveDma50" : 5.22,
      "pricePercentageAboveDma100" : 5.46,
      "pricePercentageAboveDma200" : 5.04,
      "weeklyVolumeHigherThanYearlyVolume" : 0.00,
      "salesGrowthPercentile" : 14.42,
      "operatingProfitMarginPercentile" : 18.72,
      "netProfitMarginPercentile" : 10.00,
      "totalTechnicalScore" : 25.73,
      "totalFundamentalScore" : 43.14,
      "totalScore" : 68.87
    }
  },
  "attributes" : {
    "companyCode" : "MANAKCOAT",
    "companyName" : "Manaksia Coated",
    "marketCap" : 1350.00,
    "peRatio" : 35.20,
    "description" : "Incorporated in 2010, Manaksia Coated Metals & Industries Ltd specializes in manufacturing and exporting high-performance coated metal products.[1]"
  },
  "technicalHistory" : [ {
    "date" : "2025-02-01",
    "price" : 105.50,
    "dma50" : 100.54,
    "dma100" : null,
    "dma200" : 74.16,
    "volume" : 14397.00
  }, {
    "date" : "2025-02-03",
    "price" : 105.00,
    "dma50" : 100.71,
    "dma100" : null,
    "dma200" : 74.47,
    "volume" : 37820.00
  }, {
    "date" : "2025-02-04",
    "price" : 106.00,
    "dma50" : 100.92,
    "dma100" : null,
    "dma200" : 74.78,
    "volume" : 34824.00
  }, {
    "date" : "2025-02-05",
    "price" : 105.00,
    "dma50" : 101.08,
    "dma100" : null,
    "dma200" : 75.08,
    "volume" : 23329.00
  }, {
    "date" : "2025-02-06",
    "price" : 104.50,
    "dma50" : 101.22,
    "dma100" : null,
    "dma200" : 75.37,
    "volume" : 47188.00
  }, {
    "date" : "2025-02-07",
    "price" : 104.90,
    "dma50" : 101.36,
    "dma100" : null,
    "dma200" : 75.67,
    "volume" : 36539.00
  }, {
    "date" : "2025-02-10",
    "price" : 99.65,
    "dma50" : 101.29,
    "dma100" : null,
    "dma200" : 75.91,
    "volume" : 157738.00
  }, {
    "date" : "2025-02-11",
    "price" : 95.92,
    "dma50" : 101.08,
    "dma100" : null,
    "dma200" : 76.10,
    "volume" : 129046.00
  }, {
    "date" : "2025-02-12",
    "price" : 97.25,
    "dma50" : 100.93,
    "dma100" : null,
    "dma200" : 76.32,
    "volume" : 157277.00
  }, {
    "date" : "2025-02-13",
    "price" : 95.40,
    "dma50" : 100.72,
    "dma100" : null,
    "dma200" : 76.51,
    "volume" : 36700.00
  }, {
    "date" : "2025-02-14",
    "price" : 95.36,
    "dma50" : 100.51,
    "dma100" : null,
    "dma200" : 76.69,
    "volume" : 78566.00
  }, {
    "date" : "2025-02-17",
    "price" : 90.59,
    "dma50" : 100.12,
    "dma100" : null,
    "dma200" : 76.83,
    "volume" : 28184.00
  }, {
    "date" : "2025-02-18",
    "price" : 86.06,
    "dma50" : 99.56,
    "dma100" : null,
    "dma200" : 76.92,
    "volume" : 26871.00
  }, {
    "date" : "2025-02-19",
    "price" : 90.00,
    "dma50" : 99.19,
    "dma100" : null,
    "dma200" : 77.05,
    "volume" : 336480.00
  }, {
    "date" : "2025-02-20",
    "price" : 90.99,
    "dma50" : 98.87,
    "dma100" : null,
    "dma200" : 77.19,
    "volume" : 116046.00
  }, {
    "date" : "2025-02-21",
    "price" : 88.34,
    "dma50" : 98.46,
    "dma100" : null,
    "dma200" : 77.30,
    "volume" : 36108.00
  }, {
    "date" : "2025-02-24",
    "price" : 86.33,
    "dma50" : 97.98,
    "dma100" : null,
    "dma200" : 77.39,
    "volume" : 60893.00
  }, {
    "date" : "2025-02-25",
    "price" : 85.22,
    "dma50" : 97.48,
    "dma100" : null,
    "dma200" : 77.47,
    "volume" : 33312.00
  }, {
    "date" : "2025-02-27",
    "price" : 81.68,
    "dma50" : 96.86,
    "dma100" : null,
    "dma200" : 77.51,
    "volume" : 85673.00
  }, {
    "date" : "2025-02-28",
    "price" : 78.53,
    "dma50" : 96.14,
    "dma100" : null,
    "dma200" : 77.52,
    "volume" : 233292.00
  }, {
    "date" : "2025-03-03",
    "price" : 76.57,
    "dma50" : 95.37,
    "dma100" : null,
    "dma200" : 77.51,
    "volume" : 56213.00
  }, {
    "date" : "2025-03-04",
    "price" : 76.03,
    "dma50" : 94.62,
    "dma100" : null,
    "dma200" : 77.50,
    "volume" : 130928.00
  }, {
    "date" : "2025-03-05",
    "price" : 79.41,
    "dma50" : 94.02,
    "dma100" : null,
    "dma200" : 77.52,
    "volume" : 84140.00
  }, {
    "date" : "2025-03-06",
    "price" : 83.38,
    "dma50" : 93.60,
    "dma100" : null,
    "dma200" : 77.58,
    "volume" : 78991.00
  }, {
    "date" : "2025-03-07",
    "price" : 87.50,
    "dma50" : 93.36,
    "dma100" : null,
    "dma200" : 77.67,
    "volume" : 168438.00
  }, {
    "date" : "2025-03-10",
    "price" : 83.12,
    "dma50" : 92.96,
    "dma100" : null,
    "dma200" : 77.73,
    "volume" : 146996.00
  }, {
    "date" : "2025-03-11",
    "price" : 79.35,
    "dma50" : 92.43,
    "dma100" : null,
    "dma200" : 77.74,
    "volume" : 80430.00
  }, {
    "date" : "2025-03-12",
    "price" : 76.58,
    "dma50" : 91.81,
    "dma100" : null,
    "dma200" : 77.73,
    "volume" : 29083.00
  }, {
    "date" : "2025-03-13",
    "price" : 75.27,
    "dma50" : 91.16,
    "dma100" : null,
    "dma200" : 77.71,
    "volume" : 173535.00
  }, {
    "date" : "2025-03-17",
    "price" : 73.73,
    "dma50" : 90.47,
    "dma100" : null,
    "dma200" : 77.67,
    "volume" : 47076.00
  }, {
    "date" : "2025-03-18",
    "price" : 76.26,
    "dma50" : 89.92,
    "dma100" : null,
    "dma200" : 77.65,
    "volume" : 158854.00
  }, {
    "date" : "2025-03-19",
    "price" : 79.58,
    "dma50" : 89.51,
    "dma100" : null,
    "dma200" : 77.67,
    "volume" : 542434.00
  }, {
    "date" : "2025-03-20",
    "price" : 82.81,
    "dma50" : 89.25,
    "dma100" : null,
    "dma200" : 77.73,
    "volume" : 175033.00
  }, {
    "date" : "2025-03-21",
    "price" : 83.34,
    "dma50" : 89.02,
    "dma100" : null,
    "dma200" : 77.78,
    "volume" : 50959.00
  }, {
    "date" : "2025-03-24",
    "price" : 80.99,
    "dma50" : 88.70,
    "dma100" : null,
    "dma200" : 77.81,
    "volume" : 47947.00
  }, {
    "date" : "2025-03-25",
    "price" : 78.54,
    "dma50" : 88.30,
    "dma100" : null,
    "dma200" : 77.82,
    "volume" : 46000.00
  }, {
    "date" : "2025-03-26",
    "price" : 76.08,
    "dma50" : 87.82,
    "dma100" : null,
    "dma200" : 77.80,
    "volume" : 67447.00
  }, {
    "date" : "2025-03-27",
    "price" : 78.11,
    "dma50" : 87.44,
    "dma100" : null,
    "dma200" : 77.81,
    "volume" : 98281.00
  }, {
    "date" : "2025-03-28",
    "price" : 78.49,
    "dma50" : 87.09,
    "dma100" : null,
    "dma200" : 77.81,
    "volume" : 85554.00
  }, {
    "date" : "2025-04-01",
    "price" : 78.66,
    "dma50" : 86.76,
    "dma100" : null,
    "dma200" : 77.82,
    "volume" : 12647.00
  }, {
    "date" : "2025-04-02",
    "price" : 82.59,
    "dma50" : 86.60,
    "dma100" : null,
    "dma200" : 77.87,
    "volume" : 42294.00
  }, {
    "date" : "2025-04-03",
    "price" : 86.71,
    "dma50" : 86.60,
    "dma100" : null,
    "dma200" : 77.96,
    "volume" : 60344.00
  }, {
    "date" : "2025-04-04",
    "price" : 89.35,
    "dma50" : 86.71,
    "dma100" : null,
    "dma200" : 78.07,
    "volume" : 77657.00
  }, {
    "date" : "2025-04-07",
    "price" : 87.56,
    "dma50" : 86.74,
    "dma100" : null,
    "dma200" : 78.16,
    "volume" : 27848.00
  }, {
    "date" : "2025-04-08",
    "price" : 85.80,
    "dma50" : 86.71,
    "dma100" : null,
    "dma200" : 78.24,
    "volume" : 31326.00
  }, {
    "date" : "2025-04-09",
    "price" : 84.08,
    "dma50" : 86.60,
    "dma100" : null,
    "dma200" : 78.30,
    "volume" : 29357.00
  }, {
    "date" : "2025-04-11",
    "price" : 83.00,
    "dma50" : 86.46,
    "dma100" : null,
    "dma200" : 78.35,
    "volume" : 24427.00
  }, {
    "date" : "2025-04-15",
    "price" : 84.66,
    "dma50" : 86.39,
    "dma100" : null,
    "dma200" : 78.41,
    "volume" : 21459.00
  }, {
    "date" : "2025-04-16",
    "price" : 86.35,
    "dma50" : 86.39,
    "dma100" : null,
    "dma200" : 78.49,
    "volume" : 13069.00
  }, {
    "date" : "2025-04-17",
    "price" : 88.07,
    "dma50" : 86.46,
    "dma100" : null,
    "dma200" : 78.58,
    "volume" : 27766.00
  }, {
    "date" : "2025-04-21",
    "price" : 89.83,
    "dma50" : 86.59,
    "dma100" : null,
    "dma200" : 78.69,
    "volume" : 52114.00
  }, {
    "date" : "2025-04-22",
    "price" : 91.62,
    "dma50" : 86.79,
    "dma100" : null,
    "dma200" : 78.82,
    "volume" : 16314.00
  }, {
    "date" : "2025-04-23",
    "price" : 93.45,
    "dma50" : 87.05,
    "dma100" : null,
    "dma200" : 78.97,
    "volume" : 41762.00
  }, {
    "date" : "2025-04-24",
    "price" : 95.31,
    "dma50" : 87.37,
    "dma100" : null,
    "dma200" : 79.13,
    "volume" : 32730.00
  }, {
    "date" : "2025-04-25",
    "price" : 95.05,
    "dma50" : 87.67,
    "dma100" : null,
    "dma200" : 79.29,
    "volume" : 65016.00
  }, {
    "date" : "2025-04-28",
    "price" : 94.95,
    "dma50" : 87.96,
    "dma100" : null,
    "dma200" : 79.45,
    "volume" : 58551.00
  }, {
    "date" : "2025-04-29",
    "price" : 93.05,
    "dma50" : 88.16,
    "dma100" : null,
    "dma200" : 79.58,
    "volume" : 5574.00
  }, {
    "date" : "2025-04-30",
    "price" : 91.18,
    "dma50" : 88.28,
    "dma100" : null,
    "dma200" : 79.70,
    "volume" : 8707.00
  }, {
    "date" : "2025-05-02",
    "price" : 89.35,
    "dma50" : 88.32,
    "dma100" : null,
    "dma200" : 79.79,
    "volume" : 6745.00
  }, {
    "date" : "2025-05-05",
    "price" : 88.20,
    "dma50" : 88.31,
    "dma100" : null,
    "dma200" : 79.88,
    "volume" : 20204.00
  }, {
    "date" : "2025-05-06",
    "price" : 86.50,
    "dma50" : 88.24,
    "dma100" : null,
    "dma200" : 79.94,
    "volume" : 9736.00
  }, {
    "date" : "2025-05-07",
    "price" : 86.50,
    "dma50" : 88.17,
    "dma100" : null,
    "dma200" : 80.01,
    "volume" : 11556.00
  }, {
    "date" : "2025-05-08",
    "price" : 86.40,
    "dma50" : 88.10,
    "dma100" : null,
    "dma200" : 80.07,
    "volume" : 30337.00
  }, {
    "date" : "2025-05-09",
    "price" : 84.67,
    "dma50" : 87.97,
    "dma100" : null,
    "dma200" : 80.12,
    "volume" : 127001.00
  }, {
    "date" : "2025-05-12",
    "price" : 88.88,
    "dma50" : 88.01,
    "dma100" : null,
    "dma200" : 80.20,
    "volume" : 40695.00
  }, {
    "date" : "2025-05-13",
    "price" : 92.56,
    "dma50" : 88.18,
    "dma100" : null,
    "dma200" : 80.33,
    "volume" : 157900.00
  }, {
    "date" : "2025-05-14",
    "price" : 94.98,
    "dma50" : 88.45,
    "dma100" : null,
    "dma200" : 80.47,
    "volume" : 41510.00
  }, {
    "date" : "2025-05-15",
    "price" : 90.24,
    "dma50" : 88.52,
    "dma100" : null,
    "dma200" : 80.57,
    "volume" : 94390.00
  }, {
    "date" : "2025-05-16",
    "price" : 92.01,
    "dma50" : 88.66,
    "dma100" : null,
    "dma200" : 80.68,
    "volume" : 102806.00
  }, {
    "date" : "2025-05-19",
    "price" : 88.77,
    "dma50" : 88.66,
    "dma100" : null,
    "dma200" : 80.76,
    "volume" : 82371.00
  }, {
    "date" : "2025-05-20",
    "price" : 89.68,
    "dma50" : 88.70,
    "dma100" : null,
    "dma200" : 80.85,
    "volume" : 293185.00
  }, {
    "date" : "2025-05-21",
    "price" : 89.37,
    "dma50" : 88.73,
    "dma100" : null,
    "dma200" : 80.94,
    "volume" : 741723.00
  }, {
    "date" : "2025-05-22",
    "price" : 93.83,
    "dma50" : 88.93,
    "dma100" : null,
    "dma200" : 81.07,
    "volume" : 99218.00
  }, {
    "date" : "2025-05-23",
    "price" : 98.52,
    "dma50" : 89.30,
    "dma100" : null,
    "dma200" : 81.24,
    "volume" : 613157.00
  }, {
    "date" : "2025-05-26",
    "price" : 98.00,
    "dma50" : 89.65,
    "dma100" : null,
    "dma200" : 81.41,
    "volume" : 273326.00
  }, {
    "date" : "2025-05-27",
    "price" : 97.20,
    "dma50" : 89.94,
    "dma100" : null,
    "dma200" : 81.56,
    "volume" : 135112.00
  }, {
    "date" : "2025-05-28",
    "price" : 101.83,
    "dma50" : 90.41,
    "dma100" : null,
    "dma200" : 81.76,
    "volume" : 309357.00
  }, {
    "date" : "2025-05-29",
    "price" : 106.92,
    "dma50" : 91.06,
    "dma100" : null,
    "dma200" : 82.02,
    "volume" : 198435.00
  }, {
    "date" : "2025-05-30",
    "price" : 110.36,
    "dma50" : 91.81,
    "dma100" : null,
    "dma200" : 82.30,
    "volume" : 274628.00
  }, {
    "date" : "2025-06-02",
    "price" : 110.28,
    "dma50" : 92.54,
    "dma100" : null,
    "dma200" : 82.58,
    "volume" : 228174.00
  }, {
    "date" : "2025-06-03",
    "price" : 107.21,
    "dma50" : 93.11,
    "dma100" : null,
    "dma200" : 82.82,
    "volume" : 97874.00
  }, {
    "date" : "2025-06-04",
    "price" : 112.57,
    "dma50" : 93.87,
    "dma100" : null,
    "dma200" : 83.12,
    "volume" : 75205.00
  }, {
    "date" : "2025-06-05",
    "price" : 118.19,
    "dma50" : 94.83,
    "dma100" : null,
    "dma200" : 83.47,
    "volume" : 103084.00
  }, {
    "date" : "2025-06-06",
    "price" : 126.66,
    "dma50" : 96.08,
    "dma100" : null,
    "dma200" : 83.90,
    "volume" : 576476.00
  }, {
    "date" : "2025-06-09",
    "price" : 125.49,
    "dma50" : 97.23,
    "dma100" : null,
    "dma200" : 84.31,
    "volume" : 449343.00
  }, {
    "date" : "2025-06-10",
    "price" : 123.47,
    "dma50" : 98.26,
    "dma100" : null,
    "dma200" : 84.70,
    "volume" : 302517.00
  }, {
    "date" : "2025-06-11",
    "price" : 128.02,
    "dma50" : 99.43,
    "dma100" : null,
    "dma200" : 85.13,
    "volume" : 229931.00
  }, {
    "date" : "2025-06-12",
    "price" : 121.94,
    "dma50" : 100.31,
    "dma100" : null,
    "dma200" : 85.50,
    "volume" : 118814.00
  }, {
    "date" : "2025-06-13",
    "price" : 125.69,
    "dma50" : 101.30,
    "dma100" : null,
    "dma200" : 85.90,
    "volume" : 232617.00
  }, {
    "date" : "2025-06-16",
    "price" : 125.68,
    "dma50" : 102.26,
    "dma100" : null,
    "dma200" : 86.29,
    "volume" : 96001.00
  }, {
    "date" : "2025-06-17",
    "price" : 132.43,
    "dma50" : 103.44,
    "dma100" : null,
    "dma200" : 86.75,
    "volume" : 297983.00
  }, {
    "date" : "2025-06-18",
    "price" : 137.55,
    "dma50" : 104.78,
    "dma100" : null,
    "dma200" : 87.26,
    "volume" : 511759.00
  }, {
    "date" : "2025-06-19",
    "price" : 131.09,
    "dma50" : 105.81,
    "dma100" : null,
    "dma200" : 87.69,
    "volume" : 270006.00
  }, {
    "date" : "2025-06-20",
    "price" : 128.56,
    "dma50" : 106.70,
    "dma100" : null,
    "dma200" : 88.10,
    "volume" : 83113.00
  }, {
    "date" : "2025-06-23",
    "price" : 129.49,
    "dma50" : 107.60,
    "dma100" : null,
    "dma200" : 88.51,
    "volume" : 246688.00
  }, {
    "date" : "2025-06-24",
    "price" : 129.69,
    "dma50" : 108.46,
    "dma100" : null,
    "dma200" : 88.92,
    "volume" : 95595.00
  }, {
    "date" : "2025-06-25",
    "price" : 135.34,
    "dma50" : 109.52,
    "dma100" : null,
    "dma200" : 89.38,
    "volume" : 174184.00
  }, {
    "date" : "2025-06-26",
    "price" : 129.57,
    "dma50" : 110.30,
    "dma100" : null,
    "dma200" : 89.78,
    "volume" : 185681.00
  }, {
    "date" : "2025-06-27",
    "price" : 131.20,
    "dma50" : 111.12,
    "dma100" : null,
    "dma200" : 90.19,
    "volume" : 80063.00
  }, {
    "date" : "2025-06-30",
    "price" : 133.25,
    "dma50" : 111.99,
    "dma100" : null,
    "dma200" : 90.62,
    "volume" : 87047.00
  }, {
    "date" : "2025-07-01",
    "price" : 133.59,
    "dma50" : 112.84,
    "dma100" : 97.05,
    "dma200" : 91.05,
    "volume" : 296268.00
  }, {
    "date" : "2025-07-02",
    "price" : 134.17,
    "dma50" : 113.68,
    "dma100" : 97.34,
    "dma200" : 91.48,
    "volume" : 153070.00
  }, {
    "date" : "2025-07-03",
    "price" : 131.62,
    "dma50" : 114.38,
    "dma100" : 97.60,
    "dma200" : 91.88,
    "volume" : 76432.00
  }, {
    "date" : "2025-07-04",
    "price" : 139.12,
    "dma50" : 115.35,
    "dma100" : 97.94,
    "dma200" : 92.35,
    "volume" : 393943.00
  }, {
    "date" : "2025-07-07",
    "price" : 139.72,
    "dma50" : 116.31,
    "dma100" : 98.29,
    "dma200" : 92.82,
    "volume" : 178796.00
  }, {
    "date" : "2025-07-08",
    "price" : 134.38,
    "dma50" : 117.01,
    "dma100" : 98.58,
    "dma200" : 93.23,
    "volume" : 165585.00
  }, {
    "date" : "2025-07-09",
    "price" : 136.80,
    "dma50" : 117.79,
    "dma100" : 98.96,
    "dma200" : 93.67,
    "volume" : 125719.00
  }, {
    "date" : "2025-07-10",
    "price" : 134.54,
    "dma50" : 118.45,
    "dma100" : 99.34,
    "dma200" : 94.07,
    "volume" : 66339.00
  }, {
    "date" : "2025-07-11",
    "price" : 132.03,
    "dma50" : 118.98,
    "dma100" : 99.69,
    "dma200" : 94.45,
    "volume" : 102655.00
  }, {
    "date" : "2025-07-14",
    "price" : 129.36,
    "dma50" : 119.39,
    "dma100" : 100.03,
    "dma200" : 94.80,
    "volume" : 73905.00
  }, {
    "date" : "2025-07-15",
    "price" : 131.98,
    "dma50" : 119.88,
    "dma100" : 100.40,
    "dma200" : 95.17,
    "volume" : 96356.00
  }, {
    "date" : "2025-07-16",
    "price" : 145.02,
    "dma50" : 120.87,
    "dma100" : 100.94,
    "dma200" : 95.67,
    "volume" : 695175.00
  }, {
    "date" : "2025-07-17",
    "price" : 143.21,
    "dma50" : 121.74,
    "dma100" : 101.51,
    "dma200" : 96.14,
    "volume" : 733571.00
  }, {
    "date" : "2025-07-18",
    "price" : 141.37,
    "dma50" : 122.51,
    "dma100" : 102.03,
    "dma200" : 96.59,
    "volume" : 196474.00
  }, {
    "date" : "2025-07-21",
    "price" : 143.38,
    "dma50" : 123.33,
    "dma100" : 102.55,
    "dma200" : 97.05,
    "volume" : 586919.00
  }, {
    "date" : "2025-07-22",
    "price" : 142.20,
    "dma50" : 124.07,
    "dma100" : 103.09,
    "dma200" : 97.50,
    "volume" : 556342.00
  }, {
    "date" : "2025-07-23",
    "price" : 156.42,
    "dma50" : 125.34,
    "dma100" : 103.79,
    "dma200" : 98.09,
    "volume" : 262591.00
  }, {
    "date" : "2025-07-24",
    "price" : 166.88,
    "dma50" : 126.97,
    "dma100" : 104.61,
    "dma200" : 98.77,
    "volume" : 2841250.00
  }, {
    "date" : "2025-07-25",
    "price" : 160.54,
    "dma50" : 128.28,
    "dma100" : 105.39,
    "dma200" : 99.39,
    "volume" : 704827.00
  }, {
    "date" : "2025-07-28",
    "price" : 160.29,
    "dma50" : 129.54,
    "dma100" : 106.21,
    "dma200" : 99.99,
    "volume" : 304810.00
  }, {
    "date" : "2025-07-29",
    "price" : 159.92,
    "dma50" : 130.73,
    "dma100" : 107.05,
    "dma200" : 100.59,
    "volume" : 186535.00
  }, {
    "date" : "2025-07-30",
    "price" : 162.22,
    "dma50" : 131.97,
    "dma100" : 107.91,
    "dma200" : 101.20,
    "volume" : 586461.00
  }, {
    "date" : "2025-07-31",
    "price" : 162.58,
    "dma50" : 133.17,
    "dma100" : 108.74,
    "dma200" : 101.81,
    "volume" : 212483.00
  }, {
    "date" : "2025-08-01",
    "price" : 155.54,
    "dma50" : 134.04,
    "dma100" : 109.46,
    "dma200" : 102.35,
    "volume" : 207681.00
  }, {
    "date" : "2025-08-04",
    "price" : 158.24,
    "dma50" : 134.99,
    "dma100" : 110.17,
    "dma200" : 102.91,
    "volume" : 157468.00
  }, {
    "date" : "2025-08-05",
    "price" : 156.11,
    "dma50" : 135.82,
    "dma100" : 110.90,
    "dma200" : 103.43,
    "volume" : 171412.00
  }, {
    "date" : "2025-08-06",
    "price" : 148.82,
    "dma50" : 136.33,
    "dma100" : 111.59,
    "dma200" : 103.89,
    "volume" : 533300.00
  }, {
    "date" : "2025-08-07",
    "price" : 153.12,
    "dma50" : 136.99,
    "dma100" : 112.36,
    "dma200" : 104.38,
    "volume" : 268928.00
  }, {
    "date" : "2025-08-08",
    "price" : 147.12,
    "dma50" : 137.39,
    "dma100" : 113.08,
    "dma200" : 104.80,
    "volume" : 227731.00
  }, {
    "date" : "2025-08-11",
    "price" : 148.28,
    "dma50" : 137.81,
    "dma100" : 113.82,
    "dma200" : 105.23,
    "volume" : 153200.00
  }, {
    "date" : "2025-08-12",
    "price" : 143.21,
    "dma50" : 138.03,
    "dma100" : 114.49,
    "dma200" : 105.61,
    "volume" : 204332.00
  }, {
    "date" : "2025-08-13",
    "price" : 144.51,
    "dma50" : 138.28,
    "dma100" : 115.14,
    "dma200" : 106.00,
    "volume" : 205165.00
  }, {
    "date" : "2025-08-14",
    "price" : 142.91,
    "dma50" : 138.46,
    "dma100" : 115.74,
    "dma200" : 106.37,
    "volume" : 84673.00
  }, {
    "date" : "2025-08-18",
    "price" : 146.13,
    "dma50" : 138.76,
    "dma100" : 116.37,
    "dma200" : 106.76,
    "volume" : 131487.00
  }, {
    "date" : "2025-08-19",
    "price" : 144.48,
    "dma50" : 138.99,
    "dma100" : 117.00,
    "dma200" : 107.14,
    "volume" : 71707.00
  }, {
    "date" : "2025-08-20",
    "price" : 149.81,
    "dma50" : 139.41,
    "dma100" : 117.72,
    "dma200" : 107.56,
    "volume" : 452130.00
  }, {
    "date" : "2025-08-21",
    "price" : 153.53,
    "dma50" : 139.96,
    "dma100" : 118.49,
    "dma200" : 108.02,
    "volume" : 259593.00
  }, {
    "date" : "2025-08-22",
    "price" : 152.19,
    "dma50" : 140.44,
    "dma100" : 119.23,
    "dma200" : 108.46,
    "volume" : 279701.00
  }, {
    "date" : "2025-08-25",
    "price" : 146.53,
    "dma50" : 140.68,
    "dma100" : 119.91,
    "dma200" : 108.84,
    "volume" : 127083.00
  }, {
    "date" : "2025-08-26",
    "price" : 147.31,
    "dma50" : 140.94,
    "dma100" : 120.60,
    "dma200" : 109.22,
    "volume" : 84558.00
  }, {
    "date" : "2025-08-28",
    "price" : 145.95,
    "dma50" : 141.14,
    "dma100" : 121.23,
    "dma200" : 109.59,
    "volume" : 114714.00
  }, {
    "date" : "2025-08-29",
    "price" : 144.68,
    "dma50" : 141.28,
    "dma100" : 121.81,
    "dma200" : 109.94,
    "volume" : 84219.00
  }, {
    "date" : "2025-09-01",
    "price" : 142.54,
    "dma50" : 141.33,
    "dma100" : 122.34,
    "dma200" : 110.26,
    "volume" : 69675.00
  }, {
    "date" : "2025-09-02",
    "price" : 143.88,
    "dma50" : 141.43,
    "dma100" : 122.91,
    "dma200" : 110.59,
    "volume" : 79526.00
  }, {
    "date" : "2025-09-03",
    "price" : 149.93,
    "dma50" : 141.76,
    "dma100" : 123.55,
    "dma200" : 110.99,
    "volume" : 258990.00
  }, {
    "date" : "2025-09-04",
    "price" : 149.56,
    "dma50" : 142.07,
    "dma100" : 124.20,
    "dma200" : 111.37,
    "volume" : 153047.00
  }, {
    "date" : "2025-09-05",
    "price" : 145.71,
    "dma50" : 142.21,
    "dma100" : 124.83,
    "dma200" : 111.71,
    "volume" : 89390.00
  }, {
    "date" : "2025-09-08",
    "price" : 151.26,
    "dma50" : 142.56,
    "dma100" : 125.50,
    "dma200" : 112.10,
    "volume" : 120973.00
  }, {
    "date" : "2025-09-09",
    "price" : 150.03,
    "dma50" : 142.86,
    "dma100" : 126.13,
    "dma200" : 112.48,
    "volume" : 118089.00
  }, {
    "date" : "2025-09-10",
    "price" : 146.13,
    "dma50" : 142.99,
    "dma100" : 126.71,
    "dma200" : 112.82,
    "volume" : 88671.00
  }, {
    "date" : "2025-09-11",
    "price" : 144.23,
    "dma50" : 143.03,
    "dma100" : 127.26,
    "dma200" : 113.13,
    "volume" : 78098.00
  }, {
    "date" : "2025-09-12",
    "price" : 138.77,
    "dma50" : 142.87,
    "dma100" : 127.73,
    "dma200" : 113.38,
    "volume" : 198335.00
  }, {
    "date" : "2025-09-15",
    "price" : 136.94,
    "dma50" : 142.63,
    "dma100" : 128.16,
    "dma200" : 113.62,
    "volume" : 323759.00
  }, {
    "date" : "2025-09-16",
    "price" : 140.57,
    "dma50" : 142.55,
    "dma100" : 128.62,
    "dma200" : 113.89,
    "volume" : 854029.00
  }, {
    "date" : "2025-09-17",
    "price" : 139.25,
    "dma50" : 142.42,
    "dma100" : 129.06,
    "dma200" : 114.14,
    "volume" : 243237.00
  }, {
    "date" : "2025-09-18",
    "price" : 137.76,
    "dma50" : 142.24,
    "dma100" : 129.49,
    "dma200" : 114.37,
    "volume" : 169348.00
  }, {
    "date" : "2025-09-19",
    "price" : 139.20,
    "dma50" : 142.12,
    "dma100" : 129.95,
    "dma200" : 114.62,
    "volume" : 110066.00
  }, {
    "date" : "2025-09-22",
    "price" : 145.45,
    "dma50" : 142.25,
    "dma100" : 130.49,
    "dma200" : 114.93,
    "volume" : 242727.00
  }, {
    "date" : "2025-09-23",
    "price" : 145.51,
    "dma50" : 142.38,
    "dma100" : 131.05,
    "dma200" : 115.23,
    "volume" : 323248.00
  }, {
    "date" : "2025-09-24",
    "price" : 142.39,
    "dma50" : 142.38,
    "dma100" : 131.60,
    "dma200" : 115.50,
    "volume" : 76154.00
  }, {
    "date" : "2025-09-25",
    "price" : 140.04,
    "dma50" : 142.29,
    "dma100" : 132.13,
    "dma200" : 115.75,
    "volume" : 80639.00
  }, {
    "date" : "2025-09-26",
    "price" : 131.78,
    "dma50" : 141.88,
    "dma100" : 132.58,
    "dma200" : 115.91,
    "volume" : 348737.00
  }, {
    "date" : "2025-09-29",
    "price" : 130.95,
    "dma50" : 141.45,
    "dma100" : 133.03,
    "dma200" : 116.06,
    "volume" : 95142.00
  }, {
    "date" : "2025-09-30",
    "price" : 129.79,
    "dma50" : 140.99,
    "dma100" : 133.48,
    "dma200" : 116.19,
    "volume" : 148976.00
  }, {
    "date" : "2025-10-01",
    "price" : 135.26,
    "dma50" : 140.77,
    "dma100" : 133.94,
    "dma200" : 116.38,
    "volume" : 147649.00
  }, {
    "date" : "2025-10-03",
    "price" : 138.89,
    "dma50" : 140.69,
    "dma100" : 134.41,
    "dma200" : 116.61,
    "volume" : 901363.00
  }, {
    "date" : "2025-10-06",
    "price" : 145.82,
    "dma50" : 140.89,
    "dma100" : 134.92,
    "dma200" : 116.90,
    "volume" : 4518053.00
  }, {
    "date" : "2025-10-07",
    "price" : 147.31,
    "dma50" : 141.15,
    "dma100" : 135.49,
    "dma200" : 117.20,
    "volume" : 319855.00
  }, {
    "date" : "2025-10-08",
    "price" : 145.19,
    "dma50" : 141.30,
    "dma100" : 136.02,
    "dma200" : 117.48,
    "volume" : 211439.00
  }, {
    "date" : "2025-10-09",
    "price" : 146.10,
    "dma50" : 141.49,
    "dma100" : 136.59,
    "dma200" : 117.76,
    "volume" : 193523.00
  }, {
    "date" : "2025-10-10",
    "price" : 145.58,
    "dma50" : 141.65,
    "dma100" : 137.15,
    "dma200" : 118.04,
    "volume" : 244060.00
  }, {
    "date" : "2025-10-13",
    "price" : 161.66,
    "dma50" : 142.44,
    "dma100" : 137.87,
    "dma200" : 118.47,
    "volume" : 29345765.00
  }, {
    "date" : "2025-10-14",
    "price" : 157.44,
    "dma50" : 143.03,
    "dma100" : 138.51,
    "dma200" : 118.86,
    "volume" : 8938153.00
  }, {
    "date" : "2025-10-15",
    "price" : 150.83,
    "dma50" : 143.33,
    "dma100" : 139.03,
    "dma200" : 119.18,
    "volume" : 2252467.00
  }, {
    "date" : "2025-10-16",
    "price" : 159.30,
    "dma50" : 143.96,
    "dma100" : 139.65,
    "dma200" : 119.58,
    "volume" : 1893474.00
  }, {
    "date" : "2025-10-17",
    "price" : 154.73,
    "dma50" : 144.38,
    "dma100" : 140.22,
    "dma200" : 119.93,
    "volume" : 923333.00
  }, {
    "date" : "2025-10-20",
    "price" : 153.50,
    "dma50" : 144.74,
    "dma100" : 140.74,
    "dma200" : 120.26,
    "volume" : 274867.00
  }, {
    "date" : "2025-10-21",
    "price" : 155.21,
    "dma50" : 145.15,
    "dma100" : 141.22,
    "dma200" : 120.61,
    "volume" : 429606.00
  }, {
    "date" : "2025-10-23",
    "price" : 155.75,
    "dma50" : 145.56,
    "dma100" : 141.67,
    "dma200" : 120.96,
    "volume" : 648398.00
  }, {
    "date" : "2025-10-24",
    "price" : 172.35,
    "dma50" : 146.61,
    "dma100" : 142.29,
    "dma200" : 121.47,
    "volume" : 4801618.00
  }, {
    "date" : "2025-10-27",
    "price" : 180.31,
    "dma50" : 147.94,
    "dma100" : 143.03,
    "dma200" : 122.06,
    "volume" : 4682520.00
  }, {
    "date" : "2025-10-28",
    "price" : 169.78,
    "dma50" : 148.79,
    "dma100" : 143.60,
    "dma200" : 122.53,
    "volume" : 7343017.00
  }, {
    "date" : "2025-10-29",
    "price" : 161.99,
    "dma50" : 149.31,
    "dma100" : 144.04,
    "dma200" : 122.92,
    "volume" : 1637186.00
  }, {
    "date" : "2025-10-30",
    "price" : 156.31,
    "dma50" : 149.58,
    "dma100" : 144.33,
    "dma200" : 123.26,
    "volume" : 867928.00
  }, {
    "date" : "2025-10-31",
    "price" : 152.50,
    "dma50" : 149.70,
    "dma100" : 144.60,
    "dma200" : 123.55,
    "volume" : 396480.00
  }, {
    "date" : "2025-11-03",
    "price" : 162.94,
    "dma50" : 150.22,
    "dma100" : 145.00,
    "dma200" : 123.94,
    "volume" : 2038840.00
  }, {
    "date" : "2025-11-04",
    "price" : 156.80,
    "dma50" : 150.48,
    "dma100" : 145.29,
    "dma200" : 124.27,
    "volume" : 752118.00
  }, {
    "date" : "2025-11-06",
    "price" : 144.25,
    "dma50" : 150.23,
    "dma100" : 145.51,
    "dma200" : 124.47,
    "volume" : 1554830.00
  }, {
    "date" : "2025-11-07",
    "price" : 146.42,
    "dma50" : 150.08,
    "dma100" : 145.72,
    "dma200" : 124.68,
    "volume" : 710776.00
  }, {
    "date" : "2025-11-10",
    "price" : 143.51,
    "dma50" : 149.82,
    "dma100" : 145.89,
    "dma200" : 124.87,
    "volume" : 482329.00
  }, {
    "date" : "2025-11-11",
    "price" : 141.78,
    "dma50" : 149.51,
    "dma100" : 145.99,
    "dma200" : 125.04,
    "volume" : 273598.00
  }, {
    "date" : "2025-11-12",
    "price" : 143.57,
    "dma50" : 149.28,
    "dma100" : 146.05,
    "dma200" : 125.22,
    "volume" : 423313.00
  }, {
    "date" : "2025-11-13",
    "price" : 140.26,
    "dma50" : 148.92,
    "dma100" : 146.14,
    "dma200" : 125.37,
    "volume" : 204892.00
  }, {
    "date" : "2025-11-14",
    "price" : 140.30,
    "dma50" : 148.58,
    "dma100" : 146.26,
    "dma200" : 125.52,
    "volume" : 182489.00
  }, {
    "date" : "2025-11-17",
    "price" : 140.00,
    "dma50" : 148.25,
    "dma100" : 146.36,
    "dma200" : 125.67,
    "volume" : 203265.00
  }, {
    "date" : "2025-11-18",
    "price" : 141.92,
    "dma50" : 148.00,
    "dma100" : 146.48,
    "dma200" : 125.83,
    "volume" : 209583.00
  }, {
    "date" : "2025-11-19",
    "price" : 138.29,
    "dma50" : 147.62,
    "dma100" : 146.51,
    "dma200" : 125.95,
    "volume" : 134427.00
  }, {
    "date" : "2025-11-20",
    "price" : 138.76,
    "dma50" : 147.27,
    "dma100" : 146.61,
    "dma200" : 126.08,
    "volume" : 173473.00
  }, {
    "date" : "2025-11-21",
    "price" : 136.92,
    "dma50" : 146.87,
    "dma100" : 146.66,
    "dma200" : 126.19,
    "volume" : 129147.00
  }, {
    "date" : "2025-11-24",
    "price" : 132.47,
    "dma50" : 146.30,
    "dma100" : 146.65,
    "dma200" : 126.25,
    "volume" : 209139.00
  }, {
    "date" : "2025-11-25",
    "price" : 133.99,
    "dma50" : 145.82,
    "dma100" : 146.66,
    "dma200" : 126.33,
    "volume" : 222162.00
  }, {
    "date" : "2025-11-26",
    "price" : 141.45,
    "dma50" : 145.65,
    "dma100" : 146.73,
    "dma200" : 126.48,
    "volume" : 658307.00
  }, {
    "date" : "2025-11-27",
    "price" : 143.86,
    "dma50" : 145.58,
    "dma100" : 146.85,
    "dma200" : 126.65,
    "volume" : 252134.00
  }, {
    "date" : "2025-11-28",
    "price" : 145.64,
    "dma50" : 145.58,
    "dma100" : 146.92,
    "dma200" : 126.84,
    "volume" : 249305.00
  }, {
    "date" : "2025-12-01",
    "price" : 143.05,
    "dma50" : 145.48,
    "dma100" : 146.95,
    "dma200" : 127.00,
    "volume" : 130089.00
  }, {
    "date" : "2025-12-02",
    "price" : 141.16,
    "dma50" : 145.31,
    "dma100" : 147.02,
    "dma200" : 127.14,
    "volume" : 84141.00
  }, {
    "date" : "2025-12-03",
    "price" : 140.51,
    "dma50" : 145.12,
    "dma100" : 147.06,
    "dma200" : 127.27,
    "volume" : 63178.00
  }, {
    "date" : "2025-12-04",
    "price" : 140.44,
    "dma50" : 144.94,
    "dma100" : 147.12,
    "dma200" : 127.41,
    "volume" : 80756.00
  }, {
    "date" : "2025-12-05",
    "price" : 137.40,
    "dma50" : 144.64,
    "dma100" : 147.17,
    "dma200" : 127.50,
    "volume" : 111608.00
  }, {
    "date" : "2025-12-08",
    "price" : 132.57,
    "dma50" : 144.17,
    "dma100" : 147.20,
    "dma200" : 127.56,
    "volume" : 189208.00
  }, {
    "date" : "2025-12-09",
    "price" : 136.46,
    "dma50" : 143.87,
    "dma100" : 147.25,
    "dma200" : 127.64,
    "volume" : 271917.00
  }, {
    "date" : "2025-12-10",
    "price" : 137.69,
    "dma50" : 143.63,
    "dma100" : 147.17,
    "dma200" : 127.74,
    "volume" : 109213.00
  }, {
    "date" : "2025-12-11",
    "price" : 137.12,
    "dma50" : 143.37,
    "dma100" : 147.11,
    "dma200" : 127.84,
    "volume" : 48903.00
  }, {
    "date" : "2025-12-12",
    "price" : 135.63,
    "dma50" : 143.07,
    "dma100" : 147.06,
    "dma200" : 127.91,
    "volume" : 67793.00
  }, {
    "date" : "2025-12-15",
    "price" : 134.97,
    "dma50" : 142.75,
    "dma100" : 146.97,
    "dma200" : 127.98,
    "volume" : 121812.00
  }, {
    "date" : "2025-12-16",
    "price" : 133.65,
    "dma50" : 142.39,
    "dma100" : 146.89,
    "dma200" : 128.04,
    "volume" : 56199.00
  }, {
    "date" : "2025-12-17",
    "price" : 131.99,
    "dma50" : 141.98,
    "dma100" : 146.64,
    "dma200" : 128.08,
    "volume" : 128383.00
  }, {
    "date" : "2025-12-18",
    "price" : 128.94,
    "dma50" : 141.47,
    "dma100" : 146.26,
    "dma200" : 128.09,
    "volume" : 129762.00
  }, {
    "date" : "2025-12-19",
    "price" : 132.80,
    "dma50" : 141.13,
    "dma100" : 145.98,
    "dma200" : 128.14,
    "volume" : 432504.00
  }, {
    "date" : "2025-12-22",
    "price" : 131.91,
    "dma50" : 140.77,
    "dma100" : 145.70,
    "dma200" : 128.17,
    "volume" : 93056.00
  }, {
    "date" : "2025-12-23",
    "price" : 130.89,
    "dma50" : 140.38,
    "dma100" : 145.41,
    "dma200" : 128.20,
    "volume" : 84210.00
  }, {
    "date" : "2025-12-24",
    "price" : 132.47,
    "dma50" : 140.07,
    "dma100" : 145.11,
    "dma200" : 128.24,
    "volume" : 70785.00
  }, {
    "date" : "2025-12-26",
    "price" : 130.68,
    "dma50" : 139.70,
    "dma100" : 144.79,
    "dma200" : 128.27,
    "volume" : 88851.00
  }, {
    "date" : "2025-12-29",
    "price" : 136.71,
    "dma50" : 139.59,
    "dma100" : 144.61,
    "dma200" : 128.35,
    "volume" : 596719.00
  }, {
    "date" : "2025-12-30",
    "price" : 132.07,
    "dma50" : 139.29,
    "dma100" : 144.34,
    "dma200" : 128.39,
    "volume" : 215332.00
  }, {
    "date" : "2025-12-31",
    "price" : 131.70,
    "dma50" : 138.99,
    "dma100" : 144.10,
    "dma200" : 128.42,
    "volume" : 80778.00
  }, {
    "date" : "2026-01-01",
    "price" : 132.58,
    "dma50" : 138.74,
    "dma100" : 143.94,
    "dma200" : 128.46,
    "volume" : 462901.00
  }, {
    "date" : "2026-01-02",
    "price" : 131.49,
    "dma50" : 138.46,
    "dma100" : 143.72,
    "dma200" : 128.49,
    "volume" : 136658.00
  }, {
    "date" : "2026-01-05",
    "price" : 132.14,
    "dma50" : 138.21,
    "dma100" : 143.57,
    "dma200" : 128.53,
    "volume" : 249979.00
  }, {
    "date" : "2026-01-06",
    "price" : 130.34,
    "dma50" : 137.90,
    "dma100" : 143.39,
    "dma200" : 128.55,
    "volume" : 247894.00
  }, {
    "date" : "2026-01-07",
    "price" : 131.61,
    "dma50" : 137.66,
    "dma100" : 143.28,
    "dma200" : 128.58,
    "volume" : 286823.00
  }, {
    "date" : "2026-01-08",
    "price" : 131.26,
    "dma50" : 137.40,
    "dma100" : 143.14,
    "dma200" : 128.60,
    "volume" : 169491.00
  }, {
    "date" : "2026-01-09",
    "price" : 128.59,
    "dma50" : 137.06,
    "dma100" : 143.00,
    "dma200" : 128.60,
    "volume" : 461095.00
  }, {
    "date" : "2026-01-12",
    "price" : 127.87,
    "dma50" : 136.70,
    "dma100" : 142.82,
    "dma200" : 128.60,
    "volume" : 169337.00
  }, {
    "date" : "2026-01-13",
    "price" : 128.45,
    "dma50" : 136.38,
    "dma100" : 142.66,
    "dma200" : 128.60,
    "volume" : 86984.00
  }, {
    "date" : "2026-01-14",
    "price" : 133.68,
    "dma50" : 136.27,
    "dma100" : 142.50,
    "dma200" : 128.65,
    "volume" : 418341.00
  }, {
    "date" : "2026-01-16",
    "price" : 132.01,
    "dma50" : 136.10,
    "dma100" : 142.28,
    "dma200" : 128.68,
    "volume" : 67157.00
  }, {
    "date" : "2026-01-19",
    "price" : 130.95,
    "dma50" : 135.90,
    "dma100" : 142.07,
    "dma200" : 128.70,
    "volume" : 82758.00
  }, {
    "date" : "2026-01-20",
    "price" : 126.80,
    "dma50" : 135.54,
    "dma100" : 141.87,
    "dma200" : 128.68,
    "volume" : 994219.00
  }, {
    "date" : "2026-01-21",
    "price" : 125.60,
    "dma50" : 135.15,
    "dma100" : 141.65,
    "dma200" : 128.65,
    "volume" : 156585.00
  }, {
    "date" : "2026-01-22",
    "price" : 129.18,
    "dma50" : 134.92,
    "dma100" : 141.49,
    "dma200" : 128.66,
    "volume" : 169661.00
  }, {
    "date" : "2026-01-23",
    "price" : 126.83,
    "dma50" : 134.60,
    "dma100" : 141.31,
    "dma200" : 128.64,
    "volume" : 87175.00
  }, {
    "date" : "2026-01-27",
    "price" : 125.92,
    "dma50" : 134.26,
    "dma100" : 141.14,
    "dma200" : 128.61,
    "volume" : 164881.00
  }, {
    "date" : "2026-01-28",
    "price" : 128.64,
    "dma50" : 134.04,
    "dma100" : 140.99,
    "dma200" : 128.61,
    "volume" : 54718.00
  }, {
    "date" : "2026-01-29",
    "price" : 127.13,
    "dma50" : 133.77,
    "dma100" : 140.76,
    "dma200" : 128.60,
    "volume" : 106244.00
  }, {
    "date" : "2026-01-30",
    "price" : 127.53,
    "dma50" : 133.53,
    "dma100" : 140.54,
    "dma200" : 128.59,
    "volume" : 63616.00
  } ],
  "latestTechnicalAttributes" : {
    "date" : "2026-01-30",
    "price" : 127.53,
    "dma50" : 133.53,
    "dma100" : 140.54,
    "dma200" : 128.59,
    "volume" : 63616.00
  },
  "quarterlyResults" : [ {
    "date" : "2014-03-31",
    "sales" : 95.21,
    "salesGrowthYoY" : null,
    "grossProfitMargin" : 19.06,
    "grossProfit" : 18.15,
    "operatingProfitMargin" : 5.12,
    "operatingProfit" : 4.87,
    "netProfitMargin" : 0.78,
    "netProfit" : 0.74
  }, {
    "date" : "2014-06-30",
    "sales" : 58.98,
    "salesGrowthYoY" : null,
    "grossProfitMargin" : 21.53,
    "grossProfit" : 12.70,
    "operatingProfitMargin" : 5.24,
    "operatingProfit" : 3.09,
    "netProfitMargin" : -1.90,
    "netProfit" : -1.12
  }, {
    "date" : "2014-09-30",
    "sales" : 47.44,
    "salesGrowthYoY" : null,
    "grossProfitMargin" : 24.22,
    "grossProfit" : 11.49,
    "operatingProfitMargin" : 2.63,
    "operatingProfit" : 1.25,
    "netProfitMargin" : -3.04,
    "netProfit" : -1.44
  }, {
    "date" : "2014-12-31",
    "sales" : 47.86,
    "salesGrowthYoY" : null,
    "grossProfitMargin" : 25.18,
    "grossProfit" : 12.05,
    "operatingProfitMargin" : 1.71,
    "operatingProfit" : 0.82,
    "netProfitMargin" : -9.55,
    "netProfit" : -4.57
  }, {
    "date" : "2015-03-31",
    "sales" : 60.98,
    "salesGrowthYoY" : -35.95,
    "grossProfitMargin" : 24.25,
    "grossProfit" : 14.79,
    "operatingProfitMargin" : 3.74,
    "operatingProfit" : 2.28,
    "netProfitMargin" : -0.41,
    "netProfit" : -0.25
  }, {
    "date" : "2015-06-30",
    "sales" : 50.71,
    "salesGrowthYoY" : -14.02,
    "grossProfitMargin" : 24.39,
    "grossProfit" : 12.37,
    "operatingProfitMargin" : 1.91,
    "operatingProfit" : 0.97,
    "netProfitMargin" : 0.06,
    "netProfit" : 0.03
  }, {
    "date" : "2015-09-30",
    "sales" : 54.91,
    "salesGrowthYoY" : 15.75,
    "grossProfitMargin" : 23.06,
    "grossProfit" : 12.66,
    "operatingProfitMargin" : 3.33,
    "operatingProfit" : 1.83,
    "netProfitMargin" : -0.25,
    "netProfit" : -0.14
  }, {
    "date" : "2015-12-31",
    "sales" : 48.39,
    "salesGrowthYoY" : 1.11,
    "grossProfitMargin" : 16.80,
    "grossProfit" : 8.13,
    "operatingProfitMargin" : -3.24,
    "operatingProfit" : -1.57,
    "netProfitMargin" : 1.67,
    "netProfit" : 0.81
  }, {
    "date" : "2016-03-31",
    "sales" : 70.00,
    "salesGrowthYoY" : 14.79,
    "grossProfitMargin" : 26.49,
    "grossProfit" : 18.54,
    "operatingProfitMargin" : 15.84,
    "operatingProfit" : 11.09,
    "netProfitMargin" : 3.17,
    "netProfit" : 2.22
  }, {
    "date" : "2016-06-30",
    "sales" : 60.07,
    "salesGrowthYoY" : 18.46,
    "grossProfitMargin" : 25.25,
    "grossProfit" : 15.17,
    "operatingProfitMargin" : 5.01,
    "operatingProfit" : 3.01,
    "netProfitMargin" : 0.58,
    "netProfit" : 0.35
  }, {
    "date" : "2016-09-30",
    "sales" : 62.81,
    "salesGrowthYoY" : 14.39,
    "grossProfitMargin" : 21.27,
    "grossProfit" : 13.36,
    "operatingProfitMargin" : 4.78,
    "operatingProfit" : 3.00,
    "netProfitMargin" : -0.54,
    "netProfit" : -0.34
  }, {
    "date" : "2016-12-31",
    "sales" : 74.74,
    "salesGrowthYoY" : 54.45,
    "grossProfitMargin" : 20.04,
    "grossProfit" : 14.98,
    "operatingProfitMargin" : 4.82,
    "operatingProfit" : 3.60,
    "netProfitMargin" : -0.35,
    "netProfit" : -0.26
  }, {
    "date" : "2017-03-31",
    "sales" : 57.31,
    "salesGrowthYoY" : -18.13,
    "grossProfitMargin" : 25.60,
    "grossProfit" : 14.67,
    "operatingProfitMargin" : 6.28,
    "operatingProfit" : 3.60,
    "netProfitMargin" : 0.92,
    "netProfit" : 0.53
  }, {
    "date" : "2017-06-30",
    "sales" : 55.31,
    "salesGrowthYoY" : -7.92,
    "grossProfitMargin" : 24.73,
    "grossProfit" : 13.68,
    "operatingProfitMargin" : 4.72,
    "operatingProfit" : 2.61,
    "netProfitMargin" : 0.43,
    "netProfit" : 0.24
  }, {
    "date" : "2017-09-30",
    "sales" : 59.36,
    "salesGrowthYoY" : -5.49,
    "grossProfitMargin" : 24.78,
    "grossProfit" : 14.71,
    "operatingProfitMargin" : 6.32,
    "operatingProfit" : 3.75,
    "netProfitMargin" : 0.45,
    "netProfit" : 0.27
  }, {
    "date" : "2017-12-31",
    "sales" : 53.24,
    "salesGrowthYoY" : -28.77,
    "grossProfitMargin" : 27.31,
    "grossProfit" : 14.54,
    "operatingProfitMargin" : 5.67,
    "operatingProfit" : 3.02,
    "netProfitMargin" : 0.11,
    "netProfit" : 0.06
  }, {
    "date" : "2018-03-31",
    "sales" : 61.54,
    "salesGrowthYoY" : 7.38,
    "grossProfitMargin" : 29.14,
    "grossProfit" : 17.93,
    "operatingProfitMargin" : 9.77,
    "operatingProfit" : 6.01,
    "netProfitMargin" : 3.57,
    "netProfit" : 2.20
  }, {
    "date" : "2018-06-30",
    "sales" : 70.23,
    "salesGrowthYoY" : 26.98,
    "grossProfitMargin" : 25.77,
    "grossProfit" : 18.10,
    "operatingProfitMargin" : 6.69,
    "operatingProfit" : 4.70,
    "netProfitMargin" : 0.23,
    "netProfit" : 0.16
  }, {
    "date" : "2018-09-30",
    "sales" : 67.18,
    "salesGrowthYoY" : 13.17,
    "grossProfitMargin" : 27.27,
    "grossProfit" : 18.32,
    "operatingProfitMargin" : 5.64,
    "operatingProfit" : 3.79,
    "netProfitMargin" : -4.23,
    "netProfit" : -2.84
  }, {
    "date" : "2018-12-31",
    "sales" : 55.89,
    "salesGrowthYoY" : 4.98,
    "grossProfitMargin" : 32.55,
    "grossProfit" : 18.19,
    "operatingProfitMargin" : 11.42,
    "operatingProfit" : 6.38,
    "netProfitMargin" : 0.39,
    "netProfit" : 0.22
  }, {
    "date" : "2019-03-31",
    "sales" : 57.74,
    "salesGrowthYoY" : -6.17,
    "grossProfitMargin" : 36.79,
    "grossProfit" : 21.24,
    "operatingProfitMargin" : 13.91,
    "operatingProfit" : 8.03,
    "netProfitMargin" : 4.75,
    "netProfit" : 2.74
  }, {
    "date" : "2019-06-30",
    "sales" : 51.98,
    "salesGrowthYoY" : -25.99,
    "grossProfitMargin" : 34.71,
    "grossProfit" : 18.04,
    "operatingProfitMargin" : 12.25,
    "operatingProfit" : 6.37,
    "netProfitMargin" : 4.39,
    "netProfit" : 2.28
  }, {
    "date" : "2019-09-30",
    "sales" : 56.90,
    "salesGrowthYoY" : -15.30,
    "grossProfitMargin" : 31.46,
    "grossProfit" : 17.90,
    "operatingProfitMargin" : 11.79,
    "operatingProfit" : 6.71,
    "netProfitMargin" : 0.16,
    "netProfit" : 0.09
  }, {
    "date" : "2019-12-31",
    "sales" : 70.66,
    "salesGrowthYoY" : 26.43,
    "grossProfitMargin" : 29.52,
    "grossProfit" : 20.86,
    "operatingProfitMargin" : 9.54,
    "operatingProfit" : 6.74,
    "netProfitMargin" : 0.51,
    "netProfit" : 0.36
  }, {
    "date" : "2020-03-31",
    "sales" : 66.31,
    "salesGrowthYoY" : 14.84,
    "grossProfitMargin" : 29.42,
    "grossProfit" : 19.51,
    "operatingProfitMargin" : 10.41,
    "operatingProfit" : 6.90,
    "netProfitMargin" : 3.24,
    "netProfit" : 2.15
  }, {
    "date" : "2020-06-30",
    "sales" : 64.95,
    "salesGrowthYoY" : 24.95,
    "grossProfitMargin" : 25.51,
    "grossProfit" : 16.57,
    "operatingProfitMargin" : 10.15,
    "operatingProfit" : 6.59,
    "netProfitMargin" : 1.52,
    "netProfit" : 0.99
  }, {
    "date" : "2020-09-30",
    "sales" : 107.23,
    "salesGrowthYoY" : 88.45,
    "grossProfitMargin" : 21.56,
    "grossProfit" : 23.12,
    "operatingProfitMargin" : 6.87,
    "operatingProfit" : 7.37,
    "netProfitMargin" : 1.43,
    "netProfit" : 1.53
  }, {
    "date" : "2020-12-31",
    "sales" : 131.56,
    "salesGrowthYoY" : 86.19,
    "grossProfitMargin" : 21.72,
    "grossProfit" : 28.57,
    "operatingProfitMargin" : 6.80,
    "operatingProfit" : 8.95,
    "netProfitMargin" : 1.84,
    "netProfit" : 2.42
  }, {
    "date" : "2021-03-31",
    "sales" : 142.05,
    "salesGrowthYoY" : 114.22,
    "grossProfitMargin" : 26.34,
    "grossProfit" : 37.42,
    "operatingProfitMargin" : 7.42,
    "operatingProfit" : 10.54,
    "netProfitMargin" : 1.07,
    "netProfit" : 1.52
  }, {
    "date" : "2021-06-30",
    "sales" : 155.47,
    "salesGrowthYoY" : 139.37,
    "grossProfitMargin" : 23.12,
    "grossProfit" : 35.94,
    "operatingProfitMargin" : 4.68,
    "operatingProfit" : 7.28,
    "netProfitMargin" : 1.11,
    "netProfit" : 1.73
  }, {
    "date" : "2021-09-30",
    "sales" : 214.63,
    "salesGrowthYoY" : 100.16,
    "grossProfitMargin" : 26.37,
    "grossProfit" : 56.60,
    "operatingProfitMargin" : 4.12,
    "operatingProfit" : 8.84,
    "netProfitMargin" : 1.26,
    "netProfit" : 2.70
  }, {
    "date" : "2021-12-31",
    "sales" : 97.68,
    "salesGrowthYoY" : -25.75,
    "grossProfitMargin" : 27.35,
    "grossProfit" : 26.72,
    "operatingProfitMargin" : 6.59,
    "operatingProfit" : 6.44,
    "netProfitMargin" : 0.80,
    "netProfit" : 0.78
  }, {
    "date" : "2022-03-31",
    "sales" : 179.96,
    "salesGrowthYoY" : 26.69,
    "grossProfitMargin" : 24.96,
    "grossProfit" : 44.92,
    "operatingProfitMargin" : 6.88,
    "operatingProfit" : 12.38,
    "netProfitMargin" : 2.08,
    "netProfit" : 3.74
  }, {
    "date" : "2022-06-30",
    "sales" : 139.25,
    "salesGrowthYoY" : -10.43,
    "grossProfitMargin" : 25.52,
    "grossProfit" : 35.54,
    "operatingProfitMargin" : 5.20,
    "operatingProfit" : 7.24,
    "netProfitMargin" : 0.57,
    "netProfit" : 0.79
  }, {
    "date" : "2022-09-30",
    "sales" : 148.60,
    "salesGrowthYoY" : -30.76,
    "grossProfitMargin" : 20.06,
    "grossProfit" : 29.81,
    "operatingProfitMargin" : 5.07,
    "operatingProfit" : 7.53,
    "netProfitMargin" : 0.61,
    "netProfit" : 0.91
  }, {
    "date" : "2022-12-31",
    "sales" : 176.92,
    "salesGrowthYoY" : 81.12,
    "grossProfitMargin" : 19.60,
    "grossProfit" : 34.68,
    "operatingProfitMargin" : 5.05,
    "operatingProfit" : 8.93,
    "netProfitMargin" : 0.14,
    "netProfit" : 0.25
  }, {
    "date" : "2023-03-31",
    "sales" : 186.84,
    "salesGrowthYoY" : 3.82,
    "grossProfitMargin" : 19.10,
    "grossProfit" : 35.69,
    "operatingProfitMargin" : 4.90,
    "operatingProfit" : 9.16,
    "netProfitMargin" : 1.65,
    "netProfit" : 3.08
  }, {
    "date" : "2023-06-30",
    "sales" : 171.70,
    "salesGrowthYoY" : 23.30,
    "grossProfitMargin" : 17.41,
    "grossProfit" : 29.89,
    "operatingProfitMargin" : 4.36,
    "operatingProfit" : 7.49,
    "netProfitMargin" : 0.11,
    "netProfit" : 0.19
  }, {
    "date" : "2023-09-30",
    "sales" : 194.46,
    "salesGrowthYoY" : 30.86,
    "grossProfitMargin" : 20.84,
    "grossProfit" : 40.53,
    "operatingProfitMargin" : 6.40,
    "operatingProfit" : 12.45,
    "netProfitMargin" : 1.07,
    "netProfit" : 2.08
  }, {
    "date" : "2023-12-31",
    "sales" : 190.91,
    "salesGrowthYoY" : 7.91,
    "grossProfitMargin" : 18.09,
    "grossProfit" : 34.54,
    "operatingProfitMargin" : 6.49,
    "operatingProfit" : 12.39,
    "netProfitMargin" : 2.15,
    "netProfit" : 4.10
  }, {
    "date" : "2024-03-31",
    "sales" : 182.55,
    "salesGrowthYoY" : -2.30,
    "grossProfitMargin" : 22.67,
    "grossProfit" : 41.38,
    "operatingProfitMargin" : 8.45,
    "operatingProfit" : 15.43,
    "netProfitMargin" : 2.88,
    "netProfit" : 5.26
  }, {
    "date" : "2024-06-30",
    "sales" : 193.78,
    "salesGrowthYoY" : 12.86,
    "grossProfitMargin" : 25.60,
    "grossProfit" : 49.61,
    "operatingProfitMargin" : 6.81,
    "operatingProfit" : 13.20,
    "netProfitMargin" : 1.57,
    "netProfit" : 3.04
  }, {
    "date" : "2024-09-30",
    "sales" : 174.91,
    "salesGrowthYoY" : -10.05,
    "grossProfitMargin" : 19.36,
    "grossProfit" : 33.86,
    "operatingProfitMargin" : 6.25,
    "operatingProfit" : 10.93,
    "netProfitMargin" : 0.90,
    "netProfit" : 1.57
  }, {
    "date" : "2024-12-31",
    "sales" : 205.05,
    "salesGrowthYoY" : 7.41,
    "grossProfitMargin" : 19.94,
    "grossProfit" : 40.89,
    "operatingProfitMargin" : 7.06,
    "operatingProfit" : 14.48,
    "netProfitMargin" : 2.48,
    "netProfit" : 5.09
  }, {
    "date" : "2025-03-31",
    "sales" : 207.89,
    "salesGrowthYoY" : 13.88,
    "grossProfitMargin" : 21.73,
    "grossProfit" : 45.17,
    "operatingProfitMargin" : 7.29,
    "operatingProfit" : 15.16,
    "netProfitMargin" : 2.45,
    "netProfit" : 5.09
  }, {
    "date" : "2025-06-30",
    "sales" : 249.78,
    "salesGrowthYoY" : 28.90,
    "grossProfitMargin" : 25.27,
    "grossProfit" : 63.12,
    "operatingProfitMargin" : 9.81,
    "operatingProfit" : 24.50,
    "netProfitMargin" : 5.64,
    "netProfit" : 14.09
  }, {
    "date" : "2025-09-30",
    "sales" : 220.33,
    "salesGrowthYoY" : 25.97,
    "grossProfitMargin" : 31.49,
    "grossProfit" : 69.38,
    "operatingProfitMargin" : 11.84,
    "operatingProfit" : 26.09,
    "netProfitMargin" : 6.36,
    "netProfit" : 14.01
  } ],
  "latestQuarterlyResult" : {
    "date" : "2025-09-30",
    "sales" : 220.33,
    "salesGrowthYoY" : 25.97,
    "grossProfitMargin" : 31.49,
    "grossProfit" : 69.38,
    "operatingProfitMargin" : 11.84,
    "operatingProfit" : 26.09,
    "netProfitMargin" : 6.36,
    "netProfit" : 14.01
  },
  "companyScore" : {
    "priceHigherThanDma50" : 0.00,
    "priceHigherThanDma100" : 0.00,
    "priceHigherThanDma200" : 0.00,
    "dma50HigherThanDma100" : 0.00,
    "dma50HigherThanDma200" : 5.00,
    "dma100HigherThanDma200" : 5.00,
    "pricePercentageAboveDma50" : 5.22,
    "pricePercentageAboveDma100" : 5.46,
    "pricePercentageAboveDma200" : 5.04,
    "weeklyVolumeHigherThanYearlyVolume" : 0.00,
    "salesGrowthPercentile" : 14.42,
    "operatingProfitMarginPercentile" : 18.72,
    "netProfitMarginPercentile" : 10.00,
    "totalTechnicalScore" : 25.73,
    "totalFundamentalScore" : 43.14,
    "totalScore" : 68.87
  }
}