{
  "metadata" : {
    "screenerCompanyId" : "2023",
    "companyCode" : "MARUTI",
    "companyName" : "Maruti Suzuki",
    "screenerCompanyLink" : "https://www.screener.in/company/MARUTI/consolidated/",
    "screenerTechnicalHistoryLink" : "https://www.screener.in/api/company/2023/chart/?q=Price-DMA50-DMA200-Volume&days=365",
    "screenerQuarterlyResultsLink" : "https://www.screener.in/api/company/2023/chart/?q=GPM-OPM-NPM-Quarter+Sales&days=10000",
    "attributes" : {
      "companyCode" : "MARUTI",
      "companyName" : "Maruti Suzuki",
      "marketCap" : 468458.00,
      "peRatio" : 31.40,
      "description" : "The Company was established in 1981. A joint venture agreement was signed between the Government of India and Suzuki Motor Corporation (SMC), Japan in 1982. The Company became a subsidiary of SMC in 2002.It is the market leader in passenger vehicle segment in India. In terms of production volume and sales, the Company is now SMC’s largest subsidiary. SMC currently holds 56.28% of its equity stake. The principal activities of the Company are manufacturing, purchase and sale of motor vehicles, components and spare parts."
    },
    "companyScore" : {
      "priceHigherThanDma50" : 0.00,
      "priceHigherThanDma100" : 0.00,
      "priceHigherThanDma200" : 5.00,
      "dma50HigherThanDma100" : 0.00,
      "dma50HigherThanDma200" : 5.00,
      "dma100HigherThanDma200" : 5.00,
      "pricePercentageAboveDma50" : 5.21,
      "pricePercentageAboveDma100" : 5.33,
      "pricePercentageAboveDma200" : 4.96,
      "weeklyVolumeHigherThanYearlyVolume" : 0.00,
      "salesGrowthPercentile" : 16.75,
      "operatingProfitMarginPercentile" : 16.94,
      "netProfitMarginPercentile" : 7.01,
      "totalTechnicalScore" : 30.50,
      "totalFundamentalScore" : 40.70,
      "totalScore" : 71.19
    }
  },
  "attributes" : {
    "companyCode" : "MARUTI",
    "companyName" : "Maruti Suzuki",
    "marketCap" : 468458.00,
    "peRatio" : 31.40,
    "description" : "The Company was established in 1981. A joint venture agreement was signed between the Government of India and Suzuki Motor Corporation (SMC), Japan in 1982. The Company became a subsidiary of SMC in 2002.It is the market leader in passenger vehicle segment in India. In terms of production volume and sales, the Company is now SMC’s largest subsidiary. SMC currently holds 56.28% of its equity stake. The principal activities of the Company are manufacturing, purchase and sale of motor vehicles, components and spare parts."
  },
  "technicalHistory" : [ {
    "date" : "2025-02-20",
    "price" : 12440.65,
    "dma50" : 12189.72,
    "dma100" : null,
    "dma200" : 11868.97,
    "volume" : 430368.00
  }, {
    "date" : "2025-02-21",
    "price" : 12323.45,
    "dma50" : 12194.97,
    "dma100" : null,
    "dma200" : 11873.49,
    "volume" : 485383.00
  }, {
    "date" : "2025-02-24",
    "price" : 12345.20,
    "dma50" : 12200.86,
    "dma100" : null,
    "dma200" : 11878.19,
    "volume" : 404018.00
  }, {
    "date" : "2025-02-25",
    "price" : 12476.35,
    "dma50" : 12211.66,
    "dma100" : null,
    "dma200" : 11884.14,
    "volume" : 377577.00
  }, {
    "date" : "2025-02-27",
    "price" : 12380.60,
    "dma50" : 12218.29,
    "dma100" : null,
    "dma200" : 11889.08,
    "volume" : 240418.00
  }, {
    "date" : "2025-02-28",
    "price" : 11945.85,
    "dma50" : 12207.60,
    "dma100" : null,
    "dma200" : 11889.65,
    "volume" : 617629.00
  }, {
    "date" : "2025-03-03",
    "price" : 11775.60,
    "dma50" : 12190.66,
    "dma100" : null,
    "dma200" : 11888.51,
    "volume" : 193459.00
  }, {
    "date" : "2025-03-04",
    "price" : 11616.25,
    "dma50" : 12168.13,
    "dma100" : null,
    "dma200" : 11885.80,
    "volume" : 260201.00
  }, {
    "date" : "2025-03-05",
    "price" : 11617.35,
    "dma50" : 12146.54,
    "dma100" : null,
    "dma200" : 11883.13,
    "volume" : 354171.00
  }, {
    "date" : "2025-03-06",
    "price" : 11666.40,
    "dma50" : 12127.71,
    "dma100" : null,
    "dma200" : 11880.97,
    "volume" : 319150.00
  }, {
    "date" : "2025-03-07",
    "price" : 11664.15,
    "dma50" : 12109.53,
    "dma100" : null,
    "dma200" : 11878.82,
    "volume" : 262780.00
  }, {
    "date" : "2025-03-10",
    "price" : 11586.05,
    "dma50" : 12089.00,
    "dma100" : null,
    "dma200" : 11875.90,
    "volume" : 157379.00
  }, {
    "date" : "2025-03-11",
    "price" : 11646.95,
    "dma50" : 12071.66,
    "dma100" : null,
    "dma200" : 11873.62,
    "volume" : 252755.00
  }, {
    "date" : "2025-03-12",
    "price" : 11640.10,
    "dma50" : 12054.74,
    "dma100" : null,
    "dma200" : 11871.30,
    "volume" : 273496.00
  }, {
    "date" : "2025-03-13",
    "price" : 11513.80,
    "dma50" : 12033.53,
    "dma100" : null,
    "dma200" : 11867.74,
    "volume" : 268386.00
  }, {
    "date" : "2025-03-17",
    "price" : 11553.70,
    "dma50" : 12014.71,
    "dma100" : null,
    "dma200" : 11864.62,
    "volume" : 283762.00
  }, {
    "date" : "2025-03-18",
    "price" : 11714.55,
    "dma50" : 12002.94,
    "dma100" : null,
    "dma200" : 11863.13,
    "volume" : 383247.00
  }, {
    "date" : "2025-03-19",
    "price" : 11615.55,
    "dma50" : 11987.75,
    "dma100" : null,
    "dma200" : 11860.66,
    "volume" : 489033.00
  }, {
    "date" : "2025-03-20",
    "price" : 11730.20,
    "dma50" : 11977.65,
    "dma100" : null,
    "dma200" : 11859.36,
    "volume" : 391104.00
  }, {
    "date" : "2025-03-21",
    "price" : 11732.80,
    "dma50" : 11968.05,
    "dma100" : null,
    "dma200" : 11858.11,
    "volume" : 587967.00
  }, {
    "date" : "2025-03-24",
    "price" : 11922.25,
    "dma50" : 11966.25,
    "dma100" : null,
    "dma200" : 11858.74,
    "volume" : 383855.00
  }, {
    "date" : "2025-03-25",
    "price" : 11868.90,
    "dma50" : 11962.43,
    "dma100" : null,
    "dma200" : 11858.84,
    "volume" : 525238.00
  }, {
    "date" : "2025-03-26",
    "price" : 11734.30,
    "dma50" : 11953.49,
    "dma100" : null,
    "dma200" : 11857.61,
    "volume" : 495013.00
  }, {
    "date" : "2025-03-27",
    "price" : 11721.95,
    "dma50" : 11944.41,
    "dma100" : null,
    "dma200" : 11856.26,
    "volume" : 682362.00
  }, {
    "date" : "2025-03-28",
    "price" : 11522.15,
    "dma50" : 11927.85,
    "dma100" : null,
    "dma200" : 11852.93,
    "volume" : 549229.00
  }, {
    "date" : "2025-04-01",
    "price" : 11481.10,
    "dma50" : 11910.33,
    "dma100" : null,
    "dma200" : 11849.23,
    "volume" : 510206.00
  }, {
    "date" : "2025-04-02",
    "price" : 11716.10,
    "dma50" : 11902.71,
    "dma100" : null,
    "dma200" : 11847.91,
    "volume" : 457864.00
  }, {
    "date" : "2025-04-03",
    "price" : 11688.10,
    "dma50" : 11894.29,
    "dma100" : null,
    "dma200" : 11846.32,
    "volume" : 328001.00
  }, {
    "date" : "2025-04-04",
    "price" : 11482.00,
    "dma50" : 11878.13,
    "dma100" : null,
    "dma200" : 11842.69,
    "volume" : 359267.00
  }, {
    "date" : "2025-04-07",
    "price" : 11329.75,
    "dma50" : 11856.62,
    "dma100" : null,
    "dma200" : 11837.59,
    "volume" : 609284.00
  }, {
    "date" : "2025-04-08",
    "price" : 11458.90,
    "dma50" : 11841.02,
    "dma100" : null,
    "dma200" : 11833.82,
    "volume" : 648009.00
  }, {
    "date" : "2025-04-09",
    "price" : 11457.40,
    "dma50" : 11825.98,
    "dma100" : null,
    "dma200" : 11830.07,
    "volume" : 260364.00
  }, {
    "date" : "2025-04-11",
    "price" : 11599.05,
    "dma50" : 11817.08,
    "dma100" : null,
    "dma200" : 11827.78,
    "volume" : 238109.00
  }, {
    "date" : "2025-04-15",
    "price" : 11855.00,
    "dma50" : 11818.57,
    "dma100" : null,
    "dma200" : 11828.05,
    "volume" : 478056.00
  }, {
    "date" : "2025-04-16",
    "price" : 11664.00,
    "dma50" : 11812.51,
    "dma100" : null,
    "dma200" : 11826.41,
    "volume" : 481819.00
  }, {
    "date" : "2025-04-17",
    "price" : 11695.00,
    "dma50" : 11807.90,
    "dma100" : null,
    "dma200" : 11825.11,
    "volume" : 309333.00
  }, {
    "date" : "2025-04-21",
    "price" : 11745.00,
    "dma50" : 11805.43,
    "dma100" : null,
    "dma200" : 11824.31,
    "volume" : 336823.00
  }, {
    "date" : "2025-04-22",
    "price" : 11734.00,
    "dma50" : 11802.63,
    "dma100" : null,
    "dma200" : 11823.41,
    "volume" : 531255.00
  }, {
    "date" : "2025-04-23",
    "price" : 11907.00,
    "dma50" : 11806.72,
    "dma100" : null,
    "dma200" : 11824.24,
    "volume" : 497298.00
  }, {
    "date" : "2025-04-24",
    "price" : 11894.00,
    "dma50" : 11810.15,
    "dma100" : null,
    "dma200" : 11824.94,
    "volume" : 397939.00
  }, {
    "date" : "2025-04-25",
    "price" : 11698.00,
    "dma50" : 11805.75,
    "dma100" : null,
    "dma200" : 11823.67,
    "volume" : 926976.00
  }, {
    "date" : "2025-04-28",
    "price" : 11846.00,
    "dma50" : 11807.33,
    "dma100" : null,
    "dma200" : 11823.90,
    "volume" : 466664.00
  }, {
    "date" : "2025-04-29",
    "price" : 11841.00,
    "dma50" : 11808.65,
    "dma100" : null,
    "dma200" : 11824.07,
    "volume" : 465426.00
  }, {
    "date" : "2025-04-30",
    "price" : 12257.00,
    "dma50" : 11826.23,
    "dma100" : null,
    "dma200" : 11828.37,
    "volume" : 990309.00
  }, {
    "date" : "2025-05-02",
    "price" : 12406.00,
    "dma50" : 11848.97,
    "dma100" : null,
    "dma200" : 11834.12,
    "volume" : 820180.00
  }, {
    "date" : "2025-05-05",
    "price" : 12458.00,
    "dma50" : 11872.85,
    "dma100" : null,
    "dma200" : 11840.33,
    "volume" : 292930.00
  }, {
    "date" : "2025-05-06",
    "price" : 12581.00,
    "dma50" : 11900.62,
    "dma100" : null,
    "dma200" : 11847.70,
    "volume" : 433537.00
  }, {
    "date" : "2025-05-07",
    "price" : 12633.00,
    "dma50" : 11929.34,
    "dma100" : null,
    "dma200" : 11855.51,
    "volume" : 307930.00
  }, {
    "date" : "2025-05-08",
    "price" : 12392.00,
    "dma50" : 11947.48,
    "dma100" : null,
    "dma200" : 11860.85,
    "volume" : 491352.00
  }, {
    "date" : "2025-05-09",
    "price" : 12250.00,
    "dma50" : 11959.35,
    "dma100" : null,
    "dma200" : 11864.72,
    "volume" : 281607.00
  }, {
    "date" : "2025-05-12",
    "price" : 12616.00,
    "dma50" : 11985.10,
    "dma100" : null,
    "dma200" : 11872.20,
    "volume" : 190868.00
  }, {
    "date" : "2025-05-13",
    "price" : 12482.00,
    "dma50" : 12004.59,
    "dma100" : null,
    "dma200" : 11878.27,
    "volume" : 392528.00
  }, {
    "date" : "2025-05-14",
    "price" : 12670.00,
    "dma50" : 12030.68,
    "dma100" : null,
    "dma200" : 11886.14,
    "volume" : 311454.00
  }, {
    "date" : "2025-05-15",
    "price" : 12952.00,
    "dma50" : 12066.81,
    "dma100" : null,
    "dma200" : 11896.75,
    "volume" : 576647.00
  }, {
    "date" : "2025-05-16",
    "price" : 12995.00,
    "dma50" : 12103.21,
    "dma100" : null,
    "dma200" : 11907.68,
    "volume" : 430521.00
  }, {
    "date" : "2025-05-19",
    "price" : 12989.00,
    "dma50" : 12137.95,
    "dma100" : null,
    "dma200" : 11918.44,
    "volume" : 246574.00
  }, {
    "date" : "2025-05-20",
    "price" : 12638.00,
    "dma50" : 12157.56,
    "dma100" : null,
    "dma200" : 11925.60,
    "volume" : 366124.00
  }, {
    "date" : "2025-05-21",
    "price" : 12615.00,
    "dma50" : 12175.50,
    "dma100" : null,
    "dma200" : 11932.46,
    "volume" : 212955.00
  }, {
    "date" : "2025-05-22",
    "price" : 12445.00,
    "dma50" : 12186.06,
    "dma100" : null,
    "dma200" : 11937.56,
    "volume" : 437598.00
  }, {
    "date" : "2025-05-23",
    "price" : 12453.00,
    "dma50" : 12196.53,
    "dma100" : null,
    "dma200" : 11942.68,
    "volume" : 171991.00
  }, {
    "date" : "2025-05-26",
    "price" : 12421.00,
    "dma50" : 12205.33,
    "dma100" : null,
    "dma200" : 11947.44,
    "volume" : 217610.00
  }, {
    "date" : "2025-05-27",
    "price" : 12414.00,
    "dma50" : 12213.52,
    "dma100" : null,
    "dma200" : 11952.09,
    "volume" : 357870.00
  }, {
    "date" : "2025-05-28",
    "price" : 12331.00,
    "dma50" : 12218.12,
    "dma100" : null,
    "dma200" : 11955.86,
    "volume" : 180920.00
  }, {
    "date" : "2025-05-29",
    "price" : 12392.00,
    "dma50" : 12224.94,
    "dma100" : null,
    "dma200" : 11960.20,
    "volume" : 193631.00
  }, {
    "date" : "2025-05-30",
    "price" : 12319.00,
    "dma50" : 12228.63,
    "dma100" : null,
    "dma200" : 11963.77,
    "volume" : 354063.00
  }, {
    "date" : "2025-06-02",
    "price" : 12290.00,
    "dma50" : 12231.04,
    "dma100" : null,
    "dma200" : 11967.01,
    "volume" : 269602.00
  }, {
    "date" : "2025-06-03",
    "price" : 12128.00,
    "dma50" : 12227.00,
    "dma100" : null,
    "dma200" : 11968.61,
    "volume" : 378804.00
  }, {
    "date" : "2025-06-04",
    "price" : 12163.00,
    "dma50" : 12224.49,
    "dma100" : null,
    "dma200" : 11970.55,
    "volume" : 209301.00
  }, {
    "date" : "2025-06-05",
    "price" : 12126.00,
    "dma50" : 12220.63,
    "dma100" : null,
    "dma200" : 11972.10,
    "volume" : 326656.00
  }, {
    "date" : "2025-06-06",
    "price" : 12462.00,
    "dma50" : 12230.09,
    "dma100" : null,
    "dma200" : 11976.97,
    "volume" : 463046.00
  }, {
    "date" : "2025-06-09",
    "price" : 12637.00,
    "dma50" : 12246.05,
    "dma100" : null,
    "dma200" : 11983.54,
    "volume" : 327243.00
  }, {
    "date" : "2025-06-10",
    "price" : 12520.00,
    "dma50" : 12256.79,
    "dma100" : null,
    "dma200" : 11988.88,
    "volume" : 343894.00
  }, {
    "date" : "2025-06-11",
    "price" : 12452.00,
    "dma50" : 12264.45,
    "dma100" : null,
    "dma200" : 11993.48,
    "volume" : 312084.00
  }, {
    "date" : "2025-06-12",
    "price" : 12390.00,
    "dma50" : 12269.37,
    "dma100" : null,
    "dma200" : 11997.43,
    "volume" : 349829.00
  }, {
    "date" : "2025-06-13",
    "price" : 12408.00,
    "dma50" : 12274.81,
    "dma100" : null,
    "dma200" : 12001.51,
    "volume" : 389553.00
  }, {
    "date" : "2025-06-16",
    "price" : 12530.00,
    "dma50" : 12284.81,
    "dma100" : null,
    "dma200" : 12006.77,
    "volume" : 191164.00
  }, {
    "date" : "2025-06-17",
    "price" : 12595.00,
    "dma50" : 12296.98,
    "dma100" : null,
    "dma200" : 12012.63,
    "volume" : 232289.00
  }, {
    "date" : "2025-06-18",
    "price" : 12748.00,
    "dma50" : 12314.67,
    "dma100" : null,
    "dma200" : 12019.94,
    "volume" : 493572.00
  }, {
    "date" : "2025-06-19",
    "price" : 12806.00,
    "dma50" : 12333.93,
    "dma100" : null,
    "dma200" : 12027.76,
    "volume" : 343010.00
  }, {
    "date" : "2025-06-20",
    "price" : 12791.00,
    "dma50" : 12351.86,
    "dma100" : null,
    "dma200" : 12035.36,
    "volume" : 668652.00
  }, {
    "date" : "2025-06-23",
    "price" : 12699.00,
    "dma50" : 12365.47,
    "dma100" : null,
    "dma200" : 12041.96,
    "volume" : 198065.00
  }, {
    "date" : "2025-06-24",
    "price" : 12611.00,
    "dma50" : 12375.10,
    "dma100" : null,
    "dma200" : 12047.62,
    "volume" : 369142.00
  }, {
    "date" : "2025-06-25",
    "price" : 12767.00,
    "dma50" : 12390.47,
    "dma100" : null,
    "dma200" : 12054.78,
    "volume" : 319041.00
  }, {
    "date" : "2025-06-26",
    "price" : 12715.00,
    "dma50" : 12403.20,
    "dma100" : null,
    "dma200" : 12061.35,
    "volume" : 357548.00
  }, {
    "date" : "2025-06-27",
    "price" : 12642.00,
    "dma50" : 12412.56,
    "dma100" : null,
    "dma200" : 12067.13,
    "volume" : 349291.00
  }, {
    "date" : "2025-06-30",
    "price" : 12400.00,
    "dma50" : 12412.07,
    "dma100" : null,
    "dma200" : 12070.44,
    "volume" : 455345.00
  }, {
    "date" : "2025-07-01",
    "price" : 12442.00,
    "dma50" : 12413.24,
    "dma100" : null,
    "dma200" : 12074.14,
    "volume" : 287916.00
  }, {
    "date" : "2025-07-02",
    "price" : 12622.00,
    "dma50" : 12421.43,
    "dma100" : null,
    "dma200" : 12079.59,
    "volume" : 619148.00
  }, {
    "date" : "2025-07-03",
    "price" : 12752.00,
    "dma50" : 12434.39,
    "dma100" : null,
    "dma200" : 12086.28,
    "volume" : 620651.00
  }, {
    "date" : "2025-07-04",
    "price" : 12646.00,
    "dma50" : 12442.69,
    "dma100" : null,
    "dma200" : 12091.85,
    "volume" : 230132.00
  }, {
    "date" : "2025-07-07",
    "price" : 12520.00,
    "dma50" : 12445.72,
    "dma100" : null,
    "dma200" : 12096.11,
    "volume" : 224480.00
  }, {
    "date" : "2025-07-08",
    "price" : 12414.00,
    "dma50" : 12444.48,
    "dma100" : null,
    "dma200" : 12099.27,
    "volume" : 244594.00
  }, {
    "date" : "2025-07-09",
    "price" : 12470.00,
    "dma50" : 12445.48,
    "dma100" : null,
    "dma200" : 12102.96,
    "volume" : 178578.00
  }, {
    "date" : "2025-07-10",
    "price" : 12650.00,
    "dma50" : 12453.50,
    "dma100" : null,
    "dma200" : 12108.41,
    "volume" : 283096.00
  }, {
    "date" : "2025-07-11",
    "price" : 12574.00,
    "dma50" : 12458.22,
    "dma100" : null,
    "dma200" : 12113.04,
    "volume" : 198998.00
  }, {
    "date" : "2025-07-14",
    "price" : 12514.00,
    "dma50" : 12460.41,
    "dma100" : null,
    "dma200" : 12117.03,
    "volume" : 249501.00
  }, {
    "date" : "2025-07-15",
    "price" : 12536.00,
    "dma50" : 12463.38,
    "dma100" : null,
    "dma200" : 12121.20,
    "volume" : 154917.00
  }, {
    "date" : "2025-07-16",
    "price" : 12564.00,
    "dma50" : 12467.32,
    "dma100" : null,
    "dma200" : 12125.60,
    "volume" : 206140.00
  }, {
    "date" : "2025-07-17",
    "price" : 12476.00,
    "dma50" : 12467.66,
    "dma100" : null,
    "dma200" : 12129.09,
    "volume" : 194479.00
  }, {
    "date" : "2025-07-18",
    "price" : 12419.00,
    "dma50" : 12465.75,
    "dma100" : null,
    "dma200" : 12131.97,
    "volume" : 126921.00
  }, {
    "date" : "2025-07-21",
    "price" : 12405.00,
    "dma50" : 12463.37,
    "dma100" : 12199.99,
    "dma200" : 12134.69,
    "volume" : 236821.00
  }, {
    "date" : "2025-07-22",
    "price" : 12492.00,
    "dma50" : 12464.49,
    "dma100" : 12201.67,
    "dma200" : 12138.25,
    "volume" : 171033.00
  }, {
    "date" : "2025-07-23",
    "price" : 12627.00,
    "dma50" : 12470.87,
    "dma100" : 12204.49,
    "dma200" : 12143.11,
    "volume" : 362932.00
  }, {
    "date" : "2025-07-24",
    "price" : 12557.00,
    "dma50" : 12474.24,
    "dma100" : 12205.30,
    "dma200" : 12147.23,
    "volume" : 158608.00
  }, {
    "date" : "2025-07-25",
    "price" : 12404.00,
    "dma50" : 12471.49,
    "dma100" : 12205.53,
    "dma200" : 12149.78,
    "volume" : 265604.00
  }, {
    "date" : "2025-07-28",
    "price" : 12340.00,
    "dma50" : 12466.33,
    "dma100" : 12209.47,
    "dma200" : 12151.68,
    "volume" : 296921.00
  }, {
    "date" : "2025-07-29",
    "price" : 12469.00,
    "dma50" : 12466.44,
    "dma100" : 12216.41,
    "dma200" : 12154.83,
    "volume" : 288742.00
  }, {
    "date" : "2025-07-30",
    "price" : 12618.00,
    "dma50" : 12472.38,
    "dma100" : 12226.43,
    "dma200" : 12159.44,
    "volume" : 209599.00
  }, {
    "date" : "2025-07-31",
    "price" : 12608.00,
    "dma50" : 12477.70,
    "dma100" : 12236.33,
    "dma200" : 12163.90,
    "volume" : 718581.00
  }, {
    "date" : "2025-08-01",
    "price" : 12302.00,
    "dma50" : 12470.81,
    "dma100" : 12242.69,
    "dma200" : 12165.28,
    "volume" : 358949.00
  }, {
    "date" : "2025-08-04",
    "price" : 12365.00,
    "dma50" : 12466.66,
    "dma100" : 12249.70,
    "dma200" : 12167.27,
    "volume" : 259772.00
  }, {
    "date" : "2025-08-05",
    "price" : 12537.00,
    "dma50" : 12469.42,
    "dma100" : 12259.21,
    "dma200" : 12170.94,
    "volume" : 241115.00
  }, {
    "date" : "2025-08-06",
    "price" : 12524.00,
    "dma50" : 12471.56,
    "dma100" : 12267.98,
    "dma200" : 12174.46,
    "volume" : 160539.00
  }, {
    "date" : "2025-08-07",
    "price" : 12632.00,
    "dma50" : 12477.85,
    "dma100" : 12277.90,
    "dma200" : 12179.01,
    "volume" : 176790.00
  }, {
    "date" : "2025-08-08",
    "price" : 12590.00,
    "dma50" : 12482.25,
    "dma100" : 12288.66,
    "dma200" : 12183.10,
    "volume" : 255398.00
  }, {
    "date" : "2025-08-11",
    "price" : 12597.00,
    "dma50" : 12486.75,
    "dma100" : 12299.09,
    "dma200" : 12187.22,
    "volume" : 189364.00
  }, {
    "date" : "2025-08-12",
    "price" : 12840.00,
    "dma50" : 12500.60,
    "dma100" : 12310.34,
    "dma200" : 12193.71,
    "volume" : 513741.00
  }, {
    "date" : "2025-08-13",
    "price" : 12834.00,
    "dma50" : 12513.68,
    "dma100" : 12322.53,
    "dma200" : 12200.08,
    "volume" : 269438.00
  }, {
    "date" : "2025-08-14",
    "price" : 12936.00,
    "dma50" : 12530.24,
    "dma100" : 12334.59,
    "dma200" : 12207.41,
    "volume" : 326967.00
  }, {
    "date" : "2025-08-18",
    "price" : 14068.00,
    "dma50" : 12590.54,
    "dma100" : 12357.94,
    "dma200" : 12225.92,
    "volume" : 2217956.00
  }, {
    "date" : "2025-08-19",
    "price" : 14250.00,
    "dma50" : 12655.62,
    "dma100" : 12381.22,
    "dma200" : 12246.06,
    "volume" : 934380.00
  }, {
    "date" : "2025-08-20",
    "price" : 14221.00,
    "dma50" : 12717.01,
    "dma100" : 12404.74,
    "dma200" : 12265.71,
    "volume" : 407581.00
  }, {
    "date" : "2025-08-21",
    "price" : 14280.00,
    "dma50" : 12778.30,
    "dma100" : 12430.19,
    "dma200" : 12285.75,
    "volume" : 521277.00
  }, {
    "date" : "2025-08-22",
    "price" : 14349.00,
    "dma50" : 12839.90,
    "dma100" : 12456.47,
    "dma200" : 12306.28,
    "volume" : 466691.00
  }, {
    "date" : "2025-08-25",
    "price" : 14452.00,
    "dma50" : 12903.12,
    "dma100" : 12485.76,
    "dma200" : 12327.63,
    "volume" : 365207.00
  }, {
    "date" : "2025-08-26",
    "price" : 14714.00,
    "dma50" : 12974.13,
    "dma100" : 12518.09,
    "dma200" : 12351.38,
    "volume" : 997261.00
  }, {
    "date" : "2025-08-28",
    "price" : 14752.00,
    "dma50" : 13043.85,
    "dma100" : 12548.45,
    "dma200" : 12375.27,
    "volume" : 673928.00
  }, {
    "date" : "2025-08-29",
    "price" : 14791.00,
    "dma50" : 13112.37,
    "dma100" : 12579.48,
    "dma200" : 12399.30,
    "volume" : 662220.00
  }, {
    "date" : "2025-09-01",
    "price" : 14887.00,
    "dma50" : 13181.96,
    "dma100" : 12613.53,
    "dma200" : 12424.06,
    "volume" : 579707.00
  }, {
    "date" : "2025-09-02",
    "price" : 14842.00,
    "dma50" : 13247.06,
    "dma100" : 12648.65,
    "dma200" : 12448.12,
    "volume" : 387231.00
  }, {
    "date" : "2025-09-03",
    "price" : 14927.00,
    "dma50" : 13312.94,
    "dma100" : 12683.33,
    "dma200" : 12472.78,
    "volume" : 574968.00
  }, {
    "date" : "2025-09-04",
    "price" : 14662.00,
    "dma50" : 13365.84,
    "dma100" : 12715.38,
    "dma200" : 12494.56,
    "volume" : 860866.00
  }, {
    "date" : "2025-09-05",
    "price" : 14895.00,
    "dma50" : 13425.81,
    "dma100" : 12748.34,
    "dma200" : 12518.45,
    "volume" : 485136.00
  }, {
    "date" : "2025-09-08",
    "price" : 15258.00,
    "dma50" : 13497.66,
    "dma100" : 12782.37,
    "dma200" : 12545.71,
    "volume" : 711575.00
  }, {
    "date" : "2025-09-09",
    "price" : 15365.00,
    "dma50" : 13570.89,
    "dma100" : 12819.38,
    "dma200" : 12573.76,
    "volume" : 632528.00
  }, {
    "date" : "2025-09-10",
    "price" : 15108.00,
    "dma50" : 13631.17,
    "dma100" : 12853.51,
    "dma200" : 12598.98,
    "volume" : 538267.00
  }, {
    "date" : "2025-09-11",
    "price" : 15095.00,
    "dma50" : 13688.58,
    "dma100" : 12887.01,
    "dma200" : 12623.81,
    "volume" : 683658.00
  }, {
    "date" : "2025-09-12",
    "price" : 15325.00,
    "dma50" : 13752.75,
    "dma100" : 12922.92,
    "dma200" : 12650.69,
    "volume" : 444603.00
  }, {
    "date" : "2025-09-15",
    "price" : 15265.00,
    "dma50" : 13812.05,
    "dma100" : 12956.50,
    "dma200" : 12676.70,
    "volume" : 179296.00
  }, {
    "date" : "2025-09-16",
    "price" : 15573.00,
    "dma50" : 13881.11,
    "dma100" : 12993.29,
    "dma200" : 12705.52,
    "volume" : 391392.00
  }, {
    "date" : "2025-09-17",
    "price" : 15801.00,
    "dma50" : 13956.40,
    "dma100" : 13034.32,
    "dma200" : 12736.32,
    "volume" : 657556.00
  }, {
    "date" : "2025-09-18",
    "price" : 15817.00,
    "dma50" : 14029.36,
    "dma100" : 13074.03,
    "dma200" : 12766.98,
    "volume" : 661615.00
  }, {
    "date" : "2025-09-19",
    "price" : 15864.00,
    "dma50" : 14101.31,
    "dma100" : 13114.26,
    "dma200" : 12797.79,
    "volume" : 665362.00
  }, {
    "date" : "2025-09-22",
    "price" : 15816.00,
    "dma50" : 14168.55,
    "dma100" : 13149.85,
    "dma200" : 12827.83,
    "volume" : 315434.00
  }, {
    "date" : "2025-09-23",
    "price" : 16097.00,
    "dma50" : 14244.18,
    "dma100" : 13186.76,
    "dma200" : 12860.35,
    "volume" : 901621.00
  }, {
    "date" : "2025-09-24",
    "price" : 16249.00,
    "dma50" : 14322.80,
    "dma100" : 13224.67,
    "dma200" : 12894.07,
    "volume" : 676330.00
  }, {
    "date" : "2025-09-25",
    "price" : 16269.00,
    "dma50" : 14399.12,
    "dma100" : 13261.55,
    "dma200" : 12927.65,
    "volume" : 508327.00
  }, {
    "date" : "2025-09-26",
    "price" : 16286.00,
    "dma50" : 14473.12,
    "dma100" : 13298.08,
    "dma200" : 12961.07,
    "volume" : 514680.00
  }, {
    "date" : "2025-09-29",
    "price" : 15984.00,
    "dma50" : 14532.37,
    "dma100" : 13334.00,
    "dma200" : 12991.15,
    "volume" : 641870.00
  }, {
    "date" : "2025-09-30",
    "price" : 16029.00,
    "dma50" : 14591.06,
    "dma100" : 13371.79,
    "dma200" : 13021.38,
    "volume" : 399340.00
  }, {
    "date" : "2025-10-01",
    "price" : 15965.00,
    "dma50" : 14644.94,
    "dma100" : 13405.28,
    "dma200" : 13050.67,
    "volume" : 441443.00
  }, {
    "date" : "2025-10-03",
    "price" : 15806.00,
    "dma50" : 14690.47,
    "dma100" : 13438.52,
    "dma200" : 13078.08,
    "volume" : 480702.00
  }, {
    "date" : "2025-10-06",
    "price" : 15998.00,
    "dma50" : 14741.75,
    "dma100" : 13471.80,
    "dma200" : 13107.14,
    "volume" : 287363.00
  }, {
    "date" : "2025-10-07",
    "price" : 16108.00,
    "dma50" : 14795.32,
    "dma100" : 13503.36,
    "dma200" : 13137.00,
    "volume" : 335614.00
  }, {
    "date" : "2025-10-08",
    "price" : 16012.00,
    "dma50" : 14843.04,
    "dma100" : 13533.53,
    "dma200" : 13165.60,
    "volume" : 317801.00
  }, {
    "date" : "2025-10-09",
    "price" : 15985.00,
    "dma50" : 14887.82,
    "dma100" : 13563.49,
    "dma200" : 13193.66,
    "volume" : 304681.00
  }, {
    "date" : "2025-10-10",
    "price" : 16265.00,
    "dma50" : 14941.83,
    "dma100" : 13599.76,
    "dma200" : 13224.22,
    "volume" : 429340.00
  }, {
    "date" : "2025-10-13",
    "price" : 16323.00,
    "dma50" : 14995.99,
    "dma100" : 13636.84,
    "dma200" : 13255.05,
    "volume" : 352095.00
  }, {
    "date" : "2025-10-14",
    "price" : 16261.00,
    "dma50" : 15045.60,
    "dma100" : 13675.00,
    "dma200" : 13284.96,
    "volume" : 312831.00
  }, {
    "date" : "2025-10-15",
    "price" : 16212.00,
    "dma50" : 15091.34,
    "dma100" : 13712.59,
    "dma200" : 13314.09,
    "volume" : 271764.00
  }, {
    "date" : "2025-10-16",
    "price" : 16298.00,
    "dma50" : 15138.66,
    "dma100" : 13751.36,
    "dma200" : 13343.78,
    "volume" : 291439.00
  }, {
    "date" : "2025-10-17",
    "price" : 16401.00,
    "dma50" : 15188.16,
    "dma100" : 13791.23,
    "dma200" : 13374.20,
    "volume" : 433474.00
  }, {
    "date" : "2025-10-20",
    "price" : 16424.00,
    "dma50" : 15236.63,
    "dma100" : 13832.16,
    "dma200" : 13404.54,
    "volume" : 444758.00
  }, {
    "date" : "2025-10-21",
    "price" : 16396.00,
    "dma50" : 15282.09,
    "dma100" : 13872.20,
    "dma200" : 13434.31,
    "volume" : 31719.00
  }, {
    "date" : "2025-10-23",
    "price" : 16393.00,
    "dma50" : 15325.66,
    "dma100" : 13912.94,
    "dma200" : 13463.75,
    "volume" : 505641.00
  }, {
    "date" : "2025-10-24",
    "price" : 16274.00,
    "dma50" : 15362.85,
    "dma100" : 13952.78,
    "dma200" : 13491.71,
    "volume" : 210921.00
  }, {
    "date" : "2025-10-27",
    "price" : 16388.00,
    "dma50" : 15403.05,
    "dma100" : 13995.38,
    "dma200" : 13520.53,
    "volume" : 213180.00
  }, {
    "date" : "2025-10-28",
    "price" : 16311.00,
    "dma50" : 15438.66,
    "dma100" : 14036.86,
    "dma200" : 13548.30,
    "volume" : 395760.00
  }, {
    "date" : "2025-10-29",
    "price" : 16138.00,
    "dma50" : 15466.08,
    "dma100" : 14076.98,
    "dma200" : 13574.06,
    "volume" : 238330.00
  }, {
    "date" : "2025-10-30",
    "price" : 16206.00,
    "dma50" : 15495.10,
    "dma100" : 14114.42,
    "dma200" : 13600.25,
    "volume" : 234348.00
  }, {
    "date" : "2025-10-31",
    "price" : 16186.00,
    "dma50" : 15522.19,
    "dma100" : 14149.91,
    "dma200" : 13625.98,
    "volume" : 733632.00
  }, {
    "date" : "2025-11-03",
    "price" : 15651.00,
    "dma50" : 15527.24,
    "dma100" : 14181.22,
    "dma200" : 13646.13,
    "volume" : 986578.00
  }, {
    "date" : "2025-11-04",
    "price" : 15374.00,
    "dma50" : 15521.23,
    "dma100" : 14210.44,
    "dma200" : 13663.32,
    "volume" : 771275.00
  }, {
    "date" : "2025-11-06",
    "price" : 15452.00,
    "dma50" : 15518.52,
    "dma100" : 14241.06,
    "dma200" : 13681.12,
    "volume" : 451271.00
  }, {
    "date" : "2025-11-07",
    "price" : 15479.00,
    "dma50" : 15516.97,
    "dma100" : 14271.77,
    "dma200" : 13699.01,
    "volume" : 275091.00
  }, {
    "date" : "2025-11-10",
    "price" : 15583.00,
    "dma50" : 15519.56,
    "dma100" : 14302.30,
    "dma200" : 13717.76,
    "volume" : 280421.00
  }, {
    "date" : "2025-11-11",
    "price" : 15645.00,
    "dma50" : 15524.48,
    "dma100" : 14332.80,
    "dma200" : 13736.93,
    "volume" : 185596.00
  }, {
    "date" : "2025-11-12",
    "price" : 15696.00,
    "dma50" : 15531.20,
    "dma100" : 14362.28,
    "dma200" : 13756.43,
    "volume" : 248526.00
  }, {
    "date" : "2025-11-13",
    "price" : 15749.00,
    "dma50" : 15539.74,
    "dma100" : 14391.71,
    "dma200" : 13776.25,
    "volume" : 255975.00
  }, {
    "date" : "2025-11-14",
    "price" : 15684.00,
    "dma50" : 15545.40,
    "dma100" : 14420.64,
    "dma200" : 13795.24,
    "volume" : 257337.00
  }, {
    "date" : "2025-11-17",
    "price" : 15878.00,
    "dma50" : 15558.45,
    "dma100" : 14452.43,
    "dma200" : 13815.96,
    "volume" : 305542.00
  }, {
    "date" : "2025-11-18",
    "price" : 15930.00,
    "dma50" : 15573.02,
    "dma100" : 14485.62,
    "dma200" : 13836.99,
    "volume" : 398276.00
  }, {
    "date" : "2025-11-19",
    "price" : 15768.00,
    "dma50" : 15580.66,
    "dma100" : 14515.63,
    "dma200" : 13856.21,
    "volume" : 290875.00
  }, {
    "date" : "2025-11-20",
    "price" : 15801.00,
    "dma50" : 15589.30,
    "dma100" : 14546.49,
    "dma200" : 13875.56,
    "volume" : 259846.00
  }, {
    "date" : "2025-11-21",
    "price" : 15977.00,
    "dma50" : 15604.51,
    "dma100" : 14579.84,
    "dma200" : 13896.47,
    "volume" : 599138.00
  }, {
    "date" : "2025-11-24",
    "price" : 15958.00,
    "dma50" : 15618.37,
    "dma100" : 14615.42,
    "dma200" : 13916.98,
    "volume" : 531000.00
  }, {
    "date" : "2025-11-25",
    "price" : 15889.00,
    "dma50" : 15628.98,
    "dma100" : 14649.89,
    "dma200" : 13936.60,
    "volume" : 220179.00
  }, {
    "date" : "2025-11-26",
    "price" : 16156.00,
    "dma50" : 15649.65,
    "dma100" : 14685.23,
    "dma200" : 13958.69,
    "volume" : 321585.00
  }, {
    "date" : "2025-11-27",
    "price" : 15903.00,
    "dma50" : 15659.58,
    "dma100" : 14716.74,
    "dma200" : 13978.03,
    "volume" : 352964.00
  }, {
    "date" : "2025-11-28",
    "price" : 15900.00,
    "dma50" : 15669.01,
    "dma100" : 14749.28,
    "dma200" : 13997.16,
    "volume" : 357939.00
  }, {
    "date" : "2025-12-01",
    "price" : 16097.00,
    "dma50" : 15685.80,
    "dma100" : 14785.05,
    "dma200" : 14018.05,
    "volume" : 439604.00
  }, {
    "date" : "2025-12-02",
    "price" : 16239.00,
    "dma50" : 15707.49,
    "dma100" : 14823.30,
    "dma200" : 14040.15,
    "volume" : 396646.00
  }, {
    "date" : "2025-12-03",
    "price" : 16082.00,
    "dma50" : 15722.18,
    "dma100" : 14859.42,
    "dma200" : 14060.47,
    "volume" : 269912.00
  }, {
    "date" : "2025-12-04",
    "price" : 15994.00,
    "dma50" : 15732.84,
    "dma100" : 14892.86,
    "dma200" : 14079.71,
    "volume" : 260911.00
  }, {
    "date" : "2025-12-05",
    "price" : 16282.00,
    "dma50" : 15754.37,
    "dma100" : 14929.94,
    "dma200" : 14101.62,
    "volume" : 339976.00
  }, {
    "date" : "2025-12-08",
    "price" : 16187.00,
    "dma50" : 15771.34,
    "dma100" : 14966.67,
    "dma200" : 14122.37,
    "volume" : 222906.00
  }, {
    "date" : "2025-12-09",
    "price" : 16020.00,
    "dma50" : 15781.09,
    "dma100" : 15001.51,
    "dma200" : 14141.25,
    "volume" : 278722.00
  }, {
    "date" : "2025-12-10",
    "price" : 16019.00,
    "dma50" : 15790.42,
    "dma100" : 15036.06,
    "dma200" : 14159.94,
    "volume" : 297817.00
  }, {
    "date" : "2025-12-11",
    "price" : 16248.00,
    "dma50" : 15808.36,
    "dma100" : 15073.78,
    "dma200" : 14180.71,
    "volume" : 279296.00
  }, {
    "date" : "2025-12-12",
    "price" : 16522.00,
    "dma50" : 15836.35,
    "dma100" : 15114.81,
    "dma200" : 14204.01,
    "volume" : 415659.00
  }, {
    "date" : "2025-12-15",
    "price" : 16415.00,
    "dma50" : 15859.04,
    "dma100" : 15154.91,
    "dma200" : 14226.01,
    "volume" : 239706.00
  }, {
    "date" : "2025-12-16",
    "price" : 16354.00,
    "dma50" : 15878.45,
    "dma100" : 15193.53,
    "dma200" : 14247.18,
    "volume" : 166578.00
  }, {
    "date" : "2025-12-17",
    "price" : 16398.00,
    "dma50" : 15898.83,
    "dma100" : 15231.24,
    "dma200" : 14268.58,
    "volume" : 260520.00
  }, {
    "date" : "2025-12-18",
    "price" : 16329.00,
    "dma50" : 15915.70,
    "dma100" : 15268.96,
    "dma200" : 14289.09,
    "volume" : 221867.00
  }, {
    "date" : "2025-12-19",
    "price" : 16414.00,
    "dma50" : 15935.24,
    "dma100" : 15309.06,
    "dma200" : 14310.23,
    "volume" : 363527.00
  }, {
    "date" : "2025-12-22",
    "price" : 16649.00,
    "dma50" : 15963.23,
    "dma100" : 15352.15,
    "dma200" : 14333.50,
    "volume" : 291567.00
  }, {
    "date" : "2025-12-23",
    "price" : 16585.00,
    "dma50" : 15987.61,
    "dma100" : 15393.31,
    "dma200" : 14355.90,
    "volume" : 218409.00
  }, {
    "date" : "2025-12-24",
    "price" : 16703.00,
    "dma50" : 16015.67,
    "dma100" : 15434.16,
    "dma200" : 14379.26,
    "volume" : 264912.00
  }, {
    "date" : "2025-12-26",
    "price" : 16596.00,
    "dma50" : 16038.42,
    "dma100" : 15474.04,
    "dma200" : 14401.32,
    "volume" : 218707.00
  }, {
    "date" : "2025-12-29",
    "price" : 16542.00,
    "dma50" : 16058.17,
    "dma100" : 15516.44,
    "dma200" : 14422.62,
    "volume" : 273761.00
  }, {
    "date" : "2025-12-30",
    "price" : 16647.00,
    "dma50" : 16081.26,
    "dma100" : 15559.26,
    "dma200" : 14444.75,
    "volume" : 1098169.00
  }, {
    "date" : "2025-12-31",
    "price" : 16697.00,
    "dma50" : 16105.41,
    "dma100" : 15600.86,
    "dma200" : 14467.16,
    "volume" : 321922.00
  }, {
    "date" : "2026-01-01",
    "price" : 16708.00,
    "dma50" : 16129.04,
    "dma100" : 15642.70,
    "dma200" : 14489.46,
    "volume" : 180130.00
  }, {
    "date" : "2026-01-02",
    "price" : 16960.00,
    "dma50" : 16161.63,
    "dma100" : 15685.98,
    "dma200" : 14514.04,
    "volume" : 399811.00
  }, {
    "date" : "2026-01-05",
    "price" : 17155.00,
    "dma50" : 16200.58,
    "dma100" : 15731.63,
    "dma200" : 14540.32,
    "volume" : 313736.00
  }, {
    "date" : "2026-01-06",
    "price" : 17292.00,
    "dma50" : 16243.38,
    "dma100" : 15778.58,
    "dma200" : 14567.70,
    "volume" : 196146.00
  }, {
    "date" : "2026-01-07",
    "price" : 16809.00,
    "dma50" : 16265.57,
    "dma100" : 15818.27,
    "dma200" : 14590.00,
    "volume" : 446068.00
  }, {
    "date" : "2026-01-08",
    "price" : 16664.00,
    "dma50" : 16281.19,
    "dma100" : 15856.57,
    "dma200" : 14610.64,
    "volume" : 249613.00
  }, {
    "date" : "2026-01-09",
    "price" : 16501.00,
    "dma50" : 16289.81,
    "dma100" : 15892.22,
    "dma200" : 14629.45,
    "volume" : 296482.00
  }, {
    "date" : "2026-01-12",
    "price" : 16582.00,
    "dma50" : 16301.27,
    "dma100" : 15917.36,
    "dma200" : 14648.87,
    "volume" : 297018.00
  }, {
    "date" : "2026-01-13",
    "price" : 16426.00,
    "dma50" : 16306.16,
    "dma100" : 15939.12,
    "dma200" : 14666.56,
    "volume" : 318168.00
  }, {
    "date" : "2026-01-14",
    "price" : 16152.00,
    "dma50" : 16300.11,
    "dma100" : 15958.43,
    "dma200" : 14681.34,
    "volume" : 249829.00
  }, {
    "date" : "2026-01-16",
    "price" : 15859.00,
    "dma50" : 16282.82,
    "dma100" : 15974.22,
    "dma200" : 14693.05,
    "volume" : 716142.00
  }, {
    "date" : "2026-01-19",
    "price" : 16176.00,
    "dma50" : 16278.63,
    "dma100" : 15992.49,
    "dma200" : 14707.81,
    "volume" : 395162.00
  }, {
    "date" : "2026-01-20",
    "price" : 15879.00,
    "dma50" : 16262.96,
    "dma100" : 16006.76,
    "dma200" : 14719.46,
    "volume" : 308327.00
  }, {
    "date" : "2026-01-21",
    "price" : 15770.00,
    "dma50" : 16243.62,
    "dma100" : 16017.32,
    "dma200" : 14729.92,
    "volume" : 364909.00
  }, {
    "date" : "2026-01-22",
    "price" : 15765.00,
    "dma50" : 16224.85,
    "dma100" : 16027.45,
    "dma200" : 14740.22,
    "volume" : 359288.00
  }, {
    "date" : "2026-01-23",
    "price" : 15469.00,
    "dma50" : 16195.21,
    "dma100" : 16034.23,
    "dma200" : 14747.47,
    "volume" : 353977.00
  }, {
    "date" : "2026-01-27",
    "price" : 15245.00,
    "dma50" : 16157.95,
    "dma100" : 16037.81,
    "dma200" : 14752.42,
    "volume" : 601001.00
  }, {
    "date" : "2026-01-28",
    "price" : 14877.00,
    "dma50" : 16107.72,
    "dma100" : 16038.16,
    "dma200" : 14753.66,
    "volume" : 1661857.00
  }, {
    "date" : "2026-01-29",
    "price" : 14502.00,
    "dma50" : 16044.75,
    "dma100" : 16033.91,
    "dma200" : 14751.15,
    "volume" : 737131.00
  }, {
    "date" : "2026-01-30",
    "price" : 14599.00,
    "dma50" : 15988.05,
    "dma100" : 16033.28,
    "dma200" : 14749.64,
    "volume" : 957346.00
  }, {
    "date" : "2026-02-01",
    "price" : 14199.00,
    "dma50" : 15917.89,
    "dma100" : 16026.32,
    "dma200" : 14744.16,
    "volume" : 408881.00
  }, {
    "date" : "2026-02-02",
    "price" : 14384.00,
    "dma50" : 15857.74,
    "dma100" : 16017.58,
    "dma200" : 14740.58,
    "volume" : 633217.00
  }, {
    "date" : "2026-02-03",
    "price" : 14782.00,
    "dma50" : 15815.55,
    "dma100" : 16011.75,
    "dma200" : 14740.99,
    "volume" : 654137.00
  }, {
    "date" : "2026-02-04",
    "price" : 15071.00,
    "dma50" : 15786.36,
    "dma100" : 16011.38,
    "dma200" : 14744.27,
    "volume" : 458167.00
  }, {
    "date" : "2026-02-05",
    "price" : 15059.00,
    "dma50" : 15757.83,
    "dma100" : 16011.02,
    "dma200" : 14747.41,
    "volume" : 382013.00
  }, {
    "date" : "2026-02-06",
    "price" : 14997.00,
    "dma50" : 15728.00,
    "dma100" : 16007.74,
    "dma200" : 14749.89,
    "volume" : 304702.00
  }, {
    "date" : "2026-02-09",
    "price" : 14978.00,
    "dma50" : 15698.58,
    "dma100" : 16004.87,
    "dma200" : 14752.16,
    "volume" : 207465.00
  }, {
    "date" : "2026-02-10",
    "price" : 15146.00,
    "dma50" : 15676.91,
    "dma100" : 16000.60,
    "dma200" : 14756.08,
    "volume" : 371688.00
  }, {
    "date" : "2026-02-11",
    "price" : 15412.00,
    "dma50" : 15666.52,
    "dma100" : 15996.71,
    "dma200" : 14762.60,
    "volume" : 374793.00
  }, {
    "date" : "2026-02-12",
    "price" : 15326.00,
    "dma50" : 15653.17,
    "dma100" : 15991.80,
    "dma200" : 14768.21,
    "volume" : 207685.00
  }, {
    "date" : "2026-02-13",
    "price" : 15237.00,
    "dma50" : 15636.85,
    "dma100" : 15985.53,
    "dma200" : 14772.87,
    "volume" : 212444.00
  }, {
    "date" : "2026-02-16",
    "price" : 15051.00,
    "dma50" : 15613.88,
    "dma100" : 15977.88,
    "dma200" : 14775.64,
    "volume" : 214752.00
  }, {
    "date" : "2026-02-17",
    "price" : 15179.00,
    "dma50" : 15596.82,
    "dma100" : 15968.70,
    "dma200" : 14779.66,
    "volume" : 169475.00
  }, {
    "date" : "2026-02-18",
    "price" : 15164.00,
    "dma50" : 15579.85,
    "dma100" : 15957.85,
    "dma200" : 14783.48,
    "volume" : 289319.00
  }, {
    "date" : "2026-02-19",
    "price" : 14903.00,
    "dma50" : 15553.31,
    "dma100" : 15944.19,
    "dma200" : 14784.67,
    "volume" : 156614.00
  } ],
  "latestTechnicalAttributes" : {
    "date" : "2026-02-19",
    "price" : 14903.00,
    "dma50" : 15553.31,
    "dma100" : 15944.19,
    "dma200" : 14784.67,
    "volume" : 156614.00
  },
  "quarterlyResults" : [ {
    "date" : "2005-03-31",
    "sales" : 3042.81,
    "salesGrowthYoY" : null,
    "grossProfitMargin" : 23.94,
    "grossProfit" : 728.45,
    "operatingProfitMargin" : 13.65,
    "operatingProfit" : 415.34,
    "netProfitMargin" : 8.53,
    "netProfit" : 259.55
  }, {
    "date" : "2005-06-30",
    "sales" : 2625.43,
    "salesGrowthYoY" : null,
    "grossProfitMargin" : 22.07,
    "grossProfit" : 579.43,
    "operatingProfitMargin" : 12.37,
    "operatingProfit" : 324.77,
    "netProfitMargin" : 8.59,
    "netProfit" : 225.52
  }, {
    "date" : "2005-09-30",
    "sales" : 3037.80,
    "salesGrowthYoY" : null,
    "grossProfitMargin" : 22.11,
    "grossProfit" : 671.66,
    "operatingProfitMargin" : 11.52,
    "operatingProfit" : 349.95,
    "netProfitMargin" : 8.65,
    "netProfit" : 262.77
  }, {
    "date" : "2005-12-31",
    "sales" : 3112.00,
    "salesGrowthYoY" : null,
    "grossProfitMargin" : 23.87,
    "grossProfit" : 742.83,
    "operatingProfitMargin" : 14.97,
    "operatingProfit" : 465.87,
    "netProfitMargin" : 10.89,
    "netProfit" : 338.90
  }, {
    "date" : "2006-03-31",
    "sales" : 3277.01,
    "salesGrowthYoY" : 7.70,
    "grossProfitMargin" : 25.63,
    "grossProfit" : 839.90,
    "operatingProfitMargin" : 14.84,
    "operatingProfit" : 486.31,
    "netProfitMargin" : 11.01,
    "netProfit" : 360.80
  }, {
    "date" : "2006-06-30",
    "sales" : 3125.47,
    "salesGrowthYoY" : 19.05,
    "grossProfitMargin" : 24.51,
    "grossProfit" : 766.05,
    "operatingProfitMargin" : 14.61,
    "operatingProfit" : 456.63,
    "netProfitMargin" : 11.14,
    "netProfit" : 348.18
  }, {
    "date" : "2006-09-30",
    "sales" : 3419.19,
    "salesGrowthYoY" : 12.55,
    "grossProfitMargin" : 25.22,
    "grossProfit" : 862.32,
    "operatingProfitMargin" : 13.91,
    "operatingProfit" : 475.61,
    "netProfitMargin" : 10.75,
    "netProfit" : 367.56
  }, {
    "date" : "2006-12-31",
    "sales" : 3679.47,
    "salesGrowthYoY" : 18.23,
    "grossProfitMargin" : 24.82,
    "grossProfit" : 913.24,
    "operatingProfitMargin" : 13.78,
    "operatingProfit" : 507.03,
    "netProfitMargin" : 10.23,
    "netProfit" : 376.41
  }, {
    "date" : "2007-03-31",
    "sales" : 4429.76,
    "salesGrowthYoY" : 35.18,
    "grossProfitMargin" : 24.00,
    "grossProfit" : 1063.14,
    "operatingProfitMargin" : 12.41,
    "operatingProfit" : 549.73,
    "netProfitMargin" : 10.13,
    "netProfit" : 448.73
  }, {
    "date" : "2007-06-30",
    "sales" : 3930.82,
    "salesGrowthYoY" : 25.77,
    "grossProfitMargin" : 24.77,
    "grossProfit" : 973.66,
    "operatingProfitMargin" : 14.62,
    "operatingProfit" : 574.69,
    "netProfitMargin" : 12.71,
    "netProfit" : 499.61
  }, {
    "date" : "2007-09-30",
    "sales" : 4547.37,
    "salesGrowthYoY" : 33.00,
    "grossProfitMargin" : 23.65,
    "grossProfit" : 1075.45,
    "operatingProfitMargin" : 12.67,
    "operatingProfit" : 576.15,
    "netProfitMargin" : 10.26,
    "netProfit" : 466.56
  }, {
    "date" : "2007-12-31",
    "sales" : 4674.13,
    "salesGrowthYoY" : 27.03,
    "grossProfitMargin" : 23.49,
    "grossProfit" : 1097.95,
    "operatingProfitMargin" : 13.12,
    "operatingProfit" : 613.25,
    "netProfitMargin" : 9.99,
    "netProfit" : 466.95
  }, {
    "date" : "2008-03-31",
    "sales" : 4943.19,
    "salesGrowthYoY" : 11.59,
    "grossProfitMargin" : 26.33,
    "grossProfit" : 1301.54,
    "operatingProfitMargin" : 13.88,
    "operatingProfit" : 686.11,
    "netProfitMargin" : 6.02,
    "netProfit" : 297.58
  }, {
    "date" : "2008-06-30",
    "sales" : 4860.19,
    "salesGrowthYoY" : 23.64,
    "grossProfitMargin" : 24.08,
    "grossProfit" : 1170.33,
    "operatingProfitMargin" : 11.73,
    "operatingProfit" : 570.10,
    "netProfitMargin" : 9.59,
    "netProfit" : 466.09
  }, {
    "date" : "2008-09-30",
    "sales" : 4993.62,
    "salesGrowthYoY" : 9.81,
    "grossProfitMargin" : 23.70,
    "grossProfit" : 1183.49,
    "operatingProfitMargin" : 10.33,
    "operatingProfit" : 515.84,
    "netProfitMargin" : 5.93,
    "netProfit" : 296.12
  }, {
    "date" : "2008-12-31",
    "sales" : 4625.81,
    "salesGrowthYoY" : -1.03,
    "grossProfitMargin" : 20.84,
    "grossProfit" : 964.02,
    "operatingProfitMargin" : 6.42,
    "operatingProfit" : 296.98,
    "netProfitMargin" : 4.62,
    "netProfit" : 213.71
  }, {
    "date" : "2009-03-31",
    "sales" : 6432.90,
    "salesGrowthYoY" : 30.14,
    "grossProfitMargin" : 21.02,
    "grossProfit" : 1352.20,
    "operatingProfitMargin" : 6.98,
    "operatingProfit" : 449.02,
    "netProfitMargin" : 3.78,
    "netProfit" : 243.16
  }, {
    "date" : "2009-06-30",
    "sales" : 6493.00,
    "salesGrowthYoY" : 33.60,
    "grossProfitMargin" : 23.69,
    "grossProfit" : 1538.19,
    "operatingProfitMargin" : 12.22,
    "operatingProfit" : 793.44,
    "netProfitMargin" : 8.99,
    "netProfit" : 583.72
  }, {
    "date" : "2009-09-30",
    "sales" : 7203.84,
    "salesGrowthYoY" : 44.26,
    "grossProfitMargin" : 24.27,
    "grossProfit" : 1748.37,
    "operatingProfitMargin" : 12.72,
    "operatingProfit" : 916.33,
    "netProfitMargin" : 7.91,
    "netProfit" : 569.82
  }, {
    "date" : "2009-12-31",
    "sales" : 7522.02,
    "salesGrowthYoY" : 62.61,
    "grossProfitMargin" : 25.68,
    "grossProfit" : 1931.65,
    "operatingProfitMargin" : 15.07,
    "operatingProfit" : 1133.57,
    "netProfitMargin" : 9.14,
    "netProfit" : 687.51
  }, {
    "date" : "2010-03-31",
    "sales" : 8485.83,
    "salesGrowthYoY" : 31.91,
    "grossProfitMargin" : 24.43,
    "grossProfit" : 2073.09,
    "operatingProfitMargin" : 13.05,
    "operatingProfit" : 1107.40,
    "netProfitMargin" : 7.74,
    "netProfit" : 656.80
  }, {
    "date" : "2010-06-30",
    "sales" : 8309.18,
    "salesGrowthYoY" : 27.97,
    "grossProfitMargin" : 22.85,
    "grossProfit" : 1898.65,
    "operatingProfitMargin" : 9.53,
    "operatingProfit" : 791.86,
    "netProfitMargin" : 5.60,
    "netProfit" : 465.31
  }, {
    "date" : "2010-09-30",
    "sales" : 9147.27,
    "salesGrowthYoY" : 26.98,
    "grossProfitMargin" : 22.65,
    "grossProfit" : 2071.86,
    "operatingProfitMargin" : 10.49,
    "operatingProfit" : 959.55,
    "netProfitMargin" : 6.54,
    "netProfit" : 598.23
  }, {
    "date" : "2010-12-31",
    "sales" : 9494.45,
    "salesGrowthYoY" : 26.22,
    "grossProfitMargin" : 21.58,
    "grossProfit" : 2048.90,
    "operatingProfitMargin" : 9.48,
    "operatingProfit" : 900.07,
    "netProfitMargin" : 5.95,
    "netProfit" : 564.92
  }, {
    "date" : "2011-03-31",
    "sales" : 10005.38,
    "salesGrowthYoY" : 17.91,
    "grossProfitMargin" : 22.44,
    "grossProfit" : 2245.21,
    "operatingProfitMargin" : 10.13,
    "operatingProfit" : 1013.54,
    "netProfitMargin" : 6.60,
    "netProfit" : 660.36
  }, {
    "date" : "2011-06-30",
    "sales" : 8454.07,
    "salesGrowthYoY" : 1.74,
    "grossProfitMargin" : 21.96,
    "grossProfit" : 1856.51,
    "operatingProfitMargin" : 9.59,
    "operatingProfit" : 810.75,
    "netProfitMargin" : 6.50,
    "netProfit" : 549.51
  }, {
    "date" : "2011-09-30",
    "sales" : 7674.39,
    "salesGrowthYoY" : -16.10,
    "grossProfitMargin" : 21.55,
    "grossProfit" : 1653.83,
    "operatingProfitMargin" : 5.74,
    "operatingProfit" : 440.51,
    "netProfitMargin" : 3.13,
    "netProfit" : 240.21
  }, {
    "date" : "2011-12-31",
    "sales" : 7731.60,
    "salesGrowthYoY" : -18.57,
    "grossProfitMargin" : 20.92,
    "grossProfit" : 1617.45,
    "operatingProfitMargin" : 5.22,
    "operatingProfit" : 403.59,
    "netProfitMargin" : 2.66,
    "netProfit" : 205.66
  }, {
    "date" : "2012-03-31",
    "sales" : 11727.01,
    "salesGrowthYoY" : 17.21,
    "grossProfitMargin" : 20.42,
    "grossProfit" : 2394.66,
    "operatingProfitMargin" : 7.32,
    "operatingProfit" : 858.42,
    "netProfitMargin" : 5.46,
    "netProfit" : 640.29
  }, {
    "date" : "2012-06-30",
    "sales" : 10778.15,
    "salesGrowthYoY" : 27.49,
    "grossProfitMargin" : 22.15,
    "grossProfit" : 2387.36,
    "operatingProfitMargin" : 7.30,
    "operatingProfit" : 786.80,
    "netProfitMargin" : 3.93,
    "netProfit" : 423.58
  }, {
    "date" : "2012-09-30",
    "sales" : 8305.43,
    "salesGrowthYoY" : 8.22,
    "grossProfitMargin" : 20.40,
    "grossProfit" : 1694.31,
    "operatingProfitMargin" : 6.12,
    "operatingProfit" : 508.29,
    "netProfitMargin" : 2.74,
    "netProfit" : 227.57
  }, {
    "date" : "2012-12-31",
    "sales" : 11200.34,
    "salesGrowthYoY" : 44.86,
    "grossProfitMargin" : 21.57,
    "grossProfit" : 2415.91,
    "operatingProfitMargin" : 7.96,
    "operatingProfit" : 891.55,
    "netProfitMargin" : 4.48,
    "netProfit" : 501.78
  }, {
    "date" : "2013-03-31",
    "sales" : 13304.01,
    "salesGrowthYoY" : 13.45,
    "grossProfitMargin" : 34.38,
    "grossProfit" : 4573.92,
    "operatingProfitMargin" : 15.03,
    "operatingProfit" : 1999.59,
    "netProfitMargin" : 9.32,
    "netProfit" : 1239.93
  }, {
    "date" : "2013-06-30",
    "sales" : 10237.34,
    "salesGrowthYoY" : -5.02,
    "grossProfitMargin" : 28.00,
    "grossProfit" : 2866.46,
    "operatingProfitMargin" : 11.39,
    "operatingProfit" : 1166.03,
    "netProfitMargin" : 6.17,
    "netProfit" : 631.64
  }, {
    "date" : "2013-09-30",
    "sales" : 10468.06,
    "salesGrowthYoY" : 26.04,
    "grossProfitMargin" : 30.63,
    "grossProfit" : 3206.37,
    "operatingProfitMargin" : 12.62,
    "operatingProfit" : 1321.07,
    "netProfitMargin" : 6.40,
    "netProfit" : 669.96
  }, {
    "date" : "2013-12-31",
    "sales" : 10893.84,
    "salesGrowthYoY" : -2.74,
    "grossProfitMargin" : 28.36,
    "grossProfit" : 3089.49,
    "operatingProfitMargin" : 12.44,
    "operatingProfit" : 1355.19,
    "netProfitMargin" : 6.25,
    "netProfit" : 680.87
  }, {
    "date" : "2014-03-31",
    "sales" : 12109.74,
    "salesGrowthYoY" : -8.98,
    "grossProfitMargin" : 26.69,
    "grossProfit" : 3232.09,
    "operatingProfitMargin" : 10.37,
    "operatingProfit" : 1255.78,
    "netProfitMargin" : 6.61,
    "netProfit" : 800.45
  }, {
    "date" : "2014-06-30",
    "sales" : 11428.09,
    "salesGrowthYoY" : 11.63,
    "grossProfitMargin" : 28.38,
    "grossProfit" : 3243.29,
    "operatingProfitMargin" : 12.13,
    "operatingProfit" : 1386.23,
    "netProfitMargin" : 6.67,
    "netProfit" : 762.25
  }, {
    "date" : "2014-09-30",
    "sales" : 12315.08,
    "salesGrowthYoY" : 17.64,
    "grossProfitMargin" : 28.75,
    "grossProfit" : 3540.59,
    "operatingProfitMargin" : 12.44,
    "operatingProfit" : 1532.00,
    "netProfitMargin" : 7.00,
    "netProfit" : 862.06
  }, {
    "date" : "2014-12-31",
    "sales" : 12602.50,
    "salesGrowthYoY" : 15.68,
    "grossProfitMargin" : 29.97,
    "grossProfit" : 3776.97,
    "operatingProfitMargin" : 12.85,
    "operatingProfit" : 1619.42,
    "netProfitMargin" : 6.37,
    "netProfit" : 802.78
  }, {
    "date" : "2015-03-31",
    "sales" : 13624.80,
    "salesGrowthYoY" : 12.51,
    "grossProfitMargin" : 32.31,
    "grossProfit" : 4402.17,
    "operatingProfitMargin" : 15.89,
    "operatingProfit" : 2164.98,
    "netProfitMargin" : 9.43,
    "netProfit" : 1284.82
  }, {
    "date" : "2015-06-30",
    "sales" : 13376.90,
    "salesGrowthYoY" : 17.05,
    "grossProfitMargin" : 32.62,
    "grossProfit" : 4363.54,
    "operatingProfitMargin" : 16.20,
    "operatingProfit" : 2167.06,
    "netProfitMargin" : 9.03,
    "netProfit" : 1207.93
  }, {
    "date" : "2015-09-30",
    "sales" : 13851.20,
    "salesGrowthYoY" : 12.47,
    "grossProfitMargin" : 33.06,
    "grossProfit" : 4579.21,
    "operatingProfitMargin" : 16.21,
    "operatingProfit" : 2245.28,
    "netProfitMargin" : 10.81,
    "netProfit" : 1497.31
  }, {
    "date" : "2015-12-31",
    "sales" : 15013.20,
    "salesGrowthYoY" : 19.13,
    "grossProfitMargin" : 31.44,
    "grossProfit" : 4720.15,
    "operatingProfitMargin" : 14.29,
    "operatingProfit" : 2145.39,
    "netProfitMargin" : 7.88,
    "netProfit" : 1183.04
  }, {
    "date" : "2016-03-31",
    "sales" : 15243.80,
    "salesGrowthYoY" : 11.88,
    "grossProfitMargin" : 33.95,
    "grossProfit" : 5175.27,
    "operatingProfitMargin" : 15.28,
    "operatingProfit" : 2329.25,
    "netProfitMargin" : 9.68,
    "netProfit" : 1475.60
  }, {
    "date" : "2016-06-30",
    "sales" : 14944.70,
    "salesGrowthYoY" : 11.72,
    "grossProfitMargin" : 32.06,
    "grossProfit" : 4791.27,
    "operatingProfitMargin" : 14.82,
    "operatingProfit" : 2214.80,
    "netProfitMargin" : 9.98,
    "netProfit" : 1491.48
  }, {
    "date" : "2016-09-30",
    "sales" : 17868.70,
    "salesGrowthYoY" : 29.00,
    "grossProfitMargin" : 32.27,
    "grossProfit" : 5766.23,
    "operatingProfitMargin" : 16.99,
    "operatingProfit" : 3035.89,
    "netProfitMargin" : 13.44,
    "netProfit" : 2401.55
  }, {
    "date" : "2016-12-31",
    "sales" : 16888.20,
    "salesGrowthYoY" : 12.49,
    "grossProfitMargin" : 30.67,
    "grossProfit" : 5179.61,
    "operatingProfitMargin" : 14.73,
    "operatingProfit" : 2487.63,
    "netProfitMargin" : 10.35,
    "netProfit" : 1747.93
  }, {
    "date" : "2017-03-31",
    "sales" : 18333.40,
    "salesGrowthYoY" : 20.27,
    "grossProfitMargin" : 30.36,
    "grossProfit" : 5566.02,
    "operatingProfitMargin" : 13.96,
    "operatingProfit" : 2559.34,
    "netProfitMargin" : 9.33,
    "netProfit" : 1710.51
  }, {
    "date" : "2017-06-30",
    "sales" : 17545.70,
    "salesGrowthYoY" : 17.40,
    "grossProfitMargin" : 29.96,
    "grossProfit" : 5256.69,
    "operatingProfitMargin" : 13.29,
    "operatingProfit" : 2331.82,
    "netProfitMargin" : 8.87,
    "netProfit" : 1556.30
  }, {
    "date" : "2017-09-30",
    "sales" : 21768.20,
    "salesGrowthYoY" : 21.82,
    "grossProfitMargin" : 31.19,
    "grossProfit" : 6789.50,
    "operatingProfitMargin" : 16.89,
    "operatingProfit" : 3676.65,
    "netProfitMargin" : 11.41,
    "netProfit" : 2483.75
  }, {
    "date" : "2017-12-31",
    "sales" : 19283.20,
    "salesGrowthYoY" : 14.18,
    "grossProfitMargin" : 30.86,
    "grossProfit" : 5950.80,
    "operatingProfitMargin" : 15.75,
    "operatingProfit" : 3037.10,
    "netProfitMargin" : 9.33,
    "netProfit" : 1799.12
  }, {
    "date" : "2018-03-31",
    "sales" : 21165.60,
    "salesGrowthYoY" : 15.45,
    "grossProfitMargin" : 32.08,
    "grossProfit" : 6789.92,
    "operatingProfitMargin" : 14.24,
    "operatingProfit" : 3013.98,
    "netProfitMargin" : 8.89,
    "netProfit" : 1881.62
  }, {
    "date" : "2018-06-30",
    "sales" : 22459.40,
    "salesGrowthYoY" : 28.01,
    "grossProfitMargin" : 30.98,
    "grossProfit" : 6957.92,
    "operatingProfitMargin" : 14.92,
    "operatingProfit" : 3350.94,
    "netProfitMargin" : 8.79,
    "netProfit" : 1974.18
  }, {
    "date" : "2018-09-30",
    "sales" : 22433.20,
    "salesGrowthYoY" : 3.05,
    "grossProfitMargin" : 31.86,
    "grossProfit" : 7147.22,
    "operatingProfitMargin" : 15.30,
    "operatingProfit" : 3432.28,
    "netProfitMargin" : 9.99,
    "netProfit" : 2241.08
  }, {
    "date" : "2018-12-31",
    "sales" : 19668.30,
    "salesGrowthYoY" : 2.00,
    "grossProfitMargin" : 28.60,
    "grossProfit" : 5625.13,
    "operatingProfitMargin" : 9.82,
    "operatingProfit" : 1931.43,
    "netProfitMargin" : 7.57,
    "netProfit" : 1488.89
  }, {
    "date" : "2019-03-31",
    "sales" : 21459.40,
    "salesGrowthYoY" : 1.39,
    "grossProfitMargin" : 28.13,
    "grossProfit" : 6036.53,
    "operatingProfitMargin" : 10.55,
    "operatingProfit" : 2263.97,
    "netProfitMargin" : 8.37,
    "netProfit" : 1796.15
  }, {
    "date" : "2019-06-30",
    "sales" : 19719.80,
    "salesGrowthYoY" : -12.20,
    "grossProfitMargin" : 28.54,
    "grossProfit" : 5628.03,
    "operatingProfitMargin" : 10.38,
    "operatingProfit" : 2046.92,
    "netProfitMargin" : 7.28,
    "netProfit" : 1435.60
  }, {
    "date" : "2019-09-30",
    "sales" : 16985.30,
    "salesGrowthYoY" : -24.28,
    "grossProfitMargin" : 30.15,
    "grossProfit" : 5121.07,
    "operatingProfitMargin" : 9.46,
    "operatingProfit" : 1606.81,
    "netProfitMargin" : 8.00,
    "netProfit" : 1358.82
  }, {
    "date" : "2019-12-31",
    "sales" : 20706.80,
    "salesGrowthYoY" : 5.28,
    "grossProfitMargin" : 29.10,
    "grossProfit" : 6025.68,
    "operatingProfitMargin" : 10.15,
    "operatingProfit" : 2101.74,
    "netProfitMargin" : 7.56,
    "netProfit" : 1565.43
  }, {
    "date" : "2020-03-31",
    "sales" : 18198.70,
    "salesGrowthYoY" : -15.19,
    "grossProfitMargin" : 29.71,
    "grossProfit" : 5406.83,
    "operatingProfitMargin" : 8.50,
    "operatingProfit" : 1546.89,
    "netProfitMargin" : 7.10,
    "netProfit" : 1292.11
  }, {
    "date" : "2020-06-30",
    "sales" : 4106.50,
    "salesGrowthYoY" : -79.18,
    "grossProfitMargin" : 28.49,
    "grossProfit" : 1169.94,
    "operatingProfitMargin" : -21.03,
    "operatingProfit" : -863.60,
    "netProfitMargin" : -6.07,
    "netProfit" : -249.26
  }, {
    "date" : "2020-09-30",
    "sales" : 18744.50,
    "salesGrowthYoY" : 10.36,
    "grossProfitMargin" : 30.04,
    "grossProfit" : 5630.85,
    "operatingProfitMargin" : 10.32,
    "operatingProfit" : 1934.43,
    "netProfitMargin" : 7.32,
    "netProfit" : 1372.10
  }, {
    "date" : "2020-12-31",
    "sales" : 23457.80,
    "salesGrowthYoY" : 13.29,
    "grossProfitMargin" : 27.46,
    "grossProfit" : 6441.51,
    "operatingProfitMargin" : 9.49,
    "operatingProfit" : 2226.15,
    "netProfitMargin" : 8.28,
    "netProfit" : 1942.31
  }, {
    "date" : "2021-03-31",
    "sales" : 24023.70,
    "salesGrowthYoY" : 32.01,
    "grossProfitMargin" : 26.11,
    "grossProfit" : 6272.59,
    "operatingProfitMargin" : 8.29,
    "operatingProfit" : 1991.56,
    "netProfitMargin" : 4.85,
    "netProfit" : 1165.15
  }, {
    "date" : "2021-06-30",
    "sales" : 17770.70,
    "salesGrowthYoY" : 332.75,
    "grossProfitMargin" : 25.21,
    "grossProfit" : 4479.99,
    "operatingProfitMargin" : 4.62,
    "operatingProfit" : 821.01,
    "netProfitMargin" : 2.48,
    "netProfit" : 440.71
  }, {
    "date" : "2021-09-30",
    "sales" : 20538.90,
    "salesGrowthYoY" : 9.57,
    "grossProfitMargin" : 24.16,
    "grossProfit" : 4962.20,
    "operatingProfitMargin" : 4.16,
    "operatingProfit" : 854.42,
    "netProfitMargin" : 2.31,
    "netProfit" : 474.45
  }, {
    "date" : "2021-12-31",
    "sales" : 23246.00,
    "salesGrowthYoY" : -0.90,
    "grossProfitMargin" : 24.70,
    "grossProfit" : 5741.76,
    "operatingProfitMargin" : 6.71,
    "operatingProfit" : 1559.81,
    "netProfitMargin" : 4.35,
    "netProfit" : 1011.20
  }, {
    "date" : "2022-03-31",
    "sales" : 26740.00,
    "salesGrowthYoY" : 11.31,
    "grossProfitMargin" : 26.45,
    "grossProfit" : 7072.73,
    "operatingProfitMargin" : 9.08,
    "operatingProfit" : 2427.99,
    "netProfitMargin" : 6.88,
    "netProfit" : 1839.71
  }, {
    "date" : "2022-06-30",
    "sales" : 26499.80,
    "salesGrowthYoY" : 49.12,
    "grossProfitMargin" : 25.39,
    "grossProfit" : 6728.30,
    "operatingProfitMargin" : 7.22,
    "operatingProfit" : 1913.29,
    "netProfitMargin" : 3.82,
    "netProfit" : 1012.29
  }, {
    "date" : "2022-09-30",
    "sales" : 29930.80,
    "salesGrowthYoY" : 45.73,
    "grossProfitMargin" : 26.90,
    "grossProfit" : 8051.39,
    "operatingProfitMargin" : 9.25,
    "operatingProfit" : 2768.60,
    "netProfitMargin" : 6.89,
    "netProfit" : 2062.23
  }, {
    "date" : "2022-12-31",
    "sales" : 29044.30,
    "salesGrowthYoY" : 24.94,
    "grossProfitMargin" : 27.33,
    "grossProfit" : 7937.81,
    "operatingProfitMargin" : 9.75,
    "operatingProfit" : 2831.82,
    "netProfitMargin" : 8.10,
    "netProfit" : 2352.59
  }, {
    "date" : "2023-03-31",
    "sales" : 32048.00,
    "salesGrowthYoY" : 19.85,
    "grossProfitMargin" : 26.71,
    "grossProfit" : 8560.02,
    "operatingProfitMargin" : 10.45,
    "operatingProfit" : 3349.02,
    "netProfitMargin" : 8.19,
    "netProfit" : 2624.73
  }, {
    "date" : "2023-06-30",
    "sales" : 32326.90,
    "salesGrowthYoY" : 21.99,
    "grossProfitMargin" : 27.21,
    "grossProfit" : 8796.15,
    "operatingProfitMargin" : 9.23,
    "operatingProfit" : 2983.77,
    "netProfitMargin" : 7.69,
    "netProfit" : 2485.94
  }, {
    "date" : "2023-09-30",
    "sales" : 37062.10,
    "salesGrowthYoY" : 23.83,
    "grossProfitMargin" : 29.39,
    "grossProfit" : 10892.55,
    "operatingProfitMargin" : 12.91,
    "operatingProfit" : 4784.72,
    "netProfitMargin" : 10.03,
    "netProfit" : 3717.33
  }, {
    "date" : "2023-12-31",
    "sales" : 33308.70,
    "salesGrowthYoY" : 14.68,
    "grossProfitMargin" : 29.09,
    "grossProfit" : 9689.50,
    "operatingProfitMargin" : 11.73,
    "operatingProfit" : 3907.11,
    "netProfitMargin" : 9.40,
    "netProfit" : 3131.02
  }, {
    "date" : "2024-03-31",
    "sales" : 38234.90,
    "salesGrowthYoY" : 19.31,
    "grossProfitMargin" : 28.63,
    "grossProfit" : 10946.65,
    "operatingProfitMargin" : 12.25,
    "operatingProfit" : 4683.78,
    "netProfitMargin" : 10.14,
    "netProfit" : 3877.02
  }, {
    "date" : "2024-06-30",
    "sales" : 35531.40,
    "salesGrowthYoY" : 9.91,
    "grossProfitMargin" : 29.83,
    "grossProfit" : 10599.02,
    "operatingProfitMargin" : 12.67,
    "operatingProfit" : 4501.83,
    "netProfitMargin" : 10.27,
    "netProfit" : 3649.07
  }, {
    "date" : "2024-09-30",
    "sales" : 37202.80,
    "salesGrowthYoY" : 0.38,
    "grossProfitMargin" : 28.11,
    "grossProfit" : 10457.71,
    "operatingProfitMargin" : 11.87,
    "operatingProfit" : 4415.97,
    "netProfitMargin" : 8.25,
    "netProfit" : 3069.23
  }, {
    "date" : "2024-12-31",
    "sales" : 38752.30,
    "salesGrowthYoY" : 16.34,
    "grossProfitMargin" : 29.54,
    "grossProfit" : 11447.43,
    "operatingProfitMargin" : 13.07,
    "operatingProfit" : 5064.93,
    "netProfitMargin" : 9.44,
    "netProfit" : 3658.22
  }, {
    "date" : "2025-03-31",
    "sales" : 40673.80,
    "salesGrowthYoY" : 6.38,
    "grossProfitMargin" : 28.12,
    "grossProfit" : 11437.47,
    "operatingProfitMargin" : 10.49,
    "operatingProfit" : 4266.68,
    "netProfitMargin" : 9.12,
    "netProfit" : 3709.45
  }, {
    "date" : "2025-06-30",
    "sales" : 38413.60,
    "salesGrowthYoY" : 8.11,
    "grossProfitMargin" : 27.81,
    "grossProfit" : 10682.82,
    "operatingProfitMargin" : 10.40,
    "operatingProfit" : 3995.01,
    "netProfitMargin" : 9.66,
    "netProfit" : 3710.75
  }, {
    "date" : "2025-09-30",
    "sales" : 42332.30,
    "salesGrowthYoY" : 13.79,
    "grossProfitMargin" : 28.05,
    "grossProfit" : 11874.21,
    "operatingProfitMargin" : 12.01,
    "operatingProfit" : 5084.11,
    "netProfitMargin" : 7.80,
    "netProfit" : 3301.92
  }, {
    "date" : "2025-12-31",
    "sales" : 49891.50,
    "salesGrowthYoY" : 28.74,
    "grossProfitMargin" : 27.31,
    "grossProfit" : 13625.37,
    "operatingProfitMargin" : 11.17,
    "operatingProfit" : 5572.88,
    "netProfitMargin" : 7.60,
    "netProfit" : 3791.75
  } ],
  "latestQuarterlyResult" : {
    "date" : "2025-12-31",
    "sales" : 49891.50,
    "salesGrowthYoY" : 28.74,
    "grossProfitMargin" : 27.31,
    "grossProfit" : 13625.37,
    "operatingProfitMargin" : 11.17,
    "operatingProfit" : 5572.88,
    "netProfitMargin" : 7.60,
    "netProfit" : 3791.75
  },
  "companyScore" : {
    "priceHigherThanDma50" : 0.00,
    "priceHigherThanDma100" : 0.00,
    "priceHigherThanDma200" : 5.00,
    "dma50HigherThanDma100" : 0.00,
    "dma50HigherThanDma200" : 5.00,
    "dma100HigherThanDma200" : 5.00,
    "pricePercentageAboveDma50" : 5.21,
    "pricePercentageAboveDma100" : 5.33,
    "pricePercentageAboveDma200" : 4.96,
    "weeklyVolumeHigherThanYearlyVolume" : 0.00,
    "salesGrowthPercentile" : 16.75,
    "operatingProfitMarginPercentile" : 16.94,
    "netProfitMarginPercentile" : 7.01,
    "totalTechnicalScore" : 30.50,
    "totalFundamentalScore" : 40.70,
    "totalScore" : 71.19
  }
}