{
  "metadata" : {
    "screenerCompanyId" : "2035",
    "companyCode" : "MFSL",
    "companyName" : "Max Financial",
    "screenerCompanyLink" : "https://www.screener.in/company/MFSL/consolidated/",
    "screenerTechnicalHistoryLink" : "https://www.screener.in/api/company/2035/chart/?q=Price-DMA50-DMA200-Volume&days=365",
    "screenerQuarterlyResultsLink" : "https://www.screener.in/api/company/2035/chart/?q=GPM-OPM-NPM-Quarter+Sales&days=10000",
    "attributes" : {
      "companyCode" : "MFSL",
      "companyName" : "Max Financial",
      "marketCap" : 62601.00,
      "peRatio" : 436.00,
      "description" : "Max Financial Services Limited incorporated on 24 February, 1988 is part of India’s leading business conglomerate – the Max Group. Company is primarily engaged in growing and nurturing business investments and providing management advisory services to Indian group companies.[1] It owns and actively manages an 81.83% majority stake in Max Life Insurance, India’s largest non-bank life insurer and 4th largest private life insurance company. [2]"
    },
    "companyScore" : {
      "priceHigherThanDma50" : 5.00,
      "priceHigherThanDma100" : 5.00,
      "priceHigherThanDma200" : 5.00,
      "dma50HigherThanDma100" : 5.00,
      "dma50HigherThanDma200" : 5.00,
      "dma100HigherThanDma200" : 5.00,
      "pricePercentageAboveDma50" : 4.57,
      "pricePercentageAboveDma100" : 4.48,
      "pricePercentageAboveDma200" : 4.16,
      "weeklyVolumeHigherThanYearlyVolume" : 5.00,
      "salesGrowthPercentile" : 4.75,
      "operatingProfitMarginPercentile" : 16.75,
      "netProfitMarginPercentile" : 9.69,
      "totalTechnicalScore" : 48.21,
      "totalFundamentalScore" : 31.19,
      "totalScore" : 79.41
    }
  },
  "attributes" : {
    "companyCode" : "MFSL",
    "companyName" : "Max Financial",
    "marketCap" : 62601.00,
    "peRatio" : 436.00,
    "description" : "Max Financial Services Limited incorporated on 24 February, 1988 is part of India’s leading business conglomerate – the Max Group. Company is primarily engaged in growing and nurturing business investments and providing management advisory services to Indian group companies.[1] It owns and actively manages an 81.83% majority stake in Max Life Insurance, India’s largest non-bank life insurer and 4th largest private life insurance company. [2]"
  },
  "technicalHistory" : [ {
    "date" : "2025-02-13",
    "price" : 1079.85,
    "dma50" : 1101.89,
    "dma100" : null,
    "dma200" : 1086.76,
    "volume" : 922678.00
  }, {
    "date" : "2025-02-14",
    "price" : 1057.85,
    "dma50" : 1100.16,
    "dma100" : null,
    "dma200" : 1086.48,
    "volume" : 215816.00
  }, {
    "date" : "2025-02-17",
    "price" : 1065.65,
    "dma50" : 1098.81,
    "dma100" : null,
    "dma200" : 1086.27,
    "volume" : 397547.00
  }, {
    "date" : "2025-02-18",
    "price" : 1062.05,
    "dma50" : 1097.37,
    "dma100" : null,
    "dma200" : 1086.03,
    "volume" : 220350.00
  }, {
    "date" : "2025-02-19",
    "price" : 1047.15,
    "dma50" : 1095.40,
    "dma100" : null,
    "dma200" : 1085.64,
    "volume" : 543492.00
  }, {
    "date" : "2025-02-20",
    "price" : 1046.25,
    "dma50" : 1093.47,
    "dma100" : null,
    "dma200" : 1085.25,
    "volume" : 498809.00
  }, {
    "date" : "2025-02-21",
    "price" : 1052.20,
    "dma50" : 1091.85,
    "dma100" : null,
    "dma200" : 1084.92,
    "volume" : 914645.00
  }, {
    "date" : "2025-02-24",
    "price" : 1036.30,
    "dma50" : 1089.67,
    "dma100" : null,
    "dma200" : 1084.44,
    "volume" : 967819.00
  }, {
    "date" : "2025-02-25",
    "price" : 1015.80,
    "dma50" : 1086.78,
    "dma100" : null,
    "dma200" : 1083.75,
    "volume" : 1272216.00
  }, {
    "date" : "2025-02-27",
    "price" : 1026.10,
    "dma50" : 1084.40,
    "dma100" : null,
    "dma200" : 1083.18,
    "volume" : 2244285.00
  }, {
    "date" : "2025-02-28",
    "price" : 998.10,
    "dma50" : 1081.01,
    "dma100" : null,
    "dma200" : 1082.33,
    "volume" : 1044028.00
  }, {
    "date" : "2025-03-03",
    "price" : 986.50,
    "dma50" : 1077.31,
    "dma100" : null,
    "dma200" : 1081.38,
    "volume" : 1800999.00
  }, {
    "date" : "2025-03-04",
    "price" : 1003.30,
    "dma50" : 1074.40,
    "dma100" : null,
    "dma200" : 1080.60,
    "volume" : 3327348.00
  }, {
    "date" : "2025-03-05",
    "price" : 1014.55,
    "dma50" : 1072.06,
    "dma100" : null,
    "dma200" : 1079.95,
    "volume" : 2047952.00
  }, {
    "date" : "2025-03-06",
    "price" : 1025.40,
    "dma50" : 1070.23,
    "dma100" : null,
    "dma200" : 1079.40,
    "volume" : 861039.00
  }, {
    "date" : "2025-03-07",
    "price" : 1036.60,
    "dma50" : 1068.91,
    "dma100" : null,
    "dma200" : 1078.98,
    "volume" : 650204.00
  }, {
    "date" : "2025-03-10",
    "price" : 1039.90,
    "dma50" : 1067.77,
    "dma100" : null,
    "dma200" : 1078.59,
    "volume" : 403881.00
  }, {
    "date" : "2025-03-11",
    "price" : 1086.00,
    "dma50" : 1068.49,
    "dma100" : null,
    "dma200" : 1078.66,
    "volume" : 2345661.00
  }, {
    "date" : "2025-03-12",
    "price" : 1061.80,
    "dma50" : 1068.22,
    "dma100" : null,
    "dma200" : 1078.49,
    "volume" : 2203101.00
  }, {
    "date" : "2025-03-13",
    "price" : 1052.55,
    "dma50" : 1067.61,
    "dma100" : null,
    "dma200" : 1078.24,
    "volume" : 159388.00
  }, {
    "date" : "2025-03-17",
    "price" : 1040.10,
    "dma50" : 1066.53,
    "dma100" : null,
    "dma200" : 1077.86,
    "volume" : 1572237.00
  }, {
    "date" : "2025-03-18",
    "price" : 1075.80,
    "dma50" : 1066.89,
    "dma100" : null,
    "dma200" : 1077.84,
    "volume" : 530297.00
  }, {
    "date" : "2025-03-19",
    "price" : 1102.20,
    "dma50" : 1068.28,
    "dma100" : null,
    "dma200" : 1078.08,
    "volume" : 528579.00
  }, {
    "date" : "2025-03-20",
    "price" : 1121.50,
    "dma50" : 1070.36,
    "dma100" : null,
    "dma200" : 1078.51,
    "volume" : 863373.00
  }, {
    "date" : "2025-03-21",
    "price" : 1140.05,
    "dma50" : 1073.10,
    "dma100" : null,
    "dma200" : 1079.12,
    "volume" : 1133479.00
  }, {
    "date" : "2025-03-24",
    "price" : 1157.35,
    "dma50" : 1076.40,
    "dma100" : null,
    "dma200" : 1079.90,
    "volume" : 517708.00
  }, {
    "date" : "2025-03-25",
    "price" : 1138.45,
    "dma50" : 1078.83,
    "dma100" : null,
    "dma200" : 1080.48,
    "volume" : 861310.00
  }, {
    "date" : "2025-03-26",
    "price" : 1117.60,
    "dma50" : 1080.36,
    "dma100" : null,
    "dma200" : 1080.85,
    "volume" : 595063.00
  }, {
    "date" : "2025-03-27",
    "price" : 1147.30,
    "dma50" : 1082.98,
    "dma100" : null,
    "dma200" : 1081.51,
    "volume" : 788509.00
  }, {
    "date" : "2025-03-28",
    "price" : 1147.70,
    "dma50" : 1085.52,
    "dma100" : null,
    "dma200" : 1082.17,
    "volume" : 472453.00
  }, {
    "date" : "2025-04-01",
    "price" : 1141.75,
    "dma50" : 1087.72,
    "dma100" : null,
    "dma200" : 1082.77,
    "volume" : 402473.00
  }, {
    "date" : "2025-04-02",
    "price" : 1144.30,
    "dma50" : 1089.94,
    "dma100" : null,
    "dma200" : 1083.38,
    "volume" : 321595.00
  }, {
    "date" : "2025-04-03",
    "price" : 1147.80,
    "dma50" : 1092.21,
    "dma100" : null,
    "dma200" : 1084.02,
    "volume" : 761207.00
  }, {
    "date" : "2025-04-04",
    "price" : 1165.05,
    "dma50" : 1095.07,
    "dma100" : null,
    "dma200" : 1084.82,
    "volume" : 915541.00
  }, {
    "date" : "2025-04-07",
    "price" : 1128.45,
    "dma50" : 1096.38,
    "dma100" : null,
    "dma200" : 1085.26,
    "volume" : 628875.00
  }, {
    "date" : "2025-04-08",
    "price" : 1132.35,
    "dma50" : 1097.79,
    "dma100" : null,
    "dma200" : 1085.73,
    "volume" : 1776026.00
  }, {
    "date" : "2025-04-09",
    "price" : 1164.55,
    "dma50" : 1100.41,
    "dma100" : null,
    "dma200" : 1086.51,
    "volume" : 860061.00
  }, {
    "date" : "2025-04-11",
    "price" : 1163.30,
    "dma50" : 1102.87,
    "dma100" : null,
    "dma200" : 1087.28,
    "volume" : 660019.00
  }, {
    "date" : "2025-04-15",
    "price" : 1195.30,
    "dma50" : 1106.50,
    "dma100" : null,
    "dma200" : 1088.35,
    "volume" : 1167331.00
  }, {
    "date" : "2025-04-16",
    "price" : 1209.70,
    "dma50" : 1110.54,
    "dma100" : null,
    "dma200" : 1089.56,
    "volume" : 547460.00
  }, {
    "date" : "2025-04-17",
    "price" : 1218.00,
    "dma50" : 1114.76,
    "dma100" : null,
    "dma200" : 1090.84,
    "volume" : 3150307.00
  }, {
    "date" : "2025-04-21",
    "price" : 1237.40,
    "dma50" : 1119.57,
    "dma100" : null,
    "dma200" : 1092.29,
    "volume" : 4317433.00
  }, {
    "date" : "2025-04-22",
    "price" : 1236.00,
    "dma50" : 1124.13,
    "dma100" : null,
    "dma200" : 1093.72,
    "volume" : 1665122.00
  }, {
    "date" : "2025-04-23",
    "price" : 1241.00,
    "dma50" : 1128.72,
    "dma100" : null,
    "dma200" : 1095.19,
    "volume" : 393598.00
  }, {
    "date" : "2025-04-24",
    "price" : 1247.70,
    "dma50" : 1133.38,
    "dma100" : null,
    "dma200" : 1096.71,
    "volume" : 491628.00
  }, {
    "date" : "2025-04-25",
    "price" : 1266.40,
    "dma50" : 1138.60,
    "dma100" : null,
    "dma200" : 1098.40,
    "volume" : 1798595.00
  }, {
    "date" : "2025-04-28",
    "price" : 1283.10,
    "dma50" : 1144.27,
    "dma100" : null,
    "dma200" : 1100.23,
    "volume" : 1347807.00
  }, {
    "date" : "2025-04-29",
    "price" : 1306.80,
    "dma50" : 1150.64,
    "dma100" : null,
    "dma200" : 1102.29,
    "volume" : 1128839.00
  }, {
    "date" : "2025-04-30",
    "price" : 1305.00,
    "dma50" : 1156.69,
    "dma100" : null,
    "dma200" : 1104.31,
    "volume" : 695123.00
  }, {
    "date" : "2025-05-02",
    "price" : 1303.30,
    "dma50" : 1162.44,
    "dma100" : null,
    "dma200" : 1106.29,
    "volume" : 682267.00
  }, {
    "date" : "2025-05-05",
    "price" : 1283.20,
    "dma50" : 1167.18,
    "dma100" : null,
    "dma200" : 1108.05,
    "volume" : 960996.00
  }, {
    "date" : "2025-05-06",
    "price" : 1269.20,
    "dma50" : 1171.18,
    "dma100" : null,
    "dma200" : 1109.65,
    "volume" : 599678.00
  }, {
    "date" : "2025-05-07",
    "price" : 1289.80,
    "dma50" : 1175.83,
    "dma100" : null,
    "dma200" : 1111.44,
    "volume" : 827100.00
  }, {
    "date" : "2025-05-08",
    "price" : 1271.20,
    "dma50" : 1179.57,
    "dma100" : null,
    "dma200" : 1113.03,
    "volume" : 594691.00
  }, {
    "date" : "2025-05-09",
    "price" : 1268.20,
    "dma50" : 1183.05,
    "dma100" : null,
    "dma200" : 1114.58,
    "volume" : 527604.00
  }, {
    "date" : "2025-05-12",
    "price" : 1293.00,
    "dma50" : 1187.36,
    "dma100" : null,
    "dma200" : 1116.35,
    "volume" : 524519.00
  }, {
    "date" : "2025-05-13",
    "price" : 1290.10,
    "dma50" : 1191.39,
    "dma100" : null,
    "dma200" : 1118.08,
    "volume" : 669790.00
  }, {
    "date" : "2025-05-14",
    "price" : 1338.20,
    "dma50" : 1197.14,
    "dma100" : null,
    "dma200" : 1120.27,
    "volume" : 2710991.00
  }, {
    "date" : "2025-05-15",
    "price" : 1358.40,
    "dma50" : 1203.47,
    "dma100" : null,
    "dma200" : 1122.64,
    "volume" : 1395159.00
  }, {
    "date" : "2025-05-16",
    "price" : 1355.20,
    "dma50" : 1209.42,
    "dma100" : null,
    "dma200" : 1124.95,
    "volume" : 937911.00
  }, {
    "date" : "2025-05-19",
    "price" : 1390.90,
    "dma50" : 1216.54,
    "dma100" : null,
    "dma200" : 1127.60,
    "volume" : 2047215.00
  }, {
    "date" : "2025-05-20",
    "price" : 1377.40,
    "dma50" : 1222.84,
    "dma100" : null,
    "dma200" : 1130.09,
    "volume" : 929719.00
  }, {
    "date" : "2025-05-21",
    "price" : 1396.70,
    "dma50" : 1229.66,
    "dma100" : null,
    "dma200" : 1132.74,
    "volume" : 1441546.00
  }, {
    "date" : "2025-05-22",
    "price" : 1414.00,
    "dma50" : 1236.89,
    "dma100" : null,
    "dma200" : 1135.54,
    "volume" : 3274161.00
  }, {
    "date" : "2025-05-23",
    "price" : 1470.00,
    "dma50" : 1246.03,
    "dma100" : null,
    "dma200" : 1138.87,
    "volume" : 7239559.00
  }, {
    "date" : "2025-05-26",
    "price" : 1476.50,
    "dma50" : 1255.07,
    "dma100" : null,
    "dma200" : 1142.22,
    "volume" : 1551614.00
  }, {
    "date" : "2025-05-27",
    "price" : 1484.10,
    "dma50" : 1264.05,
    "dma100" : null,
    "dma200" : 1145.63,
    "volume" : 974573.00
  }, {
    "date" : "2025-05-28",
    "price" : 1503.50,
    "dma50" : 1273.44,
    "dma100" : null,
    "dma200" : 1149.19,
    "volume" : 829977.00
  }, {
    "date" : "2025-05-29",
    "price" : 1489.60,
    "dma50" : 1281.92,
    "dma100" : null,
    "dma200" : 1152.57,
    "volume" : 1679250.00
  }, {
    "date" : "2025-05-30",
    "price" : 1502.70,
    "dma50" : 1290.58,
    "dma100" : null,
    "dma200" : 1156.06,
    "volume" : 1182730.00
  }, {
    "date" : "2025-06-02",
    "price" : 1522.30,
    "dma50" : 1299.66,
    "dma100" : null,
    "dma200" : 1159.70,
    "volume" : 1082715.00
  }, {
    "date" : "2025-06-03",
    "price" : 1513.20,
    "dma50" : 1308.04,
    "dma100" : null,
    "dma200" : 1163.22,
    "volume" : 1019881.00
  }, {
    "date" : "2025-06-04",
    "price" : 1505.50,
    "dma50" : 1315.78,
    "dma100" : null,
    "dma200" : 1166.63,
    "volume" : 953986.00
  }, {
    "date" : "2025-06-05",
    "price" : 1504.20,
    "dma50" : 1323.17,
    "dma100" : null,
    "dma200" : 1169.98,
    "volume" : 1302357.00
  }, {
    "date" : "2025-06-06",
    "price" : 1508.10,
    "dma50" : 1330.42,
    "dma100" : null,
    "dma200" : 1173.35,
    "volume" : 1851522.00
  }, {
    "date" : "2025-06-09",
    "price" : 1524.50,
    "dma50" : 1338.03,
    "dma100" : null,
    "dma200" : 1176.84,
    "volume" : 661463.00
  }, {
    "date" : "2025-06-10",
    "price" : 1522.90,
    "dma50" : 1345.28,
    "dma100" : null,
    "dma200" : 1180.29,
    "volume" : 662364.00
  }, {
    "date" : "2025-06-11",
    "price" : 1536.10,
    "dma50" : 1352.77,
    "dma100" : null,
    "dma200" : 1183.83,
    "volume" : 649766.00
  }, {
    "date" : "2025-06-12",
    "price" : 1514.40,
    "dma50" : 1359.10,
    "dma100" : null,
    "dma200" : 1187.12,
    "volume" : 375378.00
  }, {
    "date" : "2025-06-13",
    "price" : 1526.00,
    "dma50" : 1365.65,
    "dma100" : null,
    "dma200" : 1190.49,
    "volume" : 735153.00
  }, {
    "date" : "2025-06-16",
    "price" : 1577.00,
    "dma50" : 1373.94,
    "dma100" : null,
    "dma200" : 1194.33,
    "volume" : 1870170.00
  }, {
    "date" : "2025-06-17",
    "price" : 1585.80,
    "dma50" : 1382.25,
    "dma100" : null,
    "dma200" : 1198.23,
    "volume" : 1169538.00
  }, {
    "date" : "2025-06-18",
    "price" : 1586.60,
    "dma50" : 1390.26,
    "dma100" : null,
    "dma200" : 1202.09,
    "volume" : 894505.00
  }, {
    "date" : "2025-06-19",
    "price" : 1576.30,
    "dma50" : 1397.56,
    "dma100" : null,
    "dma200" : 1205.82,
    "volume" : 529550.00
  }, {
    "date" : "2025-06-20",
    "price" : 1595.30,
    "dma50" : 1405.31,
    "dma100" : null,
    "dma200" : 1209.69,
    "volume" : 2012540.00
  }, {
    "date" : "2025-06-23",
    "price" : 1599.90,
    "dma50" : 1412.94,
    "dma100" : null,
    "dma200" : 1213.58,
    "volume" : 925277.00
  }, {
    "date" : "2025-06-24",
    "price" : 1618.40,
    "dma50" : 1421.00,
    "dma100" : null,
    "dma200" : 1217.60,
    "volume" : 511313.00
  }, {
    "date" : "2025-06-25",
    "price" : 1627.80,
    "dma50" : 1429.11,
    "dma100" : null,
    "dma200" : 1221.69,
    "volume" : 936703.00
  }, {
    "date" : "2025-06-26",
    "price" : 1634.30,
    "dma50" : 1437.16,
    "dma100" : null,
    "dma200" : 1225.79,
    "volume" : 553042.00
  }, {
    "date" : "2025-06-27",
    "price" : 1641.10,
    "dma50" : 1445.15,
    "dma100" : null,
    "dma200" : 1229.92,
    "volume" : 6428764.00
  }, {
    "date" : "2025-06-30",
    "price" : 1647.10,
    "dma50" : 1453.07,
    "dma100" : null,
    "dma200" : 1234.07,
    "volume" : 800312.00
  }, {
    "date" : "2025-07-01",
    "price" : 1653.90,
    "dma50" : 1460.95,
    "dma100" : null,
    "dma200" : 1238.25,
    "volume" : 780884.00
  }, {
    "date" : "2025-07-02",
    "price" : 1644.00,
    "dma50" : 1468.13,
    "dma100" : null,
    "dma200" : 1242.29,
    "volume" : 555584.00
  }, {
    "date" : "2025-07-03",
    "price" : 1618.90,
    "dma50" : 1474.04,
    "dma100" : null,
    "dma200" : 1246.04,
    "volume" : 382267.00
  }, {
    "date" : "2025-07-04",
    "price" : 1589.90,
    "dma50" : 1478.58,
    "dma100" : null,
    "dma200" : 1249.46,
    "volume" : 1232319.00
  }, {
    "date" : "2025-07-07",
    "price" : 1568.50,
    "dma50" : 1482.11,
    "dma100" : null,
    "dma200" : 1252.63,
    "volume" : 356729.00
  }, {
    "date" : "2025-07-08",
    "price" : 1572.00,
    "dma50" : 1485.63,
    "dma100" : null,
    "dma200" : 1255.81,
    "volume" : 778451.00
  }, {
    "date" : "2025-07-09",
    "price" : 1563.70,
    "dma50" : 1488.70,
    "dma100" : null,
    "dma200" : 1258.87,
    "volume" : 798854.00
  }, {
    "date" : "2025-07-10",
    "price" : 1582.80,
    "dma50" : 1492.39,
    "dma100" : null,
    "dma200" : 1262.10,
    "volume" : 927168.00
  }, {
    "date" : "2025-07-11",
    "price" : 1567.20,
    "dma50" : 1495.32,
    "dma100" : null,
    "dma200" : 1265.13,
    "volume" : 959390.00
  }, {
    "date" : "2025-07-14",
    "price" : 1578.50,
    "dma50" : 1498.58,
    "dma100" : 1314.67,
    "dma200" : 1268.25,
    "volume" : 1061696.00
  }, {
    "date" : "2025-07-15",
    "price" : 1582.80,
    "dma50" : 1501.88,
    "dma100" : 1319.92,
    "dma200" : 1271.38,
    "volume" : 757090.00
  }, {
    "date" : "2025-07-16",
    "price" : 1569.30,
    "dma50" : 1504.53,
    "dma100" : 1324.96,
    "dma200" : 1274.34,
    "volume" : 521198.00
  }, {
    "date" : "2025-07-17",
    "price" : 1537.60,
    "dma50" : 1505.83,
    "dma100" : 1329.72,
    "dma200" : 1276.96,
    "volume" : 2175121.00
  }, {
    "date" : "2025-07-18",
    "price" : 1539.10,
    "dma50" : 1507.13,
    "dma100" : 1334.64,
    "dma200" : 1279.57,
    "volume" : 645825.00
  }, {
    "date" : "2025-07-21",
    "price" : 1541.70,
    "dma50" : 1508.49,
    "dma100" : 1339.59,
    "dma200" : 1282.18,
    "volume" : 488269.00
  }, {
    "date" : "2025-07-22",
    "price" : 1562.40,
    "dma50" : 1510.60,
    "dma100" : 1344.69,
    "dma200" : 1284.97,
    "volume" : 996201.00
  }, {
    "date" : "2025-07-23",
    "price" : 1549.70,
    "dma50" : 1512.13,
    "dma100" : 1349.83,
    "dma200" : 1287.60,
    "volume" : 448342.00
  }, {
    "date" : "2025-07-24",
    "price" : 1525.80,
    "dma50" : 1512.67,
    "dma100" : 1354.93,
    "dma200" : 1289.97,
    "volume" : 481928.00
  }, {
    "date" : "2025-07-25",
    "price" : 1526.70,
    "dma50" : 1513.22,
    "dma100" : 1359.93,
    "dma200" : 1292.33,
    "volume" : 386934.00
  }, {
    "date" : "2025-07-28",
    "price" : 1527.50,
    "dma50" : 1513.78,
    "dma100" : 1365.23,
    "dma200" : 1294.67,
    "volume" : 321582.00
  }, {
    "date" : "2025-07-29",
    "price" : 1504.90,
    "dma50" : 1513.43,
    "dma100" : 1370.41,
    "dma200" : 1296.76,
    "volume" : 967533.00
  }, {
    "date" : "2025-07-30",
    "price" : 1508.20,
    "dma50" : 1513.23,
    "dma100" : 1375.46,
    "dma200" : 1298.86,
    "volume" : 670853.00
  }, {
    "date" : "2025-07-31",
    "price" : 1501.40,
    "dma50" : 1512.76,
    "dma100" : 1380.33,
    "dma200" : 1300.88,
    "volume" : 331473.00
  }, {
    "date" : "2025-08-01",
    "price" : 1472.50,
    "dma50" : 1511.18,
    "dma100" : 1384.80,
    "dma200" : 1302.59,
    "volume" : 479638.00
  }, {
    "date" : "2025-08-04",
    "price" : 1481.60,
    "dma50" : 1510.02,
    "dma100" : 1389.25,
    "dma200" : 1304.37,
    "volume" : 855564.00
  }, {
    "date" : "2025-08-05",
    "price" : 1475.40,
    "dma50" : 1508.67,
    "dma100" : 1393.60,
    "dma200" : 1306.07,
    "volume" : 285200.00
  }, {
    "date" : "2025-08-06",
    "price" : 1489.70,
    "dma50" : 1507.92,
    "dma100" : 1397.64,
    "dma200" : 1307.90,
    "volume" : 469401.00
  }, {
    "date" : "2025-08-07",
    "price" : 1504.90,
    "dma50" : 1507.80,
    "dma100" : 1402.07,
    "dma200" : 1309.86,
    "volume" : 274619.00
  }, {
    "date" : "2025-08-08",
    "price" : 1551.50,
    "dma50" : 1509.52,
    "dma100" : 1407.06,
    "dma200" : 1312.26,
    "volume" : 1458166.00
  }, {
    "date" : "2025-08-11",
    "price" : 1556.40,
    "dma50" : 1511.36,
    "dma100" : 1412.22,
    "dma200" : 1314.69,
    "volume" : 579731.00
  }, {
    "date" : "2025-08-12",
    "price" : 1588.40,
    "dma50" : 1514.38,
    "dma100" : 1417.35,
    "dma200" : 1317.42,
    "volume" : 556089.00
  }, {
    "date" : "2025-08-13",
    "price" : 1588.00,
    "dma50" : 1517.26,
    "dma100" : 1422.21,
    "dma200" : 1320.11,
    "volume" : 295766.00
  }, {
    "date" : "2025-08-14",
    "price" : 1598.30,
    "dma50" : 1520.44,
    "dma100" : 1426.98,
    "dma200" : 1322.88,
    "volume" : 348816.00
  }, {
    "date" : "2025-08-18",
    "price" : 1640.20,
    "dma50" : 1525.14,
    "dma100" : 1431.98,
    "dma200" : 1326.03,
    "volume" : 1413459.00
  }, {
    "date" : "2025-08-19",
    "price" : 1637.30,
    "dma50" : 1529.54,
    "dma100" : 1436.78,
    "dma200" : 1329.13,
    "volume" : 375700.00
  }, {
    "date" : "2025-08-20",
    "price" : 1643.60,
    "dma50" : 1534.01,
    "dma100" : 1441.83,
    "dma200" : 1332.26,
    "volume" : 132415.00
  }, {
    "date" : "2025-08-21",
    "price" : 1659.20,
    "dma50" : 1538.92,
    "dma100" : 1447.24,
    "dma200" : 1335.51,
    "volume" : 843402.00
  }, {
    "date" : "2025-08-22",
    "price" : 1638.70,
    "dma50" : 1542.83,
    "dma100" : 1452.16,
    "dma200" : 1338.53,
    "volume" : 454595.00
  }, {
    "date" : "2025-08-25",
    "price" : 1651.20,
    "dma50" : 1547.08,
    "dma100" : 1457.19,
    "dma200" : 1341.64,
    "volume" : 572473.00
  }, {
    "date" : "2025-08-26",
    "price" : 1622.80,
    "dma50" : 1550.05,
    "dma100" : 1462.00,
    "dma200" : 1344.44,
    "volume" : 452074.00
  }, {
    "date" : "2025-08-28",
    "price" : 1608.70,
    "dma50" : 1552.35,
    "dma100" : 1466.65,
    "dma200" : 1347.07,
    "volume" : 537314.00
  }, {
    "date" : "2025-08-29",
    "price" : 1602.20,
    "dma50" : 1554.31,
    "dma100" : 1471.19,
    "dma200" : 1349.61,
    "volume" : 348142.00
  }, {
    "date" : "2025-09-01",
    "price" : 1629.20,
    "dma50" : 1557.24,
    "dma100" : 1475.83,
    "dma200" : 1352.39,
    "volume" : 860510.00
  }, {
    "date" : "2025-09-02",
    "price" : 1623.90,
    "dma50" : 1559.86,
    "dma100" : 1480.79,
    "dma200" : 1355.09,
    "volume" : 430431.00
  }, {
    "date" : "2025-09-03",
    "price" : 1617.40,
    "dma50" : 1562.11,
    "dma100" : 1485.64,
    "dma200" : 1357.70,
    "volume" : 483903.00
  }, {
    "date" : "2025-09-04",
    "price" : 1566.00,
    "dma50" : 1562.27,
    "dma100" : 1489.65,
    "dma200" : 1359.77,
    "volume" : 1335467.00
  }, {
    "date" : "2025-09-05",
    "price" : 1577.40,
    "dma50" : 1562.86,
    "dma100" : 1493.79,
    "dma200" : 1361.94,
    "volume" : 572910.00
  }, {
    "date" : "2025-09-08",
    "price" : 1583.80,
    "dma50" : 1563.68,
    "dma100" : 1497.68,
    "dma200" : 1364.15,
    "volume" : 605323.00
  }, {
    "date" : "2025-09-09",
    "price" : 1597.50,
    "dma50" : 1565.01,
    "dma100" : 1501.56,
    "dma200" : 1366.47,
    "volume" : 801653.00
  }, {
    "date" : "2025-09-10",
    "price" : 1609.40,
    "dma50" : 1566.75,
    "dma100" : 1505.47,
    "dma200" : 1368.88,
    "volume" : 344496.00
  }, {
    "date" : "2025-09-11",
    "price" : 1605.40,
    "dma50" : 1568.26,
    "dma100" : 1509.15,
    "dma200" : 1371.24,
    "volume" : 252403.00
  }, {
    "date" : "2025-09-12",
    "price" : 1586.70,
    "dma50" : 1568.99,
    "dma100" : 1512.66,
    "dma200" : 1373.38,
    "volume" : 233783.00
  }, {
    "date" : "2025-09-15",
    "price" : 1581.20,
    "dma50" : 1569.47,
    "dma100" : 1516.06,
    "dma200" : 1375.45,
    "volume" : 353960.00
  }, {
    "date" : "2025-09-16",
    "price" : 1564.10,
    "dma50" : 1569.26,
    "dma100" : 1519.22,
    "dma200" : 1377.33,
    "volume" : 848406.00
  }, {
    "date" : "2025-09-17",
    "price" : 1538.00,
    "dma50" : 1568.03,
    "dma100" : 1521.94,
    "dma200" : 1378.93,
    "volume" : 643934.00
  }, {
    "date" : "2025-09-18",
    "price" : 1555.40,
    "dma50" : 1567.53,
    "dma100" : 1524.66,
    "dma200" : 1380.68,
    "volume" : 381522.00
  }, {
    "date" : "2025-09-19",
    "price" : 1561.70,
    "dma50" : 1567.31,
    "dma100" : 1527.21,
    "dma200" : 1382.48,
    "volume" : 578284.00
  }, {
    "date" : "2025-09-22",
    "price" : 1556.70,
    "dma50" : 1566.89,
    "dma100" : 1529.73,
    "dma200" : 1384.22,
    "volume" : 451572.00
  }, {
    "date" : "2025-09-23",
    "price" : 1584.50,
    "dma50" : 1567.58,
    "dma100" : 1532.54,
    "dma200" : 1386.21,
    "volume" : 391783.00
  }, {
    "date" : "2025-09-24",
    "price" : 1584.90,
    "dma50" : 1568.26,
    "dma100" : 1535.56,
    "dma200" : 1388.19,
    "volume" : 352839.00
  }, {
    "date" : "2025-09-25",
    "price" : 1565.60,
    "dma50" : 1568.16,
    "dma100" : 1538.52,
    "dma200" : 1389.95,
    "volume" : 459261.00
  }, {
    "date" : "2025-09-26",
    "price" : 1545.60,
    "dma50" : 1567.27,
    "dma100" : 1541.08,
    "dma200" : 1391.50,
    "volume" : 538293.00
  }, {
    "date" : "2025-09-29",
    "price" : 1559.80,
    "dma50" : 1566.98,
    "dma100" : 1543.97,
    "dma200" : 1393.17,
    "volume" : 716030.00
  }, {
    "date" : "2025-09-30",
    "price" : 1575.90,
    "dma50" : 1567.33,
    "dma100" : 1547.04,
    "dma200" : 1394.99,
    "volume" : 347536.00
  }, {
    "date" : "2025-10-01",
    "price" : 1621.90,
    "dma50" : 1569.47,
    "dma100" : 1550.33,
    "dma200" : 1397.25,
    "volume" : 784587.00
  }, {
    "date" : "2025-10-03",
    "price" : 1604.10,
    "dma50" : 1570.83,
    "dma100" : 1553.47,
    "dma200" : 1399.31,
    "volume" : 731342.00
  }, {
    "date" : "2025-10-06",
    "price" : 1605.40,
    "dma50" : 1572.18,
    "dma100" : 1556.14,
    "dma200" : 1401.36,
    "volume" : 388554.00
  }, {
    "date" : "2025-10-07",
    "price" : 1587.10,
    "dma50" : 1572.77,
    "dma100" : 1558.43,
    "dma200" : 1403.21,
    "volume" : 513118.00
  }, {
    "date" : "2025-10-08",
    "price" : 1568.70,
    "dma50" : 1572.61,
    "dma100" : 1560.57,
    "dma200" : 1404.85,
    "volume" : 333620.00
  }, {
    "date" : "2025-10-09",
    "price" : 1596.20,
    "dma50" : 1573.53,
    "dma100" : 1562.62,
    "dma200" : 1406.76,
    "volume" : 346142.00
  }, {
    "date" : "2025-10-10",
    "price" : 1581.70,
    "dma50" : 1573.85,
    "dma100" : 1564.66,
    "dma200" : 1408.50,
    "volume" : 535772.00
  }, {
    "date" : "2025-10-13",
    "price" : 1607.50,
    "dma50" : 1575.17,
    "dma100" : 1566.77,
    "dma200" : 1410.48,
    "volume" : 819211.00
  }, {
    "date" : "2025-10-14",
    "price" : 1611.10,
    "dma50" : 1576.58,
    "dma100" : 1568.74,
    "dma200" : 1412.48,
    "volume" : 664494.00
  }, {
    "date" : "2025-10-15",
    "price" : 1609.10,
    "dma50" : 1577.86,
    "dma100" : 1570.13,
    "dma200" : 1414.43,
    "volume" : 506946.00
  }, {
    "date" : "2025-10-16",
    "price" : 1552.40,
    "dma50" : 1576.86,
    "dma100" : 1570.89,
    "dma200" : 1415.80,
    "volume" : 990907.00
  }, {
    "date" : "2025-10-17",
    "price" : 1547.60,
    "dma50" : 1575.71,
    "dma100" : 1571.53,
    "dma200" : 1417.12,
    "volume" : 520595.00
  }, {
    "date" : "2025-10-20",
    "price" : 1533.30,
    "dma50" : 1574.05,
    "dma100" : 1571.82,
    "dma200" : 1418.27,
    "volume" : 353528.00
  }, {
    "date" : "2025-10-21",
    "price" : 1540.80,
    "dma50" : 1572.74,
    "dma100" : 1572.34,
    "dma200" : 1419.49,
    "volume" : 72968.00
  }, {
    "date" : "2025-10-23",
    "price" : 1531.80,
    "dma50" : 1571.14,
    "dma100" : 1572.63,
    "dma200" : 1420.61,
    "volume" : 755730.00
  }, {
    "date" : "2025-10-24",
    "price" : 1518.00,
    "dma50" : 1569.05,
    "dma100" : 1572.58,
    "dma200" : 1421.58,
    "volume" : 276105.00
  }, {
    "date" : "2025-10-27",
    "price" : 1513.60,
    "dma50" : 1566.88,
    "dma100" : 1572.59,
    "dma200" : 1422.49,
    "volume" : 1165785.00
  }, {
    "date" : "2025-10-28",
    "price" : 1524.10,
    "dma50" : 1565.20,
    "dma100" : 1572.77,
    "dma200" : 1423.50,
    "volume" : 745643.00
  }, {
    "date" : "2025-10-29",
    "price" : 1518.80,
    "dma50" : 1563.38,
    "dma100" : 1572.92,
    "dma200" : 1424.45,
    "volume" : 1145847.00
  }, {
    "date" : "2025-10-30",
    "price" : 1556.20,
    "dma50" : 1563.10,
    "dma100" : 1573.40,
    "dma200" : 1425.76,
    "volume" : 1351502.00
  }, {
    "date" : "2025-10-31",
    "price" : 1546.50,
    "dma50" : 1562.45,
    "dma100" : 1573.62,
    "dma200" : 1426.97,
    "volume" : 336693.00
  }, {
    "date" : "2025-11-03",
    "price" : 1559.90,
    "dma50" : 1562.35,
    "dma100" : 1573.99,
    "dma200" : 1428.29,
    "volume" : 597833.00
  }, {
    "date" : "2025-11-04",
    "price" : 1592.40,
    "dma50" : 1563.53,
    "dma100" : 1574.55,
    "dma200" : 1429.92,
    "volume" : 1169598.00
  }, {
    "date" : "2025-11-06",
    "price" : 1584.20,
    "dma50" : 1564.34,
    "dma100" : 1575.25,
    "dma200" : 1431.46,
    "volume" : 480906.00
  }, {
    "date" : "2025-11-07",
    "price" : 1618.10,
    "dma50" : 1566.45,
    "dma100" : 1576.17,
    "dma200" : 1433.31,
    "volume" : 360645.00
  }, {
    "date" : "2025-11-10",
    "price" : 1619.10,
    "dma50" : 1568.51,
    "dma100" : 1576.59,
    "dma200" : 1435.16,
    "volume" : 475099.00
  }, {
    "date" : "2025-11-11",
    "price" : 1635.50,
    "dma50" : 1571.14,
    "dma100" : 1577.09,
    "dma200" : 1437.16,
    "volume" : 698490.00
  }, {
    "date" : "2025-11-12",
    "price" : 1718.80,
    "dma50" : 1576.93,
    "dma100" : 1578.41,
    "dma200" : 1439.96,
    "volume" : 4295175.00
  }, {
    "date" : "2025-11-13",
    "price" : 1707.40,
    "dma50" : 1582.05,
    "dma100" : 1579.72,
    "dma200" : 1442.62,
    "volume" : 669850.00
  }, {
    "date" : "2025-11-14",
    "price" : 1673.40,
    "dma50" : 1585.63,
    "dma100" : 1580.51,
    "dma200" : 1444.91,
    "volume" : 703596.00
  }, {
    "date" : "2025-11-17",
    "price" : 1698.30,
    "dma50" : 1590.05,
    "dma100" : 1581.49,
    "dma200" : 1447.44,
    "volume" : 708806.00
  }, {
    "date" : "2025-11-18",
    "price" : 1679.80,
    "dma50" : 1593.57,
    "dma100" : 1582.10,
    "dma200" : 1449.75,
    "volume" : 730124.00
  }, {
    "date" : "2025-11-19",
    "price" : 1668.00,
    "dma50" : 1596.49,
    "dma100" : 1582.51,
    "dma200" : 1451.92,
    "volume" : 615031.00
  }, {
    "date" : "2025-11-20",
    "price" : 1692.60,
    "dma50" : 1600.25,
    "dma100" : 1583.09,
    "dma200" : 1454.31,
    "volume" : 523210.00
  }, {
    "date" : "2025-11-21",
    "price" : 1661.50,
    "dma50" : 1602.66,
    "dma100" : 1583.29,
    "dma200" : 1456.38,
    "volume" : 867451.00
  }, {
    "date" : "2025-11-24",
    "price" : 1679.60,
    "dma50" : 1605.67,
    "dma100" : 1583.62,
    "dma200" : 1458.60,
    "volume" : 1157838.00
  }, {
    "date" : "2025-11-25",
    "price" : 1697.90,
    "dma50" : 1609.29,
    "dma100" : 1584.06,
    "dma200" : 1460.98,
    "volume" : 820686.00
  }, {
    "date" : "2025-11-26",
    "price" : 1736.70,
    "dma50" : 1614.29,
    "dma100" : 1584.98,
    "dma200" : 1463.72,
    "volume" : 847437.00
  }, {
    "date" : "2025-11-27",
    "price" : 1728.40,
    "dma50" : 1618.76,
    "dma100" : 1586.08,
    "dma200" : 1466.36,
    "volume" : 596677.00
  }, {
    "date" : "2025-11-28",
    "price" : 1702.10,
    "dma50" : 1622.03,
    "dma100" : 1587.20,
    "dma200" : 1468.70,
    "volume" : 287949.00
  }, {
    "date" : "2025-12-01",
    "price" : 1713.40,
    "dma50" : 1625.61,
    "dma100" : 1588.65,
    "dma200" : 1471.14,
    "volume" : 173885.00
  }, {
    "date" : "2025-12-02",
    "price" : 1691.80,
    "dma50" : 1628.21,
    "dma100" : 1589.85,
    "dma200" : 1473.33,
    "volume" : 513495.00
  }, {
    "date" : "2025-12-03",
    "price" : 1664.80,
    "dma50" : 1629.64,
    "dma100" : 1590.86,
    "dma200" : 1475.24,
    "volume" : 278303.00
  }, {
    "date" : "2025-12-04",
    "price" : 1689.40,
    "dma50" : 1631.99,
    "dma100" : 1591.93,
    "dma200" : 1477.37,
    "volume" : 563480.00
  }, {
    "date" : "2025-12-05",
    "price" : 1690.20,
    "dma50" : 1634.27,
    "dma100" : 1593.16,
    "dma200" : 1479.49,
    "volume" : 423153.00
  }, {
    "date" : "2025-12-08",
    "price" : 1695.30,
    "dma50" : 1636.66,
    "dma100" : 1594.32,
    "dma200" : 1481.63,
    "volume" : 805036.00
  }, {
    "date" : "2025-12-09",
    "price" : 1690.90,
    "dma50" : 1638.79,
    "dma100" : 1595.40,
    "dma200" : 1483.72,
    "volume" : 476077.00
  }, {
    "date" : "2025-12-10",
    "price" : 1698.80,
    "dma50" : 1641.14,
    "dma100" : 1596.70,
    "dma200" : 1485.86,
    "volume" : 671053.00
  }, {
    "date" : "2025-12-11",
    "price" : 1703.60,
    "dma50" : 1643.59,
    "dma100" : 1598.36,
    "dma200" : 1488.02,
    "volume" : 374261.00
  }, {
    "date" : "2025-12-12",
    "price" : 1719.00,
    "dma50" : 1646.55,
    "dma100" : 1600.16,
    "dma200" : 1490.32,
    "volume" : 557340.00
  }, {
    "date" : "2025-12-15",
    "price" : 1698.30,
    "dma50" : 1648.58,
    "dma100" : 1601.72,
    "dma200" : 1492.39,
    "volume" : 532786.00
  }, {
    "date" : "2025-12-16",
    "price" : 1669.60,
    "dma50" : 1649.40,
    "dma100" : 1602.80,
    "dma200" : 1494.15,
    "volume" : 582597.00
  }, {
    "date" : "2025-12-17",
    "price" : 1663.90,
    "dma50" : 1649.97,
    "dma100" : 1603.94,
    "dma200" : 1495.84,
    "volume" : 351871.00
  }, {
    "date" : "2025-12-18",
    "price" : 1686.60,
    "dma50" : 1651.41,
    "dma100" : 1605.55,
    "dma200" : 1497.74,
    "volume" : 247610.00
  }, {
    "date" : "2025-12-19",
    "price" : 1689.90,
    "dma50" : 1652.92,
    "dma100" : 1607.18,
    "dma200" : 1499.65,
    "volume" : 608019.00
  }, {
    "date" : "2025-12-22",
    "price" : 1692.70,
    "dma50" : 1654.48,
    "dma100" : 1608.83,
    "dma200" : 1501.57,
    "volume" : 266823.00
  }, {
    "date" : "2025-12-23",
    "price" : 1697.60,
    "dma50" : 1656.17,
    "dma100" : 1610.76,
    "dma200" : 1503.52,
    "volume" : 246435.00
  }, {
    "date" : "2025-12-24",
    "price" : 1678.50,
    "dma50" : 1657.05,
    "dma100" : 1612.46,
    "dma200" : 1505.26,
    "volume" : 329067.00
  }, {
    "date" : "2025-12-26",
    "price" : 1672.00,
    "dma50" : 1657.63,
    "dma100" : 1614.17,
    "dma200" : 1506.92,
    "volume" : 185346.00
  }, {
    "date" : "2025-12-29",
    "price" : 1650.20,
    "dma50" : 1657.34,
    "dma100" : 1615.94,
    "dma200" : 1508.35,
    "volume" : 731817.00
  }, {
    "date" : "2025-12-30",
    "price" : 1634.40,
    "dma50" : 1656.44,
    "dma100" : 1617.47,
    "dma200" : 1509.60,
    "volume" : 3159714.00
  }, {
    "date" : "2025-12-31",
    "price" : 1671.80,
    "dma50" : 1657.04,
    "dma100" : 1619.44,
    "dma200" : 1511.22,
    "volume" : 701786.00
  }, {
    "date" : "2026-01-01",
    "price" : 1674.00,
    "dma50" : 1657.71,
    "dma100" : 1621.28,
    "dma200" : 1512.84,
    "volume" : 324590.00
  }, {
    "date" : "2026-01-02",
    "price" : 1671.00,
    "dma50" : 1658.23,
    "dma100" : 1622.94,
    "dma200" : 1514.41,
    "volume" : 317366.00
  }, {
    "date" : "2026-01-05",
    "price" : 1703.70,
    "dma50" : 1660.01,
    "dma100" : 1624.46,
    "dma200" : 1516.29,
    "volume" : 1191262.00
  }, {
    "date" : "2026-01-06",
    "price" : 1731.30,
    "dma50" : 1662.81,
    "dma100" : 1626.21,
    "dma200" : 1518.43,
    "volume" : 1374903.00
  }, {
    "date" : "2026-01-07",
    "price" : 1727.10,
    "dma50" : 1665.33,
    "dma100" : 1627.60,
    "dma200" : 1520.51,
    "volume" : 907412.00
  }, {
    "date" : "2026-01-08",
    "price" : 1695.10,
    "dma50" : 1666.50,
    "dma100" : 1628.67,
    "dma200" : 1522.25,
    "volume" : 570071.00
  }, {
    "date" : "2026-01-09",
    "price" : 1679.90,
    "dma50" : 1667.02,
    "dma100" : 1629.48,
    "dma200" : 1523.82,
    "volume" : 296022.00
  }, {
    "date" : "2026-01-12",
    "price" : 1662.30,
    "dma50" : 1666.84,
    "dma100" : 1629.71,
    "dma200" : 1525.19,
    "volume" : 349196.00
  }, {
    "date" : "2026-01-13",
    "price" : 1646.10,
    "dma50" : 1666.02,
    "dma100" : 1629.79,
    "dma200" : 1526.40,
    "volume" : 984079.00
  }, {
    "date" : "2026-01-14",
    "price" : 1649.10,
    "dma50" : 1665.36,
    "dma100" : 1629.85,
    "dma200" : 1527.62,
    "volume" : 526996.00
  }, {
    "date" : "2026-01-16",
    "price" : 1651.70,
    "dma50" : 1664.82,
    "dma100" : 1629.77,
    "dma200" : 1528.85,
    "volume" : 326006.00
  }, {
    "date" : "2026-01-19",
    "price" : 1652.20,
    "dma50" : 1664.33,
    "dma100" : 1629.91,
    "dma200" : 1530.08,
    "volume" : 293882.00
  }, {
    "date" : "2026-01-20",
    "price" : 1624.70,
    "dma50" : 1662.78,
    "dma100" : 1629.64,
    "dma200" : 1531.02,
    "volume" : 348277.00
  }, {
    "date" : "2026-01-21",
    "price" : 1619.80,
    "dma50" : 1661.09,
    "dma100" : 1629.61,
    "dma200" : 1531.90,
    "volume" : 771711.00
  }, {
    "date" : "2026-01-22",
    "price" : 1627.70,
    "dma50" : 1659.78,
    "dma100" : 1629.80,
    "dma200" : 1532.86,
    "volume" : 405650.00
  }, {
    "date" : "2026-01-23",
    "price" : 1599.00,
    "dma50" : 1657.40,
    "dma100" : 1629.77,
    "dma200" : 1533.52,
    "volume" : 390881.00
  }, {
    "date" : "2026-01-27",
    "price" : 1576.60,
    "dma50" : 1654.23,
    "dma100" : 1629.25,
    "dma200" : 1533.94,
    "volume" : 1361178.00
  }, {
    "date" : "2026-01-28",
    "price" : 1623.90,
    "dma50" : 1653.04,
    "dma100" : 1629.25,
    "dma200" : 1534.84,
    "volume" : 756234.00
  }, {
    "date" : "2026-01-29",
    "price" : 1585.00,
    "dma50" : 1650.37,
    "dma100" : 1628.92,
    "dma200" : 1535.34,
    "volume" : 1266926.00
  }, {
    "date" : "2026-01-30",
    "price" : 1613.60,
    "dma50" : 1648.93,
    "dma100" : 1629.40,
    "dma200" : 1536.12,
    "volume" : 719142.00
  }, {
    "date" : "2026-02-01",
    "price" : 1620.00,
    "dma50" : 1647.79,
    "dma100" : 1629.82,
    "dma200" : 1536.95,
    "volume" : 172061.00
  }, {
    "date" : "2026-02-02",
    "price" : 1641.60,
    "dma50" : 1647.55,
    "dma100" : 1630.40,
    "dma200" : 1537.99,
    "volume" : 493881.00
  }, {
    "date" : "2026-02-03",
    "price" : 1674.70,
    "dma50" : 1648.62,
    "dma100" : 1631.17,
    "dma200" : 1539.35,
    "volume" : 577738.00
  }, {
    "date" : "2026-02-04",
    "price" : 1708.20,
    "dma50" : 1650.95,
    "dma100" : 1632.16,
    "dma200" : 1541.03,
    "volume" : 685915.00
  }, {
    "date" : "2026-02-05",
    "price" : 1701.50,
    "dma50" : 1652.94,
    "dma100" : 1633.12,
    "dma200" : 1542.63,
    "volume" : 1137458.00
  }, {
    "date" : "2026-02-06",
    "price" : 1704.60,
    "dma50" : 1654.96,
    "dma100" : 1634.30,
    "dma200" : 1544.24,
    "volume" : 1417802.00
  }, {
    "date" : "2026-02-09",
    "price" : 1753.20,
    "dma50" : 1658.81,
    "dma100" : 1636.02,
    "dma200" : 1546.32,
    "volume" : 921243.00
  }, {
    "date" : "2026-02-10",
    "price" : 1747.20,
    "dma50" : 1662.28,
    "dma100" : 1637.85,
    "dma200" : 1548.32,
    "volume" : 1480053.00
  }, {
    "date" : "2026-02-11",
    "price" : 1734.10,
    "dma50" : 1665.10,
    "dma100" : 1639.81,
    "dma200" : 1550.17,
    "volume" : 996960.00
  }, {
    "date" : "2026-02-12",
    "price" : 1813.50,
    "dma50" : 1670.92,
    "dma100" : 1642.39,
    "dma200" : 1552.79,
    "volume" : 1581750.00
  } ],
  "latestTechnicalAttributes" : {
    "date" : "2026-02-12",
    "price" : 1813.50,
    "dma50" : 1670.92,
    "dma100" : 1642.39,
    "dma200" : 1552.79,
    "volume" : 1581750.00
  },
  "quarterlyResults" : [ {
    "date" : "2005-03-31",
    "sales" : 31.71,
    "salesGrowthYoY" : null,
    "grossProfitMargin" : 40.84,
    "grossProfit" : 12.95,
    "operatingProfitMargin" : 10.88,
    "operatingProfit" : 3.45,
    "netProfitMargin" : 0.47,
    "netProfit" : 0.15
  }, {
    "date" : "2005-06-30",
    "sales" : 28.84,
    "salesGrowthYoY" : null,
    "grossProfitMargin" : 38.14,
    "grossProfit" : 11.00,
    "operatingProfitMargin" : -3.54,
    "operatingProfit" : -1.02,
    "netProfitMargin" : -2.74,
    "netProfit" : -0.79
  }, {
    "date" : "2005-09-30",
    "sales" : 31.43,
    "salesGrowthYoY" : null,
    "grossProfitMargin" : 38.72,
    "grossProfit" : 12.17,
    "operatingProfitMargin" : -3.28,
    "operatingProfit" : -1.03,
    "netProfitMargin" : -1.59,
    "netProfit" : -0.50
  }, {
    "date" : "2005-12-31",
    "sales" : 34.97,
    "salesGrowthYoY" : null,
    "grossProfitMargin" : 43.09,
    "grossProfit" : 15.07,
    "operatingProfitMargin" : 3.97,
    "operatingProfit" : 1.39,
    "netProfitMargin" : 6.92,
    "netProfit" : 2.42
  }, {
    "date" : "2006-03-31",
    "sales" : 32.25,
    "salesGrowthYoY" : 1.70,
    "grossProfitMargin" : 36.31,
    "grossProfit" : 11.71,
    "operatingProfitMargin" : -3.63,
    "operatingProfit" : -1.17,
    "netProfitMargin" : 14.76,
    "netProfit" : 4.76
  }, {
    "date" : "2006-06-30",
    "sales" : 31.56,
    "salesGrowthYoY" : 9.43,
    "grossProfitMargin" : 35.84,
    "grossProfit" : 11.31,
    "operatingProfitMargin" : -4.18,
    "operatingProfit" : -1.32,
    "netProfitMargin" : 16.29,
    "netProfit" : 5.14
  }, {
    "date" : "2006-09-30",
    "sales" : 39.82,
    "salesGrowthYoY" : 26.69,
    "grossProfitMargin" : 30.49,
    "grossProfit" : 12.14,
    "operatingProfitMargin" : -5.30,
    "operatingProfit" : -2.11,
    "netProfitMargin" : 10.55,
    "netProfit" : 4.20
  }, {
    "date" : "2006-12-31",
    "sales" : 40.25,
    "salesGrowthYoY" : 15.10,
    "grossProfitMargin" : 32.02,
    "grossProfit" : 12.89,
    "operatingProfitMargin" : -2.68,
    "operatingProfit" : -1.08,
    "netProfitMargin" : 9.57,
    "netProfit" : 3.85
  }, {
    "date" : "2007-03-31",
    "sales" : 44.00,
    "salesGrowthYoY" : 36.43,
    "grossProfitMargin" : 33.39,
    "grossProfit" : 14.69,
    "operatingProfitMargin" : -9.95,
    "operatingProfit" : -4.38,
    "netProfitMargin" : -8.70,
    "netProfit" : -3.83
  }, {
    "date" : "2007-06-30",
    "sales" : 48.26,
    "salesGrowthYoY" : 52.92,
    "grossProfitMargin" : 33.07,
    "grossProfit" : 15.96,
    "operatingProfitMargin" : -8.06,
    "operatingProfit" : -3.89,
    "netProfitMargin" : 7.89,
    "netProfit" : 3.81
  }, {
    "date" : "2007-09-30",
    "sales" : 72.60,
    "salesGrowthYoY" : 82.32,
    "grossProfitMargin" : 34.10,
    "grossProfit" : 24.76,
    "operatingProfitMargin" : -1.01,
    "operatingProfit" : -0.73,
    "netProfitMargin" : 23.31,
    "netProfit" : 16.92
  }, {
    "date" : "2007-12-31",
    "sales" : 77.49,
    "salesGrowthYoY" : 92.52,
    "grossProfitMargin" : 33.37,
    "grossProfit" : 25.86,
    "operatingProfitMargin" : 0.72,
    "operatingProfit" : 0.56,
    "netProfitMargin" : 27.04,
    "netProfit" : 20.95
  }, {
    "date" : "2008-03-31",
    "sales" : 86.43,
    "salesGrowthYoY" : 96.43,
    "grossProfitMargin" : 37.09,
    "grossProfit" : 32.06,
    "operatingProfitMargin" : 4.96,
    "operatingProfit" : 4.29,
    "netProfitMargin" : 23.39,
    "netProfit" : 20.22
  }, {
    "date" : "2008-06-30",
    "sales" : 97.42,
    "salesGrowthYoY" : 101.86,
    "grossProfitMargin" : 34.89,
    "grossProfit" : 33.99,
    "operatingProfitMargin" : 0.31,
    "operatingProfit" : 0.30,
    "netProfitMargin" : 13.97,
    "netProfit" : 13.61
  }, {
    "date" : "2008-09-30",
    "sales" : 107.19,
    "salesGrowthYoY" : 47.64,
    "grossProfitMargin" : 32.08,
    "grossProfit" : 34.39,
    "operatingProfitMargin" : 5.12,
    "operatingProfit" : 5.49,
    "netProfitMargin" : 10.94,
    "netProfit" : 11.73
  }, {
    "date" : "2008-12-31",
    "sales" : 80.14,
    "salesGrowthYoY" : 3.42,
    "grossProfitMargin" : 40.15,
    "grossProfit" : 32.18,
    "operatingProfitMargin" : -0.17,
    "operatingProfit" : -0.14,
    "netProfitMargin" : 4.07,
    "netProfit" : 3.26
  }, {
    "date" : "2009-03-31",
    "sales" : 85.29,
    "salesGrowthYoY" : -1.32,
    "grossProfitMargin" : 42.09,
    "grossProfit" : 35.90,
    "operatingProfitMargin" : 4.03,
    "operatingProfit" : 3.44,
    "netProfitMargin" : 18.60,
    "netProfit" : 15.86
  }, {
    "date" : "2009-06-30",
    "sales" : 79.38,
    "salesGrowthYoY" : -18.52,
    "grossProfitMargin" : 38.18,
    "grossProfit" : 30.31,
    "operatingProfitMargin" : 1.32,
    "operatingProfit" : 1.05,
    "netProfitMargin" : 0.26,
    "netProfit" : 0.21
  }, {
    "date" : "2009-09-30",
    "sales" : 85.03,
    "salesGrowthYoY" : -20.67,
    "grossProfitMargin" : 33.93,
    "grossProfit" : 28.85,
    "operatingProfitMargin" : 2.85,
    "operatingProfit" : 2.42,
    "netProfitMargin" : 2.32,
    "netProfit" : 1.97
  }, {
    "date" : "2009-12-31",
    "sales" : 82.45,
    "salesGrowthYoY" : 2.88,
    "grossProfitMargin" : 37.93,
    "grossProfit" : 31.27,
    "operatingProfitMargin" : 0.89,
    "operatingProfit" : 0.73,
    "netProfitMargin" : -0.49,
    "netProfit" : -0.40
  }, {
    "date" : "2010-03-31",
    "sales" : 96.36,
    "salesGrowthYoY" : 12.98,
    "grossProfitMargin" : 38.77,
    "grossProfit" : 37.36,
    "operatingProfitMargin" : 7.58,
    "operatingProfit" : 7.30,
    "netProfitMargin" : -1.67,
    "netProfit" : -1.61
  }, {
    "date" : "2010-06-30",
    "sales" : 102.68,
    "salesGrowthYoY" : 29.35,
    "grossProfitMargin" : 41.75,
    "grossProfit" : 42.87,
    "operatingProfitMargin" : 7.11,
    "operatingProfit" : 7.30,
    "netProfitMargin" : -13.65,
    "netProfit" : -14.02
  }, {
    "date" : "2010-09-30",
    "sales" : 108.55,
    "salesGrowthYoY" : 27.66,
    "grossProfitMargin" : 41.97,
    "grossProfit" : 45.56,
    "operatingProfitMargin" : 2.87,
    "operatingProfit" : 3.12,
    "netProfitMargin" : -17.46,
    "netProfit" : -18.95
  }, {
    "date" : "2010-12-31",
    "sales" : 125.34,
    "salesGrowthYoY" : 52.02,
    "grossProfitMargin" : 41.01,
    "grossProfit" : 51.40,
    "operatingProfitMargin" : 10.40,
    "operatingProfit" : 13.04,
    "netProfitMargin" : -5.47,
    "netProfit" : -6.86
  }, {
    "date" : "2011-03-31",
    "sales" : 129.16,
    "salesGrowthYoY" : 34.04,
    "grossProfitMargin" : 37.50,
    "grossProfit" : 48.44,
    "operatingProfitMargin" : 2.35,
    "operatingProfit" : 3.04,
    "netProfitMargin" : -10.43,
    "netProfit" : -13.47
  }, {
    "date" : "2011-06-30",
    "sales" : 189.23,
    "salesGrowthYoY" : 84.29,
    "grossProfitMargin" : 35.58,
    "grossProfit" : 67.33,
    "operatingProfitMargin" : 10.15,
    "operatingProfit" : 19.21,
    "netProfitMargin" : -0.92,
    "netProfit" : -1.74
  }, {
    "date" : "2011-09-30",
    "sales" : 186.24,
    "salesGrowthYoY" : 71.57,
    "grossProfitMargin" : 36.45,
    "grossProfit" : 67.88,
    "operatingProfitMargin" : -1.12,
    "operatingProfit" : -2.09,
    "netProfitMargin" : -5.57,
    "netProfit" : -10.37
  }, {
    "date" : "2011-12-31",
    "sales" : 177.07,
    "salesGrowthYoY" : 41.27,
    "grossProfitMargin" : 32.14,
    "grossProfit" : 56.91,
    "operatingProfitMargin" : 3.66,
    "operatingProfit" : 6.48,
    "netProfitMargin" : -1.08,
    "netProfit" : -1.91
  }, {
    "date" : "2012-03-31",
    "sales" : 194.43,
    "salesGrowthYoY" : 50.53,
    "grossProfitMargin" : 37.49,
    "grossProfit" : 72.89,
    "operatingProfitMargin" : 4.66,
    "operatingProfit" : 9.06,
    "netProfitMargin" : -0.71,
    "netProfit" : -1.38
  }, {
    "date" : "2012-06-30",
    "sales" : 198.36,
    "salesGrowthYoY" : 4.82,
    "grossProfitMargin" : 31.25,
    "grossProfit" : 61.99,
    "operatingProfitMargin" : -2.20,
    "operatingProfit" : -4.36,
    "netProfitMargin" : -0.32,
    "netProfit" : -0.63
  }, {
    "date" : "2012-09-30",
    "sales" : 177.14,
    "salesGrowthYoY" : -4.89,
    "grossProfitMargin" : 28.19,
    "grossProfit" : 49.94,
    "operatingProfitMargin" : -10.04,
    "operatingProfit" : -17.78,
    "netProfitMargin" : -9.84,
    "netProfit" : -17.43
  }, {
    "date" : "2012-12-31",
    "sales" : 165.79,
    "salesGrowthYoY" : -6.37,
    "grossProfitMargin" : 26.41,
    "grossProfit" : 43.79,
    "operatingProfitMargin" : -38.90,
    "operatingProfit" : -64.49,
    "netProfitMargin" : 16.06,
    "netProfit" : 26.63
  }, {
    "date" : "2013-03-31",
    "sales" : 172.13,
    "salesGrowthYoY" : -11.47,
    "grossProfitMargin" : 23.96,
    "grossProfit" : 41.24,
    "operatingProfitMargin" : -21.41,
    "operatingProfit" : -36.85,
    "netProfitMargin" : 9.14,
    "netProfit" : 15.73
  }, {
    "date" : "2013-06-30",
    "sales" : 156.50,
    "salesGrowthYoY" : -21.10,
    "grossProfitMargin" : 30.89,
    "grossProfit" : 48.34,
    "operatingProfitMargin" : -8.37,
    "operatingProfit" : -13.10,
    "netProfitMargin" : 64.63,
    "netProfit" : 101.15
  }, {
    "date" : "2013-09-30",
    "sales" : 190.10,
    "salesGrowthYoY" : 7.32,
    "grossProfitMargin" : 29.22,
    "grossProfit" : 55.55,
    "operatingProfitMargin" : -5.99,
    "operatingProfit" : -11.39,
    "netProfitMargin" : 1.05,
    "netProfit" : 2.00
  }, {
    "date" : "2013-12-31",
    "sales" : 195.00,
    "salesGrowthYoY" : 17.62,
    "grossProfitMargin" : 26.07,
    "grossProfit" : 50.84,
    "operatingProfitMargin" : -7.36,
    "operatingProfit" : -14.35,
    "netProfitMargin" : 37.78,
    "netProfit" : 73.67
  }, {
    "date" : "2014-03-31",
    "sales" : 191.65,
    "salesGrowthYoY" : 11.34,
    "grossProfitMargin" : 28.67,
    "grossProfit" : 54.95,
    "operatingProfitMargin" : -5.73,
    "operatingProfit" : -10.98,
    "netProfitMargin" : 4.36,
    "netProfit" : 8.36
  }, {
    "date" : "2014-06-30",
    "sales" : 0.00,
    "salesGrowthYoY" : -100.00,
    "grossProfitMargin" : 0.00,
    "grossProfit" : 0.00,
    "operatingProfitMargin" : 0.00,
    "operatingProfit" : 0.00,
    "netProfitMargin" : 0.00,
    "netProfit" : 0.00
  }, {
    "date" : "2014-09-30",
    "sales" : 14.89,
    "salesGrowthYoY" : -92.17,
    "grossProfitMargin" : 100.00,
    "grossProfit" : 14.89,
    "operatingProfitMargin" : -56.15,
    "operatingProfit" : -8.36,
    "netProfitMargin" : -75.89,
    "netProfit" : -11.30
  }, {
    "date" : "2014-12-31",
    "sales" : 416.37,
    "salesGrowthYoY" : 113.52,
    "grossProfitMargin" : 100.00,
    "grossProfit" : 416.37,
    "operatingProfitMargin" : 93.29,
    "operatingProfit" : 388.43,
    "netProfitMargin" : 79.07,
    "netProfit" : 329.22
  }, {
    "date" : "2015-03-31",
    "sales" : 38.76,
    "salesGrowthYoY" : -79.78,
    "grossProfitMargin" : 100.00,
    "grossProfit" : 38.76,
    "operatingProfitMargin" : -2.09,
    "operatingProfit" : -0.81,
    "netProfitMargin" : -21.28,
    "netProfit" : -8.25
  }, {
    "date" : "2015-06-30",
    "sales" : 40.08,
    "salesGrowthYoY" : 100.00,
    "grossProfitMargin" : 100.00,
    "grossProfit" : 40.08,
    "operatingProfitMargin" : 63.77,
    "operatingProfit" : 25.56,
    "netProfitMargin" : 61.70,
    "netProfit" : 24.73
  }, {
    "date" : "2015-09-30",
    "sales" : 11.27,
    "salesGrowthYoY" : -24.31,
    "grossProfitMargin" : 100.00,
    "grossProfit" : 11.27,
    "operatingProfitMargin" : -38.69,
    "operatingProfit" : -4.36,
    "netProfitMargin" : -115.97,
    "netProfit" : -13.07
  }, {
    "date" : "2015-12-31",
    "sales" : 136.42,
    "salesGrowthYoY" : -67.24,
    "grossProfitMargin" : 100.00,
    "grossProfit" : 136.42,
    "operatingProfitMargin" : 87.34,
    "operatingProfit" : 119.15,
    "netProfitMargin" : 93.37,
    "netProfit" : 127.38
  }, {
    "date" : "2016-03-31",
    "sales" : 12.94,
    "salesGrowthYoY" : -66.62,
    "grossProfitMargin" : 100.00,
    "grossProfit" : 12.94,
    "operatingProfitMargin" : -181.14,
    "operatingProfit" : -23.44,
    "netProfitMargin" : -184.16,
    "netProfit" : -23.83
  }, {
    "date" : "2016-06-30",
    "sales" : 131.73,
    "salesGrowthYoY" : 228.67,
    "grossProfitMargin" : 100.00,
    "grossProfit" : 131.73,
    "operatingProfitMargin" : 81.58,
    "operatingProfit" : 107.47,
    "netProfitMargin" : 81.32,
    "netProfit" : 107.12
  }, {
    "date" : "2016-09-30",
    "sales" : 12.96,
    "salesGrowthYoY" : 15.00,
    "grossProfitMargin" : 100.00,
    "grossProfit" : 12.96,
    "operatingProfitMargin" : -103.55,
    "operatingProfit" : -13.42,
    "netProfitMargin" : -101.23,
    "netProfit" : -13.12
  }, {
    "date" : "2016-12-31",
    "sales" : 103.21,
    "salesGrowthYoY" : -24.34,
    "grossProfitMargin" : 100.00,
    "grossProfit" : 103.21,
    "operatingProfitMargin" : 78.17,
    "operatingProfit" : 80.68,
    "netProfitMargin" : 77.99,
    "netProfit" : 80.49
  }, {
    "date" : "2017-03-31",
    "sales" : 7.02,
    "salesGrowthYoY" : -45.75,
    "grossProfitMargin" : 100.00,
    "grossProfit" : 7.02,
    "operatingProfitMargin" : -286.61,
    "operatingProfit" : -20.12,
    "netProfitMargin" : -291.88,
    "netProfit" : -20.49
  }, {
    "date" : "2017-06-30",
    "sales" : 94.00,
    "salesGrowthYoY" : -28.64,
    "grossProfitMargin" : 100.00,
    "grossProfit" : 94.00,
    "operatingProfitMargin" : 71.88,
    "operatingProfit" : 67.57,
    "netProfitMargin" : 71.48,
    "netProfit" : 67.19
  }, {
    "date" : "2017-09-30",
    "sales" : 26.34,
    "salesGrowthYoY" : 103.24,
    "grossProfitMargin" : 100.00,
    "grossProfit" : 26.34,
    "operatingProfitMargin" : -30.60,
    "operatingProfit" : -8.06,
    "netProfitMargin" : -31.02,
    "netProfit" : -8.17
  }, {
    "date" : "2017-12-31",
    "sales" : 131.30,
    "salesGrowthYoY" : 27.22,
    "grossProfitMargin" : 100.00,
    "grossProfit" : 131.30,
    "operatingProfitMargin" : 76.01,
    "operatingProfit" : 99.80,
    "netProfitMargin" : 75.74,
    "netProfit" : 99.45
  }, {
    "date" : "2018-03-31",
    "sales" : 11.85,
    "salesGrowthYoY" : 68.80,
    "grossProfitMargin" : 100.00,
    "grossProfit" : 11.85,
    "operatingProfitMargin" : -119.66,
    "operatingProfit" : -14.18,
    "netProfitMargin" : -122.70,
    "netProfit" : -14.54
  }, {
    "date" : "2018-06-30",
    "sales" : 128.98,
    "salesGrowthYoY" : 37.21,
    "grossProfitMargin" : 100.00,
    "grossProfit" : 128.98,
    "operatingProfitMargin" : 79.85,
    "operatingProfit" : 102.99,
    "netProfitMargin" : 58.49,
    "netProfit" : 75.44
  }, {
    "date" : "2018-09-30",
    "sales" : 7.77,
    "salesGrowthYoY" : -70.50,
    "grossProfitMargin" : 100.00,
    "grossProfit" : 7.77,
    "operatingProfitMargin" : -724.07,
    "operatingProfit" : -56.26,
    "netProfitMargin" : -724.97,
    "netProfit" : -56.33
  }, {
    "date" : "2018-12-31",
    "sales" : 176.36,
    "salesGrowthYoY" : 34.32,
    "grossProfitMargin" : 100.00,
    "grossProfit" : 176.36,
    "operatingProfitMargin" : 79.44,
    "operatingProfit" : 140.10,
    "netProfitMargin" : 79.32,
    "netProfit" : 139.89
  }, {
    "date" : "2019-03-31",
    "sales" : 9.97,
    "salesGrowthYoY" : -15.86,
    "grossProfitMargin" : 100.00,
    "grossProfit" : 9.97,
    "operatingProfitMargin" : -1099.30,
    "operatingProfit" : -109.60,
    "netProfitMargin" : -1099.50,
    "netProfit" : -109.62
  }, {
    "date" : "2019-06-30",
    "sales" : 196.13,
    "salesGrowthYoY" : 52.06,
    "grossProfitMargin" : 100.00,
    "grossProfit" : 196.13,
    "operatingProfitMargin" : 87.81,
    "operatingProfit" : 172.22,
    "netProfitMargin" : 87.47,
    "netProfit" : 171.55
  }, {
    "date" : "2019-09-30",
    "sales" : 8.82,
    "salesGrowthYoY" : 13.51,
    "grossProfitMargin" : 100.00,
    "grossProfit" : 8.82,
    "operatingProfitMargin" : -299.21,
    "operatingProfit" : -26.39,
    "netProfitMargin" : -307.82,
    "netProfit" : -27.15
  }, {
    "date" : "2019-12-31",
    "sales" : 80.18,
    "salesGrowthYoY" : -54.54,
    "grossProfitMargin" : 100.00,
    "grossProfit" : 80.18,
    "operatingProfitMargin" : 78.01,
    "operatingProfit" : 62.55,
    "netProfitMargin" : 76.83,
    "netProfit" : 61.60
  }, {
    "date" : "2020-03-31",
    "sales" : 229.80,
    "salesGrowthYoY" : 2204.91,
    "grossProfitMargin" : 100.00,
    "grossProfit" : 229.80,
    "operatingProfitMargin" : 86.13,
    "operatingProfit" : 197.93,
    "netProfitMargin" : 28.95,
    "netProfit" : 66.53
  }, {
    "date" : "2020-06-30",
    "sales" : 9.24,
    "salesGrowthYoY" : -95.29,
    "grossProfitMargin" : 100.00,
    "grossProfit" : 9.24,
    "operatingProfitMargin" : -231.06,
    "operatingProfit" : -21.35,
    "netProfitMargin" : -236.90,
    "netProfit" : -21.89
  }, {
    "date" : "2020-09-30",
    "sales" : 53.68,
    "salesGrowthYoY" : 508.62,
    "grossProfitMargin" : 100.00,
    "grossProfit" : 53.68,
    "operatingProfitMargin" : 76.36,
    "operatingProfit" : 40.99,
    "netProfitMargin" : 70.57,
    "netProfit" : 37.88
  }, {
    "date" : "2020-12-31",
    "sales" : 19.31,
    "salesGrowthYoY" : -75.92,
    "grossProfitMargin" : 100.00,
    "grossProfit" : 19.31,
    "operatingProfitMargin" : 42.83,
    "operatingProfit" : 8.27,
    "netProfitMargin" : 39.56,
    "netProfit" : 7.64
  }, {
    "date" : "2021-03-31",
    "sales" : 243.11,
    "salesGrowthYoY" : 5.79,
    "grossProfitMargin" : 100.00,
    "grossProfit" : 243.11,
    "operatingProfitMargin" : 42.84,
    "operatingProfit" : 104.15,
    "netProfitMargin" : 31.10,
    "netProfit" : 75.61
  }, {
    "date" : "2021-06-30",
    "sales" : 157.49,
    "salesGrowthYoY" : 1604.44,
    "grossProfitMargin" : 100.00,
    "grossProfit" : 157.49,
    "operatingProfitMargin" : 87.76,
    "operatingProfit" : 138.21,
    "netProfitMargin" : 61.92,
    "netProfit" : 97.52
  }, {
    "date" : "2021-09-30",
    "sales" : 14.29,
    "salesGrowthYoY" : -73.38,
    "grossProfitMargin" : 100.00,
    "grossProfit" : 14.29,
    "operatingProfitMargin" : 38.00,
    "operatingProfit" : 5.43,
    "netProfitMargin" : 24.70,
    "netProfit" : 3.53
  }, {
    "date" : "2021-12-31",
    "sales" : 13.26,
    "salesGrowthYoY" : -31.33,
    "grossProfitMargin" : 100.00,
    "grossProfit" : 13.26,
    "operatingProfitMargin" : 29.64,
    "operatingProfit" : 3.93,
    "netProfitMargin" : 18.63,
    "netProfit" : 2.47
  }, {
    "date" : "2022-03-31",
    "sales" : 14.66,
    "salesGrowthYoY" : -93.97,
    "grossProfitMargin" : 100.00,
    "grossProfit" : 14.66,
    "operatingProfitMargin" : 5.18,
    "operatingProfit" : 0.76,
    "netProfitMargin" : -6.14,
    "netProfit" : -0.90
  }, {
    "date" : "2022-06-30",
    "sales" : 12.73,
    "salesGrowthYoY" : -91.92,
    "grossProfitMargin" : 100.00,
    "grossProfit" : 12.73,
    "operatingProfitMargin" : 28.36,
    "operatingProfit" : 3.61,
    "netProfitMargin" : 13.83,
    "netProfit" : 1.76
  }, {
    "date" : "2022-09-30",
    "sales" : 17.64,
    "salesGrowthYoY" : 23.44,
    "grossProfitMargin" : 100.00,
    "grossProfit" : 17.64,
    "operatingProfitMargin" : 46.43,
    "operatingProfit" : 8.19,
    "netProfitMargin" : 27.15,
    "netProfit" : 4.79
  }, {
    "date" : "2022-12-31",
    "sales" : 16.98,
    "salesGrowthYoY" : 28.05,
    "grossProfitMargin" : 100.00,
    "grossProfit" : 16.98,
    "operatingProfitMargin" : 47.17,
    "operatingProfit" : 8.01,
    "netProfitMargin" : 31.45,
    "netProfit" : 5.34
  }, {
    "date" : "2023-03-31",
    "sales" : 10.46,
    "salesGrowthYoY" : -28.65,
    "grossProfitMargin" : 100.00,
    "grossProfit" : 10.46,
    "operatingProfitMargin" : 21.32,
    "operatingProfit" : 2.23,
    "netProfitMargin" : 19.02,
    "netProfit" : 1.99
  }, {
    "date" : "2023-06-30",
    "sales" : 5.08,
    "salesGrowthYoY" : -60.09,
    "grossProfitMargin" : 100.00,
    "grossProfit" : 5.08,
    "operatingProfitMargin" : -31.30,
    "operatingProfit" : -1.59,
    "netProfitMargin" : -46.65,
    "netProfit" : -2.37
  }, {
    "date" : "2023-09-30",
    "sales" : 6.32,
    "salesGrowthYoY" : -64.17,
    "grossProfitMargin" : 100.00,
    "grossProfit" : 6.32,
    "operatingProfitMargin" : -38.13,
    "operatingProfit" : -2.41,
    "netProfitMargin" : -43.04,
    "netProfit" : -2.72
  }, {
    "date" : "2023-12-31",
    "sales" : 5.52,
    "salesGrowthYoY" : -67.49,
    "grossProfitMargin" : 100.00,
    "grossProfit" : 5.52,
    "operatingProfitMargin" : -41.67,
    "operatingProfit" : -2.30,
    "netProfitMargin" : -44.75,
    "netProfit" : -2.47
  }, {
    "date" : "2024-03-31",
    "sales" : 4.51,
    "salesGrowthYoY" : -56.88,
    "grossProfitMargin" : 100.00,
    "grossProfit" : 4.51,
    "operatingProfitMargin" : -85.37,
    "operatingProfit" : -3.85,
    "netProfitMargin" : -81.60,
    "netProfit" : -3.68
  }, {
    "date" : "2024-06-30",
    "sales" : 3.72,
    "salesGrowthYoY" : -26.77,
    "grossProfitMargin" : 100.00,
    "grossProfit" : 3.72,
    "operatingProfitMargin" : -54.57,
    "operatingProfit" : -2.03,
    "netProfitMargin" : -69.89,
    "netProfit" : -2.60
  }, {
    "date" : "2024-09-30",
    "sales" : 3.69,
    "salesGrowthYoY" : -41.61,
    "grossProfitMargin" : 100.00,
    "grossProfit" : 3.69,
    "operatingProfitMargin" : -60.70,
    "operatingProfit" : -2.24,
    "netProfitMargin" : -66.67,
    "netProfit" : -2.46
  }, {
    "date" : "2024-12-31",
    "sales" : 4.32,
    "salesGrowthYoY" : -21.74,
    "grossProfitMargin" : 100.00,
    "grossProfit" : 4.32,
    "operatingProfitMargin" : -36.34,
    "operatingProfit" : -1.57,
    "netProfitMargin" : -36.34,
    "netProfit" : -1.57
  }, {
    "date" : "2025-03-31",
    "sales" : 3.74,
    "salesGrowthYoY" : -17.07,
    "grossProfitMargin" : 100.00,
    "grossProfit" : 3.74,
    "operatingProfitMargin" : -64.17,
    "operatingProfit" : -2.40,
    "netProfitMargin" : -69.25,
    "netProfit" : -2.59
  }, {
    "date" : "2025-06-30",
    "sales" : 2.99,
    "salesGrowthYoY" : -19.62,
    "grossProfitMargin" : 100.00,
    "grossProfit" : 2.99,
    "operatingProfitMargin" : -75.92,
    "operatingProfit" : -2.27,
    "netProfitMargin" : -84.28,
    "netProfit" : -2.52
  }, {
    "date" : "2025-09-30",
    "sales" : 2.87,
    "salesGrowthYoY" : -22.22,
    "grossProfitMargin" : 100.00,
    "grossProfit" : 2.87,
    "operatingProfitMargin" : -110.10,
    "operatingProfit" : -3.16,
    "netProfitMargin" : -118.47,
    "netProfit" : -3.40
  }, {
    "date" : "2025-12-31",
    "sales" : 2.93,
    "salesGrowthYoY" : -32.18,
    "grossProfitMargin" : 100.00,
    "grossProfit" : 2.93,
    "operatingProfitMargin" : -100.34,
    "operatingProfit" : -2.94,
    "netProfitMargin" : 56.31,
    "netProfit" : 1.65
  } ],
  "latestQuarterlyResult" : {
    "date" : "2025-12-31",
    "sales" : 2.93,
    "salesGrowthYoY" : -32.18,
    "grossProfitMargin" : 100.00,
    "grossProfit" : 2.93,
    "operatingProfitMargin" : -100.34,
    "operatingProfit" : -2.94,
    "netProfitMargin" : 56.31,
    "netProfit" : 1.65
  },
  "companyScore" : {
    "priceHigherThanDma50" : 5.00,
    "priceHigherThanDma100" : 5.00,
    "priceHigherThanDma200" : 5.00,
    "dma50HigherThanDma100" : 5.00,
    "dma50HigherThanDma200" : 5.00,
    "dma100HigherThanDma200" : 5.00,
    "pricePercentageAboveDma50" : 4.57,
    "pricePercentageAboveDma100" : 4.48,
    "pricePercentageAboveDma200" : 4.16,
    "weeklyVolumeHigherThanYearlyVolume" : 5.00,
    "salesGrowthPercentile" : 4.75,
    "operatingProfitMarginPercentile" : 16.75,
    "netProfitMarginPercentile" : 9.69,
    "totalTechnicalScore" : 48.21,
    "totalFundamentalScore" : 31.19,
    "totalScore" : 79.41
  }
}