{
  "metadata" : {
    "screenerCompanyId" : "2099",
    "companyCode" : "MMTC",
    "companyName" : "MMTC",
    "screenerCompanyLink" : "https://www.screener.in/company/MMTC/consolidated/",
    "screenerTechnicalHistoryLink" : "https://www.screener.in/api/company/2099/chart/?q=Price-DMA50-DMA200-Volume&days=365",
    "screenerQuarterlyResultsLink" : "https://www.screener.in/api/company/2099/chart/?q=GPM-OPM-NPM-Quarter+Sales&days=10000",
    "attributes" : {
      "companyCode" : "MMTC",
      "companyName" : "MMTC",
      "marketCap" : 9586.00,
      "peRatio" : 84.60,
      "description" : "MMTC, a public sector undertaking, was incorporated in 1963, to facilitate foreign trade in India and canalize the export and import of essential minerals and metals. It is under the administrative control of the Ministry of Commerce & Industry, and Government of India and is engaged in trading across minerals, metals, precious metals, agro products, fertilizers & chemicals and coal & hydrocarbons. [1]"
    },
    "companyScore" : {
      "priceHigherThanDma50" : 0.00,
      "priceHigherThanDma100" : 0.00,
      "priceHigherThanDma200" : 0.00,
      "dma50HigherThanDma100" : 0.00,
      "dma50HigherThanDma200" : 0.00,
      "dma100HigherThanDma200" : 0.00,
      "pricePercentageAboveDma50" : 5.04,
      "pricePercentageAboveDma100" : 5.05,
      "pricePercentageAboveDma200" : 5.10,
      "weeklyVolumeHigherThanYearlyVolume" : 0.00,
      "salesGrowthPercentile" : 14.00,
      "operatingProfitMarginPercentile" : 8.90,
      "netProfitMarginPercentile" : 9.64,
      "totalTechnicalScore" : 15.19,
      "totalFundamentalScore" : 32.54,
      "totalScore" : 47.72
    }
  },
  "attributes" : {
    "companyCode" : "MMTC",
    "companyName" : "MMTC",
    "marketCap" : 9586.00,
    "peRatio" : 84.60,
    "description" : "MMTC, a public sector undertaking, was incorporated in 1963, to facilitate foreign trade in India and canalize the export and import of essential minerals and metals. It is under the administrative control of the Ministry of Commerce & Industry, and Government of India and is engaged in trading across minerals, metals, precious metals, agro products, fertilizers & chemicals and coal & hydrocarbons. [1]"
  },
  "technicalHistory" : [ {
    "date" : "2025-02-14",
    "price" : 57.64,
    "dma50" : 70.26,
    "dma100" : null,
    "dma200" : 76.38,
    "volume" : 2973117.00
  }, {
    "date" : "2025-02-17",
    "price" : 56.20,
    "dma50" : 69.71,
    "dma100" : null,
    "dma200" : 76.18,
    "volume" : 3182388.00
  }, {
    "date" : "2025-02-18",
    "price" : 54.25,
    "dma50" : 69.10,
    "dma100" : null,
    "dma200" : 75.96,
    "volume" : 2335764.00
  }, {
    "date" : "2025-02-19",
    "price" : 56.12,
    "dma50" : 68.59,
    "dma100" : null,
    "dma200" : 75.76,
    "volume" : 1779603.00
  }, {
    "date" : "2025-02-20",
    "price" : 57.75,
    "dma50" : 68.17,
    "dma100" : null,
    "dma200" : 75.58,
    "volume" : 1291689.00
  }, {
    "date" : "2025-02-21",
    "price" : 56.45,
    "dma50" : 67.71,
    "dma100" : null,
    "dma200" : 75.39,
    "volume" : 1785834.00
  }, {
    "date" : "2025-02-24",
    "price" : 54.98,
    "dma50" : 67.21,
    "dma100" : null,
    "dma200" : 75.19,
    "volume" : 1100641.00
  }, {
    "date" : "2025-02-25",
    "price" : 53.60,
    "dma50" : 66.68,
    "dma100" : null,
    "dma200" : 74.98,
    "volume" : 1201373.00
  }, {
    "date" : "2025-02-27",
    "price" : 50.90,
    "dma50" : 66.06,
    "dma100" : null,
    "dma200" : 74.74,
    "volume" : 1556437.00
  }, {
    "date" : "2025-02-28",
    "price" : 49.28,
    "dma50" : 65.40,
    "dma100" : null,
    "dma200" : 74.48,
    "volume" : 2071132.00
  }, {
    "date" : "2025-03-03",
    "price" : 48.82,
    "dma50" : 64.75,
    "dma100" : null,
    "dma200" : 74.23,
    "volume" : 2377396.00
  }, {
    "date" : "2025-03-04",
    "price" : 50.15,
    "dma50" : 64.18,
    "dma100" : null,
    "dma200" : 73.99,
    "volume" : 1571857.00
  }, {
    "date" : "2025-03-05",
    "price" : 51.82,
    "dma50" : 63.69,
    "dma100" : null,
    "dma200" : 73.77,
    "volume" : 1577857.00
  }, {
    "date" : "2025-03-06",
    "price" : 54.06,
    "dma50" : 63.31,
    "dma100" : null,
    "dma200" : 73.57,
    "volume" : 3664114.00
  }, {
    "date" : "2025-03-07",
    "price" : 55.22,
    "dma50" : 63.00,
    "dma100" : null,
    "dma200" : 73.39,
    "volume" : 2272852.00
  }, {
    "date" : "2025-03-10",
    "price" : 52.61,
    "dma50" : 62.59,
    "dma100" : null,
    "dma200" : 73.18,
    "volume" : 1629901.00
  }, {
    "date" : "2025-03-11",
    "price" : 51.58,
    "dma50" : 62.16,
    "dma100" : null,
    "dma200" : 72.97,
    "volume" : 1110222.00
  }, {
    "date" : "2025-03-12",
    "price" : 50.76,
    "dma50" : 61.71,
    "dma100" : null,
    "dma200" : 72.75,
    "volume" : 1348534.00
  }, {
    "date" : "2025-03-13",
    "price" : 50.41,
    "dma50" : 61.27,
    "dma100" : null,
    "dma200" : 72.52,
    "volume" : 1113737.00
  }, {
    "date" : "2025-03-17",
    "price" : 49.46,
    "dma50" : 60.80,
    "dma100" : null,
    "dma200" : 72.29,
    "volume" : 1156082.00
  }, {
    "date" : "2025-03-18",
    "price" : 50.72,
    "dma50" : 60.41,
    "dma100" : null,
    "dma200" : 72.08,
    "volume" : 2162507.00
  }, {
    "date" : "2025-03-19",
    "price" : 53.56,
    "dma50" : 60.14,
    "dma100" : null,
    "dma200" : 71.90,
    "volume" : 3198544.00
  }, {
    "date" : "2025-03-20",
    "price" : 53.87,
    "dma50" : 59.89,
    "dma100" : null,
    "dma200" : 71.72,
    "volume" : 2295726.00
  }, {
    "date" : "2025-03-21",
    "price" : 54.84,
    "dma50" : 59.70,
    "dma100" : null,
    "dma200" : 71.55,
    "volume" : 2269720.00
  }, {
    "date" : "2025-03-24",
    "price" : 55.90,
    "dma50" : 59.55,
    "dma100" : null,
    "dma200" : 71.39,
    "volume" : 2525158.00
  }, {
    "date" : "2025-03-25",
    "price" : 53.69,
    "dma50" : 59.32,
    "dma100" : null,
    "dma200" : 71.22,
    "volume" : 1926002.00
  }, {
    "date" : "2025-03-26",
    "price" : 52.49,
    "dma50" : 59.05,
    "dma100" : null,
    "dma200" : 71.03,
    "volume" : 3413553.00
  }, {
    "date" : "2025-03-27",
    "price" : 54.08,
    "dma50" : 58.85,
    "dma100" : null,
    "dma200" : 70.86,
    "volume" : 17217666.00
  }, {
    "date" : "2025-03-28",
    "price" : 52.18,
    "dma50" : 58.59,
    "dma100" : null,
    "dma200" : 70.68,
    "volume" : 2977062.00
  }, {
    "date" : "2025-04-01",
    "price" : 53.96,
    "dma50" : 58.41,
    "dma100" : null,
    "dma200" : 70.51,
    "volume" : 2389280.00
  }, {
    "date" : "2025-04-02",
    "price" : 54.26,
    "dma50" : 58.25,
    "dma100" : null,
    "dma200" : 70.35,
    "volume" : 2811110.00
  }, {
    "date" : "2025-04-03",
    "price" : 54.56,
    "dma50" : 58.10,
    "dma100" : null,
    "dma200" : 70.19,
    "volume" : 1527558.00
  }, {
    "date" : "2025-04-04",
    "price" : 51.55,
    "dma50" : 57.85,
    "dma100" : null,
    "dma200" : 70.00,
    "volume" : 2251832.00
  }, {
    "date" : "2025-04-07",
    "price" : 48.41,
    "dma50" : 57.48,
    "dma100" : null,
    "dma200" : 69.79,
    "volume" : 2863934.00
  }, {
    "date" : "2025-04-08",
    "price" : 49.89,
    "dma50" : 57.18,
    "dma100" : null,
    "dma200" : 69.59,
    "volume" : 1954513.00
  }, {
    "date" : "2025-04-09",
    "price" : 48.95,
    "dma50" : 56.86,
    "dma100" : null,
    "dma200" : 69.39,
    "volume" : 1036234.00
  }, {
    "date" : "2025-04-11",
    "price" : 50.36,
    "dma50" : 56.60,
    "dma100" : null,
    "dma200" : 69.20,
    "volume" : 1263377.00
  }, {
    "date" : "2025-04-15",
    "price" : 52.76,
    "dma50" : 56.45,
    "dma100" : null,
    "dma200" : 69.03,
    "volume" : 1964180.00
  }, {
    "date" : "2025-04-16",
    "price" : 53.62,
    "dma50" : 56.34,
    "dma100" : null,
    "dma200" : 68.88,
    "volume" : 2454216.00
  }, {
    "date" : "2025-04-17",
    "price" : 53.79,
    "dma50" : 56.24,
    "dma100" : null,
    "dma200" : 68.73,
    "volume" : 1606075.00
  }, {
    "date" : "2025-04-21",
    "price" : 54.91,
    "dma50" : 56.19,
    "dma100" : null,
    "dma200" : 68.59,
    "volume" : 1809222.00
  }, {
    "date" : "2025-04-22",
    "price" : 55.74,
    "dma50" : 56.17,
    "dma100" : null,
    "dma200" : 68.46,
    "volume" : 2056039.00
  }, {
    "date" : "2025-04-23",
    "price" : 55.83,
    "dma50" : 56.16,
    "dma100" : null,
    "dma200" : 68.34,
    "volume" : 1861946.00
  }, {
    "date" : "2025-04-24",
    "price" : 61.85,
    "dma50" : 56.38,
    "dma100" : null,
    "dma200" : 68.27,
    "volume" : 54015757.00
  }, {
    "date" : "2025-04-25",
    "price" : 58.28,
    "dma50" : 56.45,
    "dma100" : null,
    "dma200" : 68.17,
    "volume" : 9743254.00
  }, {
    "date" : "2025-04-28",
    "price" : 58.12,
    "dma50" : 56.52,
    "dma100" : null,
    "dma200" : 68.07,
    "volume" : 4657369.00
  }, {
    "date" : "2025-04-29",
    "price" : 57.31,
    "dma50" : 56.55,
    "dma100" : null,
    "dma200" : 67.97,
    "volume" : 3595177.00
  }, {
    "date" : "2025-04-30",
    "price" : 56.19,
    "dma50" : 56.54,
    "dma100" : null,
    "dma200" : 67.85,
    "volume" : 2208618.00
  }, {
    "date" : "2025-05-02",
    "price" : 55.41,
    "dma50" : 56.49,
    "dma100" : null,
    "dma200" : 67.73,
    "volume" : 2612990.00
  }, {
    "date" : "2025-05-05",
    "price" : 56.43,
    "dma50" : 56.49,
    "dma100" : null,
    "dma200" : 67.61,
    "volume" : 1991609.00
  }, {
    "date" : "2025-05-06",
    "price" : 53.67,
    "dma50" : 56.38,
    "dma100" : null,
    "dma200" : 67.48,
    "volume" : 1719218.00
  }, {
    "date" : "2025-05-07",
    "price" : 53.89,
    "dma50" : 56.28,
    "dma100" : null,
    "dma200" : 67.34,
    "volume" : 1712719.00
  }, {
    "date" : "2025-05-08",
    "price" : 52.87,
    "dma50" : 56.15,
    "dma100" : null,
    "dma200" : 67.20,
    "volume" : 1317936.00
  }, {
    "date" : "2025-05-09",
    "price" : 52.28,
    "dma50" : 56.00,
    "dma100" : null,
    "dma200" : 67.05,
    "volume" : 1822968.00
  }, {
    "date" : "2025-05-12",
    "price" : 56.38,
    "dma50" : 56.01,
    "dma100" : null,
    "dma200" : 66.94,
    "volume" : 2927939.00
  }, {
    "date" : "2025-05-13",
    "price" : 56.88,
    "dma50" : 56.05,
    "dma100" : null,
    "dma200" : 66.84,
    "volume" : 1590482.00
  }, {
    "date" : "2025-05-14",
    "price" : 59.42,
    "dma50" : 56.18,
    "dma100" : null,
    "dma200" : 66.77,
    "volume" : 6755489.00
  }, {
    "date" : "2025-05-15",
    "price" : 60.09,
    "dma50" : 56.33,
    "dma100" : null,
    "dma200" : 66.70,
    "volume" : 2571248.00
  }, {
    "date" : "2025-05-16",
    "price" : 61.77,
    "dma50" : 56.54,
    "dma100" : null,
    "dma200" : 66.65,
    "volume" : 5157163.00
  }, {
    "date" : "2025-05-19",
    "price" : 61.59,
    "dma50" : 56.74,
    "dma100" : null,
    "dma200" : 66.60,
    "volume" : 3901048.00
  }, {
    "date" : "2025-05-20",
    "price" : 61.08,
    "dma50" : 56.91,
    "dma100" : null,
    "dma200" : 66.55,
    "volume" : 2881871.00
  }, {
    "date" : "2025-05-21",
    "price" : 61.90,
    "dma50" : 57.11,
    "dma100" : null,
    "dma200" : 66.50,
    "volume" : 3052506.00
  }, {
    "date" : "2025-05-22",
    "price" : 61.21,
    "dma50" : 57.27,
    "dma100" : null,
    "dma200" : 66.45,
    "volume" : 2116167.00
  }, {
    "date" : "2025-05-23",
    "price" : 63.68,
    "dma50" : 57.52,
    "dma100" : null,
    "dma200" : 66.42,
    "volume" : 16873306.00
  }, {
    "date" : "2025-05-26",
    "price" : 64.08,
    "dma50" : 57.78,
    "dma100" : null,
    "dma200" : 66.40,
    "volume" : 3608290.00
  }, {
    "date" : "2025-05-27",
    "price" : 63.88,
    "dma50" : 58.02,
    "dma100" : null,
    "dma200" : 66.37,
    "volume" : 2420083.00
  }, {
    "date" : "2025-05-28",
    "price" : 69.42,
    "dma50" : 58.46,
    "dma100" : null,
    "dma200" : 66.40,
    "volume" : 69317247.00
  }, {
    "date" : "2025-05-29",
    "price" : 81.11,
    "dma50" : 59.35,
    "dma100" : null,
    "dma200" : 66.55,
    "volume" : 227103364.00
  }, {
    "date" : "2025-05-30",
    "price" : 85.77,
    "dma50" : 60.39,
    "dma100" : null,
    "dma200" : 66.74,
    "volume" : 142457430.00
  }, {
    "date" : "2025-06-02",
    "price" : 78.03,
    "dma50" : 61.08,
    "dma100" : null,
    "dma200" : 66.85,
    "volume" : 28043351.00
  }, {
    "date" : "2025-06-03",
    "price" : 77.07,
    "dma50" : 61.71,
    "dma100" : null,
    "dma200" : 66.95,
    "volume" : 9626809.00
  }, {
    "date" : "2025-06-04",
    "price" : 78.05,
    "dma50" : 62.35,
    "dma100" : null,
    "dma200" : 67.06,
    "volume" : 11638359.00
  }, {
    "date" : "2025-06-05",
    "price" : 76.20,
    "dma50" : 62.89,
    "dma100" : null,
    "dma200" : 67.16,
    "volume" : 4117431.00
  }, {
    "date" : "2025-06-06",
    "price" : 73.57,
    "dma50" : 63.31,
    "dma100" : null,
    "dma200" : 67.22,
    "volume" : 1609386.00
  }, {
    "date" : "2025-06-09",
    "price" : 73.79,
    "dma50" : 63.72,
    "dma100" : null,
    "dma200" : 67.28,
    "volume" : 1126766.00
  }, {
    "date" : "2025-06-10",
    "price" : 72.43,
    "dma50" : 64.06,
    "dma100" : null,
    "dma200" : 67.34,
    "volume" : 1528920.00
  }, {
    "date" : "2025-06-11",
    "price" : 72.82,
    "dma50" : 64.41,
    "dma100" : null,
    "dma200" : 67.39,
    "volume" : 1324727.00
  }, {
    "date" : "2025-06-12",
    "price" : 71.26,
    "dma50" : 64.67,
    "dma100" : null,
    "dma200" : 67.43,
    "volume" : 971443.00
  }, {
    "date" : "2025-06-13",
    "price" : 69.60,
    "dma50" : 64.87,
    "dma100" : null,
    "dma200" : 67.45,
    "volume" : 848963.00
  }, {
    "date" : "2025-06-16",
    "price" : 68.66,
    "dma50" : 65.02,
    "dma100" : null,
    "dma200" : 67.46,
    "volume" : 705339.00
  }, {
    "date" : "2025-06-17",
    "price" : 72.09,
    "dma50" : 65.29,
    "dma100" : null,
    "dma200" : 67.51,
    "volume" : 1142261.00
  }, {
    "date" : "2025-06-18",
    "price" : 69.37,
    "dma50" : 65.45,
    "dma100" : null,
    "dma200" : 67.53,
    "volume" : 783999.00
  }, {
    "date" : "2025-06-19",
    "price" : 66.55,
    "dma50" : 65.50,
    "dma100" : null,
    "dma200" : 67.52,
    "volume" : 666759.00
  }, {
    "date" : "2025-06-20",
    "price" : 67.38,
    "dma50" : 65.57,
    "dma100" : null,
    "dma200" : 67.52,
    "volume" : 635711.00
  }, {
    "date" : "2025-06-23",
    "price" : 70.03,
    "dma50" : 65.75,
    "dma100" : null,
    "dma200" : 67.54,
    "volume" : 1775390.00
  }, {
    "date" : "2025-06-24",
    "price" : 69.24,
    "dma50" : 65.88,
    "dma100" : null,
    "dma200" : 67.56,
    "volume" : 1458967.00
  }, {
    "date" : "2025-06-25",
    "price" : 71.31,
    "dma50" : 66.10,
    "dma100" : null,
    "dma200" : 67.60,
    "volume" : 1902770.00
  }, {
    "date" : "2025-06-26",
    "price" : 71.19,
    "dma50" : 66.30,
    "dma100" : null,
    "dma200" : 67.63,
    "volume" : 1245463.00
  }, {
    "date" : "2025-06-27",
    "price" : 70.61,
    "dma50" : 66.46,
    "dma100" : null,
    "dma200" : 67.66,
    "volume" : 1008534.00
  }, {
    "date" : "2025-06-30",
    "price" : 72.77,
    "dma50" : 66.71,
    "dma100" : null,
    "dma200" : 67.71,
    "volume" : 2326373.00
  }, {
    "date" : "2025-07-01",
    "price" : 72.00,
    "dma50" : 66.92,
    "dma100" : null,
    "dma200" : 67.75,
    "volume" : 1077815.00
  }, {
    "date" : "2025-07-02",
    "price" : 70.96,
    "dma50" : 67.08,
    "dma100" : null,
    "dma200" : 67.79,
    "volume" : 706479.00
  }, {
    "date" : "2025-07-03",
    "price" : 70.34,
    "dma50" : 67.21,
    "dma100" : null,
    "dma200" : 67.81,
    "volume" : 759600.00
  }, {
    "date" : "2025-07-04",
    "price" : 70.03,
    "dma50" : 67.32,
    "dma100" : null,
    "dma200" : 67.83,
    "volume" : 764385.00
  }, {
    "date" : "2025-07-07",
    "price" : 69.66,
    "dma50" : 67.41,
    "dma100" : null,
    "dma200" : 67.85,
    "volume" : 681730.00
  }, {
    "date" : "2025-07-08",
    "price" : 69.36,
    "dma50" : 67.48,
    "dma100" : null,
    "dma200" : 67.87,
    "volume" : 565987.00
  }, {
    "date" : "2025-07-09",
    "price" : 69.13,
    "dma50" : 67.55,
    "dma100" : null,
    "dma200" : 67.88,
    "volume" : 508654.00
  }, {
    "date" : "2025-07-10",
    "price" : 68.78,
    "dma50" : 67.60,
    "dma100" : null,
    "dma200" : 67.89,
    "volume" : 829292.00
  }, {
    "date" : "2025-07-11",
    "price" : 67.96,
    "dma50" : 67.61,
    "dma100" : null,
    "dma200" : 67.89,
    "volume" : 794921.00
  }, {
    "date" : "2025-07-14",
    "price" : 67.88,
    "dma50" : 67.62,
    "dma100" : null,
    "dma200" : 67.89,
    "volume" : 681796.00
  }, {
    "date" : "2025-07-15",
    "price" : 68.50,
    "dma50" : 67.66,
    "dma100" : 60.86,
    "dma200" : 67.90,
    "volume" : 595038.00
  }, {
    "date" : "2025-07-16",
    "price" : 68.66,
    "dma50" : 67.70,
    "dma100" : 60.98,
    "dma200" : 67.90,
    "volume" : 636895.00
  }, {
    "date" : "2025-07-17",
    "price" : 68.28,
    "dma50" : 67.72,
    "dma100" : 61.12,
    "dma200" : 67.91,
    "volume" : 481205.00
  }, {
    "date" : "2025-07-18",
    "price" : 68.10,
    "dma50" : 67.73,
    "dma100" : 61.24,
    "dma200" : 67.91,
    "volume" : 718724.00
  }, {
    "date" : "2025-07-21",
    "price" : 70.68,
    "dma50" : 67.85,
    "dma100" : 61.37,
    "dma200" : 67.94,
    "volume" : 5087810.00
  }, {
    "date" : "2025-07-22",
    "price" : 70.29,
    "dma50" : 67.95,
    "dma100" : 61.51,
    "dma200" : 67.96,
    "volume" : 1976136.00
  }, {
    "date" : "2025-07-23",
    "price" : 69.17,
    "dma50" : 67.99,
    "dma100" : 61.65,
    "dma200" : 67.97,
    "volume" : 883658.00
  }, {
    "date" : "2025-07-24",
    "price" : 68.68,
    "dma50" : 68.02,
    "dma100" : 61.80,
    "dma200" : 67.98,
    "volume" : 503872.00
  }, {
    "date" : "2025-07-25",
    "price" : 67.13,
    "dma50" : 67.99,
    "dma100" : 61.96,
    "dma200" : 67.97,
    "volume" : 689726.00
  }, {
    "date" : "2025-07-28",
    "price" : 65.34,
    "dma50" : 67.88,
    "dma100" : 62.12,
    "dma200" : 67.94,
    "volume" : 771368.00
  }, {
    "date" : "2025-07-29",
    "price" : 66.01,
    "dma50" : 67.81,
    "dma100" : 62.30,
    "dma200" : 67.92,
    "volume" : 669723.00
  }, {
    "date" : "2025-07-30",
    "price" : 65.59,
    "dma50" : 67.72,
    "dma100" : 62.45,
    "dma200" : 67.90,
    "volume" : 303638.00
  }, {
    "date" : "2025-07-31",
    "price" : 64.63,
    "dma50" : 67.60,
    "dma100" : 62.58,
    "dma200" : 67.87,
    "volume" : 485614.00
  }, {
    "date" : "2025-08-01",
    "price" : 66.27,
    "dma50" : 67.55,
    "dma100" : 62.70,
    "dma200" : 67.85,
    "volume" : 1989467.00
  }, {
    "date" : "2025-08-04",
    "price" : 65.60,
    "dma50" : 67.47,
    "dma100" : 62.80,
    "dma200" : 67.83,
    "volume" : 639633.00
  }, {
    "date" : "2025-08-05",
    "price" : 65.71,
    "dma50" : 67.40,
    "dma100" : 62.93,
    "dma200" : 67.81,
    "volume" : 539886.00
  }, {
    "date" : "2025-08-06",
    "price" : 64.90,
    "dma50" : 67.30,
    "dma100" : 63.07,
    "dma200" : 67.78,
    "volume" : 412764.00
  }, {
    "date" : "2025-08-07",
    "price" : 64.42,
    "dma50" : 67.19,
    "dma100" : 63.20,
    "dma200" : 67.75,
    "volume" : 877544.00
  }, {
    "date" : "2025-08-08",
    "price" : 63.26,
    "dma50" : 67.04,
    "dma100" : 63.33,
    "dma200" : 67.70,
    "volume" : 563296.00
  }, {
    "date" : "2025-08-11",
    "price" : 62.81,
    "dma50" : 66.87,
    "dma100" : 63.47,
    "dma200" : 67.65,
    "volume" : 685850.00
  }, {
    "date" : "2025-08-12",
    "price" : 62.01,
    "dma50" : 66.68,
    "dma100" : 63.58,
    "dma200" : 67.60,
    "volume" : 633977.00
  }, {
    "date" : "2025-08-13",
    "price" : 62.69,
    "dma50" : 66.52,
    "dma100" : 63.67,
    "dma200" : 67.55,
    "volume" : 541389.00
  }, {
    "date" : "2025-08-14",
    "price" : 62.13,
    "dma50" : 66.35,
    "dma100" : 63.75,
    "dma200" : 67.49,
    "volume" : 298600.00
  }, {
    "date" : "2025-08-18",
    "price" : 63.01,
    "dma50" : 66.22,
    "dma100" : 63.83,
    "dma200" : 67.45,
    "volume" : 440449.00
  }, {
    "date" : "2025-08-19",
    "price" : 65.30,
    "dma50" : 66.18,
    "dma100" : 63.93,
    "dma200" : 67.43,
    "volume" : 2111268.00
  }, {
    "date" : "2025-08-20",
    "price" : 65.49,
    "dma50" : 66.16,
    "dma100" : 64.05,
    "dma200" : 67.41,
    "volume" : 643635.00
  }, {
    "date" : "2025-08-21",
    "price" : 65.07,
    "dma50" : 66.11,
    "dma100" : 64.17,
    "dma200" : 67.39,
    "volume" : 622903.00
  }, {
    "date" : "2025-08-22",
    "price" : 64.13,
    "dma50" : 66.04,
    "dma100" : 64.27,
    "dma200" : 67.35,
    "volume" : 379649.00
  }, {
    "date" : "2025-08-25",
    "price" : 63.83,
    "dma50" : 65.95,
    "dma100" : 64.39,
    "dma200" : 67.32,
    "volume" : 496574.00
  }, {
    "date" : "2025-08-26",
    "price" : 62.21,
    "dma50" : 65.80,
    "dma100" : 64.47,
    "dma200" : 67.27,
    "volume" : 331449.00
  }, {
    "date" : "2025-08-28",
    "price" : 61.38,
    "dma50" : 65.63,
    "dma100" : 64.54,
    "dma200" : 67.21,
    "volume" : 776398.00
  }, {
    "date" : "2025-08-29",
    "price" : 60.79,
    "dma50" : 65.44,
    "dma100" : 64.61,
    "dma200" : 67.15,
    "volume" : 507696.00
  }, {
    "date" : "2025-09-01",
    "price" : 62.23,
    "dma50" : 65.31,
    "dma100" : 64.71,
    "dma200" : 67.10,
    "volume" : 785884.00
  }, {
    "date" : "2025-09-02",
    "price" : 62.87,
    "dma50" : 65.22,
    "dma100" : 64.86,
    "dma200" : 67.05,
    "volume" : 838517.00
  }, {
    "date" : "2025-09-03",
    "price" : 64.53,
    "dma50" : 65.19,
    "dma100" : 65.00,
    "dma200" : 67.03,
    "volume" : 1089201.00
  }, {
    "date" : "2025-09-04",
    "price" : 63.38,
    "dma50" : 65.12,
    "dma100" : 65.15,
    "dma200" : 66.99,
    "volume" : 661998.00
  }, {
    "date" : "2025-09-05",
    "price" : 64.54,
    "dma50" : 65.10,
    "dma100" : 65.29,
    "dma200" : 66.97,
    "volume" : 2974348.00
  }, {
    "date" : "2025-09-08",
    "price" : 65.22,
    "dma50" : 65.10,
    "dma100" : 65.41,
    "dma200" : 66.95,
    "volume" : 1798734.00
  }, {
    "date" : "2025-09-09",
    "price" : 64.47,
    "dma50" : 65.08,
    "dma100" : 65.52,
    "dma200" : 66.93,
    "volume" : 859558.00
  }, {
    "date" : "2025-09-10",
    "price" : 65.05,
    "dma50" : 65.08,
    "dma100" : 65.64,
    "dma200" : 66.91,
    "volume" : 749690.00
  }, {
    "date" : "2025-09-11",
    "price" : 64.85,
    "dma50" : 65.07,
    "dma100" : 65.73,
    "dma200" : 66.89,
    "volume" : 1551199.00
  }, {
    "date" : "2025-09-12",
    "price" : 64.84,
    "dma50" : 65.06,
    "dma100" : 65.83,
    "dma200" : 66.87,
    "volume" : 586731.00
  }, {
    "date" : "2025-09-15",
    "price" : 66.27,
    "dma50" : 65.11,
    "dma100" : 65.93,
    "dma200" : 66.86,
    "volume" : 2838952.00
  }, {
    "date" : "2025-09-16",
    "price" : 66.09,
    "dma50" : 65.14,
    "dma100" : 65.97,
    "dma200" : 66.85,
    "volume" : 787243.00
  }, {
    "date" : "2025-09-17",
    "price" : 66.09,
    "dma50" : 65.18,
    "dma100" : 66.05,
    "dma200" : 66.85,
    "volume" : 1188129.00
  }, {
    "date" : "2025-09-18",
    "price" : 66.34,
    "dma50" : 65.23,
    "dma100" : 66.13,
    "dma200" : 66.84,
    "volume" : 761138.00
  }, {
    "date" : "2025-09-19",
    "price" : 67.39,
    "dma50" : 65.31,
    "dma100" : 66.23,
    "dma200" : 66.85,
    "volume" : 3606514.00
  }, {
    "date" : "2025-09-22",
    "price" : 70.96,
    "dma50" : 65.53,
    "dma100" : 66.38,
    "dma200" : 66.89,
    "volume" : 24618274.00
  }, {
    "date" : "2025-09-23",
    "price" : 70.14,
    "dma50" : 65.71,
    "dma100" : 66.53,
    "dma200" : 66.92,
    "volume" : 2967407.00
  }, {
    "date" : "2025-09-24",
    "price" : 68.25,
    "dma50" : 65.81,
    "dma100" : 66.65,
    "dma200" : 66.93,
    "volume" : 1928772.00
  }, {
    "date" : "2025-09-25",
    "price" : 68.19,
    "dma50" : 65.91,
    "dma100" : 66.79,
    "dma200" : 66.95,
    "volume" : 7966972.00
  }, {
    "date" : "2025-09-26",
    "price" : 65.51,
    "dma50" : 65.89,
    "dma100" : 66.91,
    "dma200" : 66.93,
    "volume" : 1876525.00
  }, {
    "date" : "2025-09-29",
    "price" : 64.66,
    "dma50" : 65.84,
    "dma100" : 67.03,
    "dma200" : 66.91,
    "volume" : 1693042.00
  }, {
    "date" : "2025-09-30",
    "price" : 64.74,
    "dma50" : 65.80,
    "dma100" : 67.15,
    "dma200" : 66.89,
    "volume" : 1109248.00
  }, {
    "date" : "2025-10-01",
    "price" : 65.41,
    "dma50" : 65.78,
    "dma100" : 67.24,
    "dma200" : 66.87,
    "volume" : 1108693.00
  }, {
    "date" : "2025-10-03",
    "price" : 69.63,
    "dma50" : 65.94,
    "dma100" : 67.37,
    "dma200" : 66.90,
    "volume" : 9636506.00
  }, {
    "date" : "2025-10-06",
    "price" : 70.05,
    "dma50" : 66.10,
    "dma100" : 67.47,
    "dma200" : 66.93,
    "volume" : 3958468.00
  }, {
    "date" : "2025-10-07",
    "price" : 68.37,
    "dma50" : 66.19,
    "dma100" : 67.56,
    "dma200" : 66.95,
    "volume" : 1805482.00
  }, {
    "date" : "2025-10-08",
    "price" : 70.71,
    "dma50" : 66.36,
    "dma100" : 67.65,
    "dma200" : 66.98,
    "volume" : 19509758.00
  }, {
    "date" : "2025-10-09",
    "price" : 71.72,
    "dma50" : 66.57,
    "dma100" : 67.75,
    "dma200" : 67.03,
    "volume" : 5373735.00
  }, {
    "date" : "2025-10-10",
    "price" : 70.55,
    "dma50" : 66.73,
    "dma100" : 67.84,
    "dma200" : 67.06,
    "volume" : 3775115.00
  }, {
    "date" : "2025-10-13",
    "price" : 69.18,
    "dma50" : 66.83,
    "dma100" : 67.92,
    "dma200" : 67.09,
    "volume" : 1869341.00
  }, {
    "date" : "2025-10-14",
    "price" : 67.61,
    "dma50" : 66.86,
    "dma100" : 67.98,
    "dma200" : 67.09,
    "volume" : 1872973.00
  }, {
    "date" : "2025-10-15",
    "price" : 68.04,
    "dma50" : 66.90,
    "dma100" : 68.02,
    "dma200" : 67.10,
    "volume" : 2016089.00
  }, {
    "date" : "2025-10-16",
    "price" : 68.10,
    "dma50" : 66.95,
    "dma100" : 68.06,
    "dma200" : 67.11,
    "volume" : 1317451.00
  }, {
    "date" : "2025-10-17",
    "price" : 68.13,
    "dma50" : 67.00,
    "dma100" : 68.11,
    "dma200" : 67.12,
    "volume" : 1817001.00
  }, {
    "date" : "2025-10-20",
    "price" : 67.64,
    "dma50" : 67.02,
    "dma100" : 68.09,
    "dma200" : 67.13,
    "volume" : 1236301.00
  }, {
    "date" : "2025-10-21",
    "price" : 68.30,
    "dma50" : 67.07,
    "dma100" : 67.96,
    "dma200" : 67.14,
    "volume" : 376438.00
  }, {
    "date" : "2025-10-23",
    "price" : 67.40,
    "dma50" : 67.08,
    "dma100" : 67.78,
    "dma200" : 67.14,
    "volume" : 1038245.00
  }, {
    "date" : "2025-10-24",
    "price" : 67.38,
    "dma50" : 67.10,
    "dma100" : 67.67,
    "dma200" : 67.14,
    "volume" : 1443332.00
  }, {
    "date" : "2025-10-27",
    "price" : 67.04,
    "dma50" : 67.09,
    "dma100" : 67.57,
    "dma200" : 67.14,
    "volume" : 1107733.00
  }, {
    "date" : "2025-10-28",
    "price" : 66.80,
    "dma50" : 67.08,
    "dma100" : 67.46,
    "dma200" : 67.14,
    "volume" : 988823.00
  }, {
    "date" : "2025-10-29",
    "price" : 68.75,
    "dma50" : 67.15,
    "dma100" : 67.38,
    "dma200" : 67.15,
    "volume" : 12534278.00
  }, {
    "date" : "2025-10-30",
    "price" : 69.62,
    "dma50" : 67.24,
    "dma100" : 67.34,
    "dma200" : 67.18,
    "volume" : 3620359.00
  }, {
    "date" : "2025-10-31",
    "price" : 68.73,
    "dma50" : 67.30,
    "dma100" : 67.29,
    "dma200" : 67.19,
    "volume" : 1209698.00
  }, {
    "date" : "2025-11-03",
    "price" : 68.01,
    "dma50" : 67.33,
    "dma100" : 67.25,
    "dma200" : 67.20,
    "volume" : 4636819.00
  }, {
    "date" : "2025-11-04",
    "price" : 67.54,
    "dma50" : 67.34,
    "dma100" : 67.20,
    "dma200" : 67.21,
    "volume" : 1429849.00
  }, {
    "date" : "2025-11-06",
    "price" : 66.08,
    "dma50" : 67.29,
    "dma100" : 67.14,
    "dma200" : 67.19,
    "volume" : 1425901.00
  }, {
    "date" : "2025-11-07",
    "price" : 65.32,
    "dma50" : 67.21,
    "dma100" : 67.10,
    "dma200" : 67.18,
    "volume" : 1310504.00
  }, {
    "date" : "2025-11-10",
    "price" : 66.03,
    "dma50" : 67.17,
    "dma100" : 67.07,
    "dma200" : 67.16,
    "volume" : 1509246.00
  }, {
    "date" : "2025-11-11",
    "price" : 66.40,
    "dma50" : 67.14,
    "dma100" : 67.02,
    "dma200" : 67.16,
    "volume" : 1898387.00
  }, {
    "date" : "2025-11-12",
    "price" : 66.58,
    "dma50" : 67.11,
    "dma100" : 66.99,
    "dma200" : 67.15,
    "volume" : 958282.00
  }, {
    "date" : "2025-11-13",
    "price" : 66.79,
    "dma50" : 67.10,
    "dma100" : 66.99,
    "dma200" : 67.15,
    "volume" : 1683516.00
  }, {
    "date" : "2025-11-14",
    "price" : 65.65,
    "dma50" : 67.04,
    "dma100" : 66.97,
    "dma200" : 67.13,
    "volume" : 1214151.00
  }, {
    "date" : "2025-11-17",
    "price" : 65.44,
    "dma50" : 66.98,
    "dma100" : 66.93,
    "dma200" : 67.12,
    "volume" : 801849.00
  }, {
    "date" : "2025-11-18",
    "price" : 64.62,
    "dma50" : 66.89,
    "dma100" : 66.88,
    "dma200" : 67.09,
    "volume" : 918038.00
  }, {
    "date" : "2025-11-19",
    "price" : 64.30,
    "dma50" : 66.79,
    "dma100" : 66.81,
    "dma200" : 67.06,
    "volume" : 864329.00
  }, {
    "date" : "2025-11-20",
    "price" : 63.97,
    "dma50" : 66.68,
    "dma100" : 66.74,
    "dma200" : 67.03,
    "volume" : 1031771.00
  }, {
    "date" : "2025-11-21",
    "price" : 62.42,
    "dma50" : 66.51,
    "dma100" : 66.66,
    "dma200" : 66.99,
    "volume" : 751841.00
  }, {
    "date" : "2025-11-24",
    "price" : 60.18,
    "dma50" : 66.26,
    "dma100" : 66.53,
    "dma200" : 66.92,
    "volume" : 1124044.00
  }, {
    "date" : "2025-11-25",
    "price" : 60.28,
    "dma50" : 66.03,
    "dma100" : 66.42,
    "dma200" : 66.85,
    "volume" : 875470.00
  }, {
    "date" : "2025-11-26",
    "price" : 61.29,
    "dma50" : 65.84,
    "dma100" : 66.32,
    "dma200" : 66.80,
    "volume" : 941793.00
  }, {
    "date" : "2025-11-27",
    "price" : 60.87,
    "dma50" : 65.65,
    "dma100" : 66.22,
    "dma200" : 66.74,
    "volume" : 820889.00
  }, {
    "date" : "2025-11-28",
    "price" : 60.52,
    "dma50" : 65.45,
    "dma100" : 66.13,
    "dma200" : 66.68,
    "volume" : 807470.00
  }, {
    "date" : "2025-12-01",
    "price" : 59.68,
    "dma50" : 65.22,
    "dma100" : 66.03,
    "dma200" : 66.61,
    "volume" : 953218.00
  }, {
    "date" : "2025-12-02",
    "price" : 59.27,
    "dma50" : 64.99,
    "dma100" : 65.93,
    "dma200" : 66.53,
    "volume" : 680436.00
  }, {
    "date" : "2025-12-03",
    "price" : 58.35,
    "dma50" : 64.73,
    "dma100" : 65.82,
    "dma200" : 66.45,
    "volume" : 924711.00
  }, {
    "date" : "2025-12-04",
    "price" : 57.70,
    "dma50" : 64.45,
    "dma100" : 65.71,
    "dma200" : 66.37,
    "volume" : 788767.00
  }, {
    "date" : "2025-12-05",
    "price" : 56.53,
    "dma50" : 64.14,
    "dma100" : 65.60,
    "dma200" : 66.27,
    "volume" : 880716.00
  }, {
    "date" : "2025-12-08",
    "price" : 54.49,
    "dma50" : 63.76,
    "dma100" : 65.46,
    "dma200" : 66.15,
    "volume" : 1060410.00
  }, {
    "date" : "2025-12-09",
    "price" : 53.67,
    "dma50" : 63.37,
    "dma100" : 65.31,
    "dma200" : 66.03,
    "volume" : 4553799.00
  }, {
    "date" : "2025-12-10",
    "price" : 55.11,
    "dma50" : 63.04,
    "dma100" : 65.18,
    "dma200" : 65.92,
    "volume" : 23259764.00
  }, {
    "date" : "2025-12-11",
    "price" : 53.97,
    "dma50" : 62.69,
    "dma100" : 65.03,
    "dma200" : 65.80,
    "volume" : 3345713.00
  }, {
    "date" : "2025-12-12",
    "price" : 55.30,
    "dma50" : 62.40,
    "dma100" : 64.91,
    "dma200" : 65.69,
    "volume" : 4782491.00
  }, {
    "date" : "2025-12-15",
    "price" : 55.87,
    "dma50" : 62.14,
    "dma100" : 64.76,
    "dma200" : 65.60,
    "volume" : 2170540.00
  }, {
    "date" : "2025-12-16",
    "price" : 54.88,
    "dma50" : 61.86,
    "dma100" : 64.60,
    "dma200" : 65.49,
    "volume" : 974337.00
  }, {
    "date" : "2025-12-17",
    "price" : 54.04,
    "dma50" : 61.55,
    "dma100" : 64.45,
    "dma200" : 65.38,
    "volume" : 992950.00
  }, {
    "date" : "2025-12-18",
    "price" : 54.14,
    "dma50" : 61.26,
    "dma100" : 64.31,
    "dma200" : 65.26,
    "volume" : 1310717.00
  }, {
    "date" : "2025-12-19",
    "price" : 55.26,
    "dma50" : 61.02,
    "dma100" : 64.19,
    "dma200" : 65.16,
    "volume" : 1078814.00
  }, {
    "date" : "2025-12-22",
    "price" : 56.48,
    "dma50" : 60.85,
    "dma100" : 64.10,
    "dma200" : 65.08,
    "volume" : 1693476.00
  }, {
    "date" : "2025-12-23",
    "price" : 57.22,
    "dma50" : 60.70,
    "dma100" : 64.01,
    "dma200" : 65.00,
    "volume" : 3617992.00
  }, {
    "date" : "2025-12-24",
    "price" : 57.53,
    "dma50" : 60.58,
    "dma100" : 63.93,
    "dma200" : 64.93,
    "volume" : 3380104.00
  }, {
    "date" : "2025-12-26",
    "price" : 64.24,
    "dma50" : 60.72,
    "dma100" : 63.93,
    "dma200" : 64.92,
    "volume" : 76312391.00
  }, {
    "date" : "2025-12-29",
    "price" : 70.67,
    "dma50" : 61.11,
    "dma100" : 63.97,
    "dma200" : 64.98,
    "volume" : 115813281.00
  }, {
    "date" : "2025-12-30",
    "price" : 67.54,
    "dma50" : 61.36,
    "dma100" : 63.99,
    "dma200" : 65.00,
    "volume" : 28239026.00
  }, {
    "date" : "2025-12-31",
    "price" : 67.23,
    "dma50" : 61.59,
    "dma100" : 64.01,
    "dma200" : 65.02,
    "volume" : 6922341.00
  }, {
    "date" : "2026-01-01",
    "price" : 65.71,
    "dma50" : 61.76,
    "dma100" : 64.01,
    "dma200" : 65.03,
    "volume" : 3176725.00
  }, {
    "date" : "2026-01-02",
    "price" : 67.30,
    "dma50" : 61.97,
    "dma100" : 64.04,
    "dma200" : 65.05,
    "volume" : 18796033.00
  }, {
    "date" : "2026-01-05",
    "price" : 67.48,
    "dma50" : 62.19,
    "dma100" : 64.09,
    "dma200" : 65.08,
    "volume" : 4260326.00
  }, {
    "date" : "2026-01-06",
    "price" : 66.64,
    "dma50" : 62.36,
    "dma100" : 64.12,
    "dma200" : 65.09,
    "volume" : 2875415.00
  }, {
    "date" : "2026-01-07",
    "price" : 67.98,
    "dma50" : 62.58,
    "dma100" : 64.18,
    "dma200" : 65.12,
    "volume" : 10037091.00
  }, {
    "date" : "2026-01-08",
    "price" : 65.76,
    "dma50" : 62.71,
    "dma100" : 64.21,
    "dma200" : 65.13,
    "volume" : 3923003.00
  }, {
    "date" : "2026-01-09",
    "price" : 63.10,
    "dma50" : 62.72,
    "dma100" : 64.22,
    "dma200" : 65.11,
    "volume" : 3685027.00
  }, {
    "date" : "2026-01-12",
    "price" : 63.52,
    "dma50" : 62.76,
    "dma100" : 64.23,
    "dma200" : 65.09,
    "volume" : 3668449.00
  }, {
    "date" : "2026-01-13",
    "price" : 63.55,
    "dma50" : 62.79,
    "dma100" : 64.21,
    "dma200" : 65.08,
    "volume" : 2834650.00
  }, {
    "date" : "2026-01-14",
    "price" : 71.58,
    "dma50" : 63.13,
    "dma100" : 64.27,
    "dma200" : 65.14,
    "volume" : 127795968.00
  }, {
    "date" : "2026-01-16",
    "price" : 68.87,
    "dma50" : 63.36,
    "dma100" : 64.31,
    "dma200" : 65.18,
    "volume" : 15674838.00
  }, {
    "date" : "2026-01-19",
    "price" : 68.66,
    "dma50" : 63.56,
    "dma100" : 64.36,
    "dma200" : 65.21,
    "volume" : 11457621.00
  }, {
    "date" : "2026-01-20",
    "price" : 65.14,
    "dma50" : 63.63,
    "dma100" : 64.37,
    "dma200" : 65.21,
    "volume" : 7362777.00
  }, {
    "date" : "2026-01-21",
    "price" : 65.85,
    "dma50" : 63.71,
    "dma100" : 64.41,
    "dma200" : 65.22,
    "volume" : 12759871.00
  }, {
    "date" : "2026-01-22",
    "price" : 64.93,
    "dma50" : 63.76,
    "dma100" : 64.44,
    "dma200" : 65.22,
    "volume" : 3978305.00
  }, {
    "date" : "2026-01-23",
    "price" : 63.83,
    "dma50" : 63.76,
    "dma100" : 64.47,
    "dma200" : 65.20,
    "volume" : 5359962.00
  }, {
    "date" : "2026-01-27",
    "price" : 64.49,
    "dma50" : 63.79,
    "dma100" : 64.49,
    "dma200" : 65.19,
    "volume" : 5448235.00
  }, {
    "date" : "2026-01-28",
    "price" : 67.71,
    "dma50" : 63.95,
    "dma100" : 64.54,
    "dma200" : 65.22,
    "volume" : 23232473.00
  }, {
    "date" : "2026-01-29",
    "price" : 68.99,
    "dma50" : 64.14,
    "dma100" : 64.59,
    "dma200" : 65.26,
    "volume" : 12460179.00
  }, {
    "date" : "2026-01-30",
    "price" : 65.10,
    "dma50" : 64.18,
    "dma100" : 64.60,
    "dma200" : 65.26,
    "volume" : 6397630.00
  }, {
    "date" : "2026-02-01",
    "price" : 62.97,
    "dma50" : 64.13,
    "dma100" : 64.59,
    "dma200" : 65.23,
    "volume" : 3409869.00
  }, {
    "date" : "2026-02-02",
    "price" : 62.87,
    "dma50" : 64.08,
    "dma100" : 64.56,
    "dma200" : 65.21,
    "volume" : 3590529.00
  }, {
    "date" : "2026-02-03",
    "price" : 63.95,
    "dma50" : 64.08,
    "dma100" : 64.56,
    "dma200" : 65.20,
    "volume" : 2927405.00
  }, {
    "date" : "2026-02-04",
    "price" : 64.99,
    "dma50" : 64.11,
    "dma100" : 64.56,
    "dma200" : 65.19,
    "volume" : 3184024.00
  }, {
    "date" : "2026-02-05",
    "price" : 63.13,
    "dma50" : 64.08,
    "dma100" : 64.54,
    "dma200" : 65.17,
    "volume" : 2071816.00
  }, {
    "date" : "2026-02-06",
    "price" : 64.12,
    "dma50" : 64.08,
    "dma100" : 64.53,
    "dma200" : 65.16,
    "volume" : 2170621.00
  }, {
    "date" : "2026-02-09",
    "price" : 66.06,
    "dma50" : 64.16,
    "dma100" : 64.53,
    "dma200" : 65.17,
    "volume" : 5026863.00
  }, {
    "date" : "2026-02-10",
    "price" : 66.17,
    "dma50" : 64.23,
    "dma100" : 64.53,
    "dma200" : 65.18,
    "volume" : 3261127.00
  }, {
    "date" : "2026-02-11",
    "price" : 66.11,
    "dma50" : 64.31,
    "dma100" : 64.53,
    "dma200" : 65.19,
    "volume" : 2076493.00
  }, {
    "date" : "2026-02-12",
    "price" : 65.57,
    "dma50" : 64.36,
    "dma100" : 64.53,
    "dma200" : 65.20,
    "volume" : 1577894.00
  }, {
    "date" : "2026-02-13",
    "price" : 63.87,
    "dma50" : 64.34,
    "dma100" : 64.49,
    "dma200" : 65.18,
    "volume" : 1407251.00
  } ],
  "latestTechnicalAttributes" : {
    "date" : "2026-02-13",
    "price" : 63.87,
    "dma50" : 64.34,
    "dma100" : 64.49,
    "dma200" : 65.18,
    "volume" : 1407251.00
  },
  "quarterlyResults" : [ {
    "date" : "2005-03-31",
    "sales" : 3867.77,
    "salesGrowthYoY" : null,
    "grossProfitMargin" : 1.34,
    "grossProfit" : 51.83,
    "operatingProfitMargin" : 0.75,
    "operatingProfit" : 29.01,
    "netProfitMargin" : 0.71,
    "netProfit" : 27.46
  }, {
    "date" : "2005-06-30",
    "sales" : 3395.62,
    "salesGrowthYoY" : null,
    "grossProfitMargin" : 1.48,
    "grossProfit" : 50.26,
    "operatingProfitMargin" : 0.62,
    "operatingProfit" : 21.05,
    "netProfitMargin" : 0.86,
    "netProfit" : 29.20
  }, {
    "date" : "2005-09-30",
    "sales" : 3406.02,
    "salesGrowthYoY" : null,
    "grossProfitMargin" : 1.53,
    "grossProfit" : 52.11,
    "operatingProfitMargin" : 0.87,
    "operatingProfit" : 29.63,
    "netProfitMargin" : 0.80,
    "netProfit" : 27.25
  }, {
    "date" : "2005-12-31",
    "sales" : 4489.20,
    "salesGrowthYoY" : null,
    "grossProfitMargin" : 1.31,
    "grossProfit" : 58.81,
    "operatingProfitMargin" : 0.65,
    "operatingProfit" : 29.18,
    "netProfitMargin" : 0.65,
    "netProfit" : 29.18
  }, {
    "date" : "2006-03-31",
    "sales" : 5095.04,
    "salesGrowthYoY" : 31.73,
    "grossProfitMargin" : 0.98,
    "grossProfit" : 49.93,
    "operatingProfitMargin" : 0.18,
    "operatingProfit" : 9.17,
    "netProfitMargin" : 0.27,
    "netProfit" : 13.76
  }, {
    "date" : "2006-06-30",
    "sales" : 5465.47,
    "salesGrowthYoY" : 60.96,
    "grossProfitMargin" : 1.01,
    "grossProfit" : 55.20,
    "operatingProfitMargin" : 0.61,
    "operatingProfit" : 33.34,
    "netProfitMargin" : 0.64,
    "netProfit" : 34.98
  }, {
    "date" : "2006-09-30",
    "sales" : 5787.72,
    "salesGrowthYoY" : 69.93,
    "grossProfitMargin" : 0.79,
    "grossProfit" : 45.72,
    "operatingProfitMargin" : 0.28,
    "operatingProfit" : 16.21,
    "netProfitMargin" : 0.43,
    "netProfit" : 24.89
  }, {
    "date" : "2006-12-31",
    "sales" : 7075.02,
    "salesGrowthYoY" : 57.60,
    "grossProfitMargin" : 0.88,
    "grossProfit" : 62.26,
    "operatingProfitMargin" : 0.48,
    "operatingProfit" : 33.96,
    "netProfitMargin" : 0.43,
    "netProfit" : 30.42
  }, {
    "date" : "2007-03-31",
    "sales" : 4877.25,
    "salesGrowthYoY" : -4.27,
    "grossProfitMargin" : 1.65,
    "grossProfit" : 80.47,
    "operatingProfitMargin" : 0.91,
    "operatingProfit" : 44.38,
    "netProfitMargin" : 0.87,
    "netProfit" : 42.43
  }, {
    "date" : "2007-06-30",
    "sales" : 6079.00,
    "salesGrowthYoY" : 11.23,
    "grossProfitMargin" : 1.06,
    "grossProfit" : 64.44,
    "operatingProfitMargin" : 0.57,
    "operatingProfit" : 34.65,
    "netProfitMargin" : 0.65,
    "netProfit" : 39.51
  }, {
    "date" : "2007-09-30",
    "sales" : 5920.02,
    "salesGrowthYoY" : 2.29,
    "grossProfitMargin" : 1.50,
    "grossProfit" : 88.80,
    "operatingProfitMargin" : 0.78,
    "operatingProfit" : 46.18,
    "netProfitMargin" : 0.66,
    "netProfit" : 39.07
  }, {
    "date" : "2007-12-31",
    "sales" : 4884.86,
    "salesGrowthYoY" : -30.96,
    "grossProfitMargin" : 2.00,
    "grossProfit" : 97.70,
    "operatingProfitMargin" : 1.29,
    "operatingProfit" : 63.01,
    "netProfitMargin" : 0.84,
    "netProfit" : 41.03
  }, {
    "date" : "2008-03-31",
    "sales" : 9391.94,
    "salesGrowthYoY" : 92.57,
    "grossProfitMargin" : 1.79,
    "grossProfit" : 168.12,
    "operatingProfitMargin" : 1.04,
    "operatingProfit" : 97.68,
    "netProfitMargin" : 0.99,
    "netProfit" : 92.98
  }, {
    "date" : "2008-06-30",
    "sales" : 9777.78,
    "salesGrowthYoY" : 60.85,
    "grossProfitMargin" : 0.94,
    "grossProfit" : 91.91,
    "operatingProfitMargin" : 0.53,
    "operatingProfit" : 51.82,
    "netProfitMargin" : 0.55,
    "netProfit" : 53.78
  }, {
    "date" : "2008-09-30",
    "sales" : 12489.10,
    "salesGrowthYoY" : 110.96,
    "grossProfitMargin" : 0.67,
    "grossProfit" : 83.68,
    "operatingProfitMargin" : 0.33,
    "operatingProfit" : 41.21,
    "netProfitMargin" : 0.37,
    "netProfit" : 46.21
  }, {
    "date" : "2008-12-31",
    "sales" : 9763.57,
    "salesGrowthYoY" : 99.87,
    "grossProfitMargin" : 0.78,
    "grossProfit" : 76.16,
    "operatingProfitMargin" : 0.30,
    "operatingProfit" : 29.29,
    "netProfitMargin" : 0.33,
    "netProfit" : 32.22
  }, {
    "date" : "2009-03-31",
    "sales" : 4874.17,
    "salesGrowthYoY" : -48.10,
    "grossProfitMargin" : 1.42,
    "grossProfit" : 69.21,
    "operatingProfitMargin" : -0.01,
    "operatingProfit" : -0.49,
    "netProfitMargin" : 0.84,
    "netProfit" : 40.94
  }, {
    "date" : "2009-06-30",
    "sales" : 7502.13,
    "salesGrowthYoY" : -23.27,
    "grossProfitMargin" : 0.86,
    "grossProfit" : 64.52,
    "operatingProfitMargin" : 0.24,
    "operatingProfit" : 18.01,
    "netProfitMargin" : 0.55,
    "netProfit" : 41.26
  }, {
    "date" : "2009-09-30",
    "sales" : 9439.76,
    "salesGrowthYoY" : -24.42,
    "grossProfitMargin" : 0.66,
    "grossProfit" : 62.30,
    "operatingProfitMargin" : 0.21,
    "operatingProfit" : 19.82,
    "netProfitMargin" : 0.52,
    "netProfit" : 49.09
  }, {
    "date" : "2009-12-31",
    "sales" : 10958.37,
    "salesGrowthYoY" : 12.24,
    "grossProfitMargin" : 0.49,
    "grossProfit" : 53.70,
    "operatingProfitMargin" : 0.05,
    "operatingProfit" : 5.48,
    "netProfitMargin" : 0.26,
    "netProfit" : 28.49
  }, {
    "date" : "2010-03-31",
    "sales" : 17357.47,
    "salesGrowthYoY" : 256.11,
    "grossProfitMargin" : 0.71,
    "grossProfit" : 123.24,
    "operatingProfitMargin" : 0.34,
    "operatingProfit" : 59.02,
    "netProfitMargin" : 0.60,
    "netProfit" : 104.14
  }, {
    "date" : "2010-06-30",
    "sales" : 12045.53,
    "salesGrowthYoY" : 60.56,
    "grossProfitMargin" : 0.66,
    "grossProfit" : 79.50,
    "operatingProfitMargin" : 0.27,
    "operatingProfit" : 32.52,
    "netProfitMargin" : 0.46,
    "netProfit" : 55.41
  }, {
    "date" : "2010-09-30",
    "sales" : 16850.82,
    "salesGrowthYoY" : 78.51,
    "grossProfitMargin" : 0.42,
    "grossProfit" : 70.77,
    "operatingProfitMargin" : 0.12,
    "operatingProfit" : 20.22,
    "netProfitMargin" : 0.24,
    "netProfit" : 40.44
  }, {
    "date" : "2010-12-31",
    "sales" : 18736.67,
    "salesGrowthYoY" : 70.98,
    "grossProfitMargin" : 0.46,
    "grossProfit" : 86.19,
    "operatingProfitMargin" : 0.08,
    "operatingProfit" : 14.99,
    "netProfitMargin" : 0.01,
    "netProfit" : 1.87
  }, {
    "date" : "2011-03-31",
    "sales" : 21200.25,
    "salesGrowthYoY" : 22.14,
    "grossProfitMargin" : 3.56,
    "grossProfit" : 754.73,
    "operatingProfitMargin" : -0.02,
    "operatingProfit" : -4.24,
    "netProfitMargin" : 0.07,
    "netProfit" : 14.84
  }, {
    "date" : "2011-06-30",
    "sales" : 20424.27,
    "salesGrowthYoY" : 69.56,
    "grossProfitMargin" : 2.09,
    "grossProfit" : 426.87,
    "operatingProfitMargin" : -0.01,
    "operatingProfit" : -2.04,
    "netProfitMargin" : 0.03,
    "netProfit" : 6.13
  }, {
    "date" : "2011-09-30",
    "sales" : 16046.64,
    "salesGrowthYoY" : -4.77,
    "grossProfitMargin" : 1.81,
    "grossProfit" : 290.44,
    "operatingProfitMargin" : -0.00,
    "operatingProfit" : -0.00,
    "netProfitMargin" : 0.12,
    "netProfit" : 19.26
  }, {
    "date" : "2011-12-31",
    "sales" : 18913.88,
    "salesGrowthYoY" : 0.95,
    "grossProfitMargin" : 2.30,
    "grossProfit" : 435.02,
    "operatingProfitMargin" : -0.00,
    "operatingProfit" : -0.00,
    "netProfitMargin" : 0.12,
    "netProfit" : 22.70
  }, {
    "date" : "2012-03-31",
    "sales" : 10940.36,
    "salesGrowthYoY" : -48.40,
    "grossProfitMargin" : 2.46,
    "grossProfit" : 269.13,
    "operatingProfitMargin" : 0.43,
    "operatingProfit" : 47.04,
    "netProfitMargin" : 0.82,
    "netProfit" : 89.71
  }, {
    "date" : "2012-06-30",
    "sales" : 5323.24,
    "salesGrowthYoY" : -73.94,
    "grossProfitMargin" : 6.78,
    "grossProfit" : 360.92,
    "operatingProfitMargin" : -0.07,
    "operatingProfit" : -3.73,
    "netProfitMargin" : 0.23,
    "netProfit" : 12.24
  }, {
    "date" : "2012-09-30",
    "sales" : 8846.98,
    "salesGrowthYoY" : -44.87,
    "grossProfitMargin" : 4.47,
    "grossProfit" : 395.46,
    "operatingProfitMargin" : 0.30,
    "operatingProfit" : 26.54,
    "netProfitMargin" : 0.33,
    "netProfit" : 29.20
  }, {
    "date" : "2012-12-31",
    "sales" : 7265.63,
    "salesGrowthYoY" : -61.59,
    "grossProfitMargin" : 5.89,
    "grossProfit" : 427.95,
    "operatingProfitMargin" : 0.42,
    "operatingProfit" : 30.52,
    "netProfitMargin" : 0.49,
    "netProfit" : 35.60
  }, {
    "date" : "2013-03-31",
    "sales" : 7162.51,
    "salesGrowthYoY" : -34.53,
    "grossProfitMargin" : 8.78,
    "grossProfit" : 628.87,
    "operatingProfitMargin" : -0.14,
    "operatingProfit" : -10.03,
    "netProfitMargin" : 0.41,
    "netProfit" : 29.37
  }, {
    "date" : "2013-06-30",
    "sales" : 8829.17,
    "salesGrowthYoY" : 65.86,
    "grossProfitMargin" : 9.37,
    "grossProfit" : 827.29,
    "operatingProfitMargin" : 0.07,
    "operatingProfit" : 6.18,
    "netProfitMargin" : 0.20,
    "netProfit" : 17.66
  }, {
    "date" : "2013-09-30",
    "sales" : 7468.43,
    "salesGrowthYoY" : -15.58,
    "grossProfitMargin" : 9.41,
    "grossProfit" : 702.78,
    "operatingProfitMargin" : 0.22,
    "operatingProfit" : 16.43,
    "netProfitMargin" : 0.49,
    "netProfit" : 36.60
  }, {
    "date" : "2013-12-31",
    "sales" : 4784.46,
    "salesGrowthYoY" : -34.15,
    "grossProfitMargin" : 8.83,
    "grossProfit" : 422.47,
    "operatingProfitMargin" : 0.76,
    "operatingProfit" : 36.36,
    "netProfitMargin" : 0.70,
    "netProfit" : 33.49
  }, {
    "date" : "2014-03-31",
    "sales" : 4187.45,
    "salesGrowthYoY" : -41.54,
    "grossProfitMargin" : 9.83,
    "grossProfit" : 411.63,
    "operatingProfitMargin" : 1.11,
    "operatingProfit" : 46.48,
    "netProfitMargin" : 2.24,
    "netProfit" : 93.80
  }, {
    "date" : "2014-06-30",
    "sales" : 5185.74,
    "salesGrowthYoY" : -41.27,
    "grossProfitMargin" : 5.79,
    "grossProfit" : 300.25,
    "operatingProfitMargin" : 0.66,
    "operatingProfit" : 34.23,
    "netProfitMargin" : 0.77,
    "netProfit" : 39.93
  }, {
    "date" : "2014-09-30",
    "sales" : 2519.82,
    "salesGrowthYoY" : -66.26,
    "grossProfitMargin" : 10.37,
    "grossProfit" : 261.31,
    "operatingProfitMargin" : -1.02,
    "operatingProfit" : -25.70,
    "netProfitMargin" : -0.18,
    "netProfit" : -4.54
  }, {
    "date" : "2014-12-31",
    "sales" : 5547.86,
    "salesGrowthYoY" : 15.96,
    "grossProfitMargin" : 5.38,
    "grossProfit" : 298.47,
    "operatingProfitMargin" : -0.17,
    "operatingProfit" : -9.43,
    "netProfitMargin" : 0.28,
    "netProfit" : 15.53
  }, {
    "date" : "2015-03-31",
    "sales" : 5030.86,
    "salesGrowthYoY" : 20.14,
    "grossProfitMargin" : 7.04,
    "grossProfit" : 354.17,
    "operatingProfitMargin" : -1.05,
    "operatingProfit" : -52.82,
    "netProfitMargin" : -0.37,
    "netProfit" : -18.61
  }, {
    "date" : "2015-06-30",
    "sales" : 2035.56,
    "salesGrowthYoY" : -60.75,
    "grossProfitMargin" : 11.99,
    "grossProfit" : 244.06,
    "operatingProfitMargin" : -2.14,
    "operatingProfit" : -43.56,
    "netProfitMargin" : -1.24,
    "netProfit" : -25.24
  }, {
    "date" : "2015-09-30",
    "sales" : 4896.36,
    "salesGrowthYoY" : 94.31,
    "grossProfitMargin" : 5.60,
    "grossProfit" : 274.20,
    "operatingProfitMargin" : -0.68,
    "operatingProfit" : -33.30,
    "netProfitMargin" : 0.09,
    "netProfit" : 4.41
  }, {
    "date" : "2015-12-31",
    "sales" : 3635.40,
    "salesGrowthYoY" : -34.47,
    "grossProfitMargin" : 8.08,
    "grossProfit" : 293.74,
    "operatingProfitMargin" : 0.40,
    "operatingProfit" : 14.54,
    "netProfitMargin" : 0.47,
    "netProfit" : 17.09
  }, {
    "date" : "2016-03-31",
    "sales" : 1961.49,
    "salesGrowthYoY" : -61.01,
    "grossProfitMargin" : 7.18,
    "grossProfit" : 140.83,
    "operatingProfitMargin" : -1.90,
    "operatingProfit" : -37.27,
    "netProfitMargin" : -0.25,
    "netProfit" : -4.90
  }, {
    "date" : "2016-06-30",
    "sales" : 2799.87,
    "salesGrowthYoY" : 37.55,
    "grossProfitMargin" : 4.76,
    "grossProfit" : 133.27,
    "operatingProfitMargin" : -0.31,
    "operatingProfit" : -8.68,
    "netProfitMargin" : -0.20,
    "netProfit" : -5.60
  }, {
    "date" : "2016-09-30",
    "sales" : 1428.03,
    "salesGrowthYoY" : -70.83,
    "grossProfitMargin" : 5.68,
    "grossProfit" : 81.11,
    "operatingProfitMargin" : -0.38,
    "operatingProfit" : -5.43,
    "netProfitMargin" : 0.07,
    "netProfit" : 1.00
  }, {
    "date" : "2016-12-31",
    "sales" : 4942.24,
    "salesGrowthYoY" : 35.95,
    "grossProfitMargin" : 5.28,
    "grossProfit" : 260.95,
    "operatingProfitMargin" : 0.19,
    "operatingProfit" : 9.39,
    "netProfitMargin" : 0.34,
    "netProfit" : 16.80
  }, {
    "date" : "2017-03-31",
    "sales" : 2538.22,
    "salesGrowthYoY" : 29.40,
    "grossProfitMargin" : 10.51,
    "grossProfit" : 266.77,
    "operatingProfitMargin" : -0.78,
    "operatingProfit" : -19.80,
    "netProfitMargin" : -0.75,
    "netProfit" : -19.04
  }, {
    "date" : "2017-06-30",
    "sales" : 6320.08,
    "salesGrowthYoY" : 125.73,
    "grossProfitMargin" : 7.27,
    "grossProfit" : 459.47,
    "operatingProfitMargin" : 0.13,
    "operatingProfit" : 8.22,
    "netProfitMargin" : 0.30,
    "netProfit" : 18.96
  }, {
    "date" : "2017-09-30",
    "sales" : 3648.54,
    "salesGrowthYoY" : 155.49,
    "grossProfitMargin" : 5.49,
    "grossProfit" : 200.30,
    "operatingProfitMargin" : -0.10,
    "operatingProfit" : -3.65,
    "netProfitMargin" : 0.34,
    "netProfit" : 12.41
  }, {
    "date" : "2017-12-31",
    "sales" : 3387.11,
    "salesGrowthYoY" : -31.47,
    "grossProfitMargin" : 8.61,
    "grossProfit" : 291.63,
    "operatingProfitMargin" : 0.52,
    "operatingProfit" : 17.61,
    "netProfitMargin" : 0.20,
    "netProfit" : 6.77
  }, {
    "date" : "2018-03-31",
    "sales" : 3095.08,
    "salesGrowthYoY" : 21.94,
    "grossProfitMargin" : 7.90,
    "grossProfit" : 244.51,
    "operatingProfitMargin" : 0.14,
    "operatingProfit" : 4.33,
    "netProfitMargin" : 0.57,
    "netProfit" : 17.64
  }, {
    "date" : "2018-06-30",
    "sales" : 5088.05,
    "salesGrowthYoY" : -19.49,
    "grossProfitMargin" : 5.98,
    "grossProfit" : 304.27,
    "operatingProfitMargin" : 0.32,
    "operatingProfit" : 16.28,
    "netProfitMargin" : 0.22,
    "netProfit" : 11.19
  }, {
    "date" : "2018-09-30",
    "sales" : 7422.81,
    "salesGrowthYoY" : 103.45,
    "grossProfitMargin" : 5.15,
    "grossProfit" : 382.27,
    "operatingProfitMargin" : 0.84,
    "operatingProfit" : 62.35,
    "netProfitMargin" : 0.44,
    "netProfit" : 32.66
  }, {
    "date" : "2018-12-31",
    "sales" : 9366.78,
    "salesGrowthYoY" : 176.54,
    "grossProfitMargin" : 4.15,
    "grossProfit" : 388.72,
    "operatingProfitMargin" : 0.63,
    "operatingProfit" : 59.01,
    "netProfitMargin" : 0.29,
    "netProfit" : 27.16
  }, {
    "date" : "2019-03-31",
    "sales" : 7101.80,
    "salesGrowthYoY" : 129.45,
    "grossProfitMargin" : 3.93,
    "grossProfit" : 279.10,
    "operatingProfitMargin" : 0.62,
    "operatingProfit" : 44.03,
    "netProfitMargin" : 0.25,
    "netProfit" : 17.75
  }, {
    "date" : "2019-06-30",
    "sales" : 6886.31,
    "salesGrowthYoY" : 35.34,
    "grossProfitMargin" : 5.69,
    "grossProfit" : 391.83,
    "operatingProfitMargin" : 0.46,
    "operatingProfit" : 31.68,
    "netProfitMargin" : 0.29,
    "netProfit" : 19.97
  }, {
    "date" : "2019-09-30",
    "sales" : 6290.05,
    "salesGrowthYoY" : -15.26,
    "grossProfitMargin" : 3.47,
    "grossProfit" : 218.26,
    "operatingProfitMargin" : 0.94,
    "operatingProfit" : 59.13,
    "netProfitMargin" : 0.36,
    "netProfit" : 22.64
  }, {
    "date" : "2019-12-31",
    "sales" : 7461.48,
    "salesGrowthYoY" : -20.34,
    "grossProfitMargin" : 3.69,
    "grossProfit" : 275.33,
    "operatingProfitMargin" : 0.63,
    "operatingProfit" : 47.01,
    "netProfitMargin" : 0.01,
    "netProfit" : 0.75
  }, {
    "date" : "2020-03-31",
    "sales" : 3497.14,
    "salesGrowthYoY" : -50.76,
    "grossProfitMargin" : -1.32,
    "grossProfit" : -46.16,
    "operatingProfitMargin" : -5.95,
    "operatingProfit" : -208.08,
    "netProfitMargin" : -6.39,
    "netProfit" : -223.47
  }, {
    "date" : "2020-06-30",
    "sales" : 1839.95,
    "salesGrowthYoY" : -73.28,
    "grossProfitMargin" : 2.04,
    "grossProfit" : 37.53,
    "operatingProfitMargin" : -1.13,
    "operatingProfit" : -20.79,
    "netProfitMargin" : -3.66,
    "netProfit" : -67.34
  }, {
    "date" : "2020-09-30",
    "sales" : 5774.31,
    "salesGrowthYoY" : -8.20,
    "grossProfitMargin" : 3.35,
    "grossProfit" : 193.44,
    "operatingProfitMargin" : -0.16,
    "operatingProfit" : -9.24,
    "netProfitMargin" : -0.58,
    "netProfit" : -33.49
  }, {
    "date" : "2020-12-31",
    "sales" : 10542.05,
    "salesGrowthYoY" : 41.29,
    "grossProfitMargin" : 5.26,
    "grossProfit" : 554.51,
    "operatingProfitMargin" : 0.08,
    "operatingProfit" : 8.43,
    "netProfitMargin" : -0.39,
    "netProfit" : -41.11
  }, {
    "date" : "2021-03-31",
    "sales" : 8225.30,
    "salesGrowthYoY" : 135.20,
    "grossProfitMargin" : 4.99,
    "grossProfit" : 410.44,
    "operatingProfitMargin" : -0.41,
    "operatingProfit" : -33.72,
    "netProfitMargin" : 3.03,
    "netProfit" : 249.23
  }, {
    "date" : "2021-06-30",
    "sales" : 4168.81,
    "salesGrowthYoY" : 126.57,
    "grossProfitMargin" : 4.94,
    "grossProfit" : 205.94,
    "operatingProfitMargin" : -0.66,
    "operatingProfit" : -27.51,
    "netProfitMargin" : -1.43,
    "netProfit" : -59.61
  }, {
    "date" : "2021-09-30",
    "sales" : 1390.54,
    "salesGrowthYoY" : -75.92,
    "grossProfitMargin" : 5.73,
    "grossProfit" : 79.68,
    "operatingProfitMargin" : -2.01,
    "operatingProfit" : -27.95,
    "netProfitMargin" : -3.49,
    "netProfit" : -48.53
  }, {
    "date" : "2021-12-31",
    "sales" : 1663.53,
    "salesGrowthYoY" : -84.22,
    "grossProfitMargin" : 7.88,
    "grossProfit" : 131.09,
    "operatingProfitMargin" : -1.25,
    "operatingProfit" : -20.79,
    "netProfitMargin" : -4.45,
    "netProfit" : -74.03
  }, {
    "date" : "2022-03-31",
    "sales" : 1170.41,
    "salesGrowthYoY" : -85.77,
    "grossProfitMargin" : 48.94,
    "grossProfit" : 572.80,
    "operatingProfitMargin" : 43.41,
    "operatingProfit" : 508.07,
    "netProfitMargin" : 9.53,
    "netProfit" : 111.54
  }, {
    "date" : "2022-06-30",
    "sales" : 247.70,
    "salesGrowthYoY" : -94.06,
    "grossProfitMargin" : 4.53,
    "grossProfit" : 11.22,
    "operatingProfitMargin" : -9.34,
    "operatingProfit" : -23.14,
    "netProfitMargin" : -51.16,
    "netProfit" : -126.72
  }, {
    "date" : "2022-09-30",
    "sales" : 14.09,
    "salesGrowthYoY" : -98.99,
    "grossProfitMargin" : 28.25,
    "grossProfit" : 3.98,
    "operatingProfitMargin" : -258.84,
    "operatingProfit" : -36.47,
    "netProfitMargin" : -170.55,
    "netProfit" : -24.03
  }, {
    "date" : "2022-12-31",
    "sales" : 6.12,
    "salesGrowthYoY" : -99.63,
    "grossProfitMargin" : 23.86,
    "grossProfit" : 1.46,
    "operatingProfitMargin" : -568.63,
    "operatingProfit" : -34.80,
    "netProfitMargin" : 1148.04,
    "netProfit" : 70.26
  }, {
    "date" : "2023-03-31",
    "sales" : 4.64,
    "salesGrowthYoY" : -99.60,
    "grossProfitMargin" : 65.30,
    "grossProfit" : 3.03,
    "operatingProfitMargin" : -608.41,
    "operatingProfit" : -28.23,
    "netProfitMargin" : 314.22,
    "netProfit" : 14.58
  }, {
    "date" : "2023-06-30",
    "sales" : 2.16,
    "salesGrowthYoY" : -99.13,
    "grossProfitMargin" : 66.67,
    "grossProfit" : 1.44,
    "operatingProfitMargin" : -2919.91,
    "operatingProfit" : -63.07,
    "netProfitMargin" : -1666.67,
    "netProfit" : -36.00
  }, {
    "date" : "2023-09-30",
    "sales" : 1.81,
    "salesGrowthYoY" : -87.15,
    "grossProfitMargin" : 96.13,
    "grossProfit" : 1.74,
    "operatingProfitMargin" : -1674.59,
    "operatingProfit" : -30.31,
    "netProfitMargin" : 539.78,
    "netProfit" : 9.77
  }, {
    "date" : "2023-12-31",
    "sales" : 0.73,
    "salesGrowthYoY" : -88.07,
    "grossProfitMargin" : 100.00,
    "grossProfit" : 0.73,
    "operatingProfitMargin" : -4982.19,
    "operatingProfit" : -36.37,
    "netProfitMargin" : 3135.62,
    "netProfit" : 22.89
  }, {
    "date" : "2024-03-31",
    "sales" : 0.64,
    "salesGrowthYoY" : -86.21,
    "grossProfitMargin" : 98.44,
    "grossProfit" : 0.63,
    "operatingProfitMargin" : -5125.00,
    "operatingProfit" : -32.80,
    "netProfitMargin" : 4851.56,
    "netProfit" : 31.05
  }, {
    "date" : "2024-06-30",
    "sales" : 0.65,
    "salesGrowthYoY" : -69.91,
    "grossProfitMargin" : 100.00,
    "grossProfit" : 0.65,
    "operatingProfitMargin" : -7787.69,
    "operatingProfit" : -50.62,
    "netProfitMargin" : 10020.00,
    "netProfit" : 65.13
  }, {
    "date" : "2024-09-30",
    "sales" : 1.56,
    "salesGrowthYoY" : -13.81,
    "grossProfitMargin" : 100.00,
    "grossProfit" : 1.56,
    "operatingProfitMargin" : -1938.46,
    "operatingProfit" : -30.24,
    "netProfitMargin" : 723.08,
    "netProfit" : 11.28
  }, {
    "date" : "2024-12-31",
    "sales" : 0.25,
    "salesGrowthYoY" : -65.75,
    "grossProfitMargin" : 100.00,
    "grossProfit" : 0.25,
    "operatingProfitMargin" : -12224.00,
    "operatingProfit" : -30.56,
    "netProfitMargin" : -220.00,
    "netProfit" : -0.55
  }, {
    "date" : "2025-03-31",
    "sales" : 0.23,
    "salesGrowthYoY" : -64.06,
    "grossProfitMargin" : 100.00,
    "grossProfit" : 0.23,
    "operatingProfitMargin" : -11843.48,
    "operatingProfit" : -27.24,
    "netProfitMargin" : 117.39,
    "netProfit" : 0.27
  }, {
    "date" : "2025-06-30",
    "sales" : 1.36,
    "salesGrowthYoY" : 109.23,
    "grossProfitMargin" : 73.53,
    "grossProfit" : 1.00,
    "operatingProfitMargin" : -1698.53,
    "operatingProfit" : -23.10,
    "netProfitMargin" : 2695.59,
    "netProfit" : 36.66
  }, {
    "date" : "2025-09-30",
    "sales" : 1.10,
    "salesGrowthYoY" : -29.49,
    "grossProfitMargin" : 100.00,
    "grossProfit" : 1.10,
    "operatingProfitMargin" : -2004.55,
    "operatingProfit" : -22.05,
    "netProfitMargin" : 443.64,
    "netProfit" : 4.88
  }, {
    "date" : "2025-12-31",
    "sales" : 0.34,
    "salesGrowthYoY" : 36.00,
    "grossProfitMargin" : 100.00,
    "grossProfit" : 0.34,
    "operatingProfitMargin" : -6767.65,
    "operatingProfit" : -23.01,
    "netProfitMargin" : 3082.35,
    "netProfit" : 10.48
  } ],
  "latestQuarterlyResult" : {
    "date" : "2025-12-31",
    "sales" : 0.34,
    "salesGrowthYoY" : 36.00,
    "grossProfitMargin" : 100.00,
    "grossProfit" : 0.34,
    "operatingProfitMargin" : -6767.65,
    "operatingProfit" : -23.01,
    "netProfitMargin" : 3082.35,
    "netProfit" : 10.48
  },
  "companyScore" : {
    "priceHigherThanDma50" : 0.00,
    "priceHigherThanDma100" : 0.00,
    "priceHigherThanDma200" : 0.00,
    "dma50HigherThanDma100" : 0.00,
    "dma50HigherThanDma200" : 0.00,
    "dma100HigherThanDma200" : 0.00,
    "pricePercentageAboveDma50" : 5.04,
    "pricePercentageAboveDma100" : 5.05,
    "pricePercentageAboveDma200" : 5.10,
    "weeklyVolumeHigherThanYearlyVolume" : 0.00,
    "salesGrowthPercentile" : 14.00,
    "operatingProfitMarginPercentile" : 8.90,
    "netProfitMarginPercentile" : 9.64,
    "totalTechnicalScore" : 15.19,
    "totalFundamentalScore" : 32.54,
    "totalScore" : 47.72
  }
}