{
  "metadata" : {
    "screenerCompanyId" : "2112",
    "companyCode" : "MOIL",
    "companyName" : "MOIL",
    "screenerCompanyLink" : "https://www.screener.in/company/MOIL",
    "screenerTechnicalHistoryLink" : "https://www.screener.in/api/company/2112/chart/?q=Price-DMA50-DMA200-Volume&days=365",
    "screenerQuarterlyResultsLink" : "https://www.screener.in/api/company/2112/chart/?q=GPM-OPM-NPM-Quarter+Sales&days=10000",
    "attributes" : {
      "companyCode" : "MOIL",
      "companyName" : "MOIL",
      "marketCap" : 6495.00,
      "peRatio" : 21.60,
      "description" : "MOIL Ltd is primarily engaged in mining of manganese ore and is the largest manganese ore producer in the country.[1] It is a miniratna state-owned company owned by Govt. of India.[2]"
    },
    "companyScore" : {
      "priceHigherThanDma50" : 0.00,
      "priceHigherThanDma100" : 0.00,
      "priceHigherThanDma200" : 0.00,
      "dma50HigherThanDma100" : 0.00,
      "dma50HigherThanDma200" : 0.00,
      "dma100HigherThanDma200" : 5.00,
      "pricePercentageAboveDma50" : 5.39,
      "pricePercentageAboveDma100" : 5.48,
      "pricePercentageAboveDma200" : 5.47,
      "weeklyVolumeHigherThanYearlyVolume" : 0.00,
      "salesGrowthPercentile" : 14.33,
      "operatingProfitMarginPercentile" : 8.49,
      "netProfitMarginPercentile" : 2.92,
      "totalTechnicalScore" : 21.34,
      "totalFundamentalScore" : 25.75,
      "totalScore" : 47.09
    }
  },
  "attributes" : {
    "companyCode" : "MOIL",
    "companyName" : "MOIL",
    "marketCap" : 6495.00,
    "peRatio" : 21.60,
    "description" : "MOIL Ltd is primarily engaged in mining of manganese ore and is the largest manganese ore producer in the country.[1] It is a miniratna state-owned company owned by Govt. of India.[2]"
  },
  "technicalHistory" : [ {
    "date" : "2024-12-11",
    "price" : 368.15,
    "dma50" : 345.87,
    "dma100" : null,
    "dma200" : 369.70,
    "volume" : 1091750.00
  }, {
    "date" : "2024-12-12",
    "price" : 370.30,
    "dma50" : 346.83,
    "dma100" : null,
    "dma200" : 369.71,
    "volume" : 902825.00
  }, {
    "date" : "2024-12-13",
    "price" : 361.55,
    "dma50" : 347.41,
    "dma100" : null,
    "dma200" : 369.63,
    "volume" : 1086517.00
  }, {
    "date" : "2024-12-16",
    "price" : 373.05,
    "dma50" : 348.41,
    "dma100" : null,
    "dma200" : 369.66,
    "volume" : 1128859.00
  }, {
    "date" : "2024-12-17",
    "price" : 364.55,
    "dma50" : 349.05,
    "dma100" : null,
    "dma200" : 369.61,
    "volume" : 742229.00
  }, {
    "date" : "2024-12-18",
    "price" : 357.60,
    "dma50" : 349.38,
    "dma100" : null,
    "dma200" : 369.49,
    "volume" : 854876.00
  }, {
    "date" : "2024-12-19",
    "price" : 348.95,
    "dma50" : 349.36,
    "dma100" : null,
    "dma200" : 369.28,
    "volume" : 575570.00
  }, {
    "date" : "2024-12-20",
    "price" : 336.50,
    "dma50" : 348.86,
    "dma100" : null,
    "dma200" : 368.96,
    "volume" : 719921.00
  }, {
    "date" : "2024-12-23",
    "price" : 323.00,
    "dma50" : 347.85,
    "dma100" : null,
    "dma200" : 368.50,
    "volume" : 1717062.00
  }, {
    "date" : "2024-12-24",
    "price" : 338.45,
    "dma50" : 347.48,
    "dma100" : null,
    "dma200" : 368.20,
    "volume" : 1240735.00
  }, {
    "date" : "2024-12-26",
    "price" : 329.15,
    "dma50" : 346.76,
    "dma100" : null,
    "dma200" : 367.81,
    "volume" : 447109.00
  }, {
    "date" : "2024-12-27",
    "price" : 328.45,
    "dma50" : 346.04,
    "dma100" : null,
    "dma200" : 367.42,
    "volume" : 366926.00
  }, {
    "date" : "2024-12-30",
    "price" : 317.70,
    "dma50" : 344.93,
    "dma100" : null,
    "dma200" : 366.93,
    "volume" : 536825.00
  }, {
    "date" : "2024-12-31",
    "price" : 331.25,
    "dma50" : 344.39,
    "dma100" : null,
    "dma200" : 366.57,
    "volume" : 783499.00
  }, {
    "date" : "2025-01-01",
    "price" : 346.00,
    "dma50" : 344.46,
    "dma100" : null,
    "dma200" : 366.37,
    "volume" : 1112650.00
  }, {
    "date" : "2025-01-02",
    "price" : 338.25,
    "dma50" : 344.21,
    "dma100" : null,
    "dma200" : 366.09,
    "volume" : 670156.00
  }, {
    "date" : "2025-01-03",
    "price" : 349.15,
    "dma50" : 344.41,
    "dma100" : null,
    "dma200" : 365.92,
    "volume" : 2443803.00
  }, {
    "date" : "2025-01-06",
    "price" : 326.15,
    "dma50" : 343.69,
    "dma100" : null,
    "dma200" : 365.52,
    "volume" : 997031.00
  }, {
    "date" : "2025-01-07",
    "price" : 343.35,
    "dma50" : 343.68,
    "dma100" : null,
    "dma200" : 365.30,
    "volume" : 1381314.00
  }, {
    "date" : "2025-01-08",
    "price" : 338.05,
    "dma50" : 343.46,
    "dma100" : null,
    "dma200" : 365.03,
    "volume" : 941457.00
  }, {
    "date" : "2025-01-09",
    "price" : 337.40,
    "dma50" : 343.22,
    "dma100" : null,
    "dma200" : 364.76,
    "volume" : 2145752.00
  }, {
    "date" : "2025-01-10",
    "price" : 352.70,
    "dma50" : 343.59,
    "dma100" : null,
    "dma200" : 364.64,
    "volume" : 7108227.00
  }, {
    "date" : "2025-01-13",
    "price" : 346.65,
    "dma50" : 343.71,
    "dma100" : null,
    "dma200" : 364.46,
    "volume" : 4885646.00
  }, {
    "date" : "2025-01-14",
    "price" : 353.15,
    "dma50" : 344.08,
    "dma100" : null,
    "dma200" : 364.35,
    "volume" : 1810698.00
  }, {
    "date" : "2025-01-15",
    "price" : 351.20,
    "dma50" : 344.36,
    "dma100" : null,
    "dma200" : 364.21,
    "volume" : 2286429.00
  }, {
    "date" : "2025-01-16",
    "price" : 358.65,
    "dma50" : 344.92,
    "dma100" : null,
    "dma200" : 364.16,
    "volume" : 1911790.00
  }, {
    "date" : "2025-01-17",
    "price" : 357.75,
    "dma50" : 345.42,
    "dma100" : null,
    "dma200" : 364.10,
    "volume" : 2069649.00
  }, {
    "date" : "2025-01-20",
    "price" : 354.80,
    "dma50" : 345.79,
    "dma100" : null,
    "dma200" : 364.00,
    "volume" : 971942.00
  }, {
    "date" : "2025-01-21",
    "price" : 341.10,
    "dma50" : 345.61,
    "dma100" : null,
    "dma200" : 363.77,
    "volume" : 1628402.00
  }, {
    "date" : "2025-01-22",
    "price" : 334.75,
    "dma50" : 345.18,
    "dma100" : null,
    "dma200" : 363.49,
    "volume" : 1377007.00
  }, {
    "date" : "2025-01-23",
    "price" : 326.95,
    "dma50" : 344.47,
    "dma100" : null,
    "dma200" : 363.12,
    "volume" : 1455063.00
  }, {
    "date" : "2025-01-24",
    "price" : 313.40,
    "dma50" : 343.25,
    "dma100" : null,
    "dma200" : 362.63,
    "volume" : 1456890.00
  }, {
    "date" : "2025-01-27",
    "price" : 296.90,
    "dma50" : 341.43,
    "dma100" : null,
    "dma200" : 361.97,
    "volume" : 1471429.00
  }, {
    "date" : "2025-01-28",
    "price" : 287.35,
    "dma50" : 339.31,
    "dma100" : null,
    "dma200" : 361.23,
    "volume" : 1996669.00
  }, {
    "date" : "2025-01-29",
    "price" : 301.25,
    "dma50" : 337.82,
    "dma100" : null,
    "dma200" : 360.63,
    "volume" : 1071122.00
  }, {
    "date" : "2025-01-30",
    "price" : 296.25,
    "dma50" : 336.19,
    "dma100" : null,
    "dma200" : 359.99,
    "volume" : 1197210.00
  }, {
    "date" : "2025-01-31",
    "price" : 306.35,
    "dma50" : 335.02,
    "dma100" : null,
    "dma200" : 359.46,
    "volume" : 1132101.00
  }, {
    "date" : "2025-02-01",
    "price" : 310.25,
    "dma50" : 334.05,
    "dma100" : null,
    "dma200" : 358.97,
    "volume" : 1159606.00
  }, {
    "date" : "2025-02-03",
    "price" : 305.15,
    "dma50" : 332.91,
    "dma100" : null,
    "dma200" : 358.43,
    "volume" : 2299977.00
  }, {
    "date" : "2025-02-04",
    "price" : 311.20,
    "dma50" : 332.06,
    "dma100" : null,
    "dma200" : 357.96,
    "volume" : 604444.00
  }, {
    "date" : "2025-02-05",
    "price" : 316.65,
    "dma50" : 331.46,
    "dma100" : null,
    "dma200" : 357.55,
    "volume" : 903316.00
  }, {
    "date" : "2025-02-06",
    "price" : 324.70,
    "dma50" : 331.19,
    "dma100" : null,
    "dma200" : 357.23,
    "volume" : 1116504.00
  }, {
    "date" : "2025-02-07",
    "price" : 320.95,
    "dma50" : 330.79,
    "dma100" : null,
    "dma200" : 356.87,
    "volume" : 841112.00
  }, {
    "date" : "2025-02-10",
    "price" : 311.40,
    "dma50" : 330.03,
    "dma100" : null,
    "dma200" : 356.41,
    "volume" : 457173.00
  }, {
    "date" : "2025-02-11",
    "price" : 301.20,
    "dma50" : 328.90,
    "dma100" : null,
    "dma200" : 355.86,
    "volume" : 714661.00
  }, {
    "date" : "2025-02-12",
    "price" : 307.60,
    "dma50" : 328.06,
    "dma100" : null,
    "dma200" : 355.38,
    "volume" : 1600137.00
  }, {
    "date" : "2025-02-13",
    "price" : 303.80,
    "dma50" : 327.11,
    "dma100" : null,
    "dma200" : 354.87,
    "volume" : 743779.00
  }, {
    "date" : "2025-02-14",
    "price" : 293.25,
    "dma50" : 325.78,
    "dma100" : null,
    "dma200" : 354.26,
    "volume" : 917870.00
  }, {
    "date" : "2025-02-17",
    "price" : 304.10,
    "dma50" : 324.93,
    "dma100" : null,
    "dma200" : 353.76,
    "volume" : 1338775.00
  }, {
    "date" : "2025-02-18",
    "price" : 302.35,
    "dma50" : 324.05,
    "dma100" : null,
    "dma200" : 353.25,
    "volume" : 835764.00
  }, {
    "date" : "2025-02-19",
    "price" : 313.30,
    "dma50" : 323.63,
    "dma100" : null,
    "dma200" : 352.85,
    "volume" : 1001281.00
  }, {
    "date" : "2025-02-20",
    "price" : 325.65,
    "dma50" : 323.71,
    "dma100" : null,
    "dma200" : 352.58,
    "volume" : 929434.00
  }, {
    "date" : "2025-02-21",
    "price" : 323.10,
    "dma50" : 323.68,
    "dma100" : null,
    "dma200" : 352.29,
    "volume" : 1099169.00
  }, {
    "date" : "2025-02-24",
    "price" : 319.80,
    "dma50" : 323.53,
    "dma100" : null,
    "dma200" : 351.96,
    "volume" : 804775.00
  }, {
    "date" : "2025-02-25",
    "price" : 313.00,
    "dma50" : 323.12,
    "dma100" : null,
    "dma200" : 351.57,
    "volume" : 517318.00
  }, {
    "date" : "2025-02-27",
    "price" : 303.45,
    "dma50" : 322.35,
    "dma100" : null,
    "dma200" : 351.10,
    "volume" : 474766.00
  }, {
    "date" : "2025-02-28",
    "price" : 290.25,
    "dma50" : 321.09,
    "dma100" : null,
    "dma200" : 350.49,
    "volume" : 1157797.00
  }, {
    "date" : "2025-03-03",
    "price" : 293.55,
    "dma50" : 320.01,
    "dma100" : null,
    "dma200" : 349.92,
    "volume" : 1723873.00
  }, {
    "date" : "2025-03-04",
    "price" : 296.70,
    "dma50" : 319.09,
    "dma100" : null,
    "dma200" : 349.39,
    "volume" : 678651.00
  }, {
    "date" : "2025-03-05",
    "price" : 322.80,
    "dma50" : 319.24,
    "dma100" : null,
    "dma200" : 349.13,
    "volume" : 2616356.00
  }, {
    "date" : "2025-03-06",
    "price" : 336.40,
    "dma50" : 319.91,
    "dma100" : null,
    "dma200" : 349.00,
    "volume" : 1777703.00
  }, {
    "date" : "2025-03-07",
    "price" : 332.55,
    "dma50" : 320.41,
    "dma100" : null,
    "dma200" : 348.84,
    "volume" : 1264227.00
  }, {
    "date" : "2025-03-10",
    "price" : 319.30,
    "dma50" : 320.36,
    "dma100" : null,
    "dma200" : 348.55,
    "volume" : 660973.00
  }, {
    "date" : "2025-03-11",
    "price" : 321.00,
    "dma50" : 320.39,
    "dma100" : null,
    "dma200" : 348.27,
    "volume" : 853141.00
  }, {
    "date" : "2025-03-12",
    "price" : 318.65,
    "dma50" : 320.32,
    "dma100" : null,
    "dma200" : 347.98,
    "volume" : 575534.00
  }, {
    "date" : "2025-03-13",
    "price" : 314.35,
    "dma50" : 320.09,
    "dma100" : null,
    "dma200" : 347.64,
    "volume" : 534227.00
  }, {
    "date" : "2025-03-17",
    "price" : 321.90,
    "dma50" : 320.16,
    "dma100" : null,
    "dma200" : 347.39,
    "volume" : 697937.00
  }, {
    "date" : "2025-03-18",
    "price" : 325.15,
    "dma50" : 320.35,
    "dma100" : null,
    "dma200" : 347.16,
    "volume" : 580348.00
  }, {
    "date" : "2025-03-19",
    "price" : 336.50,
    "dma50" : 320.99,
    "dma100" : null,
    "dma200" : 347.06,
    "volume" : 1258251.00
  }, {
    "date" : "2025-03-20",
    "price" : 336.30,
    "dma50" : 321.59,
    "dma100" : null,
    "dma200" : 346.95,
    "volume" : 724197.00
  }, {
    "date" : "2025-03-21",
    "price" : 338.95,
    "dma50" : 322.27,
    "dma100" : null,
    "dma200" : 346.87,
    "volume" : 779248.00
  }, {
    "date" : "2025-03-24",
    "price" : 342.05,
    "dma50" : 323.04,
    "dma100" : null,
    "dma200" : 346.82,
    "volume" : 856402.00
  }, {
    "date" : "2025-03-25",
    "price" : 328.10,
    "dma50" : 323.24,
    "dma100" : null,
    "dma200" : 346.64,
    "volume" : 905138.00
  }, {
    "date" : "2025-03-26",
    "price" : 318.95,
    "dma50" : 323.07,
    "dma100" : null,
    "dma200" : 346.36,
    "volume" : 846676.00
  }, {
    "date" : "2025-03-27",
    "price" : 328.40,
    "dma50" : 323.28,
    "dma100" : null,
    "dma200" : 346.18,
    "volume" : 1068465.00
  }, {
    "date" : "2025-03-28",
    "price" : 323.00,
    "dma50" : 323.27,
    "dma100" : null,
    "dma200" : 345.95,
    "volume" : 914289.00
  }, {
    "date" : "2025-04-01",
    "price" : 327.95,
    "dma50" : 323.46,
    "dma100" : null,
    "dma200" : 345.77,
    "volume" : 450309.00
  }, {
    "date" : "2025-04-02",
    "price" : 331.70,
    "dma50" : 323.78,
    "dma100" : null,
    "dma200" : 345.63,
    "volume" : 709504.00
  }, {
    "date" : "2025-04-03",
    "price" : 333.50,
    "dma50" : 324.16,
    "dma100" : null,
    "dma200" : 345.51,
    "volume" : 825570.00
  }, {
    "date" : "2025-04-04",
    "price" : 313.20,
    "dma50" : 323.73,
    "dma100" : null,
    "dma200" : 345.19,
    "volume" : 1049077.00
  }, {
    "date" : "2025-04-07",
    "price" : 301.75,
    "dma50" : 322.87,
    "dma100" : null,
    "dma200" : 344.76,
    "volume" : 1144058.00
  }, {
    "date" : "2025-04-08",
    "price" : 302.75,
    "dma50" : 322.08,
    "dma100" : null,
    "dma200" : 344.34,
    "volume" : 577891.00
  }, {
    "date" : "2025-04-09",
    "price" : 298.50,
    "dma50" : 321.15,
    "dma100" : null,
    "dma200" : 343.88,
    "volume" : 400395.00
  }, {
    "date" : "2025-04-11",
    "price" : 306.30,
    "dma50" : 320.57,
    "dma100" : null,
    "dma200" : 343.51,
    "volume" : 403865.00
  }, {
    "date" : "2025-04-15",
    "price" : 316.40,
    "dma50" : 320.41,
    "dma100" : null,
    "dma200" : 343.24,
    "volume" : 457188.00
  }, {
    "date" : "2025-04-16",
    "price" : 328.75,
    "dma50" : 320.74,
    "dma100" : null,
    "dma200" : 343.10,
    "volume" : 1089038.00
  }, {
    "date" : "2025-04-17",
    "price" : 323.75,
    "dma50" : 320.85,
    "dma100" : null,
    "dma200" : 342.90,
    "volume" : 449885.00
  }, {
    "date" : "2025-04-21",
    "price" : 327.05,
    "dma50" : 321.10,
    "dma100" : null,
    "dma200" : 342.75,
    "volume" : 516796.00
  }, {
    "date" : "2025-04-22",
    "price" : 333.40,
    "dma50" : 321.58,
    "dma100" : null,
    "dma200" : 342.65,
    "volume" : 1114602.00
  }, {
    "date" : "2025-04-23",
    "price" : 328.95,
    "dma50" : 321.87,
    "dma100" : null,
    "dma200" : 342.52,
    "volume" : 917534.00
  }, {
    "date" : "2025-04-24",
    "price" : 330.90,
    "dma50" : 322.22,
    "dma100" : null,
    "dma200" : 342.40,
    "volume" : 696953.00
  }, {
    "date" : "2025-04-25",
    "price" : 317.20,
    "dma50" : 322.03,
    "dma100" : null,
    "dma200" : 342.15,
    "volume" : 758599.00
  }, {
    "date" : "2025-04-28",
    "price" : 318.60,
    "dma50" : 321.89,
    "dma100" : null,
    "dma200" : 341.92,
    "volume" : 414493.00
  }, {
    "date" : "2025-04-29",
    "price" : 324.10,
    "dma50" : 321.98,
    "dma100" : null,
    "dma200" : 341.74,
    "volume" : 902592.00
  }, {
    "date" : "2025-04-30",
    "price" : 315.80,
    "dma50" : 321.74,
    "dma100" : null,
    "dma200" : 341.48,
    "volume" : 570363.00
  }, {
    "date" : "2025-05-02",
    "price" : 338.70,
    "dma50" : 322.40,
    "dma100" : null,
    "dma200" : 341.45,
    "volume" : 8917777.00
  }, {
    "date" : "2025-05-05",
    "price" : 330.60,
    "dma50" : 322.72,
    "dma100" : null,
    "dma200" : 341.35,
    "volume" : 1163134.00
  }, {
    "date" : "2025-05-06",
    "price" : 325.80,
    "dma50" : 322.84,
    "dma100" : null,
    "dma200" : 341.19,
    "volume" : 1150078.00
  }, {
    "date" : "2025-05-07",
    "price" : 329.70,
    "dma50" : 323.11,
    "dma100" : null,
    "dma200" : 341.08,
    "volume" : 1405537.00
  }, {
    "date" : "2025-05-08",
    "price" : 322.00,
    "dma50" : 323.07,
    "dma100" : null,
    "dma200" : 340.89,
    "volume" : 1233771.00
  }, {
    "date" : "2025-05-09",
    "price" : 321.60,
    "dma50" : 323.01,
    "dma100" : 325.43,
    "dma200" : 340.69,
    "volume" : 915679.00
  }, {
    "date" : "2025-05-12",
    "price" : 337.10,
    "dma50" : 323.56,
    "dma100" : 325.10,
    "dma200" : 340.66,
    "volume" : 1194775.00
  }, {
    "date" : "2025-05-13",
    "price" : 340.35,
    "dma50" : 324.22,
    "dma100" : 324.88,
    "dma200" : 340.66,
    "volume" : 1093302.00
  }, {
    "date" : "2025-05-14",
    "price" : 351.20,
    "dma50" : 325.28,
    "dma100" : 324.67,
    "dma200" : 340.76,
    "volume" : 1453587.00
  }, {
    "date" : "2025-05-15",
    "price" : 364.80,
    "dma50" : 326.83,
    "dma100" : 324.67,
    "dma200" : 341.00,
    "volume" : 3199242.00
  }, {
    "date" : "2025-05-16",
    "price" : 363.90,
    "dma50" : 328.28,
    "dma100" : 324.73,
    "dma200" : 341.23,
    "volume" : 1073851.00
  }, {
    "date" : "2025-05-19",
    "price" : 365.90,
    "dma50" : 329.76,
    "dma100" : 324.90,
    "dma200" : 341.47,
    "volume" : 1011913.00
  }, {
    "date" : "2025-05-20",
    "price" : 363.70,
    "dma50" : 331.09,
    "dma100" : 325.17,
    "dma200" : 341.69,
    "volume" : 1363877.00
  }, {
    "date" : "2025-05-21",
    "price" : 367.80,
    "dma50" : 332.53,
    "dma100" : 325.62,
    "dma200" : 341.95,
    "volume" : 1027121.00
  }, {
    "date" : "2025-05-22",
    "price" : 376.55,
    "dma50" : 334.26,
    "dma100" : 326.00,
    "dma200" : 342.30,
    "volume" : 1526387.00
  }, {
    "date" : "2025-05-23",
    "price" : 376.10,
    "dma50" : 335.90,
    "dma100" : 326.47,
    "dma200" : 342.63,
    "volume" : 921865.00
  }, {
    "date" : "2025-05-26",
    "price" : 374.50,
    "dma50" : 337.41,
    "dma100" : 326.93,
    "dma200" : 342.95,
    "volume" : 685615.00
  }, {
    "date" : "2025-05-27",
    "price" : 375.85,
    "dma50" : 338.92,
    "dma100" : 327.51,
    "dma200" : 343.28,
    "volume" : 536903.00
  }, {
    "date" : "2025-05-28",
    "price" : 378.10,
    "dma50" : 340.45,
    "dma100" : 327.98,
    "dma200" : 343.63,
    "volume" : 828525.00
  }, {
    "date" : "2025-05-29",
    "price" : 383.20,
    "dma50" : 342.13,
    "dma100" : 328.35,
    "dma200" : 344.02,
    "volume" : 1390171.00
  }, {
    "date" : "2025-05-30",
    "price" : 377.15,
    "dma50" : 343.50,
    "dma100" : 328.74,
    "dma200" : 344.35,
    "volume" : 809018.00
  }, {
    "date" : "2025-06-02",
    "price" : 368.00,
    "dma50" : 344.46,
    "dma100" : 328.93,
    "dma200" : 344.58,
    "volume" : 757160.00
  }, {
    "date" : "2025-06-03",
    "price" : 362.50,
    "dma50" : 345.17,
    "dma100" : 329.29,
    "dma200" : 344.76,
    "volume" : 1593663.00
  }, {
    "date" : "2025-06-04",
    "price" : 368.30,
    "dma50" : 346.08,
    "dma100" : 329.54,
    "dma200" : 345.00,
    "volume" : 685812.00
  }, {
    "date" : "2025-06-05",
    "price" : 387.65,
    "dma50" : 347.71,
    "dma100" : 330.04,
    "dma200" : 345.42,
    "volume" : 3197431.00
  }, {
    "date" : "2025-06-06",
    "price" : 387.35,
    "dma50" : 349.26,
    "dma100" : 330.54,
    "dma200" : 345.84,
    "volume" : 1437612.00
  }, {
    "date" : "2025-06-09",
    "price" : 390.80,
    "dma50" : 350.89,
    "dma100" : 330.92,
    "dma200" : 346.29,
    "volume" : 991587.00
  }, {
    "date" : "2025-06-10",
    "price" : 391.05,
    "dma50" : 352.47,
    "dma100" : 331.36,
    "dma200" : 346.73,
    "volume" : 1985127.00
  }, {
    "date" : "2025-06-11",
    "price" : 392.35,
    "dma50" : 354.03,
    "dma100" : 331.76,
    "dma200" : 347.19,
    "volume" : 1046292.00
  }, {
    "date" : "2025-06-12",
    "price" : 386.40,
    "dma50" : 355.30,
    "dma100" : 332.11,
    "dma200" : 347.58,
    "volume" : 1270769.00
  }, {
    "date" : "2025-06-13",
    "price" : 382.85,
    "dma50" : 356.38,
    "dma100" : 332.35,
    "dma200" : 347.93,
    "volume" : 979229.00
  }, {
    "date" : "2025-06-16",
    "price" : 380.75,
    "dma50" : 357.34,
    "dma100" : 332.58,
    "dma200" : 348.25,
    "volume" : 703406.00
  }, {
    "date" : "2025-06-17",
    "price" : 369.40,
    "dma50" : 357.81,
    "dma100" : 332.73,
    "dma200" : 348.46,
    "volume" : 704543.00
  }, {
    "date" : "2025-06-18",
    "price" : 366.10,
    "dma50" : 358.13,
    "dma100" : 332.98,
    "dma200" : 348.64,
    "volume" : 490595.00
  }, {
    "date" : "2025-06-19",
    "price" : 357.20,
    "dma50" : 358.10,
    "dma100" : 333.20,
    "dma200" : 348.72,
    "volume" : 547253.00
  }, {
    "date" : "2025-06-20",
    "price" : 361.30,
    "dma50" : 358.22,
    "dma100" : 333.54,
    "dma200" : 348.85,
    "volume" : 479032.00
  }, {
    "date" : "2025-06-23",
    "price" : 370.05,
    "dma50" : 358.69,
    "dma100" : 334.11,
    "dma200" : 349.06,
    "volume" : 772057.00
  }, {
    "date" : "2025-06-24",
    "price" : 370.40,
    "dma50" : 359.15,
    "dma100" : 334.85,
    "dma200" : 349.27,
    "volume" : 693172.00
  }, {
    "date" : "2025-06-25",
    "price" : 372.80,
    "dma50" : 359.68,
    "dma100" : 335.70,
    "dma200" : 349.51,
    "volume" : 538185.00
  }, {
    "date" : "2025-06-26",
    "price" : 387.20,
    "dma50" : 360.76,
    "dma100" : 336.56,
    "dma200" : 349.88,
    "volume" : 1049968.00
  }, {
    "date" : "2025-06-27",
    "price" : 385.00,
    "dma50" : 361.71,
    "dma100" : 337.45,
    "dma200" : 350.23,
    "volume" : 771064.00
  }, {
    "date" : "2025-06-30",
    "price" : 388.05,
    "dma50" : 362.74,
    "dma100" : 338.26,
    "dma200" : 350.61,
    "volume" : 510826.00
  }, {
    "date" : "2025-07-01",
    "price" : 384.75,
    "dma50" : 363.61,
    "dma100" : 339.01,
    "dma200" : 350.95,
    "volume" : 503445.00
  }, {
    "date" : "2025-07-02",
    "price" : 390.15,
    "dma50" : 364.65,
    "dma100" : 339.86,
    "dma200" : 351.34,
    "volume" : 1446701.00
  }, {
    "date" : "2025-07-03",
    "price" : 391.05,
    "dma50" : 365.68,
    "dma100" : 340.66,
    "dma200" : 351.73,
    "volume" : 1047581.00
  }, {
    "date" : "2025-07-04",
    "price" : 387.85,
    "dma50" : 366.55,
    "dma100" : 341.37,
    "dma200" : 352.09,
    "volume" : 519763.00
  }, {
    "date" : "2025-07-07",
    "price" : 379.05,
    "dma50" : 367.04,
    "dma100" : 341.91,
    "dma200" : 352.36,
    "volume" : 423149.00
  }, {
    "date" : "2025-07-08",
    "price" : 372.50,
    "dma50" : 367.26,
    "dma100" : 342.43,
    "dma200" : 352.56,
    "volume" : 425169.00
  }, {
    "date" : "2025-07-09",
    "price" : 370.20,
    "dma50" : 367.37,
    "dma100" : 343.02,
    "dma200" : 352.74,
    "volume" : 581948.00
  }, {
    "date" : "2025-07-10",
    "price" : 373.05,
    "dma50" : 367.60,
    "dma100" : 343.74,
    "dma200" : 352.94,
    "volume" : 456306.00
  }, {
    "date" : "2025-07-11",
    "price" : 370.05,
    "dma50" : 367.69,
    "dma100" : 344.36,
    "dma200" : 353.11,
    "volume" : 350991.00
  }, {
    "date" : "2025-07-14",
    "price" : 365.90,
    "dma50" : 367.62,
    "dma100" : 344.98,
    "dma200" : 353.24,
    "volume" : 352139.00
  }, {
    "date" : "2025-07-15",
    "price" : 374.55,
    "dma50" : 367.89,
    "dma100" : 345.79,
    "dma200" : 353.45,
    "volume" : 433349.00
  }, {
    "date" : "2025-07-16",
    "price" : 375.15,
    "dma50" : 368.18,
    "dma100" : 346.50,
    "dma200" : 353.66,
    "volume" : 246211.00
  }, {
    "date" : "2025-07-17",
    "price" : 371.65,
    "dma50" : 368.31,
    "dma100" : 347.20,
    "dma200" : 353.84,
    "volume" : 238653.00
  }, {
    "date" : "2025-07-18",
    "price" : 382.20,
    "dma50" : 368.86,
    "dma100" : 347.89,
    "dma200" : 354.12,
    "volume" : 1299297.00
  }, {
    "date" : "2025-07-21",
    "price" : 381.80,
    "dma50" : 369.37,
    "dma100" : 348.45,
    "dma200" : 354.40,
    "volume" : 453165.00
  }, {
    "date" : "2025-07-22",
    "price" : 388.90,
    "dma50" : 370.13,
    "dma100" : 349.11,
    "dma200" : 354.74,
    "volume" : 1640233.00
  }, {
    "date" : "2025-07-23",
    "price" : 393.55,
    "dma50" : 371.05,
    "dma100" : 349.84,
    "dma200" : 355.13,
    "volume" : 1019053.00
  }, {
    "date" : "2025-07-24",
    "price" : 388.70,
    "dma50" : 371.74,
    "dma100" : 350.60,
    "dma200" : 355.46,
    "volume" : 666152.00
  }, {
    "date" : "2025-07-25",
    "price" : 375.65,
    "dma50" : 371.90,
    "dma100" : 351.32,
    "dma200" : 355.66,
    "volume" : 617262.00
  }, {
    "date" : "2025-07-28",
    "price" : 370.95,
    "dma50" : 371.86,
    "dma100" : 352.13,
    "dma200" : 355.82,
    "volume" : 534453.00
  }, {
    "date" : "2025-07-29",
    "price" : 369.50,
    "dma50" : 371.77,
    "dma100" : 352.89,
    "dma200" : 355.95,
    "volume" : 327099.00
  }, {
    "date" : "2025-07-30",
    "price" : 346.80,
    "dma50" : 370.79,
    "dma100" : 353.39,
    "dma200" : 355.86,
    "volume" : 2093373.00
  }, {
    "date" : "2025-07-31",
    "price" : 342.75,
    "dma50" : 369.69,
    "dma100" : 353.59,
    "dma200" : 355.73,
    "volume" : 876030.00
  }, {
    "date" : "2025-08-01",
    "price" : 336.05,
    "dma50" : 368.37,
    "dma100" : 353.59,
    "dma200" : 355.54,
    "volume" : 788690.00
  }, {
    "date" : "2025-08-04",
    "price" : 346.70,
    "dma50" : 367.52,
    "dma100" : 353.73,
    "dma200" : 355.45,
    "volume" : 745693.00
  }, {
    "date" : "2025-08-05",
    "price" : 337.90,
    "dma50" : 366.36,
    "dma100" : 353.91,
    "dma200" : 355.27,
    "volume" : 378738.00
  }, {
    "date" : "2025-08-06",
    "price" : 327.90,
    "dma50" : 364.85,
    "dma100" : 353.98,
    "dma200" : 355.00,
    "volume" : 680960.00
  }, {
    "date" : "2025-08-07",
    "price" : 322.15,
    "dma50" : 363.17,
    "dma100" : 354.02,
    "dma200" : 354.67,
    "volume" : 840593.00
  }, {
    "date" : "2025-08-08",
    "price" : 322.50,
    "dma50" : 361.58,
    "dma100" : 354.10,
    "dma200" : 354.35,
    "volume" : 363954.00
  }, {
    "date" : "2025-08-11",
    "price" : 325.20,
    "dma50" : 360.15,
    "dma100" : 354.13,
    "dma200" : 354.06,
    "volume" : 494016.00
  }, {
    "date" : "2025-08-12",
    "price" : 325.05,
    "dma50" : 358.78,
    "dma100" : 354.13,
    "dma200" : 353.77,
    "volume" : 523918.00
  }, {
    "date" : "2025-08-13",
    "price" : 331.35,
    "dma50" : 357.70,
    "dma100" : 354.08,
    "dma200" : 353.55,
    "volume" : 352833.00
  }, {
    "date" : "2025-08-14",
    "price" : 321.10,
    "dma50" : 356.27,
    "dma100" : 353.93,
    "dma200" : 353.23,
    "volume" : 466631.00
  }, {
    "date" : "2025-08-18",
    "price" : 327.40,
    "dma50" : 355.13,
    "dma100" : 353.81,
    "dma200" : 352.97,
    "volume" : 261422.00
  }, {
    "date" : "2025-08-19",
    "price" : 330.65,
    "dma50" : 354.17,
    "dma100" : 353.70,
    "dma200" : 352.75,
    "volume" : 352820.00
  }, {
    "date" : "2025-08-20",
    "price" : 335.10,
    "dma50" : 353.43,
    "dma100" : 353.77,
    "dma200" : 352.57,
    "volume" : 235668.00
  }, {
    "date" : "2025-08-21",
    "price" : 330.15,
    "dma50" : 352.51,
    "dma100" : 353.88,
    "dma200" : 352.35,
    "volume" : 346035.00
  }, {
    "date" : "2025-08-22",
    "price" : 329.75,
    "dma50" : 351.62,
    "dma100" : 353.89,
    "dma200" : 352.13,
    "volume" : 224874.00
  }, {
    "date" : "2025-08-25",
    "price" : 330.20,
    "dma50" : 350.78,
    "dma100" : 353.97,
    "dma200" : 351.91,
    "volume" : 220656.00
  }, {
    "date" : "2025-08-26",
    "price" : 325.05,
    "dma50" : 349.77,
    "dma100" : 353.94,
    "dma200" : 351.64,
    "volume" : 421432.00
  }, {
    "date" : "2025-08-28",
    "price" : 330.50,
    "dma50" : 349.02,
    "dma100" : 353.92,
    "dma200" : 351.43,
    "volume" : 579731.00
  }, {
    "date" : "2025-08-29",
    "price" : 330.25,
    "dma50" : 348.28,
    "dma100" : 353.89,
    "dma200" : 351.22,
    "volume" : 219921.00
  }, {
    "date" : "2025-09-01",
    "price" : 337.20,
    "dma50" : 347.84,
    "dma100" : 354.13,
    "dma200" : 351.08,
    "volume" : 262239.00
  }, {
    "date" : "2025-09-02",
    "price" : 344.80,
    "dma50" : 347.73,
    "dma100" : 354.56,
    "dma200" : 351.02,
    "volume" : 986752.00
  }, {
    "date" : "2025-09-03",
    "price" : 358.10,
    "dma50" : 348.13,
    "dma100" : 355.12,
    "dma200" : 351.09,
    "volume" : 6049933.00
  }, {
    "date" : "2025-09-04",
    "price" : 344.85,
    "dma50" : 348.00,
    "dma100" : 355.58,
    "dma200" : 351.03,
    "volume" : 663189.00
  }, {
    "date" : "2025-09-05",
    "price" : 352.15,
    "dma50" : 348.17,
    "dma100" : 356.04,
    "dma200" : 351.04,
    "volume" : 1182466.00
  }, {
    "date" : "2025-09-08",
    "price" : 354.05,
    "dma50" : 348.40,
    "dma100" : 356.41,
    "dma200" : 351.07,
    "volume" : 701018.00
  }, {
    "date" : "2025-09-09",
    "price" : 351.15,
    "dma50" : 348.50,
    "dma100" : 356.64,
    "dma200" : 351.07,
    "volume" : 373853.00
  }, {
    "date" : "2025-09-10",
    "price" : 350.05,
    "dma50" : 348.57,
    "dma100" : 356.90,
    "dma200" : 351.06,
    "volume" : 534481.00
  }, {
    "date" : "2025-09-11",
    "price" : 348.40,
    "dma50" : 348.56,
    "dma100" : 357.11,
    "dma200" : 351.03,
    "volume" : 763397.00
  }, {
    "date" : "2025-09-12",
    "price" : 354.45,
    "dma50" : 348.79,
    "dma100" : 357.33,
    "dma200" : 351.07,
    "volume" : 862345.00
  }, {
    "date" : "2025-09-15",
    "price" : 355.30,
    "dma50" : 349.05,
    "dma100" : 357.59,
    "dma200" : 351.11,
    "volume" : 610837.00
  }, {
    "date" : "2025-09-16",
    "price" : 355.40,
    "dma50" : 349.29,
    "dma100" : 357.83,
    "dma200" : 351.15,
    "volume" : 445092.00
  }, {
    "date" : "2025-09-17",
    "price" : 353.95,
    "dma50" : 349.48,
    "dma100" : 358.20,
    "dma200" : 351.18,
    "volume" : 347272.00
  }, {
    "date" : "2025-09-18",
    "price" : 356.95,
    "dma50" : 349.77,
    "dma100" : 358.58,
    "dma200" : 351.24,
    "volume" : 895117.00
  }, {
    "date" : "2025-09-19",
    "price" : 355.60,
    "dma50" : 350.00,
    "dma100" : 358.90,
    "dma200" : 351.28,
    "volume" : 341018.00
  }, {
    "date" : "2025-09-22",
    "price" : 354.30,
    "dma50" : 350.17,
    "dma100" : 359.28,
    "dma200" : 351.31,
    "volume" : 388072.00
  }, {
    "date" : "2025-09-23",
    "price" : 362.40,
    "dma50" : 350.65,
    "dma100" : 359.52,
    "dma200" : 351.42,
    "volume" : 1637414.00
  }, {
    "date" : "2025-09-24",
    "price" : 362.50,
    "dma50" : 351.11,
    "dma100" : 359.84,
    "dma200" : 351.53,
    "volume" : 852163.00
  }, {
    "date" : "2025-09-25",
    "price" : 360.30,
    "dma50" : 351.47,
    "dma100" : 360.19,
    "dma200" : 351.62,
    "volume" : 539355.00
  }, {
    "date" : "2025-09-26",
    "price" : 354.40,
    "dma50" : 351.59,
    "dma100" : 360.43,
    "dma200" : 351.64,
    "volume" : 865505.00
  }, {
    "date" : "2025-09-29",
    "price" : 360.15,
    "dma50" : 351.92,
    "dma100" : 360.81,
    "dma200" : 351.73,
    "volume" : 759471.00
  }, {
    "date" : "2025-09-30",
    "price" : 370.30,
    "dma50" : 352.64,
    "dma100" : 361.30,
    "dma200" : 351.91,
    "volume" : 1417982.00
  }, {
    "date" : "2025-10-01",
    "price" : 368.40,
    "dma50" : 353.26,
    "dma100" : 361.61,
    "dma200" : 352.08,
    "volume" : 1177531.00
  }, {
    "date" : "2025-10-03",
    "price" : 391.70,
    "dma50" : 354.77,
    "dma100" : 362.13,
    "dma200" : 352.47,
    "volume" : 5764129.00
  }, {
    "date" : "2025-10-06",
    "price" : 393.90,
    "dma50" : 356.30,
    "dma100" : 362.55,
    "dma200" : 352.88,
    "volume" : 4127363.00
  }, {
    "date" : "2025-10-07",
    "price" : 377.00,
    "dma50" : 357.12,
    "dma100" : 362.68,
    "dma200" : 353.12,
    "volume" : 1556996.00
  }, {
    "date" : "2025-10-08",
    "price" : 371.45,
    "dma50" : 357.68,
    "dma100" : 362.75,
    "dma200" : 353.31,
    "volume" : 861892.00
  }, {
    "date" : "2025-10-09",
    "price" : 389.80,
    "dma50" : 358.94,
    "dma100" : 362.99,
    "dma200" : 353.67,
    "volume" : 2552866.00
  }, {
    "date" : "2025-10-10",
    "price" : 387.05,
    "dma50" : 360.04,
    "dma100" : 363.22,
    "dma200" : 354.00,
    "volume" : 1179361.00
  }, {
    "date" : "2025-10-13",
    "price" : 378.00,
    "dma50" : 360.74,
    "dma100" : 363.33,
    "dma200" : 354.24,
    "volume" : 651857.00
  }, {
    "date" : "2025-10-14",
    "price" : 376.05,
    "dma50" : 361.34,
    "dma100" : 363.32,
    "dma200" : 354.46,
    "volume" : 1128747.00
  }, {
    "date" : "2025-10-15",
    "price" : 386.65,
    "dma50" : 362.34,
    "dma100" : 363.43,
    "dma200" : 354.78,
    "volume" : 1556394.00
  }, {
    "date" : "2025-10-16",
    "price" : 379.55,
    "dma50" : 363.01,
    "dma100" : 363.48,
    "dma200" : 355.02,
    "volume" : 1057027.00
  }, {
    "date" : "2025-10-17",
    "price" : 368.90,
    "dma50" : 363.24,
    "dma100" : 363.41,
    "dma200" : 355.16,
    "volume" : 772236.00
  }, {
    "date" : "2025-10-20",
    "price" : 371.10,
    "dma50" : 363.55,
    "dma100" : 363.34,
    "dma200" : 355.32,
    "volume" : 646245.00
  }, {
    "date" : "2025-10-21",
    "price" : 374.75,
    "dma50" : 363.99,
    "dma100" : 363.25,
    "dma200" : 355.51,
    "volume" : 200155.00
  }, {
    "date" : "2025-10-23",
    "price" : 369.55,
    "dma50" : 364.21,
    "dma100" : 363.18,
    "dma200" : 355.65,
    "volume" : 649965.00
  }, {
    "date" : "2025-10-24",
    "price" : 373.85,
    "dma50" : 364.59,
    "dma100" : 363.24,
    "dma200" : 355.84,
    "volume" : 1053915.00
  }, {
    "date" : "2025-10-27",
    "price" : 368.30,
    "dma50" : 364.73,
    "dma100" : 363.29,
    "dma200" : 355.96,
    "volume" : 520732.00
  }, {
    "date" : "2025-10-28",
    "price" : 367.20,
    "dma50" : 364.83,
    "dma100" : 363.28,
    "dma200" : 356.07,
    "volume" : 410437.00
  }, {
    "date" : "2025-10-29",
    "price" : 374.50,
    "dma50" : 365.21,
    "dma100" : 363.15,
    "dma200" : 356.25,
    "volume" : 988437.00
  }, {
    "date" : "2025-10-30",
    "price" : 370.40,
    "dma50" : 365.41,
    "dma100" : 362.98,
    "dma200" : 356.40,
    "volume" : 364028.00
  }, {
    "date" : "2025-10-31",
    "price" : 365.90,
    "dma50" : 365.43,
    "dma100" : 362.73,
    "dma200" : 356.49,
    "volume" : 296086.00
  }, {
    "date" : "2025-11-03",
    "price" : 370.40,
    "dma50" : 365.63,
    "dma100" : 362.53,
    "dma200" : 356.63,
    "volume" : 425869.00
  }, {
    "date" : "2025-11-04",
    "price" : 364.05,
    "dma50" : 365.56,
    "dma100" : 362.24,
    "dma200" : 356.70,
    "volume" : 556834.00
  }, {
    "date" : "2025-11-06",
    "price" : 357.35,
    "dma50" : 365.24,
    "dma100" : 361.95,
    "dma200" : 356.71,
    "volume" : 580964.00
  }, {
    "date" : "2025-11-07",
    "price" : 358.15,
    "dma50" : 364.96,
    "dma100" : 361.71,
    "dma200" : 356.72,
    "volume" : 426932.00
  }, {
    "date" : "2025-11-10",
    "price" : 367.10,
    "dma50" : 365.05,
    "dma100" : 361.57,
    "dma200" : 356.83,
    "volume" : 635952.00
  }, {
    "date" : "2025-11-11",
    "price" : 372.95,
    "dma50" : 365.36,
    "dma100" : 361.61,
    "dma200" : 356.99,
    "volume" : 1326880.00
  }, {
    "date" : "2025-11-12",
    "price" : 368.50,
    "dma50" : 365.48,
    "dma100" : 361.63,
    "dma200" : 357.10,
    "volume" : 1305562.00
  }, {
    "date" : "2025-11-13",
    "price" : 364.00,
    "dma50" : 365.42,
    "dma100" : 361.70,
    "dma200" : 357.17,
    "volume" : 1125395.00
  }, {
    "date" : "2025-11-14",
    "price" : 356.00,
    "dma50" : 365.05,
    "dma100" : 361.64,
    "dma200" : 357.16,
    "volume" : 642772.00
  }, {
    "date" : "2025-11-17",
    "price" : 354.60,
    "dma50" : 364.64,
    "dma100" : 361.49,
    "dma200" : 357.13,
    "volume" : 438374.00
  }, {
    "date" : "2025-11-18",
    "price" : 343.50,
    "dma50" : 363.81,
    "dma100" : 361.22,
    "dma200" : 357.00,
    "volume" : 838616.00
  }, {
    "date" : "2025-11-19",
    "price" : 339.35,
    "dma50" : 362.85,
    "dma100" : 360.89,
    "dma200" : 356.82,
    "volume" : 405208.00
  }, {
    "date" : "2025-11-20",
    "price" : 332.05,
    "dma50" : 361.65,
    "dma100" : 360.33,
    "dma200" : 356.57,
    "volume" : 614283.00
  }, {
    "date" : "2025-11-21",
    "price" : 325.75,
    "dma50" : 360.24,
    "dma100" : 359.74,
    "dma200" : 356.27,
    "volume" : 429679.00
  }, {
    "date" : "2025-11-24",
    "price" : 316.80,
    "dma50" : 358.54,
    "dma100" : 359.03,
    "dma200" : 355.88,
    "volume" : 516551.00
  }, {
    "date" : "2025-11-25",
    "price" : 322.30,
    "dma50" : 357.11,
    "dma100" : 358.41,
    "dma200" : 355.54,
    "volume" : 595176.00
  }, {
    "date" : "2025-11-26",
    "price" : 327.80,
    "dma50" : 355.96,
    "dma100" : 357.78,
    "dma200" : 355.27,
    "volume" : 542115.00
  }, {
    "date" : "2025-11-27",
    "price" : 343.35,
    "dma50" : 355.47,
    "dma100" : 357.30,
    "dma200" : 355.15,
    "volume" : 3281657.00
  }, {
    "date" : "2025-11-28",
    "price" : 338.55,
    "dma50" : 354.81,
    "dma100" : 356.81,
    "dma200" : 354.98,
    "volume" : 384667.00
  }, {
    "date" : "2025-12-01",
    "price" : 330.45,
    "dma50" : 353.85,
    "dma100" : 356.33,
    "dma200" : 354.74,
    "volume" : 608556.00
  }, {
    "date" : "2025-12-02",
    "price" : 331.60,
    "dma50" : 352.98,
    "dma100" : 355.92,
    "dma200" : 354.51,
    "volume" : 878230.00
  }, {
    "date" : "2025-12-03",
    "price" : 331.05,
    "dma50" : 352.12,
    "dma100" : 355.53,
    "dma200" : 354.27,
    "volume" : 544747.00
  }, {
    "date" : "2025-12-04",
    "price" : 327.30,
    "dma50" : 351.15,
    "dma100" : 355.07,
    "dma200" : 354.01,
    "volume" : 537100.00
  }, {
    "date" : "2025-12-05",
    "price" : 326.45,
    "dma50" : 350.18,
    "dma100" : 354.63,
    "dma200" : 353.73,
    "volume" : 351029.00
  }, {
    "date" : "2025-12-08",
    "price" : 314.35,
    "dma50" : 348.77,
    "dma100" : 354.12,
    "dma200" : 353.34,
    "volume" : 885297.00
  }, {
    "date" : "2025-12-09",
    "price" : 318.55,
    "dma50" : 347.59,
    "dma100" : 353.56,
    "dma200" : 352.99,
    "volume" : 560338.00
  }, {
    "date" : "2025-12-10",
    "price" : 319.30,
    "dma50" : 346.48,
    "dma100" : 353.00,
    "dma200" : 352.66,
    "volume" : 487079.00
  } ],
  "latestTechnicalAttributes" : {
    "date" : "2025-12-10",
    "price" : 319.30,
    "dma50" : 346.48,
    "dma100" : 353.00,
    "dma200" : 352.66,
    "volume" : 487079.00
  },
  "quarterlyResults" : [ {
    "date" : "2009-12-31",
    "sales" : 248.51,
    "salesGrowthYoY" : null,
    "grossProfitMargin" : 97.67,
    "grossProfit" : 242.72,
    "operatingProfitMargin" : 62.23,
    "operatingProfit" : 154.65,
    "netProfitMargin" : 48.88,
    "netProfit" : 121.47
  }, {
    "date" : "2010-03-31",
    "sales" : 291.72,
    "salesGrowthYoY" : null,
    "grossProfitMargin" : 101.94,
    "grossProfit" : 297.38,
    "operatingProfitMargin" : 68.03,
    "operatingProfit" : 198.46,
    "netProfitMargin" : 49.61,
    "netProfit" : 144.72
  }, {
    "date" : "2010-06-30",
    "sales" : 350.97,
    "salesGrowthYoY" : null,
    "grossProfitMargin" : 96.46,
    "grossProfit" : 338.55,
    "operatingProfitMargin" : 71.03,
    "operatingProfit" : 249.29,
    "netProfitMargin" : 51.99,
    "netProfit" : 182.47
  }, {
    "date" : "2010-09-30",
    "sales" : 284.08,
    "salesGrowthYoY" : null,
    "grossProfitMargin" : 99.77,
    "grossProfit" : 283.43,
    "operatingProfitMargin" : 69.49,
    "operatingProfit" : 197.41,
    "netProfitMargin" : 52.19,
    "netProfit" : 148.26
  }, {
    "date" : "2010-12-31",
    "sales" : 253.20,
    "salesGrowthYoY" : 1.89,
    "grossProfitMargin" : 108.14,
    "grossProfit" : 273.81,
    "operatingProfitMargin" : 63.52,
    "operatingProfit" : 160.83,
    "netProfitMargin" : 49.36,
    "netProfit" : 124.98
  }, {
    "date" : "2011-03-31",
    "sales" : 251.73,
    "salesGrowthYoY" : -13.71,
    "grossProfitMargin" : 109.59,
    "grossProfit" : 275.87,
    "operatingProfitMargin" : 63.42,
    "operatingProfit" : 159.65,
    "netProfitMargin" : 52.58,
    "netProfit" : 132.36
  }, {
    "date" : "2011-06-30",
    "sales" : 210.08,
    "salesGrowthYoY" : -40.14,
    "grossProfitMargin" : 106.91,
    "grossProfit" : 224.60,
    "operatingProfitMargin" : 60.30,
    "operatingProfit" : 126.68,
    "netProfitMargin" : 51.86,
    "netProfit" : 108.95
  }, {
    "date" : "2011-09-30",
    "sales" : 248.33,
    "salesGrowthYoY" : -12.58,
    "grossProfitMargin" : 86.34,
    "grossProfit" : 214.41,
    "operatingProfitMargin" : 44.73,
    "operatingProfit" : 111.08,
    "netProfitMargin" : 40.66,
    "netProfit" : 100.97
  }, {
    "date" : "2011-12-31",
    "sales" : 239.55,
    "salesGrowthYoY" : -5.39,
    "grossProfitMargin" : 93.16,
    "grossProfit" : 223.16,
    "operatingProfitMargin" : 45.69,
    "operatingProfit" : 109.45,
    "netProfitMargin" : 42.37,
    "netProfit" : 101.50
  }, {
    "date" : "2012-03-31",
    "sales" : 201.63,
    "salesGrowthYoY" : -19.90,
    "grossProfitMargin" : 99.11,
    "grossProfit" : 199.84,
    "operatingProfitMargin" : 42.65,
    "operatingProfit" : 86.00,
    "netProfitMargin" : 49.27,
    "netProfit" : 99.34
  }, {
    "date" : "2012-06-30",
    "sales" : 242.57,
    "salesGrowthYoY" : 15.47,
    "grossProfitMargin" : 86.09,
    "grossProfit" : 208.83,
    "operatingProfitMargin" : 42.15,
    "operatingProfit" : 102.24,
    "netProfitMargin" : 40.98,
    "netProfit" : 99.41
  }, {
    "date" : "2012-09-30",
    "sales" : 229.46,
    "salesGrowthYoY" : -7.60,
    "grossProfitMargin" : 96.68,
    "grossProfit" : 221.84,
    "operatingProfitMargin" : 47.11,
    "operatingProfit" : 108.10,
    "netProfitMargin" : 47.35,
    "netProfit" : 108.65
  }, {
    "date" : "2012-12-31",
    "sales" : 228.27,
    "salesGrowthYoY" : -4.71,
    "grossProfitMargin" : 102.48,
    "grossProfit" : 233.93,
    "operatingProfitMargin" : 50.30,
    "operatingProfit" : 114.82,
    "netProfitMargin" : 49.76,
    "netProfit" : 113.59
  }, {
    "date" : "2013-03-31",
    "sales" : 266.81,
    "salesGrowthYoY" : 32.33,
    "grossProfitMargin" : 93.76,
    "grossProfit" : 250.16,
    "operatingProfitMargin" : 40.99,
    "operatingProfit" : 109.37,
    "netProfitMargin" : 41.26,
    "netProfit" : 110.09
  }, {
    "date" : "2013-06-30",
    "sales" : 238.87,
    "salesGrowthYoY" : -1.53,
    "grossProfitMargin" : 97.05,
    "grossProfit" : 231.82,
    "operatingProfitMargin" : 48.80,
    "operatingProfit" : 116.57,
    "netProfitMargin" : 46.90,
    "netProfit" : 112.03
  }, {
    "date" : "2013-09-30",
    "sales" : 226.78,
    "salesGrowthYoY" : -1.17,
    "grossProfitMargin" : 89.02,
    "grossProfit" : 201.88,
    "operatingProfitMargin" : 37.21,
    "operatingProfit" : 84.38,
    "netProfitMargin" : 39.94,
    "netProfit" : 90.58
  }, {
    "date" : "2013-12-31",
    "sales" : 263.62,
    "salesGrowthYoY" : 15.49,
    "grossProfitMargin" : 98.66,
    "grossProfit" : 260.09,
    "operatingProfitMargin" : 51.90,
    "operatingProfit" : 136.82,
    "netProfitMargin" : 59.79,
    "netProfit" : 157.62
  }, {
    "date" : "2014-03-31",
    "sales" : 292.01,
    "salesGrowthYoY" : 9.44,
    "grossProfitMargin" : 101.07,
    "grossProfit" : 295.13,
    "operatingProfitMargin" : 55.96,
    "operatingProfit" : 163.41,
    "netProfitMargin" : 51.15,
    "netProfit" : 149.36
  }, {
    "date" : "2014-06-30",
    "sales" : 200.63,
    "salesGrowthYoY" : -16.01,
    "grossProfitMargin" : 108.89,
    "grossProfit" : 218.47,
    "operatingProfitMargin" : 49.09,
    "operatingProfit" : 98.49,
    "netProfitMargin" : 52.86,
    "netProfit" : 106.05
  }, {
    "date" : "2014-09-30",
    "sales" : 242.87,
    "salesGrowthYoY" : 7.09,
    "grossProfitMargin" : 92.27,
    "grossProfit" : 224.10,
    "operatingProfitMargin" : 41.90,
    "operatingProfit" : 101.76,
    "netProfitMargin" : 45.76,
    "netProfit" : 111.14
  }, {
    "date" : "2014-12-31",
    "sales" : 218.39,
    "salesGrowthYoY" : -17.16,
    "grossProfitMargin" : 109.90,
    "grossProfit" : 240.01,
    "operatingProfitMargin" : 47.30,
    "operatingProfit" : 103.30,
    "netProfitMargin" : 49.61,
    "netProfit" : 108.34
  }, {
    "date" : "2015-03-31",
    "sales" : 161.37,
    "salesGrowthYoY" : -44.74,
    "grossProfitMargin" : 131.02,
    "grossProfit" : 211.43,
    "operatingProfitMargin" : 46.79,
    "operatingProfit" : 75.51,
    "netProfitMargin" : 63.50,
    "netProfit" : 102.47
  }, {
    "date" : "2015-06-30",
    "sales" : 182.77,
    "salesGrowthYoY" : -8.90,
    "grossProfitMargin" : 112.67,
    "grossProfit" : 205.93,
    "operatingProfitMargin" : 43.96,
    "operatingProfit" : 80.35,
    "netProfitMargin" : 49.18,
    "netProfit" : 89.89
  }, {
    "date" : "2015-09-30",
    "sales" : 148.43,
    "salesGrowthYoY" : -38.89,
    "grossProfitMargin" : 99.21,
    "grossProfit" : 147.26,
    "operatingProfitMargin" : 13.27,
    "operatingProfit" : 19.70,
    "netProfitMargin" : 32.72,
    "netProfit" : 48.57
  }, {
    "date" : "2015-12-31",
    "sales" : 88.97,
    "salesGrowthYoY" : -59.26,
    "grossProfitMargin" : 159.80,
    "grossProfit" : 142.17,
    "operatingProfitMargin" : 17.16,
    "operatingProfit" : 15.27,
    "netProfitMargin" : 51.33,
    "netProfit" : 45.67
  }, {
    "date" : "2016-03-31",
    "sales" : 211.02,
    "salesGrowthYoY" : 30.77,
    "grossProfitMargin" : 82.10,
    "grossProfit" : 173.25,
    "operatingProfitMargin" : -2.72,
    "operatingProfit" : -5.74,
    "netProfitMargin" : 10.13,
    "netProfit" : 21.38
  }, {
    "date" : "2016-06-30",
    "sales" : 185.79,
    "salesGrowthYoY" : 1.65,
    "grossProfitMargin" : 89.29,
    "grossProfit" : 165.89,
    "operatingProfitMargin" : 13.37,
    "operatingProfit" : 24.84,
    "netProfitMargin" : 23.63,
    "netProfit" : 43.90
  }, {
    "date" : "2016-09-30",
    "sales" : 196.03,
    "salesGrowthYoY" : 32.07,
    "grossProfitMargin" : 78.50,
    "grossProfit" : 153.88,
    "operatingProfitMargin" : 9.18,
    "operatingProfit" : 18.00,
    "netProfitMargin" : 21.15,
    "netProfit" : 41.46
  }, {
    "date" : "2016-12-31",
    "sales" : 355.30,
    "salesGrowthYoY" : 299.35,
    "grossProfitMargin" : 88.00,
    "grossProfit" : 312.66,
    "operatingProfitMargin" : 36.84,
    "operatingProfit" : 130.89,
    "netProfitMargin" : 28.54,
    "netProfit" : 101.40
  }, {
    "date" : "2017-03-31",
    "sales" : 252.72,
    "salesGrowthYoY" : 19.76,
    "grossProfitMargin" : 111.18,
    "grossProfit" : 280.97,
    "operatingProfitMargin" : 48.18,
    "operatingProfit" : 121.76,
    "netProfitMargin" : 45.82,
    "netProfit" : 115.80
  }, {
    "date" : "2017-06-30",
    "sales" : 339.40,
    "salesGrowthYoY" : 82.68,
    "grossProfitMargin" : 87.58,
    "grossProfit" : 297.25,
    "operatingProfitMargin" : 35.71,
    "operatingProfit" : 121.20,
    "netProfitMargin" : 28.79,
    "netProfit" : 97.71
  }, {
    "date" : "2017-09-30",
    "sales" : 286.71,
    "salesGrowthYoY" : 46.26,
    "grossProfitMargin" : 95.31,
    "grossProfit" : 273.26,
    "operatingProfitMargin" : 40.63,
    "operatingProfit" : 116.49,
    "netProfitMargin" : 32.33,
    "netProfit" : 92.69
  }, {
    "date" : "2017-12-31",
    "sales" : 299.80,
    "salesGrowthYoY" : -15.62,
    "grossProfitMargin" : 101.37,
    "grossProfit" : 303.91,
    "operatingProfitMargin" : 40.98,
    "operatingProfit" : 122.86,
    "netProfitMargin" : 34.62,
    "netProfit" : 103.79
  }, {
    "date" : "2018-03-31",
    "sales" : 397.55,
    "salesGrowthYoY" : 57.31,
    "grossProfitMargin" : 100.56,
    "grossProfit" : 399.78,
    "operatingProfitMargin" : 43.30,
    "operatingProfit" : 172.14,
    "netProfitMargin" : 32.14,
    "netProfit" : 127.77
  }, {
    "date" : "2018-06-30",
    "sales" : 313.53,
    "salesGrowthYoY" : -7.62,
    "grossProfitMargin" : 106.35,
    "grossProfit" : 333.44,
    "operatingProfitMargin" : 43.63,
    "operatingProfit" : 136.79,
    "netProfitMargin" : 36.18,
    "netProfit" : 113.44
  }, {
    "date" : "2018-09-30",
    "sales" : 357.77,
    "salesGrowthYoY" : 24.78,
    "grossProfitMargin" : 92.20,
    "grossProfit" : 329.86,
    "operatingProfitMargin" : 40.89,
    "operatingProfit" : 146.29,
    "netProfitMargin" : 29.38,
    "netProfit" : 105.11
  }, {
    "date" : "2018-12-31",
    "sales" : 332.77,
    "salesGrowthYoY" : 11.00,
    "grossProfitMargin" : 103.37,
    "grossProfit" : 343.98,
    "operatingProfitMargin" : 46.46,
    "operatingProfit" : 154.60,
    "netProfitMargin" : 36.14,
    "netProfit" : 120.26
  }, {
    "date" : "2019-03-31",
    "sales" : 436.59,
    "salesGrowthYoY" : 9.82,
    "grossProfitMargin" : 90.66,
    "grossProfit" : 395.81,
    "operatingProfitMargin" : 36.21,
    "operatingProfit" : 158.09,
    "netProfitMargin" : 30.94,
    "netProfit" : 135.08
  }, {
    "date" : "2019-06-30",
    "sales" : 280.07,
    "salesGrowthYoY" : -10.67,
    "grossProfitMargin" : 105.87,
    "grossProfit" : 296.51,
    "operatingProfitMargin" : 39.55,
    "operatingProfit" : 110.77,
    "netProfitMargin" : 32.38,
    "netProfit" : 90.69
  }, {
    "date" : "2019-09-30",
    "sales" : 253.11,
    "salesGrowthYoY" : -29.25,
    "grossProfitMargin" : 103.10,
    "grossProfit" : 260.96,
    "operatingProfitMargin" : 32.84,
    "operatingProfit" : 83.12,
    "netProfitMargin" : 35.01,
    "netProfit" : 88.61
  }, {
    "date" : "2019-12-31",
    "sales" : 256.22,
    "salesGrowthYoY" : -23.00,
    "grossProfitMargin" : 102.13,
    "grossProfit" : 261.68,
    "operatingProfitMargin" : 21.56,
    "operatingProfit" : 55.24,
    "netProfitMargin" : 21.65,
    "netProfit" : 55.47
  }, {
    "date" : "2020-03-31",
    "sales" : 248.66,
    "salesGrowthYoY" : -43.04,
    "grossProfitMargin" : 106.44,
    "grossProfit" : 264.67,
    "operatingProfitMargin" : 2.57,
    "operatingProfit" : 6.39,
    "netProfitMargin" : 5.42,
    "netProfit" : 13.48
  }, {
    "date" : "2020-06-30",
    "sales" : 152.33,
    "salesGrowthYoY" : -45.61,
    "grossProfitMargin" : 138.75,
    "grossProfit" : 211.36,
    "operatingProfitMargin" : 31.70,
    "operatingProfit" : 48.29,
    "netProfitMargin" : 20.86,
    "netProfit" : 31.78
  }, {
    "date" : "2020-09-30",
    "sales" : 307.20,
    "salesGrowthYoY" : 21.37,
    "grossProfitMargin" : 62.57,
    "grossProfit" : 192.22,
    "operatingProfitMargin" : 2.15,
    "operatingProfit" : 6.60,
    "netProfitMargin" : 2.39,
    "netProfit" : 7.34
  }, {
    "date" : "2020-12-31",
    "sales" : 267.70,
    "salesGrowthYoY" : 4.48,
    "grossProfitMargin" : 106.52,
    "grossProfit" : 285.15,
    "operatingProfitMargin" : 28.40,
    "operatingProfit" : 76.03,
    "netProfitMargin" : 19.19,
    "netProfit" : 51.37
  }, {
    "date" : "2021-03-31",
    "sales" : 450.14,
    "salesGrowthYoY" : 81.03,
    "grossProfitMargin" : 90.63,
    "grossProfit" : 407.96,
    "operatingProfitMargin" : 34.63,
    "operatingProfit" : 155.88,
    "netProfitMargin" : 25.78,
    "netProfit" : 116.05
  }, {
    "date" : "2021-06-30",
    "sales" : 293.32,
    "salesGrowthYoY" : 92.56,
    "grossProfitMargin" : 94.85,
    "grossProfit" : 278.21,
    "operatingProfitMargin" : 28.56,
    "operatingProfit" : 83.77,
    "netProfitMargin" : 21.07,
    "netProfit" : 61.80
  }, {
    "date" : "2021-09-30",
    "sales" : 311.73,
    "salesGrowthYoY" : 1.47,
    "grossProfitMargin" : 95.88,
    "grossProfit" : 298.89,
    "operatingProfitMargin" : 26.04,
    "operatingProfit" : 81.17,
    "netProfitMargin" : 19.32,
    "netProfit" : 60.23
  }, {
    "date" : "2021-12-31",
    "sales" : 363.36,
    "salesGrowthYoY" : 35.73,
    "grossProfitMargin" : 104.09,
    "grossProfit" : 378.22,
    "operatingProfitMargin" : 44.74,
    "operatingProfit" : 162.57,
    "netProfitMargin" : 34.09,
    "netProfit" : 123.87
  }, {
    "date" : "2022-03-31",
    "sales" : 467.89,
    "salesGrowthYoY" : 3.94,
    "grossProfitMargin" : 96.32,
    "grossProfit" : 450.67,
    "operatingProfitMargin" : 45.73,
    "operatingProfit" : 213.97,
    "netProfitMargin" : 27.11,
    "netProfit" : 126.84
  }, {
    "date" : "2022-06-30",
    "sales" : 375.59,
    "salesGrowthYoY" : 28.05,
    "grossProfitMargin" : 106.11,
    "grossProfit" : 398.54,
    "operatingProfitMargin" : 39.40,
    "operatingProfit" : 147.98,
    "netProfitMargin" : 27.36,
    "netProfit" : 102.76
  }, {
    "date" : "2022-09-30",
    "sales" : 235.99,
    "salesGrowthYoY" : -24.30,
    "grossProfitMargin" : 115.60,
    "grossProfit" : 272.80,
    "operatingProfitMargin" : 14.09,
    "operatingProfit" : 33.25,
    "netProfitMargin" : 10.73,
    "netProfit" : 25.32
  }, {
    "date" : "2022-12-31",
    "sales" : 302.00,
    "salesGrowthYoY" : -16.89,
    "grossProfitMargin" : 101.27,
    "grossProfit" : 305.84,
    "operatingProfitMargin" : 18.33,
    "operatingProfit" : 55.36,
    "netProfitMargin" : 13.09,
    "netProfit" : 39.53
  }, {
    "date" : "2023-03-31",
    "sales" : 428.06,
    "salesGrowthYoY" : -8.51,
    "grossProfitMargin" : 95.17,
    "grossProfit" : 407.38,
    "operatingProfitMargin" : 30.96,
    "operatingProfit" : 132.53,
    "netProfitMargin" : 18.91,
    "netProfit" : 80.95
  }, {
    "date" : "2023-06-30",
    "sales" : 379.71,
    "salesGrowthYoY" : 1.10,
    "grossProfitMargin" : 97.13,
    "grossProfit" : 368.81,
    "operatingProfitMargin" : 32.58,
    "operatingProfit" : 123.71,
    "netProfitMargin" : 22.80,
    "netProfit" : 86.57
  }, {
    "date" : "2023-09-30",
    "sales" : 347.53,
    "salesGrowthYoY" : 47.26,
    "grossProfitMargin" : 100.96,
    "grossProfit" : 350.87,
    "operatingProfitMargin" : 27.72,
    "operatingProfit" : 96.34,
    "netProfitMargin" : 17.70,
    "netProfit" : 61.51
  }, {
    "date" : "2023-12-31",
    "sales" : 306.31,
    "salesGrowthYoY" : 1.43,
    "grossProfitMargin" : 114.25,
    "grossProfit" : 349.96,
    "operatingProfitMargin" : 29.20,
    "operatingProfit" : 89.44,
    "netProfitMargin" : 17.66,
    "netProfit" : 54.09
  }, {
    "date" : "2024-03-31",
    "sales" : 415.88,
    "salesGrowthYoY" : -2.85,
    "grossProfitMargin" : 96.32,
    "grossProfit" : 400.58,
    "operatingProfitMargin" : 30.84,
    "operatingProfit" : 128.26,
    "netProfitMargin" : 21.92,
    "netProfit" : 91.16
  }, {
    "date" : "2024-06-30",
    "sales" : 492.84,
    "salesGrowthYoY" : 29.79,
    "grossProfitMargin" : 100.63,
    "grossProfit" : 495.94,
    "operatingProfitMargin" : 43.36,
    "operatingProfit" : 213.70,
    "netProfitMargin" : 30.91,
    "netProfit" : 152.34
  }, {
    "date" : "2024-09-30",
    "sales" : 291.89,
    "salesGrowthYoY" : -16.01,
    "grossProfitMargin" : 113.55,
    "grossProfit" : 331.44,
    "operatingProfitMargin" : 27.13,
    "operatingProfit" : 79.19,
    "netProfitMargin" : 17.12,
    "netProfit" : 49.97
  }, {
    "date" : "2024-12-31",
    "sales" : 366.82,
    "salesGrowthYoY" : 19.75,
    "grossProfitMargin" : 98.80,
    "grossProfit" : 362.42,
    "operatingProfitMargin" : 25.94,
    "operatingProfit" : 95.15,
    "netProfitMargin" : 17.36,
    "netProfit" : 63.68
  }, {
    "date" : "2025-03-31",
    "sales" : 433.39,
    "salesGrowthYoY" : 4.21,
    "grossProfitMargin" : 102.18,
    "grossProfit" : 442.84,
    "operatingProfitMargin" : 32.19,
    "operatingProfit" : 139.51,
    "netProfitMargin" : 26.68,
    "netProfit" : 115.63
  }, {
    "date" : "2025-06-30",
    "sales" : 348.06,
    "salesGrowthYoY" : -29.38,
    "grossProfitMargin" : 102.93,
    "grossProfit" : 358.26,
    "operatingProfitMargin" : 22.64,
    "operatingProfit" : 78.80,
    "netProfitMargin" : 14.80,
    "netProfit" : 51.51
  }, {
    "date" : "2025-09-30",
    "sales" : 348.05,
    "salesGrowthYoY" : 19.24,
    "grossProfitMargin" : 103.97,
    "grossProfit" : 361.87,
    "operatingProfitMargin" : 28.59,
    "operatingProfit" : 99.51,
    "netProfitMargin" : 20.24,
    "netProfit" : 70.45
  } ],
  "latestQuarterlyResult" : {
    "date" : "2025-09-30",
    "sales" : 348.05,
    "salesGrowthYoY" : 19.24,
    "grossProfitMargin" : 103.97,
    "grossProfit" : 361.87,
    "operatingProfitMargin" : 28.59,
    "operatingProfit" : 99.51,
    "netProfitMargin" : 20.24,
    "netProfit" : 70.45
  },
  "companyScore" : {
    "priceHigherThanDma50" : 0.00,
    "priceHigherThanDma100" : 0.00,
    "priceHigherThanDma200" : 0.00,
    "dma50HigherThanDma100" : 0.00,
    "dma50HigherThanDma200" : 0.00,
    "dma100HigherThanDma200" : 5.00,
    "pricePercentageAboveDma50" : 5.39,
    "pricePercentageAboveDma100" : 5.48,
    "pricePercentageAboveDma200" : 5.47,
    "weeklyVolumeHigherThanYearlyVolume" : 0.00,
    "salesGrowthPercentile" : 14.33,
    "operatingProfitMarginPercentile" : 8.49,
    "netProfitMarginPercentile" : 2.92,
    "totalTechnicalScore" : 21.34,
    "totalFundamentalScore" : 25.75,
    "totalScore" : 47.09
  }
}