{
  "metadata" : {
    "screenerCompanyId" : "1485",
    "companyCode" : "NAUKRI",
    "companyName" : "Info Edg.(India)",
    "screenerCompanyLink" : "https://www.screener.in/company/NAUKRI/consolidated/",
    "screenerTechnicalHistoryLink" : "https://www.screener.in/api/company/1485/chart/?q=Price-DMA50-DMA200-Volume&days=365",
    "screenerQuarterlyResultsLink" : "https://www.screener.in/api/company/1485/chart/?q=GPM-OPM-NPM-Quarter+Sales&days=10000",
    "attributes" : {
      "companyCode" : "NAUKRI",
      "companyName" : "Info Edg.(India)",
      "marketCap" : 76450.00,
      "peRatio" : 58.00,
      "description" : "Info Edge is India’s premier online classified company with a portfolio of brands. It owns various brands in different fields like naukri.com (online recruitment), 99acres.com (online real estate), jeevansathi.com (online matrimonial) as well as shiksha.com (online education information services). It also acts as an investor and has invested in many start-ups in the online space and is actively growing its investment portfolio. [1]"
    },
    "companyScore" : {
      "priceHigherThanDma50" : 0.00,
      "priceHigherThanDma100" : 0.00,
      "priceHigherThanDma200" : 0.00,
      "dma50HigherThanDma100" : 0.00,
      "dma50HigherThanDma200" : 0.00,
      "dma100HigherThanDma200" : 0.00,
      "pricePercentageAboveDma50" : 5.47,
      "pricePercentageAboveDma100" : 5.59,
      "pricePercentageAboveDma200" : 5.68,
      "weeklyVolumeHigherThanYearlyVolume" : 5.00,
      "salesGrowthPercentile" : 7.14,
      "operatingProfitMarginPercentile" : 18.48,
      "netProfitMarginPercentile" : 10.00,
      "totalTechnicalScore" : 21.74,
      "totalFundamentalScore" : 35.62,
      "totalScore" : 57.36
    }
  },
  "attributes" : {
    "companyCode" : "NAUKRI",
    "companyName" : "Info Edg.(India)",
    "marketCap" : 76450.00,
    "peRatio" : 58.00,
    "description" : "Info Edge is India’s premier online classified company with a portfolio of brands. It owns various brands in different fields like naukri.com (online recruitment), 99acres.com (online real estate), jeevansathi.com (online matrimonial) as well as shiksha.com (online education information services). It also acts as an investor and has invested in many start-ups in the online space and is actively growing its investment portfolio. [1]"
  },
  "technicalHistory" : [ {
    "date" : "2025-02-10",
    "price" : 1558.98,
    "dma50" : 1583.15,
    "dma100" : null,
    "dma200" : 1470.88,
    "volume" : 828710.00
  }, {
    "date" : "2025-02-11",
    "price" : 1508.41,
    "dma50" : 1580.22,
    "dma100" : null,
    "dma200" : 1471.25,
    "volume" : 1117385.00
  }, {
    "date" : "2025-02-12",
    "price" : 1515.66,
    "dma50" : 1577.69,
    "dma100" : null,
    "dma200" : 1471.70,
    "volume" : 1650295.00
  }, {
    "date" : "2025-02-13",
    "price" : 1528.28,
    "dma50" : 1575.75,
    "dma100" : null,
    "dma200" : 1472.26,
    "volume" : 1601950.00
  }, {
    "date" : "2025-02-14",
    "price" : 1497.10,
    "dma50" : 1572.66,
    "dma100" : null,
    "dma200" : 1472.51,
    "volume" : 824760.00
  }, {
    "date" : "2025-02-17",
    "price" : 1467.78,
    "dma50" : 1568.55,
    "dma100" : null,
    "dma200" : 1472.46,
    "volume" : 1702670.00
  }, {
    "date" : "2025-02-18",
    "price" : 1511.78,
    "dma50" : 1566.33,
    "dma100" : null,
    "dma200" : 1472.85,
    "volume" : 680340.00
  }, {
    "date" : "2025-02-19",
    "price" : 1519.01,
    "dma50" : 1564.47,
    "dma100" : null,
    "dma200" : 1473.31,
    "volume" : 854390.00
  }, {
    "date" : "2025-02-20",
    "price" : 1534.69,
    "dma50" : 1563.30,
    "dma100" : null,
    "dma200" : 1473.92,
    "volume" : 1311100.00
  }, {
    "date" : "2025-02-21",
    "price" : 1507.42,
    "dma50" : 1561.11,
    "dma100" : null,
    "dma200" : 1474.25,
    "volume" : 939945.00
  }, {
    "date" : "2025-02-24",
    "price" : 1430.36,
    "dma50" : 1555.98,
    "dma100" : null,
    "dma200" : 1473.82,
    "volume" : 2647165.00
  }, {
    "date" : "2025-02-25",
    "price" : 1464.73,
    "dma50" : 1552.40,
    "dma100" : null,
    "dma200" : 1473.73,
    "volume" : 2183025.00
  }, {
    "date" : "2025-02-27",
    "price" : 1476.25,
    "dma50" : 1549.42,
    "dma100" : null,
    "dma200" : 1473.75,
    "volume" : 1444615.00
  }, {
    "date" : "2025-02-28",
    "price" : 1398.53,
    "dma50" : 1543.50,
    "dma100" : null,
    "dma200" : 1473.00,
    "volume" : 4952630.00
  }, {
    "date" : "2025-03-03",
    "price" : 1392.44,
    "dma50" : 1537.58,
    "dma100" : null,
    "dma200" : 1472.20,
    "volume" : 1320550.00
  }, {
    "date" : "2025-03-04",
    "price" : 1352.43,
    "dma50" : 1530.32,
    "dma100" : null,
    "dma200" : 1471.01,
    "volume" : 1246485.00
  }, {
    "date" : "2025-03-05",
    "price" : 1357.98,
    "dma50" : 1523.56,
    "dma100" : null,
    "dma200" : 1469.89,
    "volume" : 2049290.00
  }, {
    "date" : "2025-03-06",
    "price" : 1381.27,
    "dma50" : 1517.98,
    "dma100" : null,
    "dma200" : 1469.00,
    "volume" : 1592450.00
  }, {
    "date" : "2025-03-07",
    "price" : 1366.77,
    "dma50" : 1512.05,
    "dma100" : null,
    "dma200" : 1467.99,
    "volume" : 932465.00
  }, {
    "date" : "2025-03-10",
    "price" : 1317.62,
    "dma50" : 1504.42,
    "dma100" : null,
    "dma200" : 1466.49,
    "volume" : 1390885.00
  }, {
    "date" : "2025-03-11",
    "price" : 1339.42,
    "dma50" : 1497.95,
    "dma100" : null,
    "dma200" : 1465.23,
    "volume" : 2090650.00
  }, {
    "date" : "2025-03-12",
    "price" : 1301.44,
    "dma50" : 1490.25,
    "dma100" : null,
    "dma200" : 1463.60,
    "volume" : 2376940.00
  }, {
    "date" : "2025-03-13",
    "price" : 1276.51,
    "dma50" : 1481.86,
    "dma100" : null,
    "dma200" : 1461.74,
    "volume" : 1450915.00
  }, {
    "date" : "2025-03-17",
    "price" : 1295.93,
    "dma50" : 1474.57,
    "dma100" : null,
    "dma200" : 1460.09,
    "volume" : 1014530.00
  }, {
    "date" : "2025-03-18",
    "price" : 1337.21,
    "dma50" : 1469.19,
    "dma100" : null,
    "dma200" : 1458.86,
    "volume" : 1514755.00
  }, {
    "date" : "2025-03-19",
    "price" : 1349.88,
    "dma50" : 1464.51,
    "dma100" : null,
    "dma200" : 1457.78,
    "volume" : 1959110.00
  }, {
    "date" : "2025-03-20",
    "price" : 1370.06,
    "dma50" : 1460.80,
    "dma100" : null,
    "dma200" : 1456.91,
    "volume" : 1310985.00
  }, {
    "date" : "2025-03-21",
    "price" : 1383.20,
    "dma50" : 1457.76,
    "dma100" : null,
    "dma200" : 1456.17,
    "volume" : 1901335.00
  }, {
    "date" : "2025-03-24",
    "price" : 1420.17,
    "dma50" : 1456.29,
    "dma100" : null,
    "dma200" : 1455.81,
    "volume" : 1579230.00
  }, {
    "date" : "2025-03-25",
    "price" : 1429.14,
    "dma50" : 1455.22,
    "dma100" : null,
    "dma200" : 1455.55,
    "volume" : 3214210.00
  }, {
    "date" : "2025-03-26",
    "price" : 1408.87,
    "dma50" : 1453.40,
    "dma100" : null,
    "dma200" : 1455.08,
    "volume" : 1225095.00
  }, {
    "date" : "2025-03-27",
    "price" : 1442.92,
    "dma50" : 1452.99,
    "dma100" : null,
    "dma200" : 1454.96,
    "volume" : 2129830.00
  }, {
    "date" : "2025-03-28",
    "price" : 1436.28,
    "dma50" : 1452.34,
    "dma100" : null,
    "dma200" : 1454.78,
    "volume" : 2413885.00
  }, {
    "date" : "2025-04-01",
    "price" : 1360.98,
    "dma50" : 1448.75,
    "dma100" : null,
    "dma200" : 1453.84,
    "volume" : 1321350.00
  }, {
    "date" : "2025-04-02",
    "price" : 1385.73,
    "dma50" : 1446.28,
    "dma100" : null,
    "dma200" : 1453.17,
    "volume" : 1635555.00
  }, {
    "date" : "2025-04-03",
    "price" : 1346.88,
    "dma50" : 1442.39,
    "dma100" : null,
    "dma200" : 1452.11,
    "volume" : 2228475.00
  }, {
    "date" : "2025-04-04",
    "price" : 1279.32,
    "dma50" : 1435.99,
    "dma100" : null,
    "dma200" : 1450.39,
    "volume" : 1732590.00
  }, {
    "date" : "2025-04-07",
    "price" : 1274.96,
    "dma50" : 1429.68,
    "dma100" : null,
    "dma200" : 1448.64,
    "volume" : 1636725.00
  }, {
    "date" : "2025-04-08",
    "price" : 1328.53,
    "dma50" : 1425.71,
    "dma100" : null,
    "dma200" : 1447.45,
    "volume" : 2689670.00
  }, {
    "date" : "2025-04-09",
    "price" : 1281.35,
    "dma50" : 1420.05,
    "dma100" : null,
    "dma200" : 1445.80,
    "volume" : 2118480.00
  }, {
    "date" : "2025-04-11",
    "price" : 1309.06,
    "dma50" : 1415.70,
    "dma100" : null,
    "dma200" : 1444.44,
    "volume" : 1897945.00
  }, {
    "date" : "2025-04-15",
    "price" : 1347.10,
    "dma50" : 1413.01,
    "dma100" : null,
    "dma200" : 1443.47,
    "volume" : 1277855.00
  }, {
    "date" : "2025-04-16",
    "price" : 1355.20,
    "dma50" : 1410.74,
    "dma100" : null,
    "dma200" : 1442.59,
    "volume" : 875455.00
  }, {
    "date" : "2025-04-17",
    "price" : 1346.90,
    "dma50" : 1408.24,
    "dma100" : null,
    "dma200" : 1441.64,
    "volume" : 1290235.00
  }, {
    "date" : "2025-04-21",
    "price" : 1387.80,
    "dma50" : 1407.43,
    "dma100" : null,
    "dma200" : 1441.10,
    "volume" : 1413060.00
  }, {
    "date" : "2025-04-22",
    "price" : 1390.70,
    "dma50" : 1406.78,
    "dma100" : null,
    "dma200" : 1440.60,
    "volume" : 937045.00
  }, {
    "date" : "2025-04-23",
    "price" : 1417.10,
    "dma50" : 1407.18,
    "dma100" : null,
    "dma200" : 1440.37,
    "volume" : 1677870.00
  }, {
    "date" : "2025-04-24",
    "price" : 1430.80,
    "dma50" : 1408.11,
    "dma100" : null,
    "dma200" : 1440.27,
    "volume" : 1681385.00
  }, {
    "date" : "2025-04-25",
    "price" : 1407.70,
    "dma50" : 1408.09,
    "dma100" : null,
    "dma200" : 1439.95,
    "volume" : 1089720.00
  }, {
    "date" : "2025-04-28",
    "price" : 1395.50,
    "dma50" : 1407.60,
    "dma100" : null,
    "dma200" : 1439.50,
    "volume" : 1143260.00
  }, {
    "date" : "2025-04-29",
    "price" : 1411.80,
    "dma50" : 1407.76,
    "dma100" : null,
    "dma200" : 1439.23,
    "volume" : 599365.00
  }, {
    "date" : "2025-04-30",
    "price" : 1413.90,
    "dma50" : 1408.00,
    "dma100" : null,
    "dma200" : 1438.98,
    "volume" : 1384770.00
  }, {
    "date" : "2025-05-02",
    "price" : 1428.30,
    "dma50" : 1408.80,
    "dma100" : null,
    "dma200" : 1438.87,
    "volume" : 822100.00
  }, {
    "date" : "2025-05-05",
    "price" : 1434.00,
    "dma50" : 1409.79,
    "dma100" : null,
    "dma200" : 1438.82,
    "volume" : 441995.00
  }, {
    "date" : "2025-05-06",
    "price" : 1396.90,
    "dma50" : 1409.28,
    "dma100" : null,
    "dma200" : 1438.40,
    "volume" : 451215.00
  }, {
    "date" : "2025-05-07",
    "price" : 1385.00,
    "dma50" : 1408.33,
    "dma100" : null,
    "dma200" : 1437.87,
    "volume" : 541589.00
  }, {
    "date" : "2025-05-08",
    "price" : 1355.50,
    "dma50" : 1406.26,
    "dma100" : null,
    "dma200" : 1437.05,
    "volume" : 319451.00
  }, {
    "date" : "2025-05-09",
    "price" : 1375.00,
    "dma50" : 1405.03,
    "dma100" : null,
    "dma200" : 1436.44,
    "volume" : 674752.00
  }, {
    "date" : "2025-05-12",
    "price" : 1476.00,
    "dma50" : 1407.82,
    "dma100" : null,
    "dma200" : 1436.83,
    "volume" : 1371770.00
  }, {
    "date" : "2025-05-13",
    "price" : 1464.50,
    "dma50" : 1410.04,
    "dma100" : null,
    "dma200" : 1437.10,
    "volume" : 892473.00
  }, {
    "date" : "2025-05-14",
    "price" : 1454.00,
    "dma50" : 1411.76,
    "dma100" : null,
    "dma200" : 1437.27,
    "volume" : 666431.00
  }, {
    "date" : "2025-05-15",
    "price" : 1504.00,
    "dma50" : 1415.38,
    "dma100" : null,
    "dma200" : 1437.94,
    "volume" : 960949.00
  }, {
    "date" : "2025-05-16",
    "price" : 1509.50,
    "dma50" : 1419.07,
    "dma100" : null,
    "dma200" : 1438.65,
    "volume" : 705879.00
  }, {
    "date" : "2025-05-19",
    "price" : 1467.00,
    "dma50" : 1420.95,
    "dma100" : null,
    "dma200" : 1438.93,
    "volume" : 837316.00
  }, {
    "date" : "2025-05-20",
    "price" : 1438.50,
    "dma50" : 1421.64,
    "dma100" : null,
    "dma200" : 1438.93,
    "volume" : 807346.00
  }, {
    "date" : "2025-05-21",
    "price" : 1475.50,
    "dma50" : 1423.75,
    "dma100" : null,
    "dma200" : 1439.29,
    "volume" : 680350.00
  }, {
    "date" : "2025-05-22",
    "price" : 1461.00,
    "dma50" : 1425.21,
    "dma100" : null,
    "dma200" : 1439.51,
    "volume" : 607794.00
  }, {
    "date" : "2025-05-23",
    "price" : 1489.00,
    "dma50" : 1427.71,
    "dma100" : null,
    "dma200" : 1440.00,
    "volume" : 769989.00
  }, {
    "date" : "2025-05-26",
    "price" : 1473.50,
    "dma50" : 1429.51,
    "dma100" : null,
    "dma200" : 1440.33,
    "volume" : 691711.00
  }, {
    "date" : "2025-05-27",
    "price" : 1452.50,
    "dma50" : 1430.41,
    "dma100" : null,
    "dma200" : 1440.45,
    "volume" : 1642484.00
  }, {
    "date" : "2025-05-28",
    "price" : 1433.00,
    "dma50" : 1430.51,
    "dma100" : null,
    "dma200" : 1440.38,
    "volume" : 2215533.00
  }, {
    "date" : "2025-05-29",
    "price" : 1448.00,
    "dma50" : 1431.20,
    "dma100" : null,
    "dma200" : 1440.46,
    "volume" : 960600.00
  }, {
    "date" : "2025-05-30",
    "price" : 1427.50,
    "dma50" : 1431.05,
    "dma100" : null,
    "dma200" : 1440.33,
    "volume" : 2452990.00
  }, {
    "date" : "2025-06-02",
    "price" : 1430.80,
    "dma50" : 1431.04,
    "dma100" : null,
    "dma200" : 1440.23,
    "volume" : 1213581.00
  }, {
    "date" : "2025-06-03",
    "price" : 1425.30,
    "dma50" : 1430.82,
    "dma100" : null,
    "dma200" : 1440.08,
    "volume" : 783502.00
  }, {
    "date" : "2025-06-04",
    "price" : 1410.60,
    "dma50" : 1430.02,
    "dma100" : null,
    "dma200" : 1439.79,
    "volume" : 1216517.00
  }, {
    "date" : "2025-06-05",
    "price" : 1474.40,
    "dma50" : 1431.76,
    "dma100" : null,
    "dma200" : 1440.13,
    "volume" : 2276595.00
  }, {
    "date" : "2025-06-06",
    "price" : 1507.20,
    "dma50" : 1434.72,
    "dma100" : null,
    "dma200" : 1440.80,
    "volume" : 1486751.00
  }, {
    "date" : "2025-06-09",
    "price" : 1519.70,
    "dma50" : 1438.06,
    "dma100" : null,
    "dma200" : 1441.59,
    "volume" : 1249721.00
  }, {
    "date" : "2025-06-10",
    "price" : 1534.90,
    "dma50" : 1441.85,
    "dma100" : null,
    "dma200" : 1442.51,
    "volume" : 830528.00
  }, {
    "date" : "2025-06-11",
    "price" : 1505.90,
    "dma50" : 1444.37,
    "dma100" : null,
    "dma200" : 1443.15,
    "volume" : 1858868.00
  }, {
    "date" : "2025-06-12",
    "price" : 1468.40,
    "dma50" : 1445.31,
    "dma100" : null,
    "dma200" : 1443.40,
    "volume" : 897821.00
  }, {
    "date" : "2025-06-13",
    "price" : 1459.80,
    "dma50" : 1445.88,
    "dma100" : null,
    "dma200" : 1443.56,
    "volume" : 719609.00
  }, {
    "date" : "2025-06-16",
    "price" : 1488.40,
    "dma50" : 1447.54,
    "dma100" : null,
    "dma200" : 1444.01,
    "volume" : 830361.00
  }, {
    "date" : "2025-06-17",
    "price" : 1475.40,
    "dma50" : 1448.64,
    "dma100" : null,
    "dma200" : 1444.32,
    "volume" : 592135.00
  }, {
    "date" : "2025-06-18",
    "price" : 1467.60,
    "dma50" : 1449.38,
    "dma100" : null,
    "dma200" : 1444.55,
    "volume" : 479417.00
  }, {
    "date" : "2025-06-19",
    "price" : 1469.30,
    "dma50" : 1450.16,
    "dma100" : null,
    "dma200" : 1444.80,
    "volume" : 709609.00
  }, {
    "date" : "2025-06-20",
    "price" : 1505.10,
    "dma50" : 1452.32,
    "dma100" : null,
    "dma200" : 1445.40,
    "volume" : 2419119.00
  }, {
    "date" : "2025-06-23",
    "price" : 1482.20,
    "dma50" : 1453.49,
    "dma100" : null,
    "dma200" : 1445.76,
    "volume" : 823054.00
  }, {
    "date" : "2025-06-24",
    "price" : 1505.50,
    "dma50" : 1455.53,
    "dma100" : null,
    "dma200" : 1446.36,
    "volume" : 1065326.00
  }, {
    "date" : "2025-06-25",
    "price" : 1509.60,
    "dma50" : 1457.65,
    "dma100" : null,
    "dma200" : 1446.99,
    "volume" : 1026142.00
  }, {
    "date" : "2025-06-26",
    "price" : 1516.40,
    "dma50" : 1459.95,
    "dma100" : null,
    "dma200" : 1447.68,
    "volume" : 996356.00
  }, {
    "date" : "2025-06-27",
    "price" : 1508.10,
    "dma50" : 1461.84,
    "dma100" : null,
    "dma200" : 1448.28,
    "volume" : 5609287.00
  }, {
    "date" : "2025-06-30",
    "price" : 1488.30,
    "dma50" : 1462.88,
    "dma100" : null,
    "dma200" : 1448.68,
    "volume" : 1296278.00
  }, {
    "date" : "2025-07-01",
    "price" : 1449.50,
    "dma50" : 1462.35,
    "dma100" : null,
    "dma200" : 1448.68,
    "volume" : 1511959.00
  }, {
    "date" : "2025-07-02",
    "price" : 1451.90,
    "dma50" : 1461.94,
    "dma100" : null,
    "dma200" : 1448.72,
    "volume" : 1110813.00
  }, {
    "date" : "2025-07-03",
    "price" : 1445.20,
    "dma50" : 1461.29,
    "dma100" : null,
    "dma200" : 1448.68,
    "volume" : 1023036.00
  }, {
    "date" : "2025-07-04",
    "price" : 1486.40,
    "dma50" : 1462.27,
    "dma100" : null,
    "dma200" : 1449.06,
    "volume" : 1115019.00
  }, {
    "date" : "2025-07-07",
    "price" : 1431.10,
    "dma50" : 1461.05,
    "dma100" : null,
    "dma200" : 1448.88,
    "volume" : 2395575.00
  }, {
    "date" : "2025-07-08",
    "price" : 1458.90,
    "dma50" : 1460.96,
    "dma100" : null,
    "dma200" : 1448.98,
    "volume" : 1980255.00
  }, {
    "date" : "2025-07-09",
    "price" : 1447.10,
    "dma50" : 1460.42,
    "dma100" : 1428.62,
    "dma200" : 1448.96,
    "volume" : 1266246.00
  }, {
    "date" : "2025-07-10",
    "price" : 1420.10,
    "dma50" : 1458.84,
    "dma100" : 1427.74,
    "dma200" : 1448.67,
    "volume" : 1386743.00
  }, {
    "date" : "2025-07-11",
    "price" : 1375.20,
    "dma50" : 1455.56,
    "dma100" : 1426.33,
    "dma200" : 1447.94,
    "volume" : 2240898.00
  }, {
    "date" : "2025-07-14",
    "price" : 1399.00,
    "dma50" : 1453.34,
    "dma100" : 1425.04,
    "dma200" : 1447.45,
    "volume" : 3506106.00
  }, {
    "date" : "2025-07-15",
    "price" : 1403.20,
    "dma50" : 1451.38,
    "dma100" : 1424.10,
    "dma200" : 1447.01,
    "volume" : 1565884.00
  }, {
    "date" : "2025-07-16",
    "price" : 1393.40,
    "dma50" : 1449.10,
    "dma100" : 1423.36,
    "dma200" : 1446.48,
    "volume" : 725510.00
  }, {
    "date" : "2025-07-17",
    "price" : 1379.30,
    "dma50" : 1446.36,
    "dma100" : 1422.03,
    "dma200" : 1445.81,
    "volume" : 664355.00
  }, {
    "date" : "2025-07-18",
    "price" : 1364.80,
    "dma50" : 1443.17,
    "dma100" : 1420.49,
    "dma200" : 1445.01,
    "volume" : 2010646.00
  }, {
    "date" : "2025-07-21",
    "price" : 1399.80,
    "dma50" : 1441.47,
    "dma100" : 1419.14,
    "dma200" : 1444.56,
    "volume" : 1084579.00
  }, {
    "date" : "2025-07-22",
    "price" : 1458.80,
    "dma50" : 1442.14,
    "dma100" : 1418.66,
    "dma200" : 1444.70,
    "volume" : 4201700.00
  }, {
    "date" : "2025-07-23",
    "price" : 1475.00,
    "dma50" : 1443.43,
    "dma100" : 1419.10,
    "dma200" : 1445.00,
    "volume" : 1739823.00
  }, {
    "date" : "2025-07-24",
    "price" : 1457.20,
    "dma50" : 1443.97,
    "dma100" : 1419.03,
    "dma200" : 1445.12,
    "volume" : 699074.00
  }, {
    "date" : "2025-07-25",
    "price" : 1436.50,
    "dma50" : 1443.68,
    "dma100" : 1418.63,
    "dma200" : 1445.03,
    "volume" : 1066987.00
  }, {
    "date" : "2025-07-28",
    "price" : 1409.50,
    "dma50" : 1442.34,
    "dma100" : 1418.74,
    "dma200" : 1444.68,
    "volume" : 1921319.00
  }, {
    "date" : "2025-07-29",
    "price" : 1409.40,
    "dma50" : 1441.05,
    "dma100" : 1418.91,
    "dma200" : 1444.33,
    "volume" : 1232560.00
  }, {
    "date" : "2025-07-30",
    "price" : 1395.60,
    "dma50" : 1439.27,
    "dma100" : 1419.34,
    "dma200" : 1443.85,
    "volume" : 2213084.00
  }, {
    "date" : "2025-07-31",
    "price" : 1392.30,
    "dma50" : 1437.42,
    "dma100" : 1419.68,
    "dma200" : 1443.33,
    "volume" : 1105967.00
  }, {
    "date" : "2025-08-01",
    "price" : 1367.90,
    "dma50" : 1434.70,
    "dma100" : 1419.55,
    "dma200" : 1442.58,
    "volume" : 603230.00
  }, {
    "date" : "2025-08-04",
    "price" : 1370.90,
    "dma50" : 1432.20,
    "dma100" : 1419.59,
    "dma200" : 1441.87,
    "volume" : 2921112.00
  }, {
    "date" : "2025-08-05",
    "price" : 1341.70,
    "dma50" : 1428.65,
    "dma100" : 1419.83,
    "dma200" : 1440.87,
    "volume" : 3614022.00
  }, {
    "date" : "2025-08-06",
    "price" : 1322.40,
    "dma50" : 1424.48,
    "dma100" : 1419.66,
    "dma200" : 1439.69,
    "volume" : 2331066.00
  }, {
    "date" : "2025-08-07",
    "price" : 1361.70,
    "dma50" : 1422.02,
    "dma100" : 1420.26,
    "dma200" : 1438.92,
    "volume" : 1292495.00
  }, {
    "date" : "2025-08-08",
    "price" : 1332.00,
    "dma50" : 1418.49,
    "dma100" : 1420.82,
    "dma200" : 1437.85,
    "volume" : 1677451.00
  }, {
    "date" : "2025-08-11",
    "price" : 1320.60,
    "dma50" : 1414.65,
    "dma100" : 1421.07,
    "dma200" : 1436.69,
    "volume" : 4442913.00
  }, {
    "date" : "2025-08-12",
    "price" : 1321.20,
    "dma50" : 1410.98,
    "dma100" : 1420.91,
    "dma200" : 1435.54,
    "volume" : 2081340.00
  }, {
    "date" : "2025-08-13",
    "price" : 1325.90,
    "dma50" : 1407.65,
    "dma100" : 1420.67,
    "dma200" : 1434.45,
    "volume" : 1548341.00
  }, {
    "date" : "2025-08-14",
    "price" : 1365.40,
    "dma50" : 1405.99,
    "dma100" : 1420.62,
    "dma200" : 1433.76,
    "volume" : 6845918.00
  }, {
    "date" : "2025-08-18",
    "price" : 1353.60,
    "dma50" : 1403.94,
    "dma100" : 1420.32,
    "dma200" : 1432.96,
    "volume" : 1197852.00
  }, {
    "date" : "2025-08-19",
    "price" : 1380.80,
    "dma50" : 1403.03,
    "dma100" : 1419.93,
    "dma200" : 1432.44,
    "volume" : 1546383.00
  }, {
    "date" : "2025-08-20",
    "price" : 1395.50,
    "dma50" : 1402.73,
    "dma100" : 1419.59,
    "dma200" : 1432.08,
    "volume" : 1610775.00
  }, {
    "date" : "2025-08-21",
    "price" : 1412.80,
    "dma50" : 1403.13,
    "dma100" : 1419.63,
    "dma200" : 1431.88,
    "volume" : 2454200.00
  }, {
    "date" : "2025-08-22",
    "price" : 1380.60,
    "dma50" : 1402.25,
    "dma100" : 1419.01,
    "dma200" : 1431.37,
    "volume" : 1095357.00
  }, {
    "date" : "2025-08-25",
    "price" : 1406.10,
    "dma50" : 1402.40,
    "dma100" : 1418.71,
    "dma200" : 1431.12,
    "volume" : 1738056.00
  }, {
    "date" : "2025-08-26",
    "price" : 1395.70,
    "dma50" : 1402.13,
    "dma100" : 1419.05,
    "dma200" : 1430.77,
    "volume" : 1448052.00
  }, {
    "date" : "2025-08-28",
    "price" : 1386.00,
    "dma50" : 1401.50,
    "dma100" : 1419.06,
    "dma200" : 1430.32,
    "volume" : 844143.00
  }, {
    "date" : "2025-08-29",
    "price" : 1358.10,
    "dma50" : 1399.80,
    "dma100" : 1419.17,
    "dma200" : 1429.61,
    "volume" : 1227590.00
  }, {
    "date" : "2025-09-01",
    "price" : 1371.70,
    "dma50" : 1398.70,
    "dma100" : 1420.09,
    "dma200" : 1429.03,
    "volume" : 784016.00
  }, {
    "date" : "2025-09-02",
    "price" : 1364.50,
    "dma50" : 1397.36,
    "dma100" : 1420.99,
    "dma200" : 1428.39,
    "volume" : 578329.00
  }, {
    "date" : "2025-09-03",
    "price" : 1366.40,
    "dma50" : 1396.14,
    "dma100" : 1421.37,
    "dma200" : 1427.77,
    "volume" : 679603.00
  }, {
    "date" : "2025-09-04",
    "price" : 1331.80,
    "dma50" : 1393.62,
    "dma100" : 1421.87,
    "dma200" : 1426.82,
    "volume" : 1370942.00
  }, {
    "date" : "2025-09-05",
    "price" : 1347.00,
    "dma50" : 1391.79,
    "dma100" : 1422.25,
    "dma200" : 1426.02,
    "volume" : 997366.00
  }, {
    "date" : "2025-09-08",
    "price" : 1337.00,
    "dma50" : 1389.64,
    "dma100" : 1422.15,
    "dma200" : 1425.14,
    "volume" : 632104.00
  }, {
    "date" : "2025-09-09",
    "price" : 1349.50,
    "dma50" : 1388.07,
    "dma100" : 1422.09,
    "dma200" : 1424.38,
    "volume" : 1255278.00
  }, {
    "date" : "2025-09-10",
    "price" : 1385.80,
    "dma50" : 1387.98,
    "dma100" : 1422.48,
    "dma200" : 1424.00,
    "volume" : 1197379.00
  }, {
    "date" : "2025-09-11",
    "price" : 1371.90,
    "dma50" : 1387.35,
    "dma100" : 1422.32,
    "dma200" : 1423.48,
    "volume" : 704174.00
  }, {
    "date" : "2025-09-12",
    "price" : 1360.60,
    "dma50" : 1386.30,
    "dma100" : 1422.02,
    "dma200" : 1422.85,
    "volume" : 606665.00
  }, {
    "date" : "2025-09-15",
    "price" : 1362.80,
    "dma50" : 1385.38,
    "dma100" : 1421.48,
    "dma200" : 1422.26,
    "volume" : 858437.00
  }, {
    "date" : "2025-09-16",
    "price" : 1352.40,
    "dma50" : 1384.08,
    "dma100" : 1420.69,
    "dma200" : 1421.56,
    "volume" : 2631125.00
  }, {
    "date" : "2025-09-17",
    "price" : 1375.00,
    "dma50" : 1383.73,
    "dma100" : 1420.37,
    "dma200" : 1421.10,
    "volume" : 2402067.00
  }, {
    "date" : "2025-09-18",
    "price" : 1384.80,
    "dma50" : 1383.77,
    "dma100" : 1420.26,
    "dma200" : 1420.74,
    "volume" : 1065022.00
  }, {
    "date" : "2025-09-19",
    "price" : 1376.10,
    "dma50" : 1383.47,
    "dma100" : 1419.90,
    "dma200" : 1420.29,
    "volume" : 1107429.00
  }, {
    "date" : "2025-09-22",
    "price" : 1417.70,
    "dma50" : 1384.81,
    "dma100" : 1419.94,
    "dma200" : 1420.27,
    "volume" : 2096844.00
  }, {
    "date" : "2025-09-23",
    "price" : 1393.90,
    "dma50" : 1385.17,
    "dma100" : 1419.60,
    "dma200" : 1420.01,
    "volume" : 1550164.00
  }, {
    "date" : "2025-09-24",
    "price" : 1385.30,
    "dma50" : 1385.17,
    "dma100" : 1419.11,
    "dma200" : 1419.66,
    "volume" : 1096101.00
  }, {
    "date" : "2025-09-25",
    "price" : 1358.60,
    "dma50" : 1384.13,
    "dma100" : 1418.73,
    "dma200" : 1419.05,
    "volume" : 1113491.00
  }, {
    "date" : "2025-09-26",
    "price" : 1316.20,
    "dma50" : 1381.47,
    "dma100" : 1418.04,
    "dma200" : 1418.03,
    "volume" : 1253199.00
  }, {
    "date" : "2025-09-29",
    "price" : 1315.80,
    "dma50" : 1378.89,
    "dma100" : 1417.64,
    "dma200" : 1417.01,
    "volume" : 1587924.00
  }, {
    "date" : "2025-09-30",
    "price" : 1309.30,
    "dma50" : 1376.16,
    "dma100" : 1416.99,
    "dma200" : 1415.94,
    "volume" : 1331484.00
  }, {
    "date" : "2025-10-01",
    "price" : 1338.60,
    "dma50" : 1374.69,
    "dma100" : 1415.61,
    "dma200" : 1415.17,
    "volume" : 1175848.00
  }, {
    "date" : "2025-10-03",
    "price" : 1333.90,
    "dma50" : 1373.09,
    "dma100" : 1414.31,
    "dma200" : 1414.36,
    "volume" : 795502.00
  }, {
    "date" : "2025-10-06",
    "price" : 1379.90,
    "dma50" : 1373.36,
    "dma100" : 1413.56,
    "dma200" : 1414.02,
    "volume" : 922147.00
  }, {
    "date" : "2025-10-07",
    "price" : 1383.60,
    "dma50" : 1373.76,
    "dma100" : 1412.36,
    "dma200" : 1413.72,
    "volume" : 412293.00
  }, {
    "date" : "2025-10-08",
    "price" : 1367.50,
    "dma50" : 1373.51,
    "dma100" : 1410.94,
    "dma200" : 1413.26,
    "volume" : 564441.00
  }, {
    "date" : "2025-10-09",
    "price" : 1346.50,
    "dma50" : 1372.45,
    "dma100" : 1409.74,
    "dma200" : 1412.59,
    "volume" : 2248841.00
  }, {
    "date" : "2025-10-10",
    "price" : 1333.10,
    "dma50" : 1370.91,
    "dma100" : 1408.68,
    "dma200" : 1411.80,
    "volume" : 475625.00
  }, {
    "date" : "2025-10-13",
    "price" : 1333.50,
    "dma50" : 1369.44,
    "dma100" : 1407.26,
    "dma200" : 1411.02,
    "volume" : 537474.00
  }, {
    "date" : "2025-10-14",
    "price" : 1322.30,
    "dma50" : 1367.60,
    "dma100" : 1405.87,
    "dma200" : 1410.14,
    "volume" : 840283.00
  }, {
    "date" : "2025-10-15",
    "price" : 1334.80,
    "dma50" : 1366.31,
    "dma100" : 1404.33,
    "dma200" : 1409.39,
    "volume" : 589204.00
  }, {
    "date" : "2025-10-16",
    "price" : 1348.50,
    "dma50" : 1365.61,
    "dma100" : 1403.08,
    "dma200" : 1408.78,
    "volume" : 604497.00
  }, {
    "date" : "2025-10-17",
    "price" : 1328.30,
    "dma50" : 1364.15,
    "dma100" : 1401.84,
    "dma200" : 1407.98,
    "volume" : 911080.00
  }, {
    "date" : "2025-10-20",
    "price" : 1311.50,
    "dma50" : 1362.08,
    "dma100" : 1400.63,
    "dma200" : 1407.02,
    "volume" : 910745.00
  }, {
    "date" : "2025-10-21",
    "price" : 1317.00,
    "dma50" : 1360.31,
    "dma100" : 1399.32,
    "dma200" : 1406.13,
    "volume" : 55349.00
  }, {
    "date" : "2025-10-23",
    "price" : 1379.80,
    "dma50" : 1361.08,
    "dma100" : 1398.84,
    "dma200" : 1405.87,
    "volume" : 2993653.00
  }, {
    "date" : "2025-10-24",
    "price" : 1377.80,
    "dma50" : 1361.73,
    "dma100" : 1398.31,
    "dma200" : 1405.59,
    "volume" : 2442673.00
  }, {
    "date" : "2025-10-27",
    "price" : 1364.70,
    "dma50" : 1361.85,
    "dma100" : 1397.70,
    "dma200" : 1405.18,
    "volume" : 507002.00
  }, {
    "date" : "2025-10-28",
    "price" : 1385.70,
    "dma50" : 1362.79,
    "dma100" : 1397.45,
    "dma200" : 1404.99,
    "volume" : 1488553.00
  }, {
    "date" : "2025-10-29",
    "price" : 1389.10,
    "dma50" : 1363.82,
    "dma100" : 1396.60,
    "dma200" : 1404.83,
    "volume" : 1068557.00
  }, {
    "date" : "2025-10-30",
    "price" : 1384.10,
    "dma50" : 1364.61,
    "dma100" : 1395.37,
    "dma200" : 1404.62,
    "volume" : 772494.00
  }, {
    "date" : "2025-10-31",
    "price" : 1378.30,
    "dma50" : 1365.15,
    "dma100" : 1393.96,
    "dma200" : 1404.36,
    "volume" : 524508.00
  }, {
    "date" : "2025-11-03",
    "price" : 1359.60,
    "dma50" : 1364.93,
    "dma100" : 1392.20,
    "dma200" : 1403.91,
    "volume" : 963510.00
  }, {
    "date" : "2025-11-04",
    "price" : 1338.70,
    "dma50" : 1363.90,
    "dma100" : 1390.53,
    "dma200" : 1403.26,
    "volume" : 625357.00
  }, {
    "date" : "2025-11-06",
    "price" : 1326.80,
    "dma50" : 1362.45,
    "dma100" : 1389.11,
    "dma200" : 1402.50,
    "volume" : 868710.00
  }, {
    "date" : "2025-11-07",
    "price" : 1345.40,
    "dma50" : 1361.78,
    "dma100" : 1387.97,
    "dma200" : 1401.94,
    "volume" : 1101792.00
  }, {
    "date" : "2025-11-10",
    "price" : 1342.40,
    "dma50" : 1361.02,
    "dma100" : 1386.51,
    "dma200" : 1401.34,
    "volume" : 710311.00
  }, {
    "date" : "2025-11-11",
    "price" : 1341.00,
    "dma50" : 1360.24,
    "dma100" : 1385.17,
    "dma200" : 1400.74,
    "volume" : 577360.00
  }, {
    "date" : "2025-11-12",
    "price" : 1376.40,
    "dma50" : 1360.87,
    "dma100" : 1384.25,
    "dma200" : 1400.50,
    "volume" : 1961074.00
  }, {
    "date" : "2025-11-13",
    "price" : 1347.30,
    "dma50" : 1360.34,
    "dma100" : 1383.03,
    "dma200" : 1399.97,
    "volume" : 2013069.00
  }, {
    "date" : "2025-11-14",
    "price" : 1323.50,
    "dma50" : 1358.89,
    "dma100" : 1381.22,
    "dma200" : 1399.21,
    "volume" : 1343599.00
  }, {
    "date" : "2025-11-17",
    "price" : 1332.20,
    "dma50" : 1357.85,
    "dma100" : 1379.72,
    "dma200" : 1398.54,
    "volume" : 823196.00
  }, {
    "date" : "2025-11-18",
    "price" : 1324.90,
    "dma50" : 1356.55,
    "dma100" : 1377.91,
    "dma200" : 1397.81,
    "volume" : 579992.00
  }, {
    "date" : "2025-11-19",
    "price" : 1362.20,
    "dma50" : 1356.78,
    "dma100" : 1376.44,
    "dma200" : 1397.46,
    "volume" : 875542.00
  }, {
    "date" : "2025-11-20",
    "price" : 1365.40,
    "dma50" : 1357.11,
    "dma100" : 1374.93,
    "dma200" : 1397.14,
    "volume" : 740161.00
  }, {
    "date" : "2025-11-21",
    "price" : 1340.40,
    "dma50" : 1356.46,
    "dma100" : 1373.25,
    "dma200" : 1396.57,
    "volume" : 858400.00
  }, {
    "date" : "2025-11-24",
    "price" : 1346.30,
    "dma50" : 1356.06,
    "dma100" : 1371.83,
    "dma200" : 1396.07,
    "volume" : 1810516.00
  }, {
    "date" : "2025-11-25",
    "price" : 1332.00,
    "dma50" : 1355.12,
    "dma100" : 1370.66,
    "dma200" : 1395.44,
    "volume" : 621292.00
  }, {
    "date" : "2025-11-26",
    "price" : 1341.50,
    "dma50" : 1354.58,
    "dma100" : 1369.55,
    "dma200" : 1394.90,
    "volume" : 605534.00
  }, {
    "date" : "2025-11-27",
    "price" : 1339.40,
    "dma50" : 1353.99,
    "dma100" : 1368.49,
    "dma200" : 1394.35,
    "volume" : 1160067.00
  }, {
    "date" : "2025-11-28",
    "price" : 1330.20,
    "dma50" : 1353.05,
    "dma100" : 1366.93,
    "dma200" : 1393.71,
    "volume" : 665233.00
  }, {
    "date" : "2025-12-01",
    "price" : 1365.10,
    "dma50" : 1353.53,
    "dma100" : 1366.27,
    "dma200" : 1393.42,
    "volume" : 970823.00
  }, {
    "date" : "2025-12-02",
    "price" : 1386.60,
    "dma50" : 1354.82,
    "dma100" : 1365.55,
    "dma200" : 1393.36,
    "volume" : 2223434.00
  }, {
    "date" : "2025-12-03",
    "price" : 1377.20,
    "dma50" : 1355.70,
    "dma100" : 1364.85,
    "dma200" : 1393.19,
    "volume" : 646552.00
  }, {
    "date" : "2025-12-04",
    "price" : 1396.20,
    "dma50" : 1357.29,
    "dma100" : 1364.61,
    "dma200" : 1393.22,
    "volume" : 1406297.00
  }, {
    "date" : "2025-12-05",
    "price" : 1388.70,
    "dma50" : 1358.52,
    "dma100" : 1364.75,
    "dma200" : 1393.18,
    "volume" : 445347.00
  }, {
    "date" : "2025-12-08",
    "price" : 1372.10,
    "dma50" : 1359.05,
    "dma100" : 1364.48,
    "dma200" : 1392.97,
    "volume" : 677412.00
  }, {
    "date" : "2025-12-09",
    "price" : 1376.30,
    "dma50" : 1359.73,
    "dma100" : 1364.21,
    "dma200" : 1392.80,
    "volume" : 852058.00
  }, {
    "date" : "2025-12-10",
    "price" : 1342.80,
    "dma50" : 1359.07,
    "dma100" : 1363.70,
    "dma200" : 1392.31,
    "volume" : 556096.00
  }, {
    "date" : "2025-12-11",
    "price" : 1343.50,
    "dma50" : 1358.46,
    "dma100" : 1363.34,
    "dma200" : 1391.82,
    "volume" : 992353.00
  }, {
    "date" : "2025-12-12",
    "price" : 1377.70,
    "dma50" : 1359.21,
    "dma100" : 1363.47,
    "dma200" : 1391.68,
    "volume" : 608408.00
  }, {
    "date" : "2025-12-15",
    "price" : 1361.60,
    "dma50" : 1359.30,
    "dma100" : 1363.09,
    "dma200" : 1391.38,
    "volume" : 937914.00
  }, {
    "date" : "2025-12-16",
    "price" : 1346.90,
    "dma50" : 1358.82,
    "dma100" : 1361.97,
    "dma200" : 1390.94,
    "volume" : 785636.00
  }, {
    "date" : "2025-12-17",
    "price" : 1338.20,
    "dma50" : 1358.01,
    "dma100" : 1360.60,
    "dma200" : 1390.41,
    "volume" : 397391.00
  }, {
    "date" : "2025-12-18",
    "price" : 1333.70,
    "dma50" : 1357.06,
    "dma100" : 1359.37,
    "dma200" : 1389.85,
    "volume" : 437484.00
  }, {
    "date" : "2025-12-19",
    "price" : 1340.80,
    "dma50" : 1356.42,
    "dma100" : 1358.41,
    "dma200" : 1389.36,
    "volume" : 1065580.00
  }, {
    "date" : "2025-12-22",
    "price" : 1345.60,
    "dma50" : 1355.99,
    "dma100" : 1357.77,
    "dma200" : 1388.93,
    "volume" : 444539.00
  }, {
    "date" : "2025-12-23",
    "price" : 1365.60,
    "dma50" : 1356.37,
    "dma100" : 1357.34,
    "dma200" : 1388.69,
    "volume" : 489628.00
  }, {
    "date" : "2025-12-24",
    "price" : 1366.80,
    "dma50" : 1356.78,
    "dma100" : 1357.05,
    "dma200" : 1388.48,
    "volume" : 566127.00
  }, {
    "date" : "2025-12-26",
    "price" : 1365.80,
    "dma50" : 1357.13,
    "dma100" : 1356.78,
    "dma200" : 1388.25,
    "volume" : 374929.00
  }, {
    "date" : "2025-12-29",
    "price" : 1359.50,
    "dma50" : 1357.23,
    "dma100" : 1356.70,
    "dma200" : 1387.96,
    "volume" : 334008.00
  }, {
    "date" : "2025-12-30",
    "price" : 1335.00,
    "dma50" : 1356.35,
    "dma100" : 1356.34,
    "dma200" : 1387.44,
    "volume" : 448293.00
  }, {
    "date" : "2025-12-31",
    "price" : 1333.60,
    "dma50" : 1355.46,
    "dma100" : 1356.26,
    "dma200" : 1386.90,
    "volume" : 825879.00
  }, {
    "date" : "2026-01-01",
    "price" : 1340.90,
    "dma50" : 1354.89,
    "dma100" : 1356.44,
    "dma200" : 1386.44,
    "volume" : 257320.00
  }, {
    "date" : "2026-01-02",
    "price" : 1367.70,
    "dma50" : 1355.39,
    "dma100" : 1356.50,
    "dma200" : 1386.26,
    "volume" : 333607.00
  }, {
    "date" : "2026-01-05",
    "price" : 1343.20,
    "dma50" : 1354.92,
    "dma100" : 1356.62,
    "dma200" : 1385.83,
    "volume" : 732486.00
  }, {
    "date" : "2026-01-06",
    "price" : 1335.80,
    "dma50" : 1354.17,
    "dma100" : 1356.77,
    "dma200" : 1385.33,
    "volume" : 714302.00
  }, {
    "date" : "2026-01-07",
    "price" : 1359.40,
    "dma50" : 1354.37,
    "dma100" : 1357.15,
    "dma200" : 1385.07,
    "volume" : 2524351.00
  }, {
    "date" : "2026-01-08",
    "price" : 1337.40,
    "dma50" : 1353.71,
    "dma100" : 1357.26,
    "dma200" : 1384.60,
    "volume" : 1136880.00
  }, {
    "date" : "2026-01-09",
    "price" : 1320.30,
    "dma50" : 1352.40,
    "dma100" : 1356.81,
    "dma200" : 1383.96,
    "volume" : 665117.00
  }, {
    "date" : "2026-01-12",
    "price" : 1312.90,
    "dma50" : 1350.85,
    "dma100" : 1356.41,
    "dma200" : 1383.25,
    "volume" : 581500.00
  }, {
    "date" : "2026-01-13",
    "price" : 1332.40,
    "dma50" : 1350.12,
    "dma100" : 1355.92,
    "dma200" : 1382.75,
    "volume" : 689968.00
  }, {
    "date" : "2026-01-14",
    "price" : 1305.80,
    "dma50" : 1348.38,
    "dma100" : 1355.03,
    "dma200" : 1381.98,
    "volume" : 1152873.00
  }, {
    "date" : "2026-01-16",
    "price" : 1329.10,
    "dma50" : 1347.63,
    "dma100" : 1354.19,
    "dma200" : 1381.45,
    "volume" : 787566.00
  }, {
    "date" : "2026-01-19",
    "price" : 1317.40,
    "dma50" : 1346.44,
    "dma100" : 1353.56,
    "dma200" : 1380.82,
    "volume" : 602361.00
  }, {
    "date" : "2026-01-20",
    "price" : 1304.60,
    "dma50" : 1344.80,
    "dma100" : 1352.54,
    "dma200" : 1380.06,
    "volume" : 1031598.00
  }, {
    "date" : "2026-01-21",
    "price" : 1332.90,
    "dma50" : 1344.34,
    "dma100" : 1351.91,
    "dma200" : 1379.59,
    "volume" : 2049759.00
  }, {
    "date" : "2026-01-22",
    "price" : 1319.50,
    "dma50" : 1343.36,
    "dma100" : 1351.25,
    "dma200" : 1378.99,
    "volume" : 1347763.00
  }, {
    "date" : "2026-01-23",
    "price" : 1300.90,
    "dma50" : 1341.70,
    "dma100" : 1350.68,
    "dma200" : 1378.21,
    "volume" : 477593.00
  }, {
    "date" : "2026-01-27",
    "price" : 1279.00,
    "dma50" : 1339.24,
    "dma100" : 1349.75,
    "dma200" : 1377.23,
    "volume" : 1901692.00
  }, {
    "date" : "2026-01-28",
    "price" : 1299.90,
    "dma50" : 1337.70,
    "dma100" : 1349.10,
    "dma200" : 1376.46,
    "volume" : 1301629.00
  }, {
    "date" : "2026-01-29",
    "price" : 1268.30,
    "dma50" : 1334.97,
    "dma100" : 1348.12,
    "dma200" : 1375.38,
    "volume" : 1642587.00
  }, {
    "date" : "2026-01-30",
    "price" : 1249.40,
    "dma50" : 1331.62,
    "dma100" : 1347.30,
    "dma200" : 1374.13,
    "volume" : 2704108.00
  }, {
    "date" : "2026-02-01",
    "price" : 1254.70,
    "dma50" : 1328.60,
    "dma100" : 1346.38,
    "dma200" : 1372.94,
    "volume" : 512292.00
  }, {
    "date" : "2026-02-02",
    "price" : 1237.30,
    "dma50" : 1325.02,
    "dma100" : 1345.38,
    "dma200" : 1371.59,
    "volume" : 2499244.00
  }, {
    "date" : "2026-02-03",
    "price" : 1250.70,
    "dma50" : 1322.11,
    "dma100" : 1344.39,
    "dma200" : 1370.39,
    "volume" : 2372461.00
  }, {
    "date" : "2026-02-04",
    "price" : 1188.00,
    "dma50" : 1316.85,
    "dma100" : 1342.41,
    "dma200" : 1368.57,
    "volume" : 4277131.00
  }, {
    "date" : "2026-02-05",
    "price" : 1166.00,
    "dma50" : 1310.93,
    "dma100" : 1340.35,
    "dma200" : 1366.56,
    "volume" : 1452657.00
  }, {
    "date" : "2026-02-06",
    "price" : 1130.40,
    "dma50" : 1303.85,
    "dma100" : 1338.05,
    "dma200" : 1364.21,
    "volume" : 4147176.00
  }, {
    "date" : "2026-02-09",
    "price" : 1177.30,
    "dma50" : 1298.89,
    "dma100" : 1336.20,
    "dma200" : 1362.35,
    "volume" : 1429762.00
  } ],
  "latestTechnicalAttributes" : {
    "date" : "2026-02-09",
    "price" : 1177.30,
    "dma50" : 1298.89,
    "dma100" : 1336.20,
    "dma200" : 1362.35,
    "volume" : 1429762.00
  },
  "quarterlyResults" : [ {
    "date" : "2006-03-31",
    "sales" : 25.24,
    "salesGrowthYoY" : null,
    "grossProfitMargin" : 100.00,
    "grossProfit" : 25.24,
    "operatingProfitMargin" : 21.75,
    "operatingProfit" : 5.49,
    "netProfitMargin" : 7.92,
    "netProfit" : 2.00
  }, {
    "date" : "2006-06-30",
    "sales" : 27.92,
    "salesGrowthYoY" : null,
    "grossProfitMargin" : 100.00,
    "grossProfit" : 27.92,
    "operatingProfitMargin" : 26.29,
    "operatingProfit" : 7.34,
    "netProfitMargin" : 18.70,
    "netProfit" : 5.22
  }, {
    "date" : "2006-09-30",
    "sales" : 31.75,
    "salesGrowthYoY" : null,
    "grossProfitMargin" : 100.00,
    "grossProfit" : 31.75,
    "operatingProfitMargin" : 18.80,
    "operatingProfit" : 5.97,
    "netProfitMargin" : 11.21,
    "netProfit" : 3.56
  }, {
    "date" : "2006-12-31",
    "sales" : 36.30,
    "salesGrowthYoY" : null,
    "grossProfitMargin" : 100.00,
    "grossProfit" : 36.30,
    "operatingProfitMargin" : 32.12,
    "operatingProfit" : 11.66,
    "netProfitMargin" : 22.48,
    "netProfit" : 8.16
  }, {
    "date" : "2007-03-31",
    "sales" : 43.61,
    "salesGrowthYoY" : 72.78,
    "grossProfitMargin" : 100.00,
    "grossProfit" : 43.61,
    "operatingProfitMargin" : 26.71,
    "operatingProfit" : 11.65,
    "netProfitMargin" : 23.23,
    "netProfit" : 10.13
  }, {
    "date" : "2007-06-30",
    "sales" : 46.54,
    "salesGrowthYoY" : 66.69,
    "grossProfitMargin" : 100.00,
    "grossProfit" : 46.54,
    "operatingProfitMargin" : 25.53,
    "operatingProfit" : 11.88,
    "netProfitMargin" : 23.40,
    "netProfit" : 10.89
  }, {
    "date" : "2007-09-30",
    "sales" : 52.60,
    "salesGrowthYoY" : 65.67,
    "grossProfitMargin" : 100.00,
    "grossProfit" : 52.60,
    "operatingProfitMargin" : 30.95,
    "operatingProfit" : 16.28,
    "netProfitMargin" : 28.78,
    "netProfit" : 15.14
  }, {
    "date" : "2007-12-31",
    "sales" : 54.79,
    "salesGrowthYoY" : 50.94,
    "grossProfitMargin" : 100.00,
    "grossProfit" : 54.79,
    "operatingProfitMargin" : 28.33,
    "operatingProfit" : 15.52,
    "netProfitMargin" : 23.89,
    "netProfit" : 13.09
  }, {
    "date" : "2008-03-31",
    "sales" : 65.00,
    "salesGrowthYoY" : 49.05,
    "grossProfitMargin" : 100.00,
    "grossProfit" : 65.00,
    "operatingProfitMargin" : 30.45,
    "operatingProfit" : 19.79,
    "netProfitMargin" : 24.02,
    "netProfit" : 15.61
  }, {
    "date" : "2008-06-30",
    "sales" : 63.12,
    "salesGrowthYoY" : 35.63,
    "grossProfitMargin" : 100.00,
    "grossProfit" : 63.12,
    "operatingProfitMargin" : 26.51,
    "operatingProfit" : 16.73,
    "netProfitMargin" : 20.55,
    "netProfit" : 12.97
  }, {
    "date" : "2008-09-30",
    "sales" : 65.42,
    "salesGrowthYoY" : 24.37,
    "grossProfitMargin" : 100.00,
    "grossProfit" : 65.42,
    "operatingProfitMargin" : 23.69,
    "operatingProfit" : 15.50,
    "netProfitMargin" : 23.95,
    "netProfit" : 15.67
  }, {
    "date" : "2008-12-31",
    "sales" : 58.92,
    "salesGrowthYoY" : 7.54,
    "grossProfitMargin" : 100.00,
    "grossProfit" : 58.92,
    "operatingProfitMargin" : 25.36,
    "operatingProfit" : 14.94,
    "netProfitMargin" : 29.21,
    "netProfit" : 17.21
  }, {
    "date" : "2009-03-31",
    "sales" : 57.78,
    "salesGrowthYoY" : -11.11,
    "grossProfitMargin" : 100.00,
    "grossProfit" : 57.78,
    "operatingProfitMargin" : 31.39,
    "operatingProfit" : 18.14,
    "netProfitMargin" : 23.94,
    "netProfit" : 13.83
  }, {
    "date" : "2009-06-30",
    "sales" : 52.90,
    "salesGrowthYoY" : -16.19,
    "grossProfitMargin" : 100.00,
    "grossProfit" : 52.90,
    "operatingProfitMargin" : 24.35,
    "operatingProfit" : 12.88,
    "netProfitMargin" : 25.14,
    "netProfit" : 13.30
  }, {
    "date" : "2009-09-30",
    "sales" : 56.16,
    "salesGrowthYoY" : -14.15,
    "grossProfitMargin" : 100.00,
    "grossProfit" : 56.16,
    "operatingProfitMargin" : 27.03,
    "operatingProfit" : 15.18,
    "netProfitMargin" : 26.25,
    "netProfit" : 14.74
  }, {
    "date" : "2009-12-31",
    "sales" : 58.89,
    "salesGrowthYoY" : -0.05,
    "grossProfitMargin" : 100.00,
    "grossProfit" : 58.89,
    "operatingProfitMargin" : 30.50,
    "operatingProfit" : 17.96,
    "netProfitMargin" : 26.57,
    "netProfit" : 15.65
  }, {
    "date" : "2010-03-31",
    "sales" : 65.73,
    "salesGrowthYoY" : 13.76,
    "grossProfitMargin" : 100.00,
    "grossProfit" : 65.73,
    "operatingProfitMargin" : 33.55,
    "operatingProfit" : 22.05,
    "netProfitMargin" : 23.46,
    "netProfit" : 15.42
  }, {
    "date" : "2010-06-30",
    "sales" : 65.88,
    "salesGrowthYoY" : 24.54,
    "grossProfitMargin" : 100.00,
    "grossProfit" : 65.88,
    "operatingProfitMargin" : 31.03,
    "operatingProfit" : 20.44,
    "netProfitMargin" : 26.21,
    "netProfit" : 17.27
  }, {
    "date" : "2010-09-30",
    "sales" : 71.19,
    "salesGrowthYoY" : 26.76,
    "grossProfitMargin" : 100.00,
    "grossProfit" : 71.19,
    "operatingProfitMargin" : 30.03,
    "operatingProfit" : 21.38,
    "netProfitMargin" : 25.13,
    "netProfit" : 17.89
  }, {
    "date" : "2010-12-31",
    "sales" : 75.08,
    "salesGrowthYoY" : 27.49,
    "grossProfitMargin" : 100.00,
    "grossProfit" : 75.08,
    "operatingProfitMargin" : 36.87,
    "operatingProfit" : 27.68,
    "netProfitMargin" : 29.21,
    "netProfit" : 21.93
  }, {
    "date" : "2011-03-31",
    "sales" : 81.87,
    "salesGrowthYoY" : 24.55,
    "grossProfitMargin" : 100.00,
    "grossProfit" : 81.87,
    "operatingProfitMargin" : 35.17,
    "operatingProfit" : 28.79,
    "netProfitMargin" : 28.56,
    "netProfit" : 23.38
  }, {
    "date" : "2011-06-30",
    "sales" : 86.66,
    "salesGrowthYoY" : 31.54,
    "grossProfitMargin" : 100.00,
    "grossProfit" : 86.66,
    "operatingProfitMargin" : 36.49,
    "operatingProfit" : 31.62,
    "netProfitMargin" : 29.55,
    "netProfit" : 25.61
  }, {
    "date" : "2011-09-30",
    "sales" : 91.93,
    "salesGrowthYoY" : 29.13,
    "grossProfitMargin" : 100.00,
    "grossProfit" : 91.93,
    "operatingProfitMargin" : 36.47,
    "operatingProfit" : 33.53,
    "netProfitMargin" : 30.72,
    "netProfit" : 28.24
  }, {
    "date" : "2011-12-31",
    "sales" : 91.99,
    "salesGrowthYoY" : 22.52,
    "grossProfitMargin" : 100.00,
    "grossProfit" : 91.99,
    "operatingProfitMargin" : 37.92,
    "operatingProfit" : 34.88,
    "netProfitMargin" : 31.36,
    "netProfit" : 28.85
  }, {
    "date" : "2012-03-31",
    "sales" : 106.51,
    "salesGrowthYoY" : 30.10,
    "grossProfitMargin" : 100.00,
    "grossProfit" : 106.51,
    "operatingProfitMargin" : 40.65,
    "operatingProfit" : 43.30,
    "netProfitMargin" : 37.71,
    "netProfit" : 40.16
  }, {
    "date" : "2012-06-30",
    "sales" : 105.98,
    "salesGrowthYoY" : 22.29,
    "grossProfitMargin" : 100.00,
    "grossProfit" : 105.98,
    "operatingProfitMargin" : 35.31,
    "operatingProfit" : 37.42,
    "netProfitMargin" : 29.99,
    "netProfit" : 31.78
  }, {
    "date" : "2012-09-30",
    "sales" : 107.80,
    "salesGrowthYoY" : 17.26,
    "grossProfitMargin" : 100.00,
    "grossProfit" : 107.80,
    "operatingProfitMargin" : 34.35,
    "operatingProfit" : 37.03,
    "netProfitMargin" : 30.91,
    "netProfit" : 33.32
  }, {
    "date" : "2012-12-31",
    "sales" : 106.41,
    "salesGrowthYoY" : 15.68,
    "grossProfitMargin" : 100.00,
    "grossProfit" : 106.41,
    "operatingProfitMargin" : 33.52,
    "operatingProfit" : 35.67,
    "netProfitMargin" : 28.94,
    "netProfit" : 30.80
  }, {
    "date" : "2013-03-31",
    "sales" : 117.07,
    "salesGrowthYoY" : 9.91,
    "grossProfitMargin" : 100.00,
    "grossProfit" : 117.07,
    "operatingProfitMargin" : 33.90,
    "operatingProfit" : 39.69,
    "netProfitMargin" : 13.27,
    "netProfit" : 15.54
  }, {
    "date" : "2013-06-30",
    "sales" : 120.76,
    "salesGrowthYoY" : 13.95,
    "grossProfitMargin" : 100.00,
    "grossProfit" : 120.76,
    "operatingProfitMargin" : 30.53,
    "operatingProfit" : 36.87,
    "netProfitMargin" : 25.82,
    "netProfit" : 31.18
  }, {
    "date" : "2013-09-30",
    "sales" : 123.57,
    "salesGrowthYoY" : 14.63,
    "grossProfitMargin" : 100.00,
    "grossProfit" : 123.57,
    "operatingProfitMargin" : 35.75,
    "operatingProfit" : 44.18,
    "netProfitMargin" : 26.92,
    "netProfit" : 33.27
  }, {
    "date" : "2013-12-31",
    "sales" : 123.36,
    "salesGrowthYoY" : 15.93,
    "grossProfitMargin" : 100.00,
    "grossProfit" : 123.36,
    "operatingProfitMargin" : 34.29,
    "operatingProfit" : 42.30,
    "netProfitMargin" : 26.12,
    "netProfit" : 32.22
  }, {
    "date" : "2014-03-31",
    "sales" : 138.18,
    "salesGrowthYoY" : 18.03,
    "grossProfitMargin" : 100.00,
    "grossProfit" : 138.18,
    "operatingProfitMargin" : 31.44,
    "operatingProfit" : 43.44,
    "netProfitMargin" : 24.32,
    "netProfit" : 33.61
  }, {
    "date" : "2014-06-30",
    "sales" : 144.94,
    "salesGrowthYoY" : 20.02,
    "grossProfitMargin" : 100.00,
    "grossProfit" : 144.94,
    "operatingProfitMargin" : 33.52,
    "operatingProfit" : 48.58,
    "netProfitMargin" : 27.47,
    "netProfit" : 39.82
  }, {
    "date" : "2014-09-30",
    "sales" : 147.57,
    "salesGrowthYoY" : 19.42,
    "grossProfitMargin" : 100.00,
    "grossProfit" : 147.57,
    "operatingProfitMargin" : 28.16,
    "operatingProfit" : 41.56,
    "netProfitMargin" : 22.52,
    "netProfit" : 33.23
  }, {
    "date" : "2014-12-31",
    "sales" : 145.75,
    "salesGrowthYoY" : 18.15,
    "grossProfitMargin" : 100.00,
    "grossProfit" : 145.75,
    "operatingProfitMargin" : 24.44,
    "operatingProfit" : 35.62,
    "netProfitMargin" : 26.51,
    "netProfit" : 38.64
  }, {
    "date" : "2015-03-31",
    "sales" : 173.10,
    "salesGrowthYoY" : 25.27,
    "grossProfitMargin" : 100.00,
    "grossProfit" : 173.10,
    "operatingProfitMargin" : 30.94,
    "operatingProfit" : 53.56,
    "netProfitMargin" : 34.43,
    "netProfit" : 59.60
  }, {
    "date" : "2015-06-30",
    "sales" : 174.73,
    "salesGrowthYoY" : 20.55,
    "grossProfitMargin" : 100.00,
    "grossProfit" : 174.73,
    "operatingProfitMargin" : 13.40,
    "operatingProfit" : 23.41,
    "netProfitMargin" : 16.39,
    "netProfit" : 28.64
  }, {
    "date" : "2015-09-30",
    "sales" : 174.00,
    "salesGrowthYoY" : 17.91,
    "grossProfitMargin" : 100.00,
    "grossProfit" : 174.00,
    "operatingProfitMargin" : 16.48,
    "operatingProfit" : 28.68,
    "netProfitMargin" : 17.71,
    "netProfit" : 30.82
  }, {
    "date" : "2015-12-31",
    "sales" : 175.83,
    "salesGrowthYoY" : 20.64,
    "grossProfitMargin" : 100.00,
    "grossProfit" : 175.83,
    "operatingProfitMargin" : 21.04,
    "operatingProfit" : 36.99,
    "netProfitMargin" : 18.50,
    "netProfit" : 32.53
  }, {
    "date" : "2016-03-31",
    "sales" : 193.04,
    "salesGrowthYoY" : 11.52,
    "grossProfitMargin" : 100.00,
    "grossProfit" : 193.04,
    "operatingProfitMargin" : 24.07,
    "operatingProfit" : 46.46,
    "netProfitMargin" : 20.17,
    "netProfit" : 38.94
  }, {
    "date" : "2016-06-30",
    "sales" : 197.60,
    "salesGrowthYoY" : 13.09,
    "grossProfitMargin" : 100.00,
    "grossProfit" : 197.60,
    "operatingProfitMargin" : 24.18,
    "operatingProfit" : 47.78,
    "netProfitMargin" : 22.45,
    "netProfit" : 44.36
  }, {
    "date" : "2016-09-30",
    "sales" : 210.00,
    "salesGrowthYoY" : 20.69,
    "grossProfitMargin" : 100.00,
    "grossProfit" : 210.00,
    "operatingProfitMargin" : 33.09,
    "operatingProfit" : 69.49,
    "netProfitMargin" : 38.13,
    "netProfit" : 80.07
  }, {
    "date" : "2016-12-31",
    "sales" : 186.10,
    "salesGrowthYoY" : 5.84,
    "grossProfitMargin" : 100.00,
    "grossProfit" : 186.10,
    "operatingProfitMargin" : 25.29,
    "operatingProfit" : 47.06,
    "netProfitMargin" : 25.32,
    "netProfit" : 47.12
  }, {
    "date" : "2017-03-31",
    "sales" : 208.42,
    "salesGrowthYoY" : 7.97,
    "grossProfitMargin" : 100.00,
    "grossProfit" : 208.42,
    "operatingProfitMargin" : 30.31,
    "operatingProfit" : 63.17,
    "netProfitMargin" : 16.74,
    "netProfit" : 34.89
  }, {
    "date" : "2017-06-30",
    "sales" : 222.46,
    "salesGrowthYoY" : 12.58,
    "grossProfitMargin" : 100.00,
    "grossProfit" : 222.46,
    "operatingProfitMargin" : 31.62,
    "operatingProfit" : 70.34,
    "netProfitMargin" : 28.87,
    "netProfit" : 64.22
  }, {
    "date" : "2017-09-30",
    "sales" : 225.21,
    "salesGrowthYoY" : 7.24,
    "grossProfitMargin" : 100.00,
    "grossProfit" : 225.21,
    "operatingProfitMargin" : 39.43,
    "operatingProfit" : 88.80,
    "netProfitMargin" : 36.14,
    "netProfit" : 81.39
  }, {
    "date" : "2017-12-31",
    "sales" : 227.16,
    "salesGrowthYoY" : 22.06,
    "grossProfitMargin" : 100.00,
    "grossProfit" : 227.16,
    "operatingProfitMargin" : 34.71,
    "operatingProfit" : 78.85,
    "netProfitMargin" : 28.42,
    "netProfit" : 64.56
  }, {
    "date" : "2018-03-31",
    "sales" : 240.66,
    "salesGrowthYoY" : 15.47,
    "grossProfitMargin" : 100.00,
    "grossProfit" : 240.66,
    "operatingProfitMargin" : 24.65,
    "operatingProfit" : 59.32,
    "netProfitMargin" : 20.19,
    "netProfit" : 48.59
  }, {
    "date" : "2018-06-30",
    "sales" : 259.53,
    "salesGrowthYoY" : 16.66,
    "grossProfitMargin" : 100.00,
    "grossProfit" : 259.53,
    "operatingProfitMargin" : 32.47,
    "operatingProfit" : 84.27,
    "netProfitMargin" : 28.46,
    "netProfit" : 73.86
  }, {
    "date" : "2018-09-30",
    "sales" : 265.01,
    "salesGrowthYoY" : 17.67,
    "grossProfitMargin" : 100.00,
    "grossProfit" : 265.01,
    "operatingProfitMargin" : 31.13,
    "operatingProfit" : 82.50,
    "netProfitMargin" : 29.47,
    "netProfit" : 78.10
  }, {
    "date" : "2018-12-31",
    "sales" : 281.06,
    "salesGrowthYoY" : 23.73,
    "grossProfitMargin" : 100.00,
    "grossProfit" : 281.06,
    "operatingProfitMargin" : 29.63,
    "operatingProfit" : 83.28,
    "netProfitMargin" : 26.44,
    "netProfit" : 74.31
  }, {
    "date" : "2019-03-31",
    "sales" : 292.65,
    "salesGrowthYoY" : 21.60,
    "grossProfitMargin" : 100.00,
    "grossProfit" : 292.65,
    "operatingProfitMargin" : 31.19,
    "operatingProfit" : 91.28,
    "netProfitMargin" : 26.64,
    "netProfit" : 77.96
  }, {
    "date" : "2019-06-30",
    "sales" : 312.77,
    "salesGrowthYoY" : 20.51,
    "grossProfitMargin" : 100.00,
    "grossProfit" : 312.77,
    "operatingProfitMargin" : 32.29,
    "operatingProfit" : 100.99,
    "netProfitMargin" : 22.97,
    "netProfit" : 71.84
  }, {
    "date" : "2019-09-30",
    "sales" : 316.61,
    "salesGrowthYoY" : 19.47,
    "grossProfitMargin" : 100.00,
    "grossProfit" : 316.61,
    "operatingProfitMargin" : 31.37,
    "operatingProfit" : 99.32,
    "netProfitMargin" : 9.04,
    "netProfit" : 28.62
  }, {
    "date" : "2019-12-31",
    "sales" : 320.50,
    "salesGrowthYoY" : 14.03,
    "grossProfitMargin" : 100.00,
    "grossProfit" : 320.50,
    "operatingProfitMargin" : 33.05,
    "operatingProfit" : 105.93,
    "netProfitMargin" : 28.20,
    "netProfit" : 90.38
  }, {
    "date" : "2020-03-31",
    "sales" : 322.82,
    "salesGrowthYoY" : 10.31,
    "grossProfitMargin" : 100.00,
    "grossProfit" : 322.82,
    "operatingProfitMargin" : 29.90,
    "operatingProfit" : 96.52,
    "netProfitMargin" : 19.69,
    "netProfit" : 63.56
  }, {
    "date" : "2020-06-30",
    "sales" : 280.14,
    "salesGrowthYoY" : -10.43,
    "grossProfitMargin" : 100.00,
    "grossProfit" : 280.14,
    "operatingProfitMargin" : 37.32,
    "operatingProfit" : 104.55,
    "netProfitMargin" : 29.71,
    "netProfit" : 83.23
  }, {
    "date" : "2020-09-30",
    "sales" : 256.12,
    "salesGrowthYoY" : -19.11,
    "grossProfitMargin" : 100.00,
    "grossProfit" : 256.12,
    "operatingProfitMargin" : 20.13,
    "operatingProfit" : 51.56,
    "netProfitMargin" : 19.97,
    "netProfit" : 51.15
  }, {
    "date" : "2020-12-31",
    "sales" : 272.30,
    "salesGrowthYoY" : -15.04,
    "grossProfitMargin" : 100.00,
    "grossProfit" : 272.30,
    "operatingProfitMargin" : 25.04,
    "operatingProfit" : 68.18,
    "netProfitMargin" : 25.66,
    "netProfit" : 69.87
  }, {
    "date" : "2021-03-31",
    "sales" : 300.52,
    "salesGrowthYoY" : -6.91,
    "grossProfitMargin" : 100.00,
    "grossProfit" : 300.52,
    "operatingProfitMargin" : 19.58,
    "operatingProfit" : 58.84,
    "netProfitMargin" : 24.06,
    "netProfit" : 72.31
  }, {
    "date" : "2021-06-30",
    "sales" : 319.72,
    "salesGrowthYoY" : 14.13,
    "grossProfitMargin" : 100.00,
    "grossProfit" : 319.72,
    "operatingProfitMargin" : 31.18,
    "operatingProfit" : 99.69,
    "netProfitMargin" : 31.58,
    "netProfit" : 100.97
  }, {
    "date" : "2021-09-30",
    "sales" : 351.68,
    "salesGrowthYoY" : 37.31,
    "grossProfitMargin" : 100.00,
    "grossProfit" : 351.68,
    "operatingProfitMargin" : 30.23,
    "operatingProfit" : 106.31,
    "netProfitMargin" : 35.06,
    "netProfit" : 123.30
  }, {
    "date" : "2021-12-31",
    "sales" : 416.08,
    "salesGrowthYoY" : 52.80,
    "grossProfitMargin" : 100.00,
    "grossProfit" : 416.08,
    "operatingProfitMargin" : 29.05,
    "operatingProfit" : 120.87,
    "netProfitMargin" : 33.87,
    "netProfit" : 140.93
  }, {
    "date" : "2022-03-31",
    "sales" : 455.51,
    "salesGrowthYoY" : 51.57,
    "grossProfitMargin" : 100.00,
    "grossProfit" : 455.51,
    "operatingProfitMargin" : 28.10,
    "operatingProfit" : 128.00,
    "netProfitMargin" : 26.50,
    "netProfit" : 120.71
  }, {
    "date" : "2022-06-30",
    "sales" : 507.66,
    "salesGrowthYoY" : 58.78,
    "grossProfitMargin" : 100.00,
    "grossProfit" : 507.66,
    "operatingProfitMargin" : 32.13,
    "operatingProfit" : 163.11,
    "netProfitMargin" : 29.24,
    "netProfit" : 148.44
  }, {
    "date" : "2022-09-30",
    "sales" : 531.82,
    "salesGrowthYoY" : 51.22,
    "grossProfitMargin" : 100.00,
    "grossProfit" : 531.82,
    "operatingProfitMargin" : 34.60,
    "operatingProfit" : 184.01,
    "netProfitMargin" : 31.61,
    "netProfit" : 168.11
  }, {
    "date" : "2022-12-31",
    "sales" : 555.18,
    "salesGrowthYoY" : 33.43,
    "grossProfitMargin" : 100.00,
    "grossProfit" : 555.18,
    "operatingProfitMargin" : 39.05,
    "operatingProfit" : 216.80,
    "netProfitMargin" : 24.49,
    "netProfit" : 135.96
  }, {
    "date" : "2023-03-31",
    "sales" : 563.96,
    "salesGrowthYoY" : 23.81,
    "grossProfitMargin" : 100.00,
    "grossProfit" : 563.96,
    "operatingProfitMargin" : 39.06,
    "operatingProfit" : 220.28,
    "netProfitMargin" : 34.30,
    "netProfit" : 193.44
  }, {
    "date" : "2023-06-30",
    "sales" : 584.29,
    "salesGrowthYoY" : 15.09,
    "grossProfitMargin" : 100.00,
    "grossProfit" : 584.29,
    "operatingProfitMargin" : 38.79,
    "operatingProfit" : 226.65,
    "netProfitMargin" : 34.21,
    "netProfit" : 199.89
  }, {
    "date" : "2023-09-30",
    "sales" : 593.02,
    "salesGrowthYoY" : 11.51,
    "grossProfitMargin" : 100.00,
    "grossProfit" : 593.02,
    "operatingProfitMargin" : 40.65,
    "operatingProfit" : 241.06,
    "netProfitMargin" : 35.83,
    "netProfit" : 212.48
  }, {
    "date" : "2023-12-31",
    "sales" : 595.36,
    "salesGrowthYoY" : 7.24,
    "grossProfitMargin" : 100.00,
    "grossProfit" : 595.36,
    "operatingProfitMargin" : 40.42,
    "operatingProfit" : 240.64,
    "netProfitMargin" : 35.87,
    "netProfit" : 213.56
  }, {
    "date" : "2024-03-31",
    "sales" : 608.29,
    "salesGrowthYoY" : 7.86,
    "grossProfitMargin" : 100.00,
    "grossProfit" : 608.29,
    "operatingProfitMargin" : 40.59,
    "operatingProfit" : 246.90,
    "netProfitMargin" : 36.15,
    "netProfit" : 219.90
  }, {
    "date" : "2024-06-30",
    "sales" : 638.90,
    "salesGrowthYoY" : 9.35,
    "grossProfitMargin" : 100.00,
    "grossProfit" : 638.90,
    "operatingProfitMargin" : 39.04,
    "operatingProfit" : 249.43,
    "netProfitMargin" : 36.36,
    "netProfit" : 232.30
  }, {
    "date" : "2024-09-30",
    "sales" : 656.10,
    "salesGrowthYoY" : 10.64,
    "grossProfitMargin" : 100.00,
    "grossProfit" : 656.10,
    "operatingProfitMargin" : 41.83,
    "operatingProfit" : 274.45,
    "netProfitMargin" : 9.87,
    "netProfit" : 64.76
  }, {
    "date" : "2024-12-31",
    "sales" : 671.52,
    "salesGrowthYoY" : 12.79,
    "grossProfitMargin" : 100.00,
    "grossProfit" : 671.52,
    "operatingProfitMargin" : 43.14,
    "operatingProfit" : 289.69,
    "netProfitMargin" : 36.07,
    "netProfit" : 242.22
  }, {
    "date" : "2025-03-31",
    "sales" : 687.09,
    "salesGrowthYoY" : 12.95,
    "grossProfitMargin" : 100.00,
    "grossProfit" : 687.09,
    "operatingProfitMargin" : 37.69,
    "operatingProfit" : 258.96,
    "netProfitMargin" : 36.23,
    "netProfit" : 248.93
  }, {
    "date" : "2025-06-30",
    "sales" : 736.38,
    "salesGrowthYoY" : 15.26,
    "grossProfitMargin" : 100.00,
    "grossProfit" : 736.38,
    "operatingProfitMargin" : 37.74,
    "operatingProfit" : 277.91,
    "netProfitMargin" : 35.26,
    "netProfit" : 259.65
  }, {
    "date" : "2025-09-30",
    "sales" : 746.01,
    "salesGrowthYoY" : 13.70,
    "grossProfitMargin" : 100.00,
    "grossProfit" : 746.01,
    "operatingProfitMargin" : 39.60,
    "operatingProfit" : 295.42,
    "netProfitMargin" : 39.85,
    "netProfit" : 297.28
  } ],
  "latestQuarterlyResult" : {
    "date" : "2025-09-30",
    "sales" : 746.01,
    "salesGrowthYoY" : 13.70,
    "grossProfitMargin" : 100.00,
    "grossProfit" : 746.01,
    "operatingProfitMargin" : 39.60,
    "operatingProfit" : 295.42,
    "netProfitMargin" : 39.85,
    "netProfit" : 297.28
  },
  "companyScore" : {
    "priceHigherThanDma50" : 0.00,
    "priceHigherThanDma100" : 0.00,
    "priceHigherThanDma200" : 0.00,
    "dma50HigherThanDma100" : 0.00,
    "dma50HigherThanDma200" : 0.00,
    "dma100HigherThanDma200" : 0.00,
    "pricePercentageAboveDma50" : 5.47,
    "pricePercentageAboveDma100" : 5.59,
    "pricePercentageAboveDma200" : 5.68,
    "weeklyVolumeHigherThanYearlyVolume" : 5.00,
    "salesGrowthPercentile" : 7.14,
    "operatingProfitMarginPercentile" : 18.48,
    "netProfitMarginPercentile" : 10.00,
    "totalTechnicalScore" : 21.74,
    "totalFundamentalScore" : 35.62,
    "totalScore" : 57.36
  }
}