{
  "metadata" : {
    "screenerCompanyId" : "2217",
    "companyCode" : "NAVINFLUOR",
    "companyName" : "Navin Fluo.Intl.",
    "screenerCompanyLink" : "https://www.screener.in/company/NAVINFLUOR/consolidated/",
    "screenerTechnicalHistoryLink" : "https://www.screener.in/api/company/2217/chart/?q=Price-DMA50-DMA200-Volume&days=365",
    "screenerQuarterlyResultsLink" : "https://www.screener.in/api/company/2217/chart/?q=GPM-OPM-NPM-Quarter+Sales&days=10000",
    "attributes" : {
      "companyCode" : "NAVINFLUOR",
      "companyName" : "Navin Fluo.Intl.",
      "marketCap" : 30584.00,
      "peRatio" : 68.90,
      "description" : "Navin Fluorine International Ltd is primary engaged in producing refrigeration gases, inorganic fluorides, specialty organofluorines and offers contract research and manufacturing services.[1] Its portfolio includes 50+ fluorinated compounds developed over the years.[2]"
    },
    "companyScore" : {
      "priceHigherThanDma50" : 5.00,
      "priceHigherThanDma100" : 5.00,
      "priceHigherThanDma200" : 5.00,
      "dma50HigherThanDma100" : 5.00,
      "dma50HigherThanDma200" : 5.00,
      "dma100HigherThanDma200" : 5.00,
      "pricePercentageAboveDma50" : 4.87,
      "pricePercentageAboveDma100" : 4.54,
      "pricePercentageAboveDma200" : 4.20,
      "weeklyVolumeHigherThanYearlyVolume" : 0.00,
      "salesGrowthPercentile" : 18.48,
      "operatingProfitMarginPercentile" : 17.35,
      "netProfitMarginPercentile" : 9.16,
      "totalTechnicalScore" : 43.61,
      "totalFundamentalScore" : 44.99,
      "totalScore" : 88.59
    }
  },
  "attributes" : {
    "companyCode" : "NAVINFLUOR",
    "companyName" : "Navin Fluo.Intl.",
    "marketCap" : 30584.00,
    "peRatio" : 68.90,
    "description" : "Navin Fluorine International Ltd is primary engaged in producing refrigeration gases, inorganic fluorides, specialty organofluorines and offers contract research and manufacturing services.[1] Its portfolio includes 50+ fluorinated compounds developed over the years.[2]"
  },
  "technicalHistory" : [ {
    "date" : "2025-01-29",
    "price" : 3740.20,
    "dma50" : 3540.85,
    "dma100" : null,
    "dma200" : 3485.35,
    "volume" : 198657.00
  }, {
    "date" : "2025-01-30",
    "price" : 3908.25,
    "dma50" : 3555.26,
    "dma100" : null,
    "dma200" : 3489.55,
    "volume" : 419305.00
  }, {
    "date" : "2025-01-31",
    "price" : 4148.70,
    "dma50" : 3578.53,
    "dma100" : null,
    "dma200" : 3496.11,
    "volume" : 2574366.00
  }, {
    "date" : "2025-02-01",
    "price" : 4132.65,
    "dma50" : 3600.26,
    "dma100" : null,
    "dma200" : 3502.45,
    "volume" : 183885.00
  }, {
    "date" : "2025-02-03",
    "price" : 4173.00,
    "dma50" : 3622.72,
    "dma100" : null,
    "dma200" : 3509.12,
    "volume" : 493173.00
  }, {
    "date" : "2025-02-04",
    "price" : 4206.05,
    "dma50" : 3645.59,
    "dma100" : null,
    "dma200" : 3516.05,
    "volume" : 196425.00
  }, {
    "date" : "2025-02-05",
    "price" : 4252.45,
    "dma50" : 3669.39,
    "dma100" : null,
    "dma200" : 3523.38,
    "volume" : 180182.00
  }, {
    "date" : "2025-02-06",
    "price" : 4247.40,
    "dma50" : 3692.06,
    "dma100" : null,
    "dma200" : 3530.58,
    "volume" : 133486.00
  }, {
    "date" : "2025-02-07",
    "price" : 4221.45,
    "dma50" : 3712.82,
    "dma100" : null,
    "dma200" : 3537.46,
    "volume" : 211918.00
  }, {
    "date" : "2025-02-10",
    "price" : 4208.75,
    "dma50" : 3732.27,
    "dma100" : null,
    "dma200" : 3544.14,
    "volume" : 199629.00
  }, {
    "date" : "2025-02-11",
    "price" : 4064.50,
    "dma50" : 3745.30,
    "dma100" : null,
    "dma200" : 3549.32,
    "volume" : 185754.00
  }, {
    "date" : "2025-02-12",
    "price" : 4101.05,
    "dma50" : 3759.25,
    "dma100" : null,
    "dma200" : 3554.81,
    "volume" : 306115.00
  }, {
    "date" : "2025-02-13",
    "price" : 4108.45,
    "dma50" : 3772.94,
    "dma100" : null,
    "dma200" : 3560.31,
    "volume" : 258048.00
  }, {
    "date" : "2025-02-14",
    "price" : 4016.10,
    "dma50" : 3782.48,
    "dma100" : null,
    "dma200" : 3564.85,
    "volume" : 200440.00
  }, {
    "date" : "2025-02-17",
    "price" : 4108.10,
    "dma50" : 3795.25,
    "dma100" : null,
    "dma200" : 3570.26,
    "volume" : 260419.00
  }, {
    "date" : "2025-02-18",
    "price" : 4085.05,
    "dma50" : 3806.61,
    "dma100" : null,
    "dma200" : 3575.38,
    "volume" : 293682.00
  }, {
    "date" : "2025-02-19",
    "price" : 4044.05,
    "dma50" : 3815.92,
    "dma100" : null,
    "dma200" : 3580.04,
    "volume" : 169772.00
  }, {
    "date" : "2025-02-20",
    "price" : 4045.55,
    "dma50" : 3824.93,
    "dma100" : null,
    "dma200" : 3584.67,
    "volume" : 148281.00
  }, {
    "date" : "2025-02-21",
    "price" : 4033.90,
    "dma50" : 3833.12,
    "dma100" : null,
    "dma200" : 3589.14,
    "volume" : 166104.00
  }, {
    "date" : "2025-02-24",
    "price" : 3911.10,
    "dma50" : 3836.18,
    "dma100" : null,
    "dma200" : 3592.35,
    "volume" : 96274.00
  }, {
    "date" : "2025-02-25",
    "price" : 3809.60,
    "dma50" : 3835.14,
    "dma100" : null,
    "dma200" : 3594.51,
    "volume" : 164864.00
  }, {
    "date" : "2025-02-27",
    "price" : 3773.70,
    "dma50" : 3832.73,
    "dma100" : null,
    "dma200" : 3596.29,
    "volume" : 371602.00
  }, {
    "date" : "2025-02-28",
    "price" : 3762.25,
    "dma50" : 3829.97,
    "dma100" : null,
    "dma200" : 3597.94,
    "volume" : 128290.00
  }, {
    "date" : "2025-03-03",
    "price" : 3826.85,
    "dma50" : 3829.84,
    "dma100" : null,
    "dma200" : 3600.22,
    "volume" : 297795.00
  }, {
    "date" : "2025-03-04",
    "price" : 3900.35,
    "dma50" : 3832.61,
    "dma100" : null,
    "dma200" : 3603.21,
    "volume" : 83322.00
  }, {
    "date" : "2025-03-05",
    "price" : 4055.75,
    "dma50" : 3841.36,
    "dma100" : null,
    "dma200" : 3607.71,
    "volume" : 121875.00
  }, {
    "date" : "2025-03-06",
    "price" : 4120.50,
    "dma50" : 3852.31,
    "dma100" : null,
    "dma200" : 3612.81,
    "volume" : 126947.00
  }, {
    "date" : "2025-03-07",
    "price" : 4077.60,
    "dma50" : 3861.14,
    "dma100" : null,
    "dma200" : 3617.44,
    "volume" : 92315.00
  }, {
    "date" : "2025-03-10",
    "price" : 4080.50,
    "dma50" : 3869.74,
    "dma100" : null,
    "dma200" : 3622.04,
    "volume" : 212462.00
  }, {
    "date" : "2025-03-11",
    "price" : 4122.45,
    "dma50" : 3879.65,
    "dma100" : null,
    "dma200" : 3627.02,
    "volume" : 116963.00
  }, {
    "date" : "2025-03-12",
    "price" : 4107.90,
    "dma50" : 3888.60,
    "dma100" : null,
    "dma200" : 3631.81,
    "volume" : 70159.00
  }, {
    "date" : "2025-03-13",
    "price" : 4126.90,
    "dma50" : 3897.95,
    "dma100" : null,
    "dma200" : 3636.73,
    "volume" : 73755.00
  }, {
    "date" : "2025-03-17",
    "price" : 4138.50,
    "dma50" : 3907.38,
    "dma100" : null,
    "dma200" : 3641.73,
    "volume" : 94947.00
  }, {
    "date" : "2025-03-18",
    "price" : 4162.60,
    "dma50" : 3917.39,
    "dma100" : null,
    "dma200" : 3646.91,
    "volume" : 90825.00
  }, {
    "date" : "2025-03-19",
    "price" : 4072.40,
    "dma50" : 3923.47,
    "dma100" : null,
    "dma200" : 3651.14,
    "volume" : 117269.00
  }, {
    "date" : "2025-03-20",
    "price" : 4168.45,
    "dma50" : 3933.08,
    "dma100" : null,
    "dma200" : 3656.29,
    "volume" : 120959.00
  }, {
    "date" : "2025-03-21",
    "price" : 4246.70,
    "dma50" : 3945.38,
    "dma100" : null,
    "dma200" : 3662.17,
    "volume" : 187320.00
  }, {
    "date" : "2025-03-24",
    "price" : 4196.90,
    "dma50" : 3955.24,
    "dma100" : null,
    "dma200" : 3667.49,
    "volume" : 117300.00
  }, {
    "date" : "2025-03-25",
    "price" : 4206.45,
    "dma50" : 3965.09,
    "dma100" : null,
    "dma200" : 3672.85,
    "volume" : 117162.00
  }, {
    "date" : "2025-03-26",
    "price" : 4196.20,
    "dma50" : 3974.15,
    "dma100" : null,
    "dma200" : 3678.06,
    "volume" : 219984.00
  }, {
    "date" : "2025-03-27",
    "price" : 4215.20,
    "dma50" : 3983.61,
    "dma100" : null,
    "dma200" : 3683.40,
    "volume" : 66452.00
  }, {
    "date" : "2025-03-28",
    "price" : 4210.85,
    "dma50" : 3992.52,
    "dma100" : null,
    "dma200" : 3688.65,
    "volume" : 194504.00
  }, {
    "date" : "2025-04-01",
    "price" : 4198.25,
    "dma50" : 4000.59,
    "dma100" : null,
    "dma200" : 3693.72,
    "volume" : 76386.00
  }, {
    "date" : "2025-04-02",
    "price" : 4246.75,
    "dma50" : 4010.24,
    "dma100" : null,
    "dma200" : 3699.22,
    "volume" : 87185.00
  }, {
    "date" : "2025-04-03",
    "price" : 4193.40,
    "dma50" : 4017.42,
    "dma100" : null,
    "dma200" : 3704.14,
    "volume" : 538012.00
  }, {
    "date" : "2025-04-04",
    "price" : 4071.15,
    "dma50" : 4019.53,
    "dma100" : null,
    "dma200" : 3707.79,
    "volume" : 228400.00
  }, {
    "date" : "2025-04-07",
    "price" : 3879.85,
    "dma50" : 4014.05,
    "dma100" : null,
    "dma200" : 3709.50,
    "volume" : 169424.00
  }, {
    "date" : "2025-04-08",
    "price" : 3848.60,
    "dma50" : 4007.56,
    "dma100" : null,
    "dma200" : 3710.89,
    "volume" : 306087.00
  }, {
    "date" : "2025-04-09",
    "price" : 3979.40,
    "dma50" : 4006.46,
    "dma100" : null,
    "dma200" : 3713.56,
    "volume" : 121391.00
  }, {
    "date" : "2025-04-11",
    "price" : 4099.40,
    "dma50" : 4010.10,
    "dma100" : null,
    "dma200" : 3717.40,
    "volume" : 184976.00
  }, {
    "date" : "2025-04-15",
    "price" : 4176.90,
    "dma50" : 4016.64,
    "dma100" : null,
    "dma200" : 3721.97,
    "volume" : 179036.00
  }, {
    "date" : "2025-04-16",
    "price" : 4270.90,
    "dma50" : 4026.62,
    "dma100" : null,
    "dma200" : 3727.43,
    "volume" : 155506.00
  }, {
    "date" : "2025-04-17",
    "price" : 4245.40,
    "dma50" : 4035.20,
    "dma100" : null,
    "dma200" : 3732.59,
    "volume" : 91842.00
  }, {
    "date" : "2025-04-21",
    "price" : 4213.90,
    "dma50" : 4042.20,
    "dma100" : null,
    "dma200" : 3737.38,
    "volume" : 154965.00
  }, {
    "date" : "2025-04-22",
    "price" : 4275.00,
    "dma50" : 4051.33,
    "dma100" : null,
    "dma200" : 3742.73,
    "volume" : 349921.00
  }, {
    "date" : "2025-04-23",
    "price" : 4311.00,
    "dma50" : 4061.52,
    "dma100" : null,
    "dma200" : 3748.38,
    "volume" : 222052.00
  }, {
    "date" : "2025-04-24",
    "price" : 4340.10,
    "dma50" : 4072.44,
    "dma100" : null,
    "dma200" : 3754.27,
    "volume" : 228673.00
  }, {
    "date" : "2025-04-25",
    "price" : 4448.70,
    "dma50" : 4087.20,
    "dma100" : null,
    "dma200" : 3761.18,
    "volume" : 1215938.00
  }, {
    "date" : "2025-04-28",
    "price" : 4448.60,
    "dma50" : 4101.37,
    "dma100" : null,
    "dma200" : 3768.02,
    "volume" : 198662.00
  }, {
    "date" : "2025-04-29",
    "price" : 4513.00,
    "dma50" : 4117.51,
    "dma100" : null,
    "dma200" : 3775.43,
    "volume" : 118731.00
  }, {
    "date" : "2025-04-30",
    "price" : 4521.60,
    "dma50" : 4133.36,
    "dma100" : null,
    "dma200" : 3782.86,
    "volume" : 152079.00
  }, {
    "date" : "2025-05-02",
    "price" : 4538.60,
    "dma50" : 4149.25,
    "dma100" : null,
    "dma200" : 3790.37,
    "volume" : 162660.00
  }, {
    "date" : "2025-05-05",
    "price" : 4650.00,
    "dma50" : 4168.89,
    "dma100" : null,
    "dma200" : 3798.93,
    "volume" : 300439.00
  }, {
    "date" : "2025-05-06",
    "price" : 4623.80,
    "dma50" : 4186.73,
    "dma100" : null,
    "dma200" : 3807.14,
    "volume" : 74813.00
  }, {
    "date" : "2025-05-07",
    "price" : 4667.50,
    "dma50" : 4205.58,
    "dma100" : null,
    "dma200" : 3815.70,
    "volume" : 181845.00
  }, {
    "date" : "2025-05-08",
    "price" : 4548.20,
    "dma50" : 4219.02,
    "dma100" : null,
    "dma200" : 3822.99,
    "volume" : 95817.00
  }, {
    "date" : "2025-05-09",
    "price" : 4595.10,
    "dma50" : 4233.76,
    "dma100" : null,
    "dma200" : 3830.67,
    "volume" : 205528.00
  }, {
    "date" : "2025-05-12",
    "price" : 4433.10,
    "dma50" : 4241.58,
    "dma100" : null,
    "dma200" : 3836.66,
    "volume" : 498702.00
  }, {
    "date" : "2025-05-13",
    "price" : 4329.90,
    "dma50" : 4245.05,
    "dma100" : null,
    "dma200" : 3841.57,
    "volume" : 231738.00
  }, {
    "date" : "2025-05-14",
    "price" : 4277.70,
    "dma50" : 4246.33,
    "dma100" : null,
    "dma200" : 3845.91,
    "volume" : 273963.00
  }, {
    "date" : "2025-05-15",
    "price" : 4291.60,
    "dma50" : 4248.10,
    "dma100" : null,
    "dma200" : 3850.34,
    "volume" : 178238.00
  }, {
    "date" : "2025-05-16",
    "price" : 4242.10,
    "dma50" : 4247.87,
    "dma100" : null,
    "dma200" : 3854.24,
    "volume" : 120657.00
  }, {
    "date" : "2025-05-19",
    "price" : 4309.10,
    "dma50" : 4250.27,
    "dma100" : null,
    "dma200" : 3858.77,
    "volume" : 176531.00
  }, {
    "date" : "2025-05-20",
    "price" : 4316.10,
    "dma50" : 4252.85,
    "dma100" : null,
    "dma200" : 3863.32,
    "volume" : 210920.00
  }, {
    "date" : "2025-05-21",
    "price" : 4268.00,
    "dma50" : 4253.44,
    "dma100" : null,
    "dma200" : 3867.35,
    "volume" : 62014.00
  }, {
    "date" : "2025-05-22",
    "price" : 4321.20,
    "dma50" : 4256.10,
    "dma100" : null,
    "dma200" : 3871.86,
    "volume" : 99297.00
  }, {
    "date" : "2025-05-23",
    "price" : 4287.70,
    "dma50" : 4257.34,
    "dma100" : null,
    "dma200" : 3876.00,
    "volume" : 126820.00
  }, {
    "date" : "2025-05-26",
    "price" : 4274.40,
    "dma50" : 4258.01,
    "dma100" : null,
    "dma200" : 3879.96,
    "volume" : 95757.00
  }, {
    "date" : "2025-05-27",
    "price" : 4249.90,
    "dma50" : 4257.69,
    "dma100" : null,
    "dma200" : 3883.64,
    "volume" : 65946.00
  }, {
    "date" : "2025-05-28",
    "price" : 4294.10,
    "dma50" : 4259.12,
    "dma100" : null,
    "dma200" : 3887.73,
    "volume" : 235346.00
  }, {
    "date" : "2025-05-29",
    "price" : 4312.00,
    "dma50" : 4261.19,
    "dma100" : null,
    "dma200" : 3891.95,
    "volume" : 76679.00
  }, {
    "date" : "2025-05-30",
    "price" : 4261.20,
    "dma50" : 4261.19,
    "dma100" : null,
    "dma200" : 3895.62,
    "volume" : 373344.00
  }, {
    "date" : "2025-06-02",
    "price" : 4395.40,
    "dma50" : 4266.46,
    "dma100" : null,
    "dma200" : 3900.60,
    "volume" : 149165.00
  }, {
    "date" : "2025-06-03",
    "price" : 4411.30,
    "dma50" : 4272.14,
    "dma100" : null,
    "dma200" : 3905.68,
    "volume" : 143781.00
  }, {
    "date" : "2025-06-04",
    "price" : 4428.90,
    "dma50" : 4278.28,
    "dma100" : null,
    "dma200" : 3910.89,
    "volume" : 98189.00
  }, {
    "date" : "2025-06-05",
    "price" : 4478.90,
    "dma50" : 4286.15,
    "dma100" : null,
    "dma200" : 3916.54,
    "volume" : 112573.00
  }, {
    "date" : "2025-06-06",
    "price" : 4433.60,
    "dma50" : 4291.93,
    "dma100" : null,
    "dma200" : 3921.68,
    "volume" : 31210.00
  }, {
    "date" : "2025-06-09",
    "price" : 4409.90,
    "dma50" : 4296.56,
    "dma100" : null,
    "dma200" : 3926.54,
    "volume" : 43131.00
  }, {
    "date" : "2025-06-10",
    "price" : 4377.30,
    "dma50" : 4299.73,
    "dma100" : null,
    "dma200" : 3931.03,
    "volume" : 38858.00
  }, {
    "date" : "2025-06-11",
    "price" : 4406.90,
    "dma50" : 4303.93,
    "dma100" : null,
    "dma200" : 3935.76,
    "volume" : 92829.00
  }, {
    "date" : "2025-06-12",
    "price" : 4530.90,
    "dma50" : 4312.83,
    "dma100" : null,
    "dma200" : 3941.68,
    "volume" : 366696.00
  }, {
    "date" : "2025-06-13",
    "price" : 4543.90,
    "dma50" : 4321.89,
    "dma100" : null,
    "dma200" : 3947.67,
    "volume" : 115222.00
  }, {
    "date" : "2025-06-16",
    "price" : 4513.40,
    "dma50" : 4329.40,
    "dma100" : null,
    "dma200" : 3953.30,
    "volume" : 46893.00
  }, {
    "date" : "2025-06-17",
    "price" : 4703.40,
    "dma50" : 4344.07,
    "dma100" : null,
    "dma200" : 3960.77,
    "volume" : 919952.00
  }, {
    "date" : "2025-06-18",
    "price" : 4740.00,
    "dma50" : 4359.59,
    "dma100" : null,
    "dma200" : 3968.52,
    "volume" : 220459.00
  }, {
    "date" : "2025-06-19",
    "price" : 4638.30,
    "dma50" : 4370.52,
    "dma100" : null,
    "dma200" : 3975.19,
    "volume" : 80718.00
  }, {
    "date" : "2025-06-20",
    "price" : 4685.00,
    "dma50" : 4382.86,
    "dma100" : null,
    "dma200" : 3982.25,
    "volume" : 56301.00
  }, {
    "date" : "2025-06-23",
    "price" : 4640.10,
    "dma50" : 4392.94,
    "dma100" : null,
    "dma200" : 3988.79,
    "volume" : 48369.00
  }, {
    "date" : "2025-06-24",
    "price" : 4613.00,
    "dma50" : 4401.57,
    "dma100" : null,
    "dma200" : 3995.00,
    "volume" : 96885.00
  }, {
    "date" : "2025-06-25",
    "price" : 4704.10,
    "dma50" : 4413.44,
    "dma100" : null,
    "dma200" : 4002.06,
    "volume" : 147616.00
  }, {
    "date" : "2025-06-26",
    "price" : 4684.50,
    "dma50" : 4424.07,
    "dma100" : 4263.07,
    "dma200" : 4008.85,
    "volume" : 63446.00
  }, {
    "date" : "2025-06-27",
    "price" : 4826.80,
    "dma50" : 4439.86,
    "dma100" : 4272.26,
    "dma200" : 4016.99,
    "volume" : 396052.00
  }, {
    "date" : "2025-06-30",
    "price" : 4820.10,
    "dma50" : 4454.77,
    "dma100" : 4278.97,
    "dma200" : 4024.98,
    "volume" : 137591.00
  }, {
    "date" : "2025-07-01",
    "price" : 4887.70,
    "dma50" : 4471.75,
    "dma100" : 4286.52,
    "dma200" : 4033.57,
    "volume" : 272174.00
  }, {
    "date" : "2025-07-02",
    "price" : 4876.60,
    "dma50" : 4487.63,
    "dma100" : 4293.56,
    "dma200" : 4041.95,
    "volume" : 135520.00
  }, {
    "date" : "2025-07-03",
    "price" : 4875.50,
    "dma50" : 4502.84,
    "dma100" : 4300.25,
    "dma200" : 4050.25,
    "volume" : 79587.00
  }, {
    "date" : "2025-07-04",
    "price" : 4933.20,
    "dma50" : 4519.71,
    "dma100" : 4307.06,
    "dma200" : 4059.03,
    "volume" : 50578.00
  }, {
    "date" : "2025-07-07",
    "price" : 4886.20,
    "dma50" : 4534.09,
    "dma100" : 4313.45,
    "dma200" : 4067.26,
    "volume" : 69991.00
  }, {
    "date" : "2025-07-08",
    "price" : 5040.10,
    "dma50" : 4553.93,
    "dma100" : 4321.63,
    "dma200" : 4076.94,
    "volume" : 355759.00
  }, {
    "date" : "2025-07-09",
    "price" : 5110.00,
    "dma50" : 4575.74,
    "dma100" : 4330.65,
    "dma200" : 4087.22,
    "volume" : 199240.00
  }, {
    "date" : "2025-07-10",
    "price" : 5004.30,
    "dma50" : 4592.54,
    "dma100" : 4340.04,
    "dma200" : 4096.35,
    "volume" : 141720.00
  }, {
    "date" : "2025-07-11",
    "price" : 5073.20,
    "dma50" : 4611.39,
    "dma100" : 4349.77,
    "dma200" : 4106.07,
    "volume" : 138904.00
  }, {
    "date" : "2025-07-14",
    "price" : 4979.00,
    "dma50" : 4625.81,
    "dma100" : 4358.47,
    "dma200" : 4114.75,
    "volume" : 113359.00
  }, {
    "date" : "2025-07-15",
    "price" : 5080.60,
    "dma50" : 4643.64,
    "dma100" : 4369.12,
    "dma200" : 4124.36,
    "volume" : 53786.00
  }, {
    "date" : "2025-07-16",
    "price" : 4962.70,
    "dma50" : 4656.16,
    "dma100" : 4377.66,
    "dma200" : 4132.71,
    "volume" : 102125.00
  }, {
    "date" : "2025-07-17",
    "price" : 4968.40,
    "dma50" : 4668.40,
    "dma100" : 4386.50,
    "dma200" : 4141.02,
    "volume" : 38408.00
  }, {
    "date" : "2025-07-18",
    "price" : 4869.30,
    "dma50" : 4676.28,
    "dma100" : 4394.75,
    "dma200" : 4148.27,
    "volume" : 47197.00
  }, {
    "date" : "2025-07-21",
    "price" : 4969.50,
    "dma50" : 4687.78,
    "dma100" : 4403.99,
    "dma200" : 4156.44,
    "volume" : 53159.00
  }, {
    "date" : "2025-07-22",
    "price" : 4993.40,
    "dma50" : 4699.76,
    "dma100" : 4413.58,
    "dma200" : 4164.77,
    "volume" : 37937.00
  }, {
    "date" : "2025-07-23",
    "price" : 5053.30,
    "dma50" : 4713.63,
    "dma100" : 4425.01,
    "dma200" : 4173.61,
    "volume" : 52373.00
  }, {
    "date" : "2025-07-24",
    "price" : 5077.60,
    "dma50" : 4727.90,
    "dma100" : 4437.69,
    "dma200" : 4182.60,
    "volume" : 133807.00
  }, {
    "date" : "2025-07-25",
    "price" : 5003.40,
    "dma50" : 4738.70,
    "dma100" : 4449.98,
    "dma200" : 4190.77,
    "volume" : 113278.00
  }, {
    "date" : "2025-07-28",
    "price" : 5102.50,
    "dma50" : 4752.97,
    "dma100" : 4463.38,
    "dma200" : 4199.84,
    "volume" : 170696.00
  }, {
    "date" : "2025-07-29",
    "price" : 5148.80,
    "dma50" : 4768.49,
    "dma100" : 4476.60,
    "dma200" : 4209.28,
    "volume" : 69158.00
  }, {
    "date" : "2025-07-30",
    "price" : 5189.60,
    "dma50" : 4785.01,
    "dma100" : 4489.50,
    "dma200" : 4219.04,
    "volume" : 115587.00
  }, {
    "date" : "2025-07-31",
    "price" : 5047.80,
    "dma50" : 4795.31,
    "dma100" : 4499.42,
    "dma200" : 4227.29,
    "volume" : 1130583.00
  }, {
    "date" : "2025-08-01",
    "price" : 5011.50,
    "dma50" : 4803.79,
    "dma100" : 4508.33,
    "dma200" : 4235.09,
    "volume" : 155939.00
  }, {
    "date" : "2025-08-04",
    "price" : 5100.50,
    "dma50" : 4815.43,
    "dma100" : 4518.56,
    "dma200" : 4243.70,
    "volume" : 67218.00
  }, {
    "date" : "2025-08-05",
    "price" : 5176.50,
    "dma50" : 4829.59,
    "dma100" : 4529.52,
    "dma200" : 4252.98,
    "volume" : 129684.00
  }, {
    "date" : "2025-08-06",
    "price" : 5055.50,
    "dma50" : 4838.45,
    "dma100" : 4538.85,
    "dma200" : 4260.97,
    "volume" : 85954.00
  }, {
    "date" : "2025-08-07",
    "price" : 4951.50,
    "dma50" : 4842.88,
    "dma100" : 4547.28,
    "dma200" : 4267.84,
    "volume" : 56870.00
  }, {
    "date" : "2025-08-08",
    "price" : 4813.50,
    "dma50" : 4841.73,
    "dma100" : 4554.15,
    "dma200" : 4273.27,
    "volume" : 83673.00
  }, {
    "date" : "2025-08-11",
    "price" : 4824.50,
    "dma50" : 4841.05,
    "dma100" : 4561.01,
    "dma200" : 4278.75,
    "volume" : 48095.00
  }, {
    "date" : "2025-08-12",
    "price" : 4895.50,
    "dma50" : 4843.19,
    "dma100" : 4568.34,
    "dma200" : 4284.89,
    "volume" : 66416.00
  }, {
    "date" : "2025-08-13",
    "price" : 4918.50,
    "dma50" : 4846.14,
    "dma100" : 4576.80,
    "dma200" : 4291.19,
    "volume" : 67941.00
  }, {
    "date" : "2025-08-14",
    "price" : 4998.00,
    "dma50" : 4852.10,
    "dma100" : 4585.09,
    "dma200" : 4298.23,
    "volume" : 93293.00
  }, {
    "date" : "2025-08-18",
    "price" : 5042.50,
    "dma50" : 4859.56,
    "dma100" : 4593.05,
    "dma200" : 4305.63,
    "volume" : 133499.00
  }, {
    "date" : "2025-08-19",
    "price" : 5030.50,
    "dma50" : 4866.27,
    "dma100" : 4601.39,
    "dma200" : 4312.84,
    "volume" : 115044.00
  }, {
    "date" : "2025-08-20",
    "price" : 5010.50,
    "dma50" : 4871.92,
    "dma100" : 4609.43,
    "dma200" : 4319.79,
    "volume" : 53826.00
  }, {
    "date" : "2025-08-21",
    "price" : 4990.00,
    "dma50" : 4876.55,
    "dma100" : 4617.37,
    "dma200" : 4326.46,
    "volume" : 33927.00
  }, {
    "date" : "2025-08-22",
    "price" : 5030.50,
    "dma50" : 4882.59,
    "dma100" : 4625.52,
    "dma200" : 4333.46,
    "volume" : 46343.00
  }, {
    "date" : "2025-08-25",
    "price" : 4999.00,
    "dma50" : 4887.15,
    "dma100" : 4633.40,
    "dma200" : 4340.08,
    "volume" : 215652.00
  }, {
    "date" : "2025-08-26",
    "price" : 4796.00,
    "dma50" : 4883.58,
    "dma100" : 4639.38,
    "dma200" : 4344.62,
    "volume" : 169312.00
  }, {
    "date" : "2025-08-28",
    "price" : 4707.00,
    "dma50" : 4876.66,
    "dma100" : 4643.98,
    "dma200" : 4348.22,
    "volume" : 66169.00
  }, {
    "date" : "2025-08-29",
    "price" : 4687.50,
    "dma50" : 4869.24,
    "dma100" : 4648.92,
    "dma200" : 4351.60,
    "volume" : 95021.00
  }, {
    "date" : "2025-09-01",
    "price" : 4674.20,
    "dma50" : 4861.59,
    "dma100" : 4654.95,
    "dma200" : 4354.81,
    "volume" : 157919.00
  }, {
    "date" : "2025-09-02",
    "price" : 4755.30,
    "dma50" : 4857.42,
    "dma100" : 4663.71,
    "dma200" : 4358.80,
    "volume" : 167211.00
  }, {
    "date" : "2025-09-03",
    "price" : 4842.90,
    "dma50" : 4856.85,
    "dma100" : 4673.65,
    "dma200" : 4363.61,
    "volume" : 152319.00
  }, {
    "date" : "2025-09-04",
    "price" : 4768.00,
    "dma50" : 4853.37,
    "dma100" : 4681.54,
    "dma200" : 4367.64,
    "volume" : 66884.00
  }, {
    "date" : "2025-09-05",
    "price" : 4663.40,
    "dma50" : 4845.92,
    "dma100" : 4687.18,
    "dma200" : 4370.58,
    "volume" : 30216.00
  }, {
    "date" : "2025-09-08",
    "price" : 4675.00,
    "dma50" : 4839.21,
    "dma100" : 4692.16,
    "dma200" : 4373.61,
    "volume" : 44777.00
  }, {
    "date" : "2025-09-09",
    "price" : 4770.70,
    "dma50" : 4836.53,
    "dma100" : 4697.15,
    "dma200" : 4377.56,
    "volume" : 90278.00
  }, {
    "date" : "2025-09-10",
    "price" : 4777.70,
    "dma50" : 4834.22,
    "dma100" : 4702.48,
    "dma200" : 4381.54,
    "volume" : 88035.00
  }, {
    "date" : "2025-09-11",
    "price" : 4762.80,
    "dma50" : 4831.42,
    "dma100" : 4707.97,
    "dma200" : 4385.33,
    "volume" : 51175.00
  }, {
    "date" : "2025-09-12",
    "price" : 4791.00,
    "dma50" : 4829.83,
    "dma100" : 4713.13,
    "dma200" : 4389.37,
    "volume" : 53782.00
  }, {
    "date" : "2025-09-15",
    "price" : 4782.00,
    "dma50" : 4827.96,
    "dma100" : 4717.84,
    "dma200" : 4393.28,
    "volume" : 32094.00
  }, {
    "date" : "2025-09-16",
    "price" : 4864.80,
    "dma50" : 4829.40,
    "dma100" : 4723.08,
    "dma200" : 4397.97,
    "volume" : 64204.00
  }, {
    "date" : "2025-09-17",
    "price" : 4969.00,
    "dma50" : 4834.88,
    "dma100" : 4728.29,
    "dma200" : 4403.65,
    "volume" : 102575.00
  }, {
    "date" : "2025-09-18",
    "price" : 4894.30,
    "dma50" : 4837.21,
    "dma100" : 4732.74,
    "dma200" : 4408.53,
    "volume" : 52907.00
  }, {
    "date" : "2025-09-19",
    "price" : 4793.80,
    "dma50" : 4835.51,
    "dma100" : 4735.55,
    "dma200" : 4412.37,
    "volume" : 149615.00
  }, {
    "date" : "2025-09-22",
    "price" : 4713.30,
    "dma50" : 4830.71,
    "dma100" : 4737.47,
    "dma200" : 4415.36,
    "volume" : 62157.00
  }, {
    "date" : "2025-09-23",
    "price" : 4691.70,
    "dma50" : 4825.26,
    "dma100" : 4739.00,
    "dma200" : 4418.11,
    "volume" : 89061.00
  }, {
    "date" : "2025-09-24",
    "price" : 4629.80,
    "dma50" : 4817.60,
    "dma100" : 4738.80,
    "dma200" : 4420.22,
    "volume" : 83219.00
  }, {
    "date" : "2025-09-25",
    "price" : 4749.10,
    "dma50" : 4814.91,
    "dma100" : 4740.05,
    "dma200" : 4423.49,
    "volume" : 199461.00
  }, {
    "date" : "2025-09-26",
    "price" : 4573.20,
    "dma50" : 4805.43,
    "dma100" : 4739.11,
    "dma200" : 4424.98,
    "volume" : 61579.00
  }, {
    "date" : "2025-09-29",
    "price" : 4552.20,
    "dma50" : 4795.50,
    "dma100" : 4739.15,
    "dma200" : 4426.25,
    "volume" : 61857.00
  }, {
    "date" : "2025-09-30",
    "price" : 4621.50,
    "dma50" : 4788.68,
    "dma100" : 4739.41,
    "dma200" : 4428.19,
    "volume" : 59978.00
  }, {
    "date" : "2025-10-01",
    "price" : 4630.10,
    "dma50" : 4782.46,
    "dma100" : 4741.38,
    "dma200" : 4430.20,
    "volume" : 34227.00
  }, {
    "date" : "2025-10-03",
    "price" : 4599.90,
    "dma50" : 4775.30,
    "dma100" : 4744.08,
    "dma200" : 4431.89,
    "volume" : 46482.00
  }, {
    "date" : "2025-10-06",
    "price" : 4574.20,
    "dma50" : 4767.41,
    "dma100" : 4747.05,
    "dma200" : 4433.30,
    "volume" : 27115.00
  }, {
    "date" : "2025-10-07",
    "price" : 4572.10,
    "dma50" : 4759.75,
    "dma100" : 4749.85,
    "dma200" : 4434.68,
    "volume" : 57370.00
  }, {
    "date" : "2025-10-08",
    "price" : 4658.20,
    "dma50" : 4755.77,
    "dma100" : 4754.01,
    "dma200" : 4436.91,
    "volume" : 149620.00
  }, {
    "date" : "2025-10-09",
    "price" : 4586.60,
    "dma50" : 4749.14,
    "dma100" : 4756.79,
    "dma200" : 4438.40,
    "volume" : 70604.00
  }, {
    "date" : "2025-10-10",
    "price" : 4741.10,
    "dma50" : 4748.82,
    "dma100" : 4761.04,
    "dma200" : 4441.41,
    "volume" : 114285.00
  }, {
    "date" : "2025-10-13",
    "price" : 4809.70,
    "dma50" : 4751.21,
    "dma100" : 4766.46,
    "dma200" : 4445.07,
    "volume" : 66568.00
  }, {
    "date" : "2025-10-14",
    "price" : 4895.90,
    "dma50" : 4756.88,
    "dma100" : 4772.20,
    "dma200" : 4449.56,
    "volume" : 101641.00
  }, {
    "date" : "2025-10-15",
    "price" : 4884.20,
    "dma50" : 4761.88,
    "dma100" : 4778.17,
    "dma200" : 4453.88,
    "volume" : 75337.00
  }, {
    "date" : "2025-10-16",
    "price" : 5057.70,
    "dma50" : 4773.48,
    "dma100" : 4786.00,
    "dma200" : 4459.89,
    "volume" : 143759.00
  }, {
    "date" : "2025-10-17",
    "price" : 5108.80,
    "dma50" : 4786.63,
    "dma100" : 4794.59,
    "dma200" : 4466.35,
    "volume" : 80197.00
  }, {
    "date" : "2025-10-20",
    "price" : 5153.90,
    "dma50" : 4801.03,
    "dma100" : 4803.19,
    "dma200" : 4473.19,
    "volume" : 118573.00
  }, {
    "date" : "2025-10-21",
    "price" : 5186.50,
    "dma50" : 4816.15,
    "dma100" : 4811.93,
    "dma200" : 4480.29,
    "volume" : 16549.00
  }, {
    "date" : "2025-10-23",
    "price" : 5051.40,
    "dma50" : 4825.37,
    "dma100" : 4819.83,
    "dma200" : 4485.97,
    "volume" : 84327.00
  }, {
    "date" : "2025-10-24",
    "price" : 5056.50,
    "dma50" : 4834.44,
    "dma100" : 4826.45,
    "dma200" : 4491.65,
    "volume" : 84476.00
  }, {
    "date" : "2025-10-27",
    "price" : 5046.70,
    "dma50" : 4842.76,
    "dma100" : 4832.80,
    "dma200" : 4497.17,
    "volume" : 147039.00
  }, {
    "date" : "2025-10-28",
    "price" : 4998.00,
    "dma50" : 4848.85,
    "dma100" : 4838.49,
    "dma200" : 4502.15,
    "volume" : 103157.00
  }, {
    "date" : "2025-10-29",
    "price" : 4978.00,
    "dma50" : 4853.91,
    "dma100" : 4843.48,
    "dma200" : 4506.89,
    "volume" : 61675.00
  }, {
    "date" : "2025-10-30",
    "price" : 4976.80,
    "dma50" : 4858.73,
    "dma100" : 4848.91,
    "dma200" : 4511.56,
    "volume" : 127019.00
  }, {
    "date" : "2025-10-31",
    "price" : 5687.40,
    "dma50" : 4891.23,
    "dma100" : 4861.69,
    "dma200" : 4523.26,
    "volume" : 5521543.00
  }, {
    "date" : "2025-11-03",
    "price" : 5905.50,
    "dma50" : 4931.00,
    "dma100" : 4876.97,
    "dma200" : 4537.02,
    "volume" : 2622627.00
  }, {
    "date" : "2025-11-04",
    "price" : 6055.00,
    "dma50" : 4975.08,
    "dma100" : 4893.45,
    "dma200" : 4552.12,
    "volume" : 844526.00
  }, {
    "date" : "2025-11-06",
    "price" : 6081.00,
    "dma50" : 5018.45,
    "dma100" : 4908.95,
    "dma200" : 4567.33,
    "volume" : 479636.00
  }, {
    "date" : "2025-11-07",
    "price" : 5969.00,
    "dma50" : 5055.73,
    "dma100" : 4923.20,
    "dma200" : 4581.28,
    "volume" : 331927.00
  }, {
    "date" : "2025-11-10",
    "price" : 5993.50,
    "dma50" : 5092.50,
    "dma100" : 4938.00,
    "dma200" : 4595.33,
    "volume" : 182781.00
  }, {
    "date" : "2025-11-11",
    "price" : 6024.00,
    "dma50" : 5129.03,
    "dma100" : 4951.21,
    "dma200" : 4609.55,
    "volume" : 220237.00
  }, {
    "date" : "2025-11-12",
    "price" : 6022.50,
    "dma50" : 5164.07,
    "dma100" : 4964.03,
    "dma200" : 4623.61,
    "volume" : 186310.00
  }, {
    "date" : "2025-11-13",
    "price" : 6038.00,
    "dma50" : 5198.34,
    "dma100" : 4978.03,
    "dma200" : 4637.68,
    "volume" : 124603.00
  }, {
    "date" : "2025-11-14",
    "price" : 6021.50,
    "dma50" : 5230.62,
    "dma100" : 4991.40,
    "dma200" : 4651.45,
    "volume" : 101596.00
  }, {
    "date" : "2025-11-17",
    "price" : 6003.00,
    "dma50" : 5260.91,
    "dma100" : 5005.03,
    "dma200" : 4664.90,
    "volume" : 208242.00
  }, {
    "date" : "2025-11-18",
    "price" : 6026.50,
    "dma50" : 5290.94,
    "dma100" : 5019.16,
    "dma200" : 4678.45,
    "volume" : 199354.00
  }, {
    "date" : "2025-11-19",
    "price" : 6023.00,
    "dma50" : 5319.64,
    "dma100" : 5032.35,
    "dma200" : 4691.83,
    "volume" : 78561.00
  }, {
    "date" : "2025-11-20",
    "price" : 5979.00,
    "dma50" : 5345.50,
    "dma100" : 5045.30,
    "dma200" : 4704.63,
    "volume" : 87611.00
  }, {
    "date" : "2025-11-21",
    "price" : 5973.00,
    "dma50" : 5370.11,
    "dma100" : 5056.76,
    "dma200" : 4717.25,
    "volume" : 129854.00
  }, {
    "date" : "2025-11-24",
    "price" : 5849.00,
    "dma50" : 5388.89,
    "dma100" : 5067.05,
    "dma200" : 4728.52,
    "volume" : 235259.00
  }, {
    "date" : "2025-11-25",
    "price" : 5782.50,
    "dma50" : 5404.32,
    "dma100" : 5075.99,
    "dma200" : 4739.00,
    "volume" : 82462.00
  }, {
    "date" : "2025-11-26",
    "price" : 5822.00,
    "dma50" : 5420.70,
    "dma100" : 5085.45,
    "dma200" : 4749.78,
    "volume" : 48790.00
  }, {
    "date" : "2025-11-27",
    "price" : 5735.00,
    "dma50" : 5433.03,
    "dma100" : 5094.04,
    "dma200" : 4759.58,
    "volume" : 68251.00
  }, {
    "date" : "2025-11-28",
    "price" : 5735.50,
    "dma50" : 5444.89,
    "dma100" : 5102.07,
    "dma200" : 4769.29,
    "volume" : 187709.00
  }, {
    "date" : "2025-12-01",
    "price" : 5750.00,
    "dma50" : 5456.86,
    "dma100" : 5110.70,
    "dma200" : 4779.05,
    "volume" : 86462.00
  }, {
    "date" : "2025-12-02",
    "price" : 5786.50,
    "dma50" : 5469.78,
    "dma100" : 5118.17,
    "dma200" : 4789.08,
    "volume" : 133485.00
  }, {
    "date" : "2025-12-03",
    "price" : 5828.50,
    "dma50" : 5483.85,
    "dma100" : 5125.35,
    "dma200" : 4799.42,
    "volume" : 102571.00
  }, {
    "date" : "2025-12-04",
    "price" : 5765.00,
    "dma50" : 5494.88,
    "dma100" : 5132.96,
    "dma200" : 4809.03,
    "volume" : 75322.00
  }, {
    "date" : "2025-12-05",
    "price" : 5772.00,
    "dma50" : 5505.74,
    "dma100" : 5139.95,
    "dma200" : 4818.61,
    "volume" : 74400.00
  }, {
    "date" : "2025-12-08",
    "price" : 5563.00,
    "dma50" : 5507.99,
    "dma100" : 5145.79,
    "dma200" : 4826.01,
    "volume" : 80063.00
  }, {
    "date" : "2025-12-09",
    "price" : 5707.00,
    "dma50" : 5515.79,
    "dma100" : 5152.05,
    "dma200" : 4834.78,
    "volume" : 227182.00
  }, {
    "date" : "2025-12-10",
    "price" : 5950.00,
    "dma50" : 5532.82,
    "dma100" : 5161.93,
    "dma200" : 4845.88,
    "volume" : 553424.00
  }, {
    "date" : "2025-12-11",
    "price" : 6043.00,
    "dma50" : 5552.83,
    "dma100" : 5172.67,
    "dma200" : 4857.79,
    "volume" : 175401.00
  }, {
    "date" : "2025-12-12",
    "price" : 6122.50,
    "dma50" : 5575.17,
    "dma100" : 5185.20,
    "dma200" : 4870.37,
    "volume" : 270118.00
  }, {
    "date" : "2025-12-15",
    "price" : 6144.00,
    "dma50" : 5597.48,
    "dma100" : 5196.95,
    "dma200" : 4883.05,
    "volume" : 91333.00
  }, {
    "date" : "2025-12-16",
    "price" : 6030.00,
    "dma50" : 5614.44,
    "dma100" : 5207.31,
    "dma200" : 4894.46,
    "volume" : 82118.00
  }, {
    "date" : "2025-12-17",
    "price" : 5912.50,
    "dma50" : 5626.13,
    "dma100" : 5215.91,
    "dma200" : 4904.59,
    "volume" : 80259.00
  }, {
    "date" : "2025-12-18",
    "price" : 5807.50,
    "dma50" : 5633.24,
    "dma100" : 5223.21,
    "dma200" : 4913.57,
    "volume" : 54417.00
  }, {
    "date" : "2025-12-19",
    "price" : 5845.00,
    "dma50" : 5641.54,
    "dma100" : 5231.62,
    "dma200" : 4922.84,
    "volume" : 152057.00
  }, {
    "date" : "2025-12-22",
    "price" : 5883.50,
    "dma50" : 5651.03,
    "dma100" : 5239.43,
    "dma200" : 4932.40,
    "volume" : 156077.00
  }, {
    "date" : "2025-12-23",
    "price" : 6063.50,
    "dma50" : 5667.21,
    "dma100" : 5248.58,
    "dma200" : 4943.65,
    "volume" : 173807.00
  }, {
    "date" : "2025-12-24",
    "price" : 5874.00,
    "dma50" : 5675.32,
    "dma100" : 5255.42,
    "dma200" : 4952.91,
    "volume" : 111744.00
  }, {
    "date" : "2025-12-26",
    "price" : 5774.50,
    "dma50" : 5679.21,
    "dma100" : 5262.69,
    "dma200" : 4961.09,
    "volume" : 118075.00
  }, {
    "date" : "2025-12-29",
    "price" : 5881.00,
    "dma50" : 5687.12,
    "dma100" : 5271.38,
    "dma200" : 4970.24,
    "volume" : 176372.00
  }, {
    "date" : "2025-12-30",
    "price" : 6136.50,
    "dma50" : 5704.74,
    "dma100" : 5281.74,
    "dma200" : 4981.84,
    "volume" : 564727.00
  }, {
    "date" : "2025-12-31",
    "price" : 5920.00,
    "dma50" : 5713.18,
    "dma100" : 5289.18,
    "dma200" : 4991.18,
    "volume" : 266129.00
  }, {
    "date" : "2026-01-01",
    "price" : 5932.50,
    "dma50" : 5721.78,
    "dma100" : 5297.95,
    "dma200" : 5000.55,
    "volume" : 106484.00
  }, {
    "date" : "2026-01-02",
    "price" : 5903.00,
    "dma50" : 5728.89,
    "dma100" : 5307.46,
    "dma200" : 5009.53,
    "volume" : 112958.00
  }, {
    "date" : "2026-01-05",
    "price" : 5937.50,
    "dma50" : 5737.07,
    "dma100" : 5318.70,
    "dma200" : 5018.76,
    "volume" : 106686.00
  }, {
    "date" : "2026-01-06",
    "price" : 5751.00,
    "dma50" : 5737.62,
    "dma100" : 5327.97,
    "dma200" : 5026.04,
    "volume" : 127183.00
  }, {
    "date" : "2026-01-07",
    "price" : 5837.00,
    "dma50" : 5741.51,
    "dma100" : 5337.38,
    "dma200" : 5034.11,
    "volume" : 116072.00
  }, {
    "date" : "2026-01-08",
    "price" : 5772.50,
    "dma50" : 5742.73,
    "dma100" : 5345.92,
    "dma200" : 5041.46,
    "volume" : 119464.00
  }, {
    "date" : "2026-01-09",
    "price" : 5698.50,
    "dma50" : 5741.00,
    "dma100" : 5352.93,
    "dma200" : 5048.00,
    "volume" : 154873.00
  }, {
    "date" : "2026-01-12",
    "price" : 5788.00,
    "dma50" : 5742.84,
    "dma100" : 5360.38,
    "dma200" : 5055.36,
    "volume" : 139204.00
  }, {
    "date" : "2026-01-13",
    "price" : 5988.00,
    "dma50" : 5752.45,
    "dma100" : 5369.96,
    "dma200" : 5064.64,
    "volume" : 178205.00
  }, {
    "date" : "2026-01-14",
    "price" : 6032.00,
    "dma50" : 5763.42,
    "dma100" : 5380.17,
    "dma200" : 5074.27,
    "volume" : 192419.00
  }, {
    "date" : "2026-01-16",
    "price" : 6156.50,
    "dma50" : 5778.83,
    "dma100" : 5391.84,
    "dma200" : 5085.04,
    "volume" : 213008.00
  }, {
    "date" : "2026-01-19",
    "price" : 6112.50,
    "dma50" : 5791.92,
    "dma100" : 5402.66,
    "dma200" : 5095.26,
    "volume" : 276090.00
  }, {
    "date" : "2026-01-20",
    "price" : 5938.50,
    "dma50" : 5797.66,
    "dma100" : 5412.05,
    "dma200" : 5103.65,
    "volume" : 104902.00
  }, {
    "date" : "2026-01-21",
    "price" : 5801.50,
    "dma50" : 5797.81,
    "dma100" : 5422.11,
    "dma200" : 5110.59,
    "volume" : 208531.00
  }, {
    "date" : "2026-01-22",
    "price" : 5917.50,
    "dma50" : 5802.51,
    "dma100" : 5434.21,
    "dma200" : 5118.62,
    "volume" : 172916.00
  }, {
    "date" : "2026-01-23",
    "price" : 5919.00,
    "dma50" : 5807.08,
    "dma100" : 5446.53,
    "dma200" : 5126.59,
    "volume" : 117319.00
  }, {
    "date" : "2026-01-27",
    "price" : 5870.50,
    "dma50" : 5809.56,
    "dma100" : 5458.49,
    "dma200" : 5133.99,
    "volume" : 134622.00
  }, {
    "date" : "2026-01-28",
    "price" : 5970.00,
    "dma50" : 5815.86,
    "dma100" : 5470.64,
    "dma200" : 5142.31,
    "volume" : 102011.00
  } ],
  "latestTechnicalAttributes" : {
    "date" : "2026-01-28",
    "price" : 5970.00,
    "dma50" : 5815.86,
    "dma100" : 5470.64,
    "dma200" : 5142.31,
    "volume" : 102011.00
  },
  "quarterlyResults" : [ {
    "date" : "2005-03-31",
    "sales" : 63.81,
    "salesGrowthYoY" : null,
    "grossProfitMargin" : 36.94,
    "grossProfit" : 23.57,
    "operatingProfitMargin" : 6.33,
    "operatingProfit" : 4.04,
    "netProfitMargin" : -23.02,
    "netProfit" : -14.69
  }, {
    "date" : "2005-06-30",
    "sales" : 68.85,
    "salesGrowthYoY" : null,
    "grossProfitMargin" : 42.35,
    "grossProfit" : 29.16,
    "operatingProfitMargin" : 18.63,
    "operatingProfit" : 12.83,
    "netProfitMargin" : 9.69,
    "netProfit" : 6.67
  }, {
    "date" : "2005-09-30",
    "sales" : 50.83,
    "salesGrowthYoY" : null,
    "grossProfitMargin" : 41.96,
    "grossProfit" : 21.33,
    "operatingProfitMargin" : 13.22,
    "operatingProfit" : 6.72,
    "netProfitMargin" : 4.96,
    "netProfit" : 2.52
  }, {
    "date" : "2005-12-31",
    "sales" : 52.74,
    "salesGrowthYoY" : null,
    "grossProfitMargin" : 41.58,
    "grossProfit" : 21.93,
    "operatingProfitMargin" : 13.35,
    "operatingProfit" : 7.04,
    "netProfitMargin" : 4.29,
    "netProfit" : 2.26
  }, {
    "date" : "2006-03-31",
    "sales" : 61.01,
    "salesGrowthYoY" : -4.39,
    "grossProfitMargin" : 39.21,
    "grossProfit" : 23.92,
    "operatingProfitMargin" : 5.56,
    "operatingProfit" : 3.39,
    "netProfitMargin" : -5.34,
    "netProfit" : -3.26
  }, {
    "date" : "2006-06-30",
    "sales" : 74.55,
    "salesGrowthYoY" : 8.28,
    "grossProfitMargin" : 48.03,
    "grossProfit" : 35.81,
    "operatingProfitMargin" : 25.97,
    "operatingProfit" : 19.36,
    "netProfitMargin" : 9.52,
    "netProfit" : 7.10
  }, {
    "date" : "2006-09-30",
    "sales" : 59.04,
    "salesGrowthYoY" : 16.15,
    "grossProfitMargin" : 38.48,
    "grossProfit" : 22.72,
    "operatingProfitMargin" : 12.21,
    "operatingProfit" : 7.21,
    "netProfitMargin" : 7.99,
    "netProfit" : 4.72
  }, {
    "date" : "2006-12-31",
    "sales" : 57.85,
    "salesGrowthYoY" : 9.69,
    "grossProfitMargin" : 42.49,
    "grossProfit" : 24.58,
    "operatingProfitMargin" : 6.19,
    "operatingProfit" : 3.58,
    "netProfitMargin" : 0.93,
    "netProfit" : 0.54
  }, {
    "date" : "2007-03-31",
    "sales" : 69.05,
    "salesGrowthYoY" : 13.18,
    "grossProfitMargin" : 48.70,
    "grossProfit" : 33.63,
    "operatingProfitMargin" : 3.19,
    "operatingProfit" : 2.20,
    "netProfitMargin" : 1.67,
    "netProfit" : 1.15
  }, {
    "date" : "2007-06-30",
    "sales" : 61.80,
    "salesGrowthYoY" : -17.10,
    "grossProfitMargin" : 46.47,
    "grossProfit" : 28.72,
    "operatingProfitMargin" : 14.08,
    "operatingProfit" : 8.70,
    "netProfitMargin" : 8.06,
    "netProfit" : 4.98
  }, {
    "date" : "2007-09-30",
    "sales" : 65.20,
    "salesGrowthYoY" : 10.43,
    "grossProfitMargin" : 37.84,
    "grossProfit" : 24.67,
    "operatingProfitMargin" : 0.18,
    "operatingProfit" : 0.12,
    "netProfitMargin" : -2.78,
    "netProfit" : -1.81
  }, {
    "date" : "2007-12-31",
    "sales" : 69.97,
    "salesGrowthYoY" : 20.95,
    "grossProfitMargin" : 46.41,
    "grossProfit" : 32.47,
    "operatingProfitMargin" : 7.80,
    "operatingProfit" : 5.46,
    "netProfitMargin" : 0.06,
    "netProfit" : 0.04
  }, {
    "date" : "2008-03-31",
    "sales" : 93.99,
    "salesGrowthYoY" : 36.12,
    "grossProfitMargin" : 46.00,
    "grossProfit" : 43.24,
    "operatingProfitMargin" : 23.23,
    "operatingProfit" : 21.83,
    "netProfitMargin" : 10.35,
    "netProfit" : 9.73
  }, {
    "date" : "2008-06-30",
    "sales" : 109.66,
    "salesGrowthYoY" : 77.44,
    "grossProfitMargin" : 55.29,
    "grossProfit" : 60.63,
    "operatingProfitMargin" : 30.90,
    "operatingProfit" : 33.88,
    "netProfitMargin" : 18.08,
    "netProfit" : 19.83
  }, {
    "date" : "2008-09-30",
    "sales" : 113.17,
    "salesGrowthYoY" : 73.57,
    "grossProfitMargin" : 51.30,
    "grossProfit" : 58.06,
    "operatingProfitMargin" : 26.97,
    "operatingProfit" : 30.52,
    "netProfitMargin" : 16.07,
    "netProfit" : 18.19
  }, {
    "date" : "2008-12-31",
    "sales" : 87.49,
    "salesGrowthYoY" : 25.04,
    "grossProfitMargin" : 47.81,
    "grossProfit" : 41.83,
    "operatingProfitMargin" : 22.03,
    "operatingProfit" : 19.27,
    "netProfitMargin" : 6.80,
    "netProfit" : 5.95
  }, {
    "date" : "2009-03-31",
    "sales" : 107.57,
    "salesGrowthYoY" : 14.45,
    "grossProfitMargin" : 41.70,
    "grossProfit" : 44.86,
    "operatingProfitMargin" : 12.44,
    "operatingProfit" : 13.38,
    "netProfitMargin" : 5.35,
    "netProfit" : 5.75
  }, {
    "date" : "2009-06-30",
    "sales" : 97.49,
    "salesGrowthYoY" : -11.10,
    "grossProfitMargin" : 58.09,
    "grossProfit" : 56.63,
    "operatingProfitMargin" : 31.91,
    "operatingProfit" : 31.11,
    "netProfitMargin" : 19.59,
    "netProfit" : 19.10
  }, {
    "date" : "2009-09-30",
    "sales" : 114.40,
    "salesGrowthYoY" : 1.09,
    "grossProfitMargin" : 64.76,
    "grossProfit" : 74.09,
    "operatingProfitMargin" : 42.12,
    "operatingProfit" : 48.19,
    "netProfitMargin" : 27.10,
    "netProfit" : 31.00
  }, {
    "date" : "2009-12-31",
    "sales" : 96.84,
    "salesGrowthYoY" : 10.69,
    "grossProfitMargin" : 63.46,
    "grossProfit" : 61.45,
    "operatingProfitMargin" : 34.01,
    "operatingProfit" : 32.94,
    "netProfitMargin" : 21.86,
    "netProfit" : 21.17
  }, {
    "date" : "2010-03-31",
    "sales" : 120.59,
    "salesGrowthYoY" : 12.10,
    "grossProfitMargin" : 71.45,
    "grossProfit" : 86.16,
    "operatingProfitMargin" : 13.05,
    "operatingProfit" : 15.74,
    "netProfitMargin" : 2.56,
    "netProfit" : 3.09
  }, {
    "date" : "2010-06-30",
    "sales" : 86.44,
    "salesGrowthYoY" : -11.33,
    "grossProfitMargin" : 61.05,
    "grossProfit" : 52.77,
    "operatingProfitMargin" : 29.19,
    "operatingProfit" : 25.23,
    "netProfitMargin" : 17.62,
    "netProfit" : 15.23
  }, {
    "date" : "2010-09-30",
    "sales" : 78.42,
    "salesGrowthYoY" : -31.45,
    "grossProfitMargin" : 48.42,
    "grossProfit" : 37.97,
    "operatingProfitMargin" : 11.49,
    "operatingProfit" : 9.01,
    "netProfitMargin" : 7.05,
    "netProfit" : 5.53
  }, {
    "date" : "2010-12-31",
    "sales" : 94.08,
    "salesGrowthYoY" : -2.85,
    "grossProfitMargin" : 50.81,
    "grossProfit" : 47.80,
    "operatingProfitMargin" : 16.74,
    "operatingProfit" : 15.75,
    "netProfitMargin" : 10.64,
    "netProfit" : 10.01
  }, {
    "date" : "2011-03-31",
    "sales" : 171.07,
    "salesGrowthYoY" : 41.86,
    "grossProfitMargin" : 70.07,
    "grossProfit" : 119.87,
    "operatingProfitMargin" : 36.23,
    "operatingProfit" : 61.98,
    "netProfitMargin" : 23.89,
    "netProfit" : 40.87
  }, {
    "date" : "2011-06-30",
    "sales" : 195.56,
    "salesGrowthYoY" : 126.24,
    "grossProfitMargin" : 71.60,
    "grossProfit" : 140.02,
    "operatingProfitMargin" : 46.13,
    "operatingProfit" : 90.21,
    "netProfitMargin" : 30.79,
    "netProfit" : 60.21
  }, {
    "date" : "2011-09-30",
    "sales" : 193.01,
    "salesGrowthYoY" : 146.12,
    "grossProfitMargin" : 72.07,
    "grossProfit" : 139.10,
    "operatingProfitMargin" : 46.12,
    "operatingProfit" : 89.02,
    "netProfitMargin" : 30.48,
    "netProfit" : 58.83
  }, {
    "date" : "2011-12-31",
    "sales" : 160.39,
    "salesGrowthYoY" : 70.48,
    "grossProfitMargin" : 60.36,
    "grossProfit" : 96.81,
    "operatingProfitMargin" : 32.14,
    "operatingProfit" : 51.55,
    "netProfitMargin" : 21.07,
    "netProfit" : 33.79
  }, {
    "date" : "2012-03-31",
    "sales" : 156.64,
    "salesGrowthYoY" : -8.44,
    "grossProfitMargin" : 52.91,
    "grossProfit" : 82.88,
    "operatingProfitMargin" : 13.20,
    "operatingProfit" : 20.68,
    "netProfitMargin" : 50.05,
    "netProfit" : 78.40
  }, {
    "date" : "2012-06-30",
    "sales" : 156.89,
    "salesGrowthYoY" : -19.77,
    "grossProfitMargin" : 52.21,
    "grossProfit" : 81.91,
    "operatingProfitMargin" : 19.56,
    "operatingProfit" : 30.69,
    "netProfitMargin" : 12.32,
    "netProfit" : 19.33
  }, {
    "date" : "2012-09-30",
    "sales" : 137.88,
    "salesGrowthYoY" : -28.56,
    "grossProfitMargin" : 53.97,
    "grossProfit" : 74.41,
    "operatingProfitMargin" : 22.45,
    "operatingProfit" : 30.95,
    "netProfitMargin" : 13.77,
    "netProfit" : 18.99
  }, {
    "date" : "2012-12-31",
    "sales" : 124.92,
    "salesGrowthYoY" : -22.11,
    "grossProfitMargin" : 51.63,
    "grossProfit" : 64.50,
    "operatingProfitMargin" : 17.26,
    "operatingProfit" : 21.56,
    "netProfitMargin" : 9.97,
    "netProfit" : 12.45
  }, {
    "date" : "2013-03-31",
    "sales" : 105.01,
    "salesGrowthYoY" : -32.96,
    "grossProfitMargin" : 47.56,
    "grossProfit" : 49.94,
    "operatingProfitMargin" : -2.89,
    "operatingProfit" : -3.03,
    "netProfitMargin" : -7.24,
    "netProfit" : -7.60
  }, {
    "date" : "2013-06-30",
    "sales" : 114.85,
    "salesGrowthYoY" : -26.80,
    "grossProfitMargin" : 50.83,
    "grossProfit" : 58.38,
    "operatingProfitMargin" : 15.57,
    "operatingProfit" : 17.88,
    "netProfitMargin" : 11.67,
    "netProfit" : 13.40
  }, {
    "date" : "2013-09-30",
    "sales" : 99.87,
    "salesGrowthYoY" : -27.57,
    "grossProfitMargin" : 55.96,
    "grossProfit" : 55.89,
    "operatingProfitMargin" : 16.45,
    "operatingProfit" : 16.43,
    "netProfitMargin" : 12.31,
    "netProfit" : 12.29
  }, {
    "date" : "2013-12-31",
    "sales" : 110.06,
    "salesGrowthYoY" : -11.90,
    "grossProfitMargin" : 53.97,
    "grossProfit" : 59.40,
    "operatingProfitMargin" : 11.88,
    "operatingProfit" : 13.08,
    "netProfitMargin" : 6.21,
    "netProfit" : 6.83
  }, {
    "date" : "2014-03-31",
    "sales" : 124.37,
    "salesGrowthYoY" : 18.44,
    "grossProfitMargin" : 50.78,
    "grossProfit" : 63.16,
    "operatingProfitMargin" : 10.73,
    "operatingProfit" : 13.34,
    "netProfitMargin" : 14.58,
    "netProfit" : 18.13
  }, {
    "date" : "2014-06-30",
    "sales" : 130.08,
    "salesGrowthYoY" : 13.26,
    "grossProfitMargin" : 50.11,
    "grossProfit" : 65.18,
    "operatingProfitMargin" : 9.42,
    "operatingProfit" : 12.25,
    "netProfitMargin" : 6.53,
    "netProfit" : 8.49
  }, {
    "date" : "2014-09-30",
    "sales" : 124.19,
    "salesGrowthYoY" : 24.35,
    "grossProfitMargin" : 52.79,
    "grossProfit" : 65.56,
    "operatingProfitMargin" : 11.17,
    "operatingProfit" : 13.87,
    "netProfitMargin" : 8.12,
    "netProfit" : 10.08
  }, {
    "date" : "2014-12-31",
    "sales" : 145.89,
    "salesGrowthYoY" : 32.55,
    "grossProfitMargin" : 48.97,
    "grossProfit" : 71.44,
    "operatingProfitMargin" : 12.91,
    "operatingProfit" : 18.83,
    "netProfitMargin" : 9.73,
    "netProfit" : 14.20
  }, {
    "date" : "2015-03-31",
    "sales" : 145.97,
    "salesGrowthYoY" : 17.37,
    "grossProfitMargin" : 49.17,
    "grossProfit" : 71.77,
    "operatingProfitMargin" : 12.56,
    "operatingProfit" : 18.33,
    "netProfitMargin" : 11.38,
    "netProfit" : 16.61
  }, {
    "date" : "2015-06-30",
    "sales" : 150.37,
    "salesGrowthYoY" : 15.60,
    "grossProfitMargin" : 52.72,
    "grossProfit" : 79.28,
    "operatingProfitMargin" : 17.02,
    "operatingProfit" : 25.59,
    "netProfitMargin" : 12.06,
    "netProfit" : 18.13
  }, {
    "date" : "2015-09-30",
    "sales" : 151.13,
    "salesGrowthYoY" : 21.69,
    "grossProfitMargin" : 58.17,
    "grossProfit" : 87.91,
    "operatingProfitMargin" : 20.98,
    "operatingProfit" : 31.71,
    "netProfitMargin" : 15.37,
    "netProfit" : 23.23
  }, {
    "date" : "2015-12-31",
    "sales" : 145.20,
    "salesGrowthYoY" : -0.47,
    "grossProfitMargin" : 51.79,
    "grossProfit" : 75.20,
    "operatingProfitMargin" : 15.83,
    "operatingProfit" : 22.99,
    "netProfitMargin" : 9.36,
    "netProfit" : 13.59
  }, {
    "date" : "2016-03-31",
    "sales" : 189.55,
    "salesGrowthYoY" : 29.86,
    "grossProfitMargin" : 53.73,
    "grossProfit" : 101.85,
    "operatingProfitMargin" : 18.92,
    "operatingProfit" : 35.86,
    "netProfitMargin" : 16.62,
    "netProfit" : 31.50
  }, {
    "date" : "2016-06-30",
    "sales" : 183.32,
    "salesGrowthYoY" : 21.91,
    "grossProfitMargin" : 64.52,
    "grossProfit" : 118.28,
    "operatingProfitMargin" : 33.18,
    "operatingProfit" : 60.83,
    "netProfitMargin" : 23.81,
    "netProfit" : 43.65
  }, {
    "date" : "2016-09-30",
    "sales" : 181.98,
    "salesGrowthYoY" : 20.41,
    "grossProfitMargin" : 56.74,
    "grossProfit" : 103.26,
    "operatingProfitMargin" : 37.54,
    "operatingProfit" : 68.32,
    "netProfitMargin" : 18.17,
    "netProfit" : 33.07
  }, {
    "date" : "2016-12-31",
    "sales" : 152.40,
    "salesGrowthYoY" : 4.96,
    "grossProfitMargin" : 59.27,
    "grossProfit" : 90.33,
    "operatingProfitMargin" : 20.31,
    "operatingProfit" : 30.95,
    "netProfitMargin" : 9.35,
    "netProfit" : 14.25
  }, {
    "date" : "2017-03-31",
    "sales" : 197.89,
    "salesGrowthYoY" : 4.40,
    "grossProfitMargin" : 47.43,
    "grossProfit" : 93.86,
    "operatingProfitMargin" : 19.05,
    "operatingProfit" : 37.70,
    "netProfitMargin" : 18.47,
    "netProfit" : 36.55
  }, {
    "date" : "2017-06-30",
    "sales" : 225.43,
    "salesGrowthYoY" : 22.97,
    "grossProfitMargin" : 58.31,
    "grossProfit" : 131.45,
    "operatingProfitMargin" : 26.36,
    "operatingProfit" : 59.42,
    "netProfitMargin" : 21.79,
    "netProfit" : 49.12
  }, {
    "date" : "2017-09-30",
    "sales" : 218.11,
    "salesGrowthYoY" : 19.85,
    "grossProfitMargin" : 59.24,
    "grossProfit" : 129.21,
    "operatingProfitMargin" : 24.23,
    "operatingProfit" : 52.85,
    "netProfitMargin" : 19.66,
    "netProfit" : 42.88
  }, {
    "date" : "2017-12-31",
    "sales" : 221.45,
    "salesGrowthYoY" : 45.31,
    "grossProfitMargin" : 56.52,
    "grossProfit" : 125.16,
    "operatingProfitMargin" : 23.65,
    "operatingProfit" : 52.37,
    "netProfitMargin" : 21.54,
    "netProfit" : 47.70
  }, {
    "date" : "2018-03-31",
    "sales" : 208.42,
    "salesGrowthYoY" : 5.32,
    "grossProfitMargin" : 55.03,
    "grossProfit" : 114.69,
    "operatingProfitMargin" : 22.09,
    "operatingProfit" : 46.04,
    "netProfitMargin" : 18.85,
    "netProfit" : 39.29
  }, {
    "date" : "2018-06-30",
    "sales" : 243.11,
    "salesGrowthYoY" : 7.84,
    "grossProfitMargin" : 54.94,
    "grossProfit" : 133.56,
    "operatingProfitMargin" : 25.96,
    "operatingProfit" : 63.11,
    "netProfitMargin" : 16.28,
    "netProfit" : 39.58
  }, {
    "date" : "2018-09-30",
    "sales" : 241.74,
    "salesGrowthYoY" : 10.83,
    "grossProfitMargin" : 49.73,
    "grossProfit" : 120.22,
    "operatingProfitMargin" : 20.82,
    "operatingProfit" : 50.33,
    "netProfitMargin" : 14.15,
    "netProfit" : 34.21
  }, {
    "date" : "2018-12-31",
    "sales" : 226.01,
    "salesGrowthYoY" : 2.06,
    "grossProfitMargin" : 54.67,
    "grossProfit" : 123.56,
    "operatingProfitMargin" : 23.20,
    "operatingProfit" : 52.43,
    "netProfitMargin" : 17.16,
    "netProfit" : 38.78
  }, {
    "date" : "2019-03-31",
    "sales" : 244.27,
    "salesGrowthYoY" : 17.20,
    "grossProfitMargin" : 50.12,
    "grossProfit" : 122.43,
    "operatingProfitMargin" : 21.37,
    "operatingProfit" : 52.20,
    "netProfitMargin" : 14.70,
    "netProfit" : 35.91
  }, {
    "date" : "2019-06-30",
    "sales" : 241.79,
    "salesGrowthYoY" : -0.54,
    "grossProfitMargin" : 52.48,
    "grossProfit" : 126.89,
    "operatingProfitMargin" : 25.13,
    "operatingProfit" : 60.76,
    "netProfitMargin" : 16.32,
    "netProfit" : 39.46
  }, {
    "date" : "2019-09-30",
    "sales" : 263.85,
    "salesGrowthYoY" : 9.15,
    "grossProfitMargin" : 53.76,
    "grossProfit" : 141.85,
    "operatingProfitMargin" : 25.62,
    "operatingProfit" : 67.60,
    "netProfitMargin" : 17.58,
    "netProfit" : 46.38
  }, {
    "date" : "2019-12-31",
    "sales" : 251.60,
    "salesGrowthYoY" : 11.32,
    "grossProfitMargin" : 57.44,
    "grossProfit" : 144.52,
    "operatingProfitMargin" : 25.90,
    "operatingProfit" : 65.16,
    "netProfitMargin" : 17.99,
    "netProfit" : 45.26
  }, {
    "date" : "2020-03-31",
    "sales" : 265.03,
    "salesGrowthYoY" : 8.50,
    "grossProfitMargin" : 54.38,
    "grossProfit" : 144.12,
    "operatingProfitMargin" : 25.36,
    "operatingProfit" : 67.21,
    "netProfitMargin" : 101.38,
    "netProfit" : 268.69
  }, {
    "date" : "2020-06-30",
    "sales" : 204.74,
    "salesGrowthYoY" : -15.32,
    "grossProfitMargin" : 58.39,
    "grossProfit" : 119.55,
    "operatingProfitMargin" : 25.44,
    "operatingProfit" : 52.09,
    "netProfitMargin" : 25.19,
    "netProfit" : 51.57
  }, {
    "date" : "2020-09-30",
    "sales" : 307.70,
    "salesGrowthYoY" : 16.62,
    "grossProfitMargin" : 55.58,
    "grossProfit" : 171.02,
    "operatingProfitMargin" : 30.38,
    "operatingProfit" : 93.48,
    "netProfitMargin" : 21.88,
    "netProfit" : 67.32
  }, {
    "date" : "2020-12-31",
    "sales" : 296.63,
    "salesGrowthYoY" : 17.90,
    "grossProfitMargin" : 54.19,
    "grossProfit" : 160.74,
    "operatingProfitMargin" : 27.32,
    "operatingProfit" : 81.04,
    "netProfitMargin" : 19.79,
    "netProfit" : 58.70
  }, {
    "date" : "2021-03-31",
    "sales" : 324.04,
    "salesGrowthYoY" : 22.27,
    "grossProfitMargin" : 52.71,
    "grossProfit" : 170.80,
    "operatingProfitMargin" : 25.99,
    "operatingProfit" : 84.22,
    "netProfitMargin" : 22.01,
    "netProfit" : 71.32
  }, {
    "date" : "2021-06-30",
    "sales" : 313.85,
    "salesGrowthYoY" : 53.29,
    "grossProfitMargin" : 54.87,
    "grossProfit" : 172.21,
    "operatingProfitMargin" : 24.85,
    "operatingProfit" : 77.99,
    "netProfitMargin" : 17.98,
    "netProfit" : 56.43
  }, {
    "date" : "2021-09-30",
    "sales" : 324.44,
    "salesGrowthYoY" : 5.44,
    "grossProfitMargin" : 55.41,
    "grossProfit" : 179.77,
    "operatingProfitMargin" : 25.75,
    "operatingProfit" : 83.54,
    "netProfitMargin" : 19.14,
    "netProfit" : 62.10
  }, {
    "date" : "2021-12-31",
    "sales" : 366.96,
    "salesGrowthYoY" : 23.71,
    "grossProfitMargin" : 55.85,
    "grossProfit" : 204.95,
    "operatingProfitMargin" : 26.74,
    "operatingProfit" : 98.13,
    "netProfitMargin" : 18.85,
    "netProfit" : 69.17
  }, {
    "date" : "2022-03-31",
    "sales" : 398.37,
    "salesGrowthYoY" : 22.94,
    "grossProfitMargin" : 52.33,
    "grossProfit" : 208.47,
    "operatingProfitMargin" : 24.04,
    "operatingProfit" : 95.77,
    "netProfitMargin" : 19.77,
    "netProfit" : 78.76
  }, {
    "date" : "2022-06-30",
    "sales" : 386.83,
    "salesGrowthYoY" : 23.25,
    "grossProfitMargin" : 54.54,
    "grossProfit" : 210.98,
    "operatingProfitMargin" : 25.83,
    "operatingProfit" : 99.92,
    "netProfitMargin" : 20.41,
    "netProfit" : 78.95
  }, {
    "date" : "2022-09-30",
    "sales" : 366.40,
    "salesGrowthYoY" : 12.93,
    "grossProfitMargin" : 55.88,
    "grossProfit" : 204.74,
    "operatingProfitMargin" : 24.57,
    "operatingProfit" : 90.02,
    "netProfitMargin" : 17.50,
    "netProfit" : 64.12
  }, {
    "date" : "2022-12-31",
    "sales" : 423.50,
    "salesGrowthYoY" : 15.41,
    "grossProfitMargin" : 54.86,
    "grossProfit" : 232.33,
    "operatingProfitMargin" : 25.48,
    "operatingProfit" : 107.91,
    "netProfitMargin" : 19.26,
    "netProfit" : 81.57
  }, {
    "date" : "2023-03-31",
    "sales" : 451.41,
    "salesGrowthYoY" : 13.31,
    "grossProfitMargin" : 58.67,
    "grossProfit" : 264.84,
    "operatingProfitMargin" : 27.48,
    "operatingProfit" : 124.05,
    "netProfitMargin" : 19.45,
    "netProfit" : 87.80
  }, {
    "date" : "2023-06-30",
    "sales" : 350.71,
    "salesGrowthYoY" : -9.34,
    "grossProfitMargin" : 58.53,
    "grossProfit" : 205.27,
    "operatingProfitMargin" : 24.11,
    "operatingProfit" : 84.56,
    "netProfitMargin" : 17.97,
    "netProfit" : 63.02
  }, {
    "date" : "2023-09-30",
    "sales" : 314.83,
    "salesGrowthYoY" : -14.07,
    "grossProfitMargin" : 55.03,
    "grossProfit" : 173.25,
    "operatingProfitMargin" : 19.34,
    "operatingProfit" : 60.89,
    "netProfitMargin" : 17.79,
    "netProfit" : 56.01
  }, {
    "date" : "2023-12-31",
    "sales" : 358.66,
    "salesGrowthYoY" : -15.31,
    "grossProfitMargin" : 50.74,
    "grossProfit" : 181.98,
    "operatingProfitMargin" : 10.99,
    "operatingProfit" : 39.42,
    "netProfitMargin" : 8.42,
    "netProfit" : 30.20
  }, {
    "date" : "2024-03-31",
    "sales" : 396.63,
    "salesGrowthYoY" : -12.14,
    "grossProfitMargin" : 48.67,
    "grossProfit" : 193.04,
    "operatingProfitMargin" : 12.77,
    "operatingProfit" : 50.65,
    "netProfitMargin" : 11.09,
    "netProfit" : 43.99
  }, {
    "date" : "2024-06-30",
    "sales" : 376.28,
    "salesGrowthYoY" : 7.29,
    "grossProfitMargin" : 54.52,
    "grossProfit" : 205.15,
    "operatingProfitMargin" : 16.86,
    "operatingProfit" : 63.44,
    "netProfitMargin" : 13.29,
    "netProfit" : 50.01
  }, {
    "date" : "2024-09-30",
    "sales" : 385.82,
    "salesGrowthYoY" : 22.55,
    "grossProfitMargin" : 54.67,
    "grossProfit" : 210.93,
    "operatingProfitMargin" : 18.59,
    "operatingProfit" : 71.72,
    "netProfitMargin" : 12.97,
    "netProfit" : 50.04
  }, {
    "date" : "2024-12-31",
    "sales" : 439.77,
    "salesGrowthYoY" : 22.61,
    "grossProfitMargin" : 54.07,
    "grossProfit" : 237.78,
    "operatingProfitMargin" : 20.86,
    "operatingProfit" : 91.74,
    "netProfitMargin" : 14.84,
    "netProfit" : 65.26
  }, {
    "date" : "2025-03-31",
    "sales" : 484.94,
    "salesGrowthYoY" : 22.27,
    "grossProfitMargin" : 52.63,
    "grossProfit" : 255.22,
    "operatingProfitMargin" : 23.08,
    "operatingProfit" : 111.92,
    "netProfitMargin" : 15.80,
    "netProfit" : 76.62
  }, {
    "date" : "2025-06-30",
    "sales" : 542.95,
    "salesGrowthYoY" : 44.29,
    "grossProfitMargin" : 55.90,
    "grossProfit" : 303.51,
    "operatingProfitMargin" : 28.40,
    "operatingProfit" : 154.20,
    "netProfitMargin" : 20.77,
    "netProfit" : 112.77
  }, {
    "date" : "2025-09-30",
    "sales" : 562.37,
    "salesGrowthYoY" : 45.76,
    "grossProfitMargin" : 55.35,
    "grossProfit" : 311.27,
    "operatingProfitMargin" : 29.33,
    "operatingProfit" : 164.94,
    "netProfitMargin" : 23.83,
    "netProfit" : 134.01
  } ],
  "latestQuarterlyResult" : {
    "date" : "2025-09-30",
    "sales" : 562.37,
    "salesGrowthYoY" : 45.76,
    "grossProfitMargin" : 55.35,
    "grossProfit" : 311.27,
    "operatingProfitMargin" : 29.33,
    "operatingProfit" : 164.94,
    "netProfitMargin" : 23.83,
    "netProfit" : 134.01
  },
  "companyScore" : {
    "priceHigherThanDma50" : 5.00,
    "priceHigherThanDma100" : 5.00,
    "priceHigherThanDma200" : 5.00,
    "dma50HigherThanDma100" : 5.00,
    "dma50HigherThanDma200" : 5.00,
    "dma100HigherThanDma200" : 5.00,
    "pricePercentageAboveDma50" : 4.87,
    "pricePercentageAboveDma100" : 4.54,
    "pricePercentageAboveDma200" : 4.20,
    "weeklyVolumeHigherThanYearlyVolume" : 0.00,
    "salesGrowthPercentile" : 18.48,
    "operatingProfitMarginPercentile" : 17.35,
    "netProfitMarginPercentile" : 9.16,
    "totalTechnicalScore" : 43.61,
    "totalFundamentalScore" : 44.99,
    "totalScore" : 88.59
  }
}