{
  "metadata" : {
    "screenerCompanyId" : "2236",
    "companyCode" : "NESTLEIND",
    "companyName" : "Nestle India",
    "screenerCompanyLink" : "https://www.screener.in/company/NESTLEIND/",
    "screenerTechnicalHistoryLink" : "https://www.screener.in/api/company/2236/chart/?q=Price-DMA50-DMA200-Volume&days=365",
    "screenerQuarterlyResultsLink" : "https://www.screener.in/api/company/2236/chart/?q=GPM-OPM-NPM-Quarter+Sales&days=10000",
    "attributes" : {
      "companyCode" : "NESTLEIND",
      "companyName" : "Nestle India",
      "marketCap" : 251317.00,
      "peRatio" : 79.00,
      "description" : "Nestle India Limited is a subsidiary of Nestle which is a Swiss MNC. The company operates in the Food segment."
    },
    "companyScore" : {
      "priceHigherThanDma50" : 5.00,
      "priceHigherThanDma100" : 5.00,
      "priceHigherThanDma200" : 5.00,
      "dma50HigherThanDma100" : 5.00,
      "dma50HigherThanDma200" : 5.00,
      "dma100HigherThanDma200" : 5.00,
      "pricePercentageAboveDma50" : 4.92,
      "pricePercentageAboveDma100" : 4.81,
      "pricePercentageAboveDma200" : 4.71,
      "weeklyVolumeHigherThanYearlyVolume" : 0.00,
      "salesGrowthPercentile" : 15.75,
      "operatingProfitMarginPercentile" : 13.32,
      "netProfitMarginPercentile" : 8.69,
      "totalTechnicalScore" : 44.44,
      "totalFundamentalScore" : 37.76,
      "totalScore" : 82.21
    }
  },
  "attributes" : {
    "companyCode" : "NESTLEIND",
    "companyName" : "Nestle India",
    "marketCap" : 251317.00,
    "peRatio" : 79.00,
    "description" : "Nestle India Limited is a subsidiary of Nestle which is a Swiss MNC. The company operates in the Food segment."
  },
  "technicalHistory" : [ {
    "date" : "2025-02-10",
    "price" : 1110.53,
    "dma50" : 1120.20,
    "dma100" : null,
    "dma200" : 1176.88,
    "volume" : 1667192.00
  }, {
    "date" : "2025-02-11",
    "price" : 1097.75,
    "dma50" : 1119.32,
    "dma100" : null,
    "dma200" : 1176.09,
    "volume" : 1021678.00
  }, {
    "date" : "2025-02-12",
    "price" : 1096.88,
    "dma50" : 1118.44,
    "dma100" : null,
    "dma200" : 1175.31,
    "volume" : 1023112.00
  }, {
    "date" : "2025-02-13",
    "price" : 1088.78,
    "dma50" : 1117.28,
    "dma100" : null,
    "dma200" : 1174.45,
    "volume" : 1166650.00
  }, {
    "date" : "2025-02-14",
    "price" : 1097.93,
    "dma50" : 1116.52,
    "dma100" : null,
    "dma200" : 1173.68,
    "volume" : 1979884.00
  }, {
    "date" : "2025-02-17",
    "price" : 1108.25,
    "dma50" : 1116.19,
    "dma100" : null,
    "dma200" : 1173.03,
    "volume" : 1754270.00
  }, {
    "date" : "2025-02-18",
    "price" : 1111.20,
    "dma50" : 1116.00,
    "dma100" : null,
    "dma200" : 1172.42,
    "volume" : 942228.00
  }, {
    "date" : "2025-02-19",
    "price" : 1102.48,
    "dma50" : 1115.47,
    "dma100" : null,
    "dma200" : 1171.72,
    "volume" : 889667.00
  }, {
    "date" : "2025-02-20",
    "price" : 1103.38,
    "dma50" : 1114.99,
    "dma100" : null,
    "dma200" : 1171.04,
    "volume" : 1427715.00
  }, {
    "date" : "2025-02-21",
    "price" : 1107.48,
    "dma50" : 1114.70,
    "dma100" : null,
    "dma200" : 1170.41,
    "volume" : 1209081.00
  }, {
    "date" : "2025-02-24",
    "price" : 1110.20,
    "dma50" : 1114.52,
    "dma100" : null,
    "dma200" : 1169.81,
    "volume" : 1017310.00
  }, {
    "date" : "2025-02-25",
    "price" : 1125.20,
    "dma50" : 1114.94,
    "dma100" : null,
    "dma200" : 1169.37,
    "volume" : 1360260.00
  }, {
    "date" : "2025-02-27",
    "price" : 1139.10,
    "dma50" : 1115.89,
    "dma100" : null,
    "dma200" : 1169.06,
    "volume" : 1529940.00
  }, {
    "date" : "2025-02-28",
    "price" : 1094.83,
    "dma50" : 1115.06,
    "dma100" : null,
    "dma200" : 1168.33,
    "volume" : 3773464.00
  }, {
    "date" : "2025-03-03",
    "price" : 1092.78,
    "dma50" : 1114.19,
    "dma100" : null,
    "dma200" : 1167.57,
    "volume" : 1176134.00
  }, {
    "date" : "2025-03-04",
    "price" : 1073.25,
    "dma50" : 1112.58,
    "dma100" : null,
    "dma200" : 1166.64,
    "volume" : 2188984.00
  }, {
    "date" : "2025-03-05",
    "price" : 1098.50,
    "dma50" : 1112.03,
    "dma100" : null,
    "dma200" : 1165.96,
    "volume" : 1747420.00
  }, {
    "date" : "2025-03-06",
    "price" : 1100.60,
    "dma50" : 1111.58,
    "dma100" : null,
    "dma200" : 1165.31,
    "volume" : 2596700.00
  }, {
    "date" : "2025-03-07",
    "price" : 1119.23,
    "dma50" : 1111.88,
    "dma100" : null,
    "dma200" : 1164.85,
    "volume" : 1097366.00
  }, {
    "date" : "2025-03-10",
    "price" : 1124.20,
    "dma50" : 1112.37,
    "dma100" : null,
    "dma200" : 1164.44,
    "volume" : 1060242.00
  }, {
    "date" : "2025-03-11",
    "price" : 1125.70,
    "dma50" : 1112.89,
    "dma100" : null,
    "dma200" : 1164.06,
    "volume" : 995294.00
  }, {
    "date" : "2025-03-12",
    "price" : 1097.75,
    "dma50" : 1112.29,
    "dma100" : null,
    "dma200" : 1163.40,
    "volume" : 737144.00
  }, {
    "date" : "2025-03-13",
    "price" : 1095.98,
    "dma50" : 1111.65,
    "dma100" : null,
    "dma200" : 1162.73,
    "volume" : 594790.00
  }, {
    "date" : "2025-03-17",
    "price" : 1087.18,
    "dma50" : 1110.70,
    "dma100" : null,
    "dma200" : 1161.98,
    "volume" : 838785.00
  }, {
    "date" : "2025-03-18",
    "price" : 1101.03,
    "dma50" : 1110.32,
    "dma100" : null,
    "dma200" : 1161.37,
    "volume" : 873115.00
  }, {
    "date" : "2025-03-19",
    "price" : 1092.00,
    "dma50" : 1109.60,
    "dma100" : null,
    "dma200" : 1160.68,
    "volume" : 885262.00
  }, {
    "date" : "2025-03-20",
    "price" : 1110.78,
    "dma50" : 1109.64,
    "dma100" : null,
    "dma200" : 1160.18,
    "volume" : 1008876.00
  }, {
    "date" : "2025-03-21",
    "price" : 1134.43,
    "dma50" : 1110.62,
    "dma100" : null,
    "dma200" : 1159.93,
    "volume" : 1640982.00
  }, {
    "date" : "2025-03-24",
    "price" : 1131.78,
    "dma50" : 1111.45,
    "dma100" : null,
    "dma200" : 1159.65,
    "volume" : 894315.00
  }, {
    "date" : "2025-03-25",
    "price" : 1127.43,
    "dma50" : 1112.07,
    "dma100" : null,
    "dma200" : 1159.33,
    "volume" : 1544008.00
  }, {
    "date" : "2025-03-26",
    "price" : 1121.73,
    "dma50" : 1112.45,
    "dma100" : null,
    "dma200" : 1158.95,
    "volume" : 1107996.00
  }, {
    "date" : "2025-03-27",
    "price" : 1121.03,
    "dma50" : 1112.79,
    "dma100" : null,
    "dma200" : 1158.58,
    "volume" : 1758675.00
  }, {
    "date" : "2025-03-28",
    "price" : 1125.38,
    "dma50" : 1113.28,
    "dma100" : null,
    "dma200" : 1158.25,
    "volume" : 1477822.00
  }, {
    "date" : "2025-04-01",
    "price" : 1117.00,
    "dma50" : 1113.43,
    "dma100" : null,
    "dma200" : 1157.83,
    "volume" : 2120192.00
  }, {
    "date" : "2025-04-02",
    "price" : 1105.35,
    "dma50" : 1113.11,
    "dma100" : null,
    "dma200" : 1157.31,
    "volume" : 2638578.00
  }, {
    "date" : "2025-04-03",
    "price" : 1122.83,
    "dma50" : 1113.49,
    "dma100" : null,
    "dma200" : 1156.97,
    "volume" : 672204.00
  }, {
    "date" : "2025-04-04",
    "price" : 1131.08,
    "dma50" : 1114.18,
    "dma100" : null,
    "dma200" : 1156.71,
    "volume" : 1251495.00
  }, {
    "date" : "2025-04-07",
    "price" : 1124.50,
    "dma50" : 1114.59,
    "dma100" : null,
    "dma200" : 1156.39,
    "volume" : 1533294.00
  }, {
    "date" : "2025-04-08",
    "price" : 1137.70,
    "dma50" : 1115.49,
    "dma100" : null,
    "dma200" : 1156.21,
    "volume" : 1818064.00
  }, {
    "date" : "2025-04-09",
    "price" : 1172.43,
    "dma50" : 1117.73,
    "dma100" : null,
    "dma200" : 1156.37,
    "volume" : 3772931.00
  }, {
    "date" : "2025-04-11",
    "price" : 1180.70,
    "dma50" : 1120.20,
    "dma100" : null,
    "dma200" : 1156.61,
    "volume" : 2332598.00
  }, {
    "date" : "2025-04-15",
    "price" : 1183.95,
    "dma50" : 1122.70,
    "dma100" : null,
    "dma200" : 1156.88,
    "volume" : 1595314.00
  }, {
    "date" : "2025-04-16",
    "price" : 1191.65,
    "dma50" : 1125.40,
    "dma100" : null,
    "dma200" : 1157.23,
    "volume" : 1364602.00
  }, {
    "date" : "2025-04-17",
    "price" : 1208.30,
    "dma50" : 1128.65,
    "dma100" : null,
    "dma200" : 1157.73,
    "volume" : 1896642.00
  }, {
    "date" : "2025-04-21",
    "price" : 1199.70,
    "dma50" : 1131.44,
    "dma100" : null,
    "dma200" : 1158.15,
    "volume" : 989670.00
  }, {
    "date" : "2025-04-22",
    "price" : 1203.65,
    "dma50" : 1134.27,
    "dma100" : null,
    "dma200" : 1158.61,
    "volume" : 1030398.00
  }, {
    "date" : "2025-04-23",
    "price" : 1216.70,
    "dma50" : 1137.50,
    "dma100" : null,
    "dma200" : 1159.18,
    "volume" : 1202268.00
  }, {
    "date" : "2025-04-24",
    "price" : 1216.60,
    "dma50" : 1140.60,
    "dma100" : null,
    "dma200" : 1159.75,
    "volume" : 4938600.00
  }, {
    "date" : "2025-04-25",
    "price" : 1206.75,
    "dma50" : 1143.20,
    "dma100" : null,
    "dma200" : 1160.22,
    "volume" : 2344988.00
  }, {
    "date" : "2025-04-28",
    "price" : 1203.00,
    "dma50" : 1145.54,
    "dma100" : null,
    "dma200" : 1160.65,
    "volume" : 2063360.00
  }, {
    "date" : "2025-04-29",
    "price" : 1193.75,
    "dma50" : 1147.43,
    "dma100" : null,
    "dma200" : 1160.98,
    "volume" : 2249453.00
  }, {
    "date" : "2025-04-30",
    "price" : 1194.10,
    "dma50" : 1149.26,
    "dma100" : null,
    "dma200" : 1161.31,
    "volume" : 2055466.00
  }, {
    "date" : "2025-05-02",
    "price" : 1168.85,
    "dma50" : 1150.03,
    "dma100" : null,
    "dma200" : 1161.38,
    "volume" : 1884060.00
  }, {
    "date" : "2025-05-05",
    "price" : 1164.10,
    "dma50" : 1150.58,
    "dma100" : null,
    "dma200" : 1161.41,
    "volume" : 1911208.00
  }, {
    "date" : "2025-05-06",
    "price" : 1178.25,
    "dma50" : 1151.67,
    "dma100" : null,
    "dma200" : 1161.58,
    "volume" : 1807794.00
  }, {
    "date" : "2025-05-07",
    "price" : 1169.20,
    "dma50" : 1152.36,
    "dma100" : null,
    "dma200" : 1161.65,
    "volume" : 1496240.00
  }, {
    "date" : "2025-05-08",
    "price" : 1170.35,
    "dma50" : 1153.06,
    "dma100" : null,
    "dma200" : 1161.74,
    "volume" : 2916714.00
  }, {
    "date" : "2025-05-09",
    "price" : 1162.70,
    "dma50" : 1153.44,
    "dma100" : null,
    "dma200" : 1161.75,
    "volume" : 2114906.00
  }, {
    "date" : "2025-05-12",
    "price" : 1191.90,
    "dma50" : 1154.95,
    "dma100" : null,
    "dma200" : 1162.05,
    "volume" : 821496.00
  }, {
    "date" : "2025-05-13",
    "price" : 1185.10,
    "dma50" : 1156.13,
    "dma100" : null,
    "dma200" : 1162.28,
    "volume" : 2478654.00
  }, {
    "date" : "2025-05-14",
    "price" : 1185.20,
    "dma50" : 1157.27,
    "dma100" : null,
    "dma200" : 1162.51,
    "volume" : 1311568.00
  }, {
    "date" : "2025-05-15",
    "price" : 1199.05,
    "dma50" : 1158.91,
    "dma100" : null,
    "dma200" : 1162.87,
    "volume" : 1970852.00
  }, {
    "date" : "2025-05-16",
    "price" : 1204.40,
    "dma50" : 1160.69,
    "dma100" : null,
    "dma200" : 1163.28,
    "volume" : 1382620.00
  }, {
    "date" : "2025-05-19",
    "price" : 1203.90,
    "dma50" : 1162.39,
    "dma100" : null,
    "dma200" : 1163.69,
    "volume" : 875590.00
  }, {
    "date" : "2025-05-20",
    "price" : 1179.25,
    "dma50" : 1163.05,
    "dma100" : null,
    "dma200" : 1163.84,
    "volume" : 1583460.00
  }, {
    "date" : "2025-05-21",
    "price" : 1196.30,
    "dma50" : 1164.35,
    "dma100" : null,
    "dma200" : 1164.16,
    "volume" : 1360442.00
  }, {
    "date" : "2025-05-22",
    "price" : 1180.85,
    "dma50" : 1165.00,
    "dma100" : null,
    "dma200" : 1164.33,
    "volume" : 2215272.00
  }, {
    "date" : "2025-05-23",
    "price" : 1207.20,
    "dma50" : 1166.65,
    "dma100" : null,
    "dma200" : 1164.76,
    "volume" : 1317118.00
  }, {
    "date" : "2025-05-26",
    "price" : 1227.00,
    "dma50" : 1169.02,
    "dma100" : null,
    "dma200" : 1165.38,
    "volume" : 1492706.00
  }, {
    "date" : "2025-05-27",
    "price" : 1230.45,
    "dma50" : 1171.43,
    "dma100" : null,
    "dma200" : 1166.02,
    "volume" : 1652776.00
  }, {
    "date" : "2025-05-28",
    "price" : 1209.50,
    "dma50" : 1172.92,
    "dma100" : null,
    "dma200" : 1166.46,
    "volume" : 1552062.00
  }, {
    "date" : "2025-05-29",
    "price" : 1217.50,
    "dma50" : 1174.67,
    "dma100" : null,
    "dma200" : 1166.96,
    "volume" : 1882120.00
  }, {
    "date" : "2025-05-30",
    "price" : 1198.10,
    "dma50" : 1175.59,
    "dma100" : null,
    "dma200" : 1167.27,
    "volume" : 2159520.00
  }, {
    "date" : "2025-06-02",
    "price" : 1203.15,
    "dma50" : 1176.67,
    "dma100" : null,
    "dma200" : 1167.63,
    "volume" : 2087070.00
  }, {
    "date" : "2025-06-03",
    "price" : 1195.70,
    "dma50" : 1177.42,
    "dma100" : null,
    "dma200" : 1167.91,
    "volume" : 1677728.00
  }, {
    "date" : "2025-06-04",
    "price" : 1198.75,
    "dma50" : 1178.25,
    "dma100" : null,
    "dma200" : 1168.22,
    "volume" : 1244756.00
  }, {
    "date" : "2025-06-05",
    "price" : 1200.65,
    "dma50" : 1179.13,
    "dma100" : null,
    "dma200" : 1168.54,
    "volume" : 1562372.00
  }, {
    "date" : "2025-06-06",
    "price" : 1208.60,
    "dma50" : 1180.29,
    "dma100" : null,
    "dma200" : 1168.94,
    "volume" : 1085660.00
  }, {
    "date" : "2025-06-09",
    "price" : 1207.65,
    "dma50" : 1181.36,
    "dma100" : null,
    "dma200" : 1169.32,
    "volume" : 689978.00
  }, {
    "date" : "2025-06-10",
    "price" : 1215.70,
    "dma50" : 1182.71,
    "dma100" : null,
    "dma200" : 1169.79,
    "volume" : 1663397.00
  }, {
    "date" : "2025-06-11",
    "price" : 1209.60,
    "dma50" : 1183.76,
    "dma100" : null,
    "dma200" : 1170.18,
    "volume" : 1822944.00
  }, {
    "date" : "2025-06-12",
    "price" : 1192.80,
    "dma50" : 1184.12,
    "dma100" : null,
    "dma200" : 1170.41,
    "volume" : 2778370.00
  }, {
    "date" : "2025-06-13",
    "price" : 1188.40,
    "dma50" : 1184.28,
    "dma100" : null,
    "dma200" : 1170.59,
    "volume" : 855564.00
  }, {
    "date" : "2025-06-16",
    "price" : 1194.90,
    "dma50" : 1184.70,
    "dma100" : null,
    "dma200" : 1170.83,
    "volume" : 548854.00
  }, {
    "date" : "2025-06-17",
    "price" : 1181.00,
    "dma50" : 1184.55,
    "dma100" : null,
    "dma200" : 1170.93,
    "volume" : 1546072.00
  }, {
    "date" : "2025-06-18",
    "price" : 1170.40,
    "dma50" : 1184.00,
    "dma100" : null,
    "dma200" : 1170.92,
    "volume" : 1320914.00
  }, {
    "date" : "2025-06-19",
    "price" : 1159.45,
    "dma50" : 1183.04,
    "dma100" : null,
    "dma200" : 1170.81,
    "volume" : 1604218.00
  }, {
    "date" : "2025-06-20",
    "price" : 1180.20,
    "dma50" : 1182.93,
    "dma100" : null,
    "dma200" : 1170.90,
    "volume" : 23115112.00
  }, {
    "date" : "2025-06-23",
    "price" : 1179.55,
    "dma50" : 1182.79,
    "dma100" : null,
    "dma200" : 1170.99,
    "volume" : 1371840.00
  }, {
    "date" : "2025-06-24",
    "price" : 1182.90,
    "dma50" : 1182.80,
    "dma100" : null,
    "dma200" : 1171.11,
    "volume" : 1245148.00
  }, {
    "date" : "2025-06-25",
    "price" : 1202.20,
    "dma50" : 1183.56,
    "dma100" : null,
    "dma200" : 1171.42,
    "volume" : 2374842.00
  }, {
    "date" : "2025-06-26",
    "price" : 1215.70,
    "dma50" : 1184.82,
    "dma100" : null,
    "dma200" : 1171.86,
    "volume" : 3242340.00
  }, {
    "date" : "2025-06-27",
    "price" : 1229.35,
    "dma50" : 1186.57,
    "dma100" : null,
    "dma200" : 1172.43,
    "volume" : 2443446.00
  }, {
    "date" : "2025-06-30",
    "price" : 1232.65,
    "dma50" : 1188.37,
    "dma100" : null,
    "dma200" : 1173.03,
    "volume" : 1800472.00
  }, {
    "date" : "2025-07-01",
    "price" : 1205.05,
    "dma50" : 1189.03,
    "dma100" : null,
    "dma200" : 1173.35,
    "volume" : 1138486.00
  }, {
    "date" : "2025-07-02",
    "price" : 1194.00,
    "dma50" : 1189.22,
    "dma100" : null,
    "dma200" : 1173.55,
    "volume" : 1528672.00
  }, {
    "date" : "2025-07-03",
    "price" : 1194.20,
    "dma50" : 1189.42,
    "dma100" : null,
    "dma200" : 1173.76,
    "volume" : 1309952.00
  }, {
    "date" : "2025-07-04",
    "price" : 1196.40,
    "dma50" : 1189.69,
    "dma100" : null,
    "dma200" : 1173.98,
    "volume" : 947952.00
  }, {
    "date" : "2025-07-07",
    "price" : 1211.05,
    "dma50" : 1190.53,
    "dma100" : null,
    "dma200" : 1174.35,
    "volume" : 907046.00
  }, {
    "date" : "2025-07-08",
    "price" : 1208.95,
    "dma50" : 1191.25,
    "dma100" : null,
    "dma200" : 1174.70,
    "volume" : 748912.00
  }, {
    "date" : "2025-07-09",
    "price" : 1213.90,
    "dma50" : 1192.14,
    "dma100" : 1163.76,
    "dma200" : 1175.09,
    "volume" : 845232.00
  }, {
    "date" : "2025-07-10",
    "price" : 1200.70,
    "dma50" : 1192.47,
    "dma100" : 1164.79,
    "dma200" : 1175.34,
    "volume" : 589926.00
  }, {
    "date" : "2025-07-11",
    "price" : 1201.75,
    "dma50" : 1192.84,
    "dma100" : 1165.84,
    "dma200" : 1175.60,
    "volume" : 761160.00
  }, {
    "date" : "2025-07-14",
    "price" : 1196.45,
    "dma50" : 1192.98,
    "dma100" : 1166.91,
    "dma200" : 1175.81,
    "volume" : 959268.00
  }, {
    "date" : "2025-07-15",
    "price" : 1208.15,
    "dma50" : 1193.57,
    "dma100" : 1168.02,
    "dma200" : 1176.13,
    "volume" : 1130882.00
  }, {
    "date" : "2025-07-16",
    "price" : 1230.00,
    "dma50" : 1195.00,
    "dma100" : 1169.23,
    "dma200" : 1176.67,
    "volume" : 2989300.00
  }, {
    "date" : "2025-07-17",
    "price" : 1224.55,
    "dma50" : 1196.16,
    "dma100" : 1170.37,
    "dma200" : 1177.15,
    "volume" : 582080.00
  }, {
    "date" : "2025-07-18",
    "price" : 1236.10,
    "dma50" : 1197.73,
    "dma100" : 1171.70,
    "dma200" : 1177.73,
    "volume" : 921838.00
  }, {
    "date" : "2025-07-21",
    "price" : 1236.30,
    "dma50" : 1199.24,
    "dma100" : 1173.03,
    "dma200" : 1178.32,
    "volume" : 995704.00
  }, {
    "date" : "2025-07-22",
    "price" : 1221.75,
    "dma50" : 1200.12,
    "dma100" : 1174.18,
    "dma200" : 1178.75,
    "volume" : 808466.00
  }, {
    "date" : "2025-07-23",
    "price" : 1226.25,
    "dma50" : 1201.15,
    "dma100" : 1175.34,
    "dma200" : 1179.22,
    "volume" : 757540.00
  }, {
    "date" : "2025-07-24",
    "price" : 1161.05,
    "dma50" : 1199.58,
    "dma100" : 1175.69,
    "dma200" : 1179.04,
    "volume" : 5619311.00
  }, {
    "date" : "2025-07-25",
    "price" : 1137.30,
    "dma50" : 1197.13,
    "dma100" : 1175.68,
    "dma200" : 1178.62,
    "volume" : 3366736.00
  }, {
    "date" : "2025-07-28",
    "price" : 1114.65,
    "dma50" : 1193.90,
    "dma100" : 1175.87,
    "dma200" : 1177.99,
    "volume" : 1947170.00
  }, {
    "date" : "2025-07-29",
    "price" : 1111.85,
    "dma50" : 1190.68,
    "dma100" : 1176.07,
    "dma200" : 1177.33,
    "volume" : 1848216.00
  }, {
    "date" : "2025-07-30",
    "price" : 1115.75,
    "dma50" : 1187.74,
    "dma100" : 1176.49,
    "dma200" : 1176.72,
    "volume" : 980656.00
  }, {
    "date" : "2025-07-31",
    "price" : 1123.85,
    "dma50" : 1185.24,
    "dma100" : 1176.74,
    "dma200" : 1176.19,
    "volume" : 1393990.00
  }, {
    "date" : "2025-08-01",
    "price" : 1138.25,
    "dma50" : 1183.39,
    "dma100" : 1177.12,
    "dma200" : 1175.81,
    "volume" : 1473046.00
  }, {
    "date" : "2025-08-04",
    "price" : 1138.70,
    "dma50" : 1181.64,
    "dma100" : 1177.32,
    "dma200" : 1175.44,
    "volume" : 843590.00
  }, {
    "date" : "2025-08-05",
    "price" : 1133.65,
    "dma50" : 1179.76,
    "dma100" : 1177.41,
    "dma200" : 1175.03,
    "volume" : 1160904.00
  }, {
    "date" : "2025-08-06",
    "price" : 1116.65,
    "dma50" : 1177.28,
    "dma100" : 1177.32,
    "dma200" : 1174.45,
    "volume" : 1172300.00
  }, {
    "date" : "2025-08-07",
    "price" : 1117.30,
    "dma50" : 1174.93,
    "dma100" : 1177.51,
    "dma200" : 1173.88,
    "volume" : 1071316.00
  }, {
    "date" : "2025-08-08",
    "price" : 1096.50,
    "dma50" : 1171.86,
    "dma100" : 1177.52,
    "dma200" : 1173.11,
    "volume" : 1305211.00
  }, {
    "date" : "2025-08-11",
    "price" : 1105.00,
    "dma50" : 1169.23,
    "dma100" : 1177.70,
    "dma200" : 1172.43,
    "volume" : 1159876.00
  }, {
    "date" : "2025-08-12",
    "price" : 1091.10,
    "dma50" : 1166.17,
    "dma100" : 1177.60,
    "dma200" : 1171.62,
    "volume" : 793378.00
  }, {
    "date" : "2025-08-13",
    "price" : 1096.90,
    "dma50" : 1163.45,
    "dma100" : 1177.65,
    "dma200" : 1170.88,
    "volume" : 873504.00
  }, {
    "date" : "2025-08-14",
    "price" : 1089.40,
    "dma50" : 1160.55,
    "dma100" : 1177.43,
    "dma200" : 1170.07,
    "volume" : 972134.00
  }, {
    "date" : "2025-08-18",
    "price" : 1144.10,
    "dma50" : 1159.91,
    "dma100" : 1177.53,
    "dma200" : 1169.81,
    "volume" : 3601575.00
  }, {
    "date" : "2025-08-19",
    "price" : 1161.40,
    "dma50" : 1159.96,
    "dma100" : 1177.83,
    "dma200" : 1169.73,
    "volume" : 1881574.00
  }, {
    "date" : "2025-08-20",
    "price" : 1190.30,
    "dma50" : 1161.15,
    "dma100" : 1178.46,
    "dma200" : 1169.93,
    "volume" : 1702991.00
  }, {
    "date" : "2025-08-21",
    "price" : 1179.40,
    "dma50" : 1161.87,
    "dma100" : 1179.03,
    "dma200" : 1170.02,
    "volume" : 1011489.00
  }, {
    "date" : "2025-08-22",
    "price" : 1162.90,
    "dma50" : 1161.91,
    "dma100" : 1179.45,
    "dma200" : 1169.95,
    "volume" : 943503.00
  }, {
    "date" : "2025-08-25",
    "price" : 1153.00,
    "dma50" : 1161.56,
    "dma100" : 1179.73,
    "dma200" : 1169.78,
    "volume" : 968538.00
  }, {
    "date" : "2025-08-26",
    "price" : 1162.20,
    "dma50" : 1161.59,
    "dma100" : 1180.18,
    "dma200" : 1169.71,
    "volume" : 3675799.00
  }, {
    "date" : "2025-08-28",
    "price" : 1162.40,
    "dma50" : 1161.62,
    "dma100" : 1180.75,
    "dma200" : 1169.64,
    "volume" : 1099707.00
  }, {
    "date" : "2025-08-29",
    "price" : 1156.20,
    "dma50" : 1161.40,
    "dma100" : 1181.08,
    "dma200" : 1169.50,
    "volume" : 1625129.00
  }, {
    "date" : "2025-09-01",
    "price" : 1174.40,
    "dma50" : 1161.91,
    "dma100" : 1181.52,
    "dma200" : 1169.55,
    "volume" : 659541.00
  }, {
    "date" : "2025-09-02",
    "price" : 1200.90,
    "dma50" : 1163.44,
    "dma100" : 1182.28,
    "dma200" : 1169.86,
    "volume" : 1888662.00
  }, {
    "date" : "2025-09-03",
    "price" : 1194.80,
    "dma50" : 1164.67,
    "dma100" : 1182.85,
    "dma200" : 1170.11,
    "volume" : 868938.00
  }, {
    "date" : "2025-09-04",
    "price" : 1212.60,
    "dma50" : 1166.55,
    "dma100" : 1183.25,
    "dma200" : 1170.53,
    "volume" : 3412766.00
  }, {
    "date" : "2025-09-05",
    "price" : 1208.50,
    "dma50" : 1168.20,
    "dma100" : 1183.53,
    "dma200" : 1170.91,
    "volume" : 1552739.00
  }, {
    "date" : "2025-09-08",
    "price" : 1187.70,
    "dma50" : 1168.96,
    "dma100" : 1183.57,
    "dma200" : 1171.08,
    "volume" : 1157759.00
  }, {
    "date" : "2025-09-09",
    "price" : 1202.20,
    "dma50" : 1170.27,
    "dma100" : 1183.67,
    "dma200" : 1171.39,
    "volume" : 1343998.00
  }, {
    "date" : "2025-09-10",
    "price" : 1217.50,
    "dma50" : 1172.12,
    "dma100" : 1183.77,
    "dma200" : 1171.85,
    "volume" : 1052530.00
  }, {
    "date" : "2025-09-11",
    "price" : 1220.80,
    "dma50" : 1174.03,
    "dma100" : 1183.98,
    "dma200" : 1172.33,
    "volume" : 808346.00
  }, {
    "date" : "2025-09-12",
    "price" : 1217.60,
    "dma50" : 1175.74,
    "dma100" : 1184.12,
    "dma200" : 1172.79,
    "volume" : 775125.00
  }, {
    "date" : "2025-09-15",
    "price" : 1212.50,
    "dma50" : 1177.18,
    "dma100" : 1184.07,
    "dma200" : 1173.18,
    "volume" : 544278.00
  }, {
    "date" : "2025-09-16",
    "price" : 1204.20,
    "dma50" : 1178.24,
    "dma100" : 1183.95,
    "dma200" : 1173.49,
    "volume" : 1259892.00
  }, {
    "date" : "2025-09-17",
    "price" : 1204.30,
    "dma50" : 1179.26,
    "dma100" : 1183.93,
    "dma200" : 1173.80,
    "volume" : 1127102.00
  }, {
    "date" : "2025-09-18",
    "price" : 1209.10,
    "dma50" : 1180.43,
    "dma100" : 1183.99,
    "dma200" : 1174.15,
    "volume" : 1427299.00
  }, {
    "date" : "2025-09-19",
    "price" : 1194.50,
    "dma50" : 1180.98,
    "dma100" : 1183.99,
    "dma200" : 1174.35,
    "volume" : 2426075.00
  }, {
    "date" : "2025-09-22",
    "price" : 1188.30,
    "dma50" : 1181.27,
    "dma100" : 1183.94,
    "dma200" : 1174.49,
    "volume" : 1344321.00
  }, {
    "date" : "2025-09-23",
    "price" : 1168.40,
    "dma50" : 1180.76,
    "dma100" : 1183.93,
    "dma200" : 1174.43,
    "volume" : 2253832.00
  }, {
    "date" : "2025-09-24",
    "price" : 1178.60,
    "dma50" : 1180.68,
    "dma100" : 1184.08,
    "dma200" : 1174.47,
    "volume" : 1496943.00
  }, {
    "date" : "2025-09-25",
    "price" : 1173.50,
    "dma50" : 1180.40,
    "dma100" : 1184.03,
    "dma200" : 1174.46,
    "volume" : 1304314.00
  }, {
    "date" : "2025-09-26",
    "price" : 1162.60,
    "dma50" : 1179.70,
    "dma100" : 1183.96,
    "dma200" : 1174.34,
    "volume" : 1242982.00
  }, {
    "date" : "2025-09-29",
    "price" : 1152.50,
    "dma50" : 1178.63,
    "dma100" : 1183.79,
    "dma200" : 1174.12,
    "volume" : 2156045.00
  }, {
    "date" : "2025-09-30",
    "price" : 1152.90,
    "dma50" : 1177.62,
    "dma100" : 1183.69,
    "dma200" : 1173.91,
    "volume" : 1432687.00
  }, {
    "date" : "2025-10-01",
    "price" : 1166.40,
    "dma50" : 1177.18,
    "dma100" : 1183.43,
    "dma200" : 1173.84,
    "volume" : 755155.00
  }, {
    "date" : "2025-10-03",
    "price" : 1169.90,
    "dma50" : 1176.90,
    "dma100" : 1183.28,
    "dma200" : 1173.80,
    "volume" : 1221733.00
  }, {
    "date" : "2025-10-06",
    "price" : 1181.70,
    "dma50" : 1177.09,
    "dma100" : 1183.25,
    "dma200" : 1173.88,
    "volume" : 674315.00
  }, {
    "date" : "2025-10-07",
    "price" : 1176.80,
    "dma50" : 1177.07,
    "dma100" : 1183.02,
    "dma200" : 1173.91,
    "volume" : 959881.00
  }, {
    "date" : "2025-10-08",
    "price" : 1180.50,
    "dma50" : 1177.21,
    "dma100" : 1182.78,
    "dma200" : 1173.97,
    "volume" : 976561.00
  }, {
    "date" : "2025-10-09",
    "price" : 1187.80,
    "dma50" : 1177.62,
    "dma100" : 1182.62,
    "dma200" : 1174.11,
    "volume" : 1078290.00
  }, {
    "date" : "2025-10-10",
    "price" : 1199.50,
    "dma50" : 1178.48,
    "dma100" : 1182.83,
    "dma200" : 1174.36,
    "volume" : 1176068.00
  }, {
    "date" : "2025-10-13",
    "price" : 1188.10,
    "dma50" : 1178.86,
    "dma100" : 1182.74,
    "dma200" : 1174.50,
    "volume" : 1209484.00
  }, {
    "date" : "2025-10-14",
    "price" : 1175.50,
    "dma50" : 1178.73,
    "dma100" : 1182.69,
    "dma200" : 1174.51,
    "volume" : 1335215.00
  }, {
    "date" : "2025-10-15",
    "price" : 1221.40,
    "dma50" : 1180.40,
    "dma100" : 1182.83,
    "dma200" : 1174.98,
    "volume" : 2360473.00
  }, {
    "date" : "2025-10-16",
    "price" : 1276.60,
    "dma50" : 1184.17,
    "dma100" : 1183.33,
    "dma200" : 1175.99,
    "volume" : 7325053.00
  }, {
    "date" : "2025-10-17",
    "price" : 1289.50,
    "dma50" : 1188.30,
    "dma100" : 1183.92,
    "dma200" : 1177.12,
    "volume" : 3324550.00
  }, {
    "date" : "2025-10-20",
    "price" : 1285.40,
    "dma50" : 1192.11,
    "dma100" : 1184.68,
    "dma200" : 1178.19,
    "volume" : 1275191.00
  }, {
    "date" : "2025-10-21",
    "price" : 1287.30,
    "dma50" : 1195.84,
    "dma100" : 1185.38,
    "dma200" : 1179.28,
    "volume" : 262416.00
  }, {
    "date" : "2025-10-23",
    "price" : 1272.80,
    "dma50" : 1198.86,
    "dma100" : 1186.12,
    "dma200" : 1180.21,
    "volume" : 1791540.00
  }, {
    "date" : "2025-10-24",
    "price" : 1282.00,
    "dma50" : 1202.12,
    "dma100" : 1186.91,
    "dma200" : 1181.22,
    "volume" : 1491419.00
  }, {
    "date" : "2025-10-27",
    "price" : 1283.00,
    "dma50" : 1205.29,
    "dma100" : 1187.78,
    "dma200" : 1182.24,
    "volume" : 1158759.00
  }, {
    "date" : "2025-10-28",
    "price" : 1271.00,
    "dma50" : 1207.87,
    "dma100" : 1188.51,
    "dma200" : 1183.12,
    "volume" : 1387454.00
  }, {
    "date" : "2025-10-29",
    "price" : 1273.00,
    "dma50" : 1210.43,
    "dma100" : 1189.23,
    "dma200" : 1184.01,
    "volume" : 879483.00
  }, {
    "date" : "2025-10-30",
    "price" : 1279.90,
    "dma50" : 1213.15,
    "dma100" : 1189.94,
    "dma200" : 1184.97,
    "volume" : 768825.00
  }, {
    "date" : "2025-10-31",
    "price" : 1271.60,
    "dma50" : 1215.44,
    "dma100" : 1190.58,
    "dma200" : 1185.83,
    "volume" : 1069207.00
  }, {
    "date" : "2025-11-03",
    "price" : 1266.70,
    "dma50" : 1217.45,
    "dma100" : 1191.09,
    "dma200" : 1186.63,
    "volume" : 902379.00
  }, {
    "date" : "2025-11-04",
    "price" : 1265.00,
    "dma50" : 1219.32,
    "dma100" : 1191.65,
    "dma200" : 1187.41,
    "volume" : 797044.00
  }, {
    "date" : "2025-11-06",
    "price" : 1266.10,
    "dma50" : 1221.15,
    "dma100" : 1192.38,
    "dma200" : 1188.20,
    "volume" : 1232284.00
  }, {
    "date" : "2025-11-07",
    "price" : 1262.70,
    "dma50" : 1222.78,
    "dma100" : 1193.12,
    "dma200" : 1188.94,
    "volume" : 651582.00
  }, {
    "date" : "2025-11-10",
    "price" : 1262.90,
    "dma50" : 1224.35,
    "dma100" : 1193.80,
    "dma200" : 1189.67,
    "volume" : 752902.00
  }, {
    "date" : "2025-11-11",
    "price" : 1268.10,
    "dma50" : 1226.07,
    "dma100" : 1194.67,
    "dma200" : 1190.45,
    "volume" : 743058.00
  }, {
    "date" : "2025-11-12",
    "price" : 1278.20,
    "dma50" : 1228.11,
    "dma100" : 1195.75,
    "dma200" : 1191.33,
    "volume" : 859881.00
  }, {
    "date" : "2025-11-13",
    "price" : 1275.20,
    "dma50" : 1229.96,
    "dma100" : 1196.91,
    "dma200" : 1192.16,
    "volume" : 709890.00
  }, {
    "date" : "2025-11-14",
    "price" : 1271.60,
    "dma50" : 1231.59,
    "dma100" : 1197.82,
    "dma200" : 1192.95,
    "volume" : 683916.00
  }, {
    "date" : "2025-11-17",
    "price" : 1270.30,
    "dma50" : 1233.11,
    "dma100" : 1198.73,
    "dma200" : 1193.72,
    "volume" : 795342.00
  }, {
    "date" : "2025-11-18",
    "price" : 1265.10,
    "dma50" : 1234.37,
    "dma100" : 1199.55,
    "dma200" : 1194.43,
    "volume" : 831966.00
  }, {
    "date" : "2025-11-19",
    "price" : 1279.00,
    "dma50" : 1236.12,
    "dma100" : 1200.32,
    "dma200" : 1195.27,
    "volume" : 762768.00
  }, {
    "date" : "2025-11-20",
    "price" : 1279.20,
    "dma50" : 1237.81,
    "dma100" : 1200.96,
    "dma200" : 1196.11,
    "volume" : 1009610.00
  }, {
    "date" : "2025-11-21",
    "price" : 1280.70,
    "dma50" : 1239.49,
    "dma100" : 1201.47,
    "dma200" : 1196.95,
    "volume" : 756398.00
  }, {
    "date" : "2025-11-24",
    "price" : 1269.20,
    "dma50" : 1240.65,
    "dma100" : 1201.83,
    "dma200" : 1197.67,
    "volume" : 2749393.00
  }, {
    "date" : "2025-11-25",
    "price" : 1263.20,
    "dma50" : 1241.54,
    "dma100" : 1202.42,
    "dma200" : 1198.32,
    "volume" : 1130423.00
  }, {
    "date" : "2025-11-26",
    "price" : 1276.80,
    "dma50" : 1242.92,
    "dma100" : 1203.24,
    "dma200" : 1199.10,
    "volume" : 832305.00
  }, {
    "date" : "2025-11-27",
    "price" : 1266.40,
    "dma50" : 1243.84,
    "dma100" : 1203.97,
    "dma200" : 1199.77,
    "volume" : 734078.00
  }, {
    "date" : "2025-11-28",
    "price" : 1261.10,
    "dma50" : 1244.52,
    "dma100" : 1204.61,
    "dma200" : 1200.38,
    "volume" : 654700.00
  }, {
    "date" : "2025-12-01",
    "price" : 1260.60,
    "dma50" : 1245.15,
    "dma100" : 1205.11,
    "dma200" : 1200.98,
    "volume" : 656749.00
  }, {
    "date" : "2025-12-02",
    "price" : 1258.90,
    "dma50" : 1245.69,
    "dma100" : 1205.61,
    "dma200" : 1201.56,
    "volume" : 938277.00
  }, {
    "date" : "2025-12-03",
    "price" : 1241.90,
    "dma50" : 1245.54,
    "dma100" : 1205.89,
    "dma200" : 1201.96,
    "volume" : 656374.00
  }, {
    "date" : "2025-12-04",
    "price" : 1242.40,
    "dma50" : 1245.42,
    "dma100" : 1206.30,
    "dma200" : 1202.36,
    "volume" : 677980.00
  }, {
    "date" : "2025-12-05",
    "price" : 1246.90,
    "dma50" : 1245.47,
    "dma100" : 1206.76,
    "dma200" : 1202.80,
    "volume" : 930777.00
  }, {
    "date" : "2025-12-08",
    "price" : 1214.80,
    "dma50" : 1244.27,
    "dma100" : 1206.94,
    "dma200" : 1202.92,
    "volume" : 1583615.00
  }, {
    "date" : "2025-12-09",
    "price" : 1215.80,
    "dma50" : 1243.15,
    "dma100" : 1207.02,
    "dma200" : 1203.05,
    "volume" : 851334.00
  }, {
    "date" : "2025-12-10",
    "price" : 1209.30,
    "dma50" : 1241.83,
    "dma100" : 1206.81,
    "dma200" : 1203.11,
    "volume" : 526548.00
  }, {
    "date" : "2025-12-11",
    "price" : 1215.00,
    "dma50" : 1240.78,
    "dma100" : 1206.71,
    "dma200" : 1203.23,
    "volume" : 415498.00
  }, {
    "date" : "2025-12-12",
    "price" : 1238.30,
    "dma50" : 1240.68,
    "dma100" : 1206.74,
    "dma200" : 1203.58,
    "volume" : 856888.00
  }, {
    "date" : "2025-12-15",
    "price" : 1243.50,
    "dma50" : 1240.79,
    "dma100" : 1206.81,
    "dma200" : 1203.98,
    "volume" : 872844.00
  }, {
    "date" : "2025-12-16",
    "price" : 1240.60,
    "dma50" : 1240.78,
    "dma100" : 1207.00,
    "dma200" : 1204.34,
    "volume" : 1123287.00
  }, {
    "date" : "2025-12-17",
    "price" : 1234.60,
    "dma50" : 1240.54,
    "dma100" : 1207.08,
    "dma200" : 1204.64,
    "volume" : 538361.00
  }, {
    "date" : "2025-12-18",
    "price" : 1233.50,
    "dma50" : 1240.26,
    "dma100" : 1207.80,
    "dma200" : 1204.93,
    "volume" : 739287.00
  }, {
    "date" : "2025-12-19",
    "price" : 1244.40,
    "dma50" : 1240.43,
    "dma100" : 1208.88,
    "dma200" : 1205.32,
    "volume" : 778748.00
  }, {
    "date" : "2025-12-22",
    "price" : 1257.20,
    "dma50" : 1241.08,
    "dma100" : 1210.30,
    "dma200" : 1205.84,
    "volume" : 890935.00
  }, {
    "date" : "2025-12-23",
    "price" : 1256.50,
    "dma50" : 1241.69,
    "dma100" : 1211.75,
    "dma200" : 1206.34,
    "volume" : 671841.00
  }, {
    "date" : "2025-12-24",
    "price" : 1259.70,
    "dma50" : 1242.39,
    "dma100" : 1213.19,
    "dma200" : 1206.88,
    "volume" : 612352.00
  }, {
    "date" : "2025-12-26",
    "price" : 1272.60,
    "dma50" : 1243.58,
    "dma100" : 1214.67,
    "dma200" : 1207.53,
    "volume" : 1622020.00
  }, {
    "date" : "2025-12-29",
    "price" : 1280.00,
    "dma50" : 1245.01,
    "dma100" : 1216.09,
    "dma200" : 1208.25,
    "volume" : 947039.00
  }, {
    "date" : "2025-12-30",
    "price" : 1274.10,
    "dma50" : 1246.15,
    "dma100" : 1217.45,
    "dma200" : 1208.91,
    "volume" : 2084292.00
  }, {
    "date" : "2025-12-31",
    "price" : 1288.00,
    "dma50" : 1247.79,
    "dma100" : 1218.99,
    "dma200" : 1209.69,
    "volume" : 801634.00
  }, {
    "date" : "2026-01-01",
    "price" : 1295.00,
    "dma50" : 1249.64,
    "dma100" : 1220.77,
    "dma200" : 1210.54,
    "volume" : 949219.00
  }, {
    "date" : "2026-01-02",
    "price" : 1279.70,
    "dma50" : 1250.82,
    "dma100" : 1222.40,
    "dma200" : 1211.23,
    "volume" : 780564.00
  }, {
    "date" : "2026-01-05",
    "price" : 1314.60,
    "dma50" : 1253.32,
    "dma100" : 1224.58,
    "dma200" : 1212.26,
    "volume" : 2499023.00
  }, {
    "date" : "2026-01-06",
    "price" : 1319.90,
    "dma50" : 1255.93,
    "dma100" : 1226.73,
    "dma200" : 1213.33,
    "volume" : 909909.00
  }, {
    "date" : "2026-01-07",
    "price" : 1314.80,
    "dma50" : 1258.24,
    "dma100" : 1228.96,
    "dma200" : 1214.34,
    "volume" : 697072.00
  }, {
    "date" : "2026-01-08",
    "price" : 1306.90,
    "dma50" : 1260.15,
    "dma100" : 1231.06,
    "dma200" : 1215.26,
    "volume" : 572554.00
  }, {
    "date" : "2026-01-09",
    "price" : 1299.10,
    "dma50" : 1261.68,
    "dma100" : 1233.16,
    "dma200" : 1216.09,
    "volume" : 1294192.00
  }, {
    "date" : "2026-01-12",
    "price" : 1312.40,
    "dma50" : 1263.66,
    "dma100" : 1234.84,
    "dma200" : 1217.05,
    "volume" : 1162042.00
  }, {
    "date" : "2026-01-13",
    "price" : 1318.70,
    "dma50" : 1265.82,
    "dma100" : 1236.42,
    "dma200" : 1218.06,
    "volume" : 1330024.00
  }, {
    "date" : "2026-01-14",
    "price" : 1307.10,
    "dma50" : 1267.44,
    "dma100" : 1237.59,
    "dma200" : 1218.95,
    "volume" : 915433.00
  }, {
    "date" : "2026-01-16",
    "price" : 1315.90,
    "dma50" : 1269.34,
    "dma100" : 1238.95,
    "dma200" : 1219.91,
    "volume" : 1535348.00
  }, {
    "date" : "2026-01-19",
    "price" : 1315.60,
    "dma50" : 1271.16,
    "dma100" : 1240.48,
    "dma200" : 1220.87,
    "volume" : 878769.00
  }, {
    "date" : "2026-01-20",
    "price" : 1295.70,
    "dma50" : 1272.12,
    "dma100" : 1241.90,
    "dma200" : 1221.61,
    "volume" : 1216812.00
  }, {
    "date" : "2026-01-21",
    "price" : 1283.20,
    "dma50" : 1272.55,
    "dma100" : 1243.11,
    "dma200" : 1222.22,
    "volume" : 1076844.00
  }, {
    "date" : "2026-01-22",
    "price" : 1306.00,
    "dma50" : 1273.86,
    "dma100" : 1244.55,
    "dma200" : 1223.06,
    "volume" : 1018580.00
  }, {
    "date" : "2026-01-23",
    "price" : 1293.80,
    "dma50" : 1274.65,
    "dma100" : 1245.93,
    "dma200" : 1223.76,
    "volume" : 751832.00
  }, {
    "date" : "2026-01-27",
    "price" : 1303.30,
    "dma50" : 1275.77,
    "dma100" : 1247.22,
    "dma200" : 1224.55,
    "volume" : 1179783.00
  }, {
    "date" : "2026-01-28",
    "price" : 1292.40,
    "dma50" : 1276.42,
    "dma100" : 1248.13,
    "dma200" : 1225.23,
    "volume" : 966729.00
  }, {
    "date" : "2026-01-29",
    "price" : 1287.90,
    "dma50" : 1276.87,
    "dma100" : 1249.06,
    "dma200" : 1225.85,
    "volume" : 1181084.00
  }, {
    "date" : "2026-01-30",
    "price" : 1332.40,
    "dma50" : 1279.05,
    "dma100" : 1250.26,
    "dma200" : 1226.91,
    "volume" : 5547485.00
  }, {
    "date" : "2026-02-01",
    "price" : 1282.50,
    "dma50" : 1279.19,
    "dma100" : 1251.00,
    "dma200" : 1227.46,
    "volume" : 1182123.00
  }, {
    "date" : "2026-02-02",
    "price" : 1308.30,
    "dma50" : 1280.33,
    "dma100" : 1252.21,
    "dma200" : 1228.27,
    "volume" : 1288942.00
  }, {
    "date" : "2026-02-03",
    "price" : 1308.00,
    "dma50" : 1281.41,
    "dma100" : 1253.26,
    "dma200" : 1229.06,
    "volume" : 1266871.00
  }, {
    "date" : "2026-02-04",
    "price" : 1303.20,
    "dma50" : 1282.27,
    "dma100" : 1254.12,
    "dma200" : 1229.80,
    "volume" : 911262.00
  }, {
    "date" : "2026-02-05",
    "price" : 1303.50,
    "dma50" : 1283.10,
    "dma100" : 1254.95,
    "dma200" : 1230.53,
    "volume" : 870016.00
  }, {
    "date" : "2026-02-06",
    "price" : 1303.30,
    "dma50" : 1283.89,
    "dma100" : 1255.80,
    "dma200" : 1231.26,
    "volume" : 842860.00
  } ],
  "latestTechnicalAttributes" : {
    "date" : "2026-02-06",
    "price" : 1303.30,
    "dma50" : 1283.89,
    "dma100" : 1255.80,
    "dma200" : 1231.26,
    "volume" : 842860.00
  },
  "quarterlyResults" : [ {
    "date" : "2005-03-31",
    "sales" : 613.53,
    "salesGrowthYoY" : null,
    "grossProfitMargin" : 57.00,
    "grossProfit" : 349.71,
    "operatingProfitMargin" : 21.43,
    "operatingProfit" : 131.48,
    "netProfitMargin" : 12.37,
    "netProfit" : 75.89
  }, {
    "date" : "2005-06-30",
    "sales" : 615.77,
    "salesGrowthYoY" : null,
    "grossProfitMargin" : 55.54,
    "grossProfit" : 342.00,
    "operatingProfitMargin" : 21.45,
    "operatingProfit" : 132.08,
    "netProfitMargin" : 13.40,
    "netProfit" : 82.51
  }, {
    "date" : "2005-09-30",
    "sales" : 624.81,
    "salesGrowthYoY" : null,
    "grossProfitMargin" : 54.85,
    "grossProfit" : 342.71,
    "operatingProfitMargin" : 19.71,
    "operatingProfit" : 123.15,
    "netProfitMargin" : 11.94,
    "netProfit" : 74.60
  }, {
    "date" : "2005-12-31",
    "sales" : 622.79,
    "salesGrowthYoY" : null,
    "grossProfitMargin" : 57.35,
    "grossProfit" : 357.17,
    "operatingProfitMargin" : 18.36,
    "operatingProfit" : 114.34,
    "netProfitMargin" : 11.91,
    "netProfit" : 74.17
  }, {
    "date" : "2006-03-31",
    "sales" : 675.92,
    "salesGrowthYoY" : 10.17,
    "grossProfitMargin" : 54.86,
    "grossProfit" : 370.81,
    "operatingProfitMargin" : 19.80,
    "operatingProfit" : 133.83,
    "netProfitMargin" : 13.09,
    "netProfit" : 88.48
  }, {
    "date" : "2006-06-30",
    "sales" : 681.18,
    "salesGrowthYoY" : 10.62,
    "grossProfitMargin" : 53.89,
    "grossProfit" : 367.09,
    "operatingProfitMargin" : 19.82,
    "operatingProfit" : 135.01,
    "netProfitMargin" : 11.90,
    "netProfit" : 81.06
  }, {
    "date" : "2006-09-30",
    "sales" : 722.66,
    "salesGrowthYoY" : 15.66,
    "grossProfitMargin" : 51.89,
    "grossProfit" : 374.99,
    "operatingProfitMargin" : 19.13,
    "operatingProfit" : 138.24,
    "netProfitMargin" : 11.48,
    "netProfit" : 82.96
  }, {
    "date" : "2006-12-31",
    "sales" : 736.29,
    "salesGrowthYoY" : 18.22,
    "grossProfitMargin" : 53.56,
    "grossProfit" : 394.36,
    "operatingProfitMargin" : 14.03,
    "operatingProfit" : 103.30,
    "netProfitMargin" : 8.48,
    "netProfit" : 62.44
  }, {
    "date" : "2007-03-31",
    "sales" : 863.08,
    "salesGrowthYoY" : 27.69,
    "grossProfitMargin" : 52.16,
    "grossProfit" : 450.18,
    "operatingProfitMargin" : 12.15,
    "operatingProfit" : 104.86,
    "netProfitMargin" : 12.57,
    "netProfit" : 108.49
  }, {
    "date" : "2007-06-30",
    "sales" : 838.88,
    "salesGrowthYoY" : 23.15,
    "grossProfitMargin" : 50.80,
    "grossProfit" : 426.15,
    "operatingProfitMargin" : 19.62,
    "operatingProfit" : 164.59,
    "netProfitMargin" : 11.64,
    "netProfit" : 97.65
  }, {
    "date" : "2007-09-30",
    "sales" : 906.74,
    "salesGrowthYoY" : 25.47,
    "grossProfitMargin" : 52.29,
    "grossProfit" : 474.13,
    "operatingProfitMargin" : 20.86,
    "operatingProfit" : 189.15,
    "netProfitMargin" : 12.84,
    "netProfit" : 116.43
  }, {
    "date" : "2007-12-31",
    "sales" : 895.65,
    "salesGrowthYoY" : 21.64,
    "grossProfitMargin" : 52.35,
    "grossProfit" : 468.87,
    "operatingProfitMargin" : 17.60,
    "operatingProfit" : 157.63,
    "netProfitMargin" : 10.79,
    "netProfit" : 96.64
  }, {
    "date" : "2008-03-31",
    "sales" : 1093.26,
    "salesGrowthYoY" : 26.67,
    "grossProfitMargin" : 52.43,
    "grossProfit" : 573.20,
    "operatingProfitMargin" : 22.99,
    "operatingProfit" : 251.34,
    "netProfitMargin" : 15.30,
    "netProfit" : 167.27
  }, {
    "date" : "2008-06-30",
    "sales" : 1038.39,
    "salesGrowthYoY" : 23.78,
    "grossProfitMargin" : 50.56,
    "grossProfit" : 525.01,
    "operatingProfitMargin" : 19.05,
    "operatingProfit" : 197.81,
    "netProfitMargin" : 11.87,
    "netProfit" : 123.26
  }, {
    "date" : "2008-09-30",
    "sales" : 1110.37,
    "salesGrowthYoY" : 22.46,
    "grossProfitMargin" : 49.91,
    "grossProfit" : 554.19,
    "operatingProfitMargin" : 18.84,
    "operatingProfit" : 209.19,
    "netProfitMargin" : 11.87,
    "netProfit" : 131.80
  }, {
    "date" : "2008-12-31",
    "sales" : 1093.27,
    "salesGrowthYoY" : 22.06,
    "grossProfitMargin" : 52.94,
    "grossProfit" : 578.78,
    "operatingProfitMargin" : 18.16,
    "operatingProfit" : 198.54,
    "netProfitMargin" : 11.08,
    "netProfit" : 121.13
  }, {
    "date" : "2009-03-31",
    "sales" : 1270.21,
    "salesGrowthYoY" : 16.19,
    "grossProfitMargin" : 52.95,
    "grossProfit" : 672.58,
    "operatingProfitMargin" : 23.94,
    "operatingProfit" : 304.09,
    "netProfitMargin" : 15.53,
    "netProfit" : 197.26
  }, {
    "date" : "2009-06-30",
    "sales" : 1214.93,
    "salesGrowthYoY" : 17.00,
    "grossProfitMargin" : 52.57,
    "grossProfit" : 638.69,
    "operatingProfitMargin" : 20.66,
    "operatingProfit" : 251.00,
    "netProfitMargin" : 13.34,
    "netProfit" : 162.07
  }, {
    "date" : "2009-09-30",
    "sales" : 1307.19,
    "salesGrowthYoY" : 17.73,
    "grossProfitMargin" : 52.40,
    "grossProfit" : 684.97,
    "operatingProfitMargin" : 20.93,
    "operatingProfit" : 273.59,
    "netProfitMargin" : 13.98,
    "netProfit" : 182.75
  }, {
    "date" : "2009-12-31",
    "sales" : 1357.66,
    "salesGrowthYoY" : 24.18,
    "grossProfitMargin" : 51.96,
    "grossProfit" : 705.44,
    "operatingProfitMargin" : 13.53,
    "operatingProfit" : 183.69,
    "netProfitMargin" : 8.32,
    "netProfit" : 112.96
  }, {
    "date" : "2010-03-31",
    "sales" : 1485.42,
    "salesGrowthYoY" : 16.94,
    "grossProfitMargin" : 50.35,
    "grossProfit" : 747.91,
    "operatingProfitMargin" : 21.17,
    "operatingProfit" : 314.46,
    "netProfitMargin" : 13.59,
    "netProfit" : 201.87
  }, {
    "date" : "2010-06-30",
    "sales" : 1471.30,
    "salesGrowthYoY" : 21.10,
    "grossProfitMargin" : 51.13,
    "grossProfit" : 752.28,
    "operatingProfitMargin" : 19.84,
    "operatingProfit" : 291.91,
    "netProfitMargin" : 13.24,
    "netProfit" : 194.80
  }, {
    "date" : "2010-09-30",
    "sales" : 1641.40,
    "salesGrowthYoY" : 25.57,
    "grossProfitMargin" : 51.05,
    "grossProfit" : 837.93,
    "operatingProfitMargin" : 19.97,
    "operatingProfit" : 327.79,
    "netProfitMargin" : 13.32,
    "netProfit" : 218.63
  }, {
    "date" : "2010-12-31",
    "sales" : 1675.52,
    "salesGrowthYoY" : 23.41,
    "grossProfitMargin" : 52.52,
    "grossProfit" : 879.98,
    "operatingProfitMargin" : 18.86,
    "operatingProfit" : 316.00,
    "netProfitMargin" : 12.14,
    "netProfit" : 203.41
  }, {
    "date" : "2011-03-31",
    "sales" : 1814.43,
    "salesGrowthYoY" : 22.15,
    "grossProfitMargin" : 51.27,
    "grossProfit" : 930.26,
    "operatingProfitMargin" : 21.10,
    "operatingProfit" : 382.84,
    "netProfitMargin" : 14.09,
    "netProfit" : 255.65
  }, {
    "date" : "2011-06-30",
    "sales" : 1768.06,
    "salesGrowthYoY" : 20.17,
    "grossProfitMargin" : 50.69,
    "grossProfit" : 896.23,
    "operatingProfitMargin" : 19.44,
    "operatingProfit" : 343.71,
    "netProfitMargin" : 12.09,
    "netProfit" : 213.76
  }, {
    "date" : "2011-09-30",
    "sales" : 1969.27,
    "salesGrowthYoY" : 19.98,
    "grossProfitMargin" : 51.99,
    "grossProfit" : 1023.82,
    "operatingProfitMargin" : 20.77,
    "operatingProfit" : 409.02,
    "netProfitMargin" : 13.26,
    "netProfit" : 261.13
  }, {
    "date" : "2011-12-31",
    "sales" : 1962.79,
    "salesGrowthYoY" : 17.15,
    "grossProfitMargin" : 54.46,
    "grossProfit" : 1068.94,
    "operatingProfitMargin" : 19.54,
    "operatingProfit" : 383.53,
    "netProfitMargin" : 11.76,
    "netProfit" : 230.82
  }, {
    "date" : "2012-03-31",
    "sales" : 2055.87,
    "salesGrowthYoY" : 13.31,
    "grossProfitMargin" : 54.36,
    "grossProfit" : 1117.57,
    "operatingProfitMargin" : 22.02,
    "operatingProfit" : 452.70,
    "netProfitMargin" : 13.41,
    "netProfit" : 275.69
  }, {
    "date" : "2012-06-30",
    "sales" : 1993.40,
    "salesGrowthYoY" : 12.75,
    "grossProfitMargin" : 54.73,
    "grossProfit" : 1090.99,
    "operatingProfitMargin" : 21.63,
    "operatingProfit" : 431.17,
    "netProfitMargin" : 12.34,
    "netProfit" : 245.99
  }, {
    "date" : "2012-09-30",
    "sales" : 2124.13,
    "salesGrowthYoY" : 7.86,
    "grossProfitMargin" : 54.28,
    "grossProfit" : 1152.98,
    "operatingProfitMargin" : 20.91,
    "operatingProfit" : 444.16,
    "netProfitMargin" : 12.58,
    "netProfit" : 267.22
  }, {
    "date" : "2012-12-31",
    "sales" : 2161.13,
    "salesGrowthYoY" : 10.11,
    "grossProfitMargin" : 55.37,
    "grossProfit" : 1196.62,
    "operatingProfitMargin" : 22.63,
    "operatingProfit" : 489.06,
    "netProfitMargin" : 12.91,
    "netProfit" : 279.00
  }, {
    "date" : "2013-03-31",
    "sales" : 2255.35,
    "salesGrowthYoY" : 9.70,
    "grossProfitMargin" : 54.96,
    "grossProfit" : 1239.54,
    "operatingProfitMargin" : 22.50,
    "operatingProfit" : 507.45,
    "netProfitMargin" : 12.37,
    "netProfit" : 278.99
  }, {
    "date" : "2013-06-30",
    "sales" : 2222.71,
    "salesGrowthYoY" : 11.50,
    "grossProfitMargin" : 54.99,
    "grossProfit" : 1222.27,
    "operatingProfitMargin" : 21.89,
    "operatingProfit" : 486.55,
    "netProfitMargin" : 12.21,
    "netProfit" : 271.39
  }, {
    "date" : "2013-09-30",
    "sales" : 2360.02,
    "salesGrowthYoY" : 11.11,
    "grossProfitMargin" : 55.22,
    "grossProfit" : 1303.20,
    "operatingProfitMargin" : 20.90,
    "operatingProfit" : 493.24,
    "netProfitMargin" : 11.97,
    "netProfit" : 282.49
  }, {
    "date" : "2013-12-31",
    "sales" : 2262.97,
    "salesGrowthYoY" : 4.71,
    "grossProfitMargin" : 53.63,
    "grossProfit" : 1213.63,
    "operatingProfitMargin" : 20.33,
    "operatingProfit" : 460.06,
    "netProfitMargin" : 12.14,
    "netProfit" : 274.72
  }, {
    "date" : "2014-03-31",
    "sales" : 2321.51,
    "salesGrowthYoY" : 2.93,
    "grossProfitMargin" : 53.88,
    "grossProfit" : 1250.83,
    "operatingProfitMargin" : 19.81,
    "operatingProfit" : 459.89,
    "netProfitMargin" : 11.16,
    "netProfit" : 259.08
  }, {
    "date" : "2014-06-30",
    "sales" : 2431.97,
    "salesGrowthYoY" : 9.41,
    "grossProfitMargin" : 52.68,
    "grossProfit" : 1281.16,
    "operatingProfitMargin" : 20.18,
    "operatingProfit" : 490.77,
    "netProfitMargin" : 11.84,
    "netProfit" : 287.95
  }, {
    "date" : "2014-09-30",
    "sales" : 2570.42,
    "salesGrowthYoY" : 8.92,
    "grossProfitMargin" : 54.08,
    "grossProfit" : 1390.08,
    "operatingProfitMargin" : 20.67,
    "operatingProfit" : 531.31,
    "netProfitMargin" : 12.11,
    "netProfit" : 311.28
  }, {
    "date" : "2014-12-31",
    "sales" : 2530.94,
    "salesGrowthYoY" : 11.84,
    "grossProfitMargin" : 55.66,
    "grossProfit" : 1408.72,
    "operatingProfitMargin" : 21.72,
    "operatingProfit" : 549.72,
    "netProfitMargin" : 12.71,
    "netProfit" : 321.68
  }, {
    "date" : "2015-03-31",
    "sales" : 2516.48,
    "salesGrowthYoY" : 8.40,
    "grossProfitMargin" : 57.78,
    "grossProfit" : 1454.02,
    "operatingProfitMargin" : 22.23,
    "operatingProfit" : 559.41,
    "netProfitMargin" : 12.73,
    "netProfit" : 320.35
  }, {
    "date" : "2015-06-30",
    "sales" : 1957.01,
    "salesGrowthYoY" : -19.53,
    "grossProfitMargin" : 56.29,
    "grossProfit" : 1101.60,
    "operatingProfitMargin" : 19.16,
    "operatingProfit" : 374.96,
    "netProfitMargin" : 19.79,
    "netProfit" : 387.29
  }, {
    "date" : "2015-09-30",
    "sales" : 1742.36,
    "salesGrowthYoY" : -32.21,
    "grossProfitMargin" : 57.37,
    "grossProfit" : 999.59,
    "operatingProfitMargin" : 15.35,
    "operatingProfit" : 267.45,
    "netProfitMargin" : 8.10,
    "netProfit" : 141.13
  }, {
    "date" : "2015-12-31",
    "sales" : 1959.46,
    "salesGrowthYoY" : -22.58,
    "grossProfitMargin" : 58.76,
    "grossProfit" : 1151.38,
    "operatingProfitMargin" : 18.01,
    "operatingProfit" : 352.90,
    "netProfitMargin" : 10.22,
    "netProfit" : 200.26
  }, {
    "date" : "2016-03-31",
    "sales" : 2283.72,
    "salesGrowthYoY" : -9.25,
    "grossProfitMargin" : 56.77,
    "grossProfit" : 1296.47,
    "operatingProfitMargin" : 22.45,
    "operatingProfit" : 512.70,
    "netProfitMargin" : 12.03,
    "netProfit" : 274.73
  }, {
    "date" : "2016-06-30",
    "sales" : 2248.83,
    "salesGrowthYoY" : 14.91,
    "grossProfitMargin" : 57.78,
    "grossProfit" : 1299.37,
    "operatingProfitMargin" : 20.68,
    "operatingProfit" : 465.06,
    "netProfitMargin" : 11.59,
    "netProfit" : 260.64
  }, {
    "date" : "2016-09-30",
    "sales" : 2342.53,
    "salesGrowthYoY" : 34.45,
    "grossProfitMargin" : 57.91,
    "grossProfit" : 1356.56,
    "operatingProfitMargin" : 20.63,
    "operatingProfit" : 483.26,
    "netProfitMargin" : 11.89,
    "netProfit" : 278.53
  }, {
    "date" : "2016-12-31",
    "sales" : 2266.26,
    "salesGrowthYoY" : 15.66,
    "grossProfitMargin" : 57.63,
    "grossProfit" : 1306.05,
    "operatingProfitMargin" : 17.16,
    "operatingProfit" : 388.89,
    "netProfitMargin" : 8.60,
    "netProfit" : 194.90
  }, {
    "date" : "2017-03-31",
    "sales" : 2491.88,
    "salesGrowthYoY" : 9.11,
    "grossProfitMargin" : 56.10,
    "grossProfit" : 1397.94,
    "operatingProfitMargin" : 20.76,
    "operatingProfit" : 517.31,
    "netProfitMargin" : 12.31,
    "netProfit" : 306.75
  }, {
    "date" : "2017-06-30",
    "sales" : 2402.21,
    "salesGrowthYoY" : 6.82,
    "grossProfitMargin" : 55.08,
    "grossProfit" : 1323.14,
    "operatingProfitMargin" : 19.22,
    "operatingProfit" : 461.70,
    "netProfitMargin" : 10.97,
    "netProfit" : 263.52
  }, {
    "date" : "2017-09-30",
    "sales" : 2514.05,
    "salesGrowthYoY" : 7.32,
    "grossProfitMargin" : 56.86,
    "grossProfit" : 1429.49,
    "operatingProfitMargin" : 23.23,
    "operatingProfit" : 584.01,
    "netProfitMargin" : 13.65,
    "netProfit" : 343.17
  }, {
    "date" : "2017-12-31",
    "sales" : 2601.46,
    "salesGrowthYoY" : 14.79,
    "grossProfitMargin" : 58.90,
    "grossProfit" : 1532.26,
    "operatingProfitMargin" : 20.51,
    "operatingProfit" : 533.56,
    "netProfitMargin" : 11.99,
    "netProfit" : 311.92
  }, {
    "date" : "2018-03-31",
    "sales" : 2757.24,
    "salesGrowthYoY" : 10.65,
    "grossProfitMargin" : 59.10,
    "grossProfit" : 1629.53,
    "operatingProfitMargin" : 25.27,
    "operatingProfit" : 696.75,
    "netProfitMargin" : 15.38,
    "netProfit" : 424.06
  }, {
    "date" : "2018-06-30",
    "sales" : 2698.40,
    "salesGrowthYoY" : 12.33,
    "grossProfitMargin" : 59.64,
    "grossProfit" : 1609.33,
    "operatingProfitMargin" : 23.90,
    "operatingProfit" : 644.92,
    "netProfitMargin" : 14.64,
    "netProfit" : 395.05
  }, {
    "date" : "2018-09-30",
    "sales" : 2939.36,
    "salesGrowthYoY" : 16.92,
    "grossProfitMargin" : 59.72,
    "grossProfit" : 1755.39,
    "operatingProfitMargin" : 24.67,
    "operatingProfit" : 725.14,
    "netProfitMargin" : 15.18,
    "netProfit" : 446.19
  }, {
    "date" : "2018-12-31",
    "sales" : 2897.27,
    "salesGrowthYoY" : 11.37,
    "grossProfitMargin" : 58.95,
    "grossProfit" : 1707.94,
    "operatingProfitMargin" : 19.00,
    "operatingProfit" : 550.48,
    "netProfitMargin" : 11.80,
    "netProfit" : 341.88
  }, {
    "date" : "2019-03-31",
    "sales" : 3002.95,
    "salesGrowthYoY" : 8.91,
    "grossProfitMargin" : 58.53,
    "grossProfit" : 1757.63,
    "operatingProfitMargin" : 25.07,
    "operatingProfit" : 752.84,
    "netProfitMargin" : 15.41,
    "netProfit" : 462.75
  }, {
    "date" : "2019-06-30",
    "sales" : 3000.85,
    "salesGrowthYoY" : 11.21,
    "grossProfitMargin" : 58.27,
    "grossProfit" : 1748.60,
    "operatingProfitMargin" : 23.75,
    "operatingProfit" : 712.70,
    "netProfitMargin" : 14.59,
    "netProfit" : 437.82
  }, {
    "date" : "2019-09-30",
    "sales" : 3215.81,
    "salesGrowthYoY" : 9.41,
    "grossProfitMargin" : 57.55,
    "grossProfit" : 1850.70,
    "operatingProfitMargin" : 23.83,
    "operatingProfit" : 766.33,
    "netProfitMargin" : 18.51,
    "netProfit" : 595.25
  }, {
    "date" : "2019-12-31",
    "sales" : 3149.29,
    "salesGrowthYoY" : 8.70,
    "grossProfitMargin" : 56.77,
    "grossProfit" : 1787.85,
    "operatingProfitMargin" : 22.04,
    "operatingProfit" : 694.10,
    "netProfitMargin" : 15.01,
    "netProfit" : 472.71
  }, {
    "date" : "2020-03-31",
    "sales" : 3325.27,
    "salesGrowthYoY" : 10.73,
    "grossProfitMargin" : 56.30,
    "grossProfit" : 1872.13,
    "operatingProfitMargin" : 23.86,
    "operatingProfit" : 793.41,
    "netProfitMargin" : 15.80,
    "netProfit" : 525.39
  }, {
    "date" : "2020-06-30",
    "sales" : 3050.48,
    "salesGrowthYoY" : 1.65,
    "grossProfitMargin" : 56.34,
    "grossProfit" : 1718.64,
    "operatingProfitMargin" : 24.51,
    "operatingProfit" : 747.67,
    "netProfitMargin" : 15.95,
    "netProfit" : 486.55
  }, {
    "date" : "2020-09-30",
    "sales" : 3541.70,
    "salesGrowthYoY" : 10.13,
    "grossProfitMargin" : 58.09,
    "grossProfit" : 2057.37,
    "operatingProfitMargin" : 24.95,
    "operatingProfit" : 883.65,
    "netProfitMargin" : 16.58,
    "netProfit" : 587.21
  }, {
    "date" : "2020-12-31",
    "sales" : 3432.58,
    "salesGrowthYoY" : 9.00,
    "grossProfitMargin" : 59.08,
    "grossProfit" : 2027.97,
    "operatingProfitMargin" : 22.64,
    "operatingProfit" : 777.14,
    "netProfitMargin" : 14.08,
    "netProfit" : 483.31
  }, {
    "date" : "2021-03-31",
    "sales" : 3610.82,
    "salesGrowthYoY" : 8.59,
    "grossProfitMargin" : 58.52,
    "grossProfit" : 2113.05,
    "operatingProfitMargin" : 25.75,
    "operatingProfit" : 929.79,
    "netProfitMargin" : 16.68,
    "netProfit" : 602.28
  }, {
    "date" : "2021-06-30",
    "sales" : 3476.70,
    "salesGrowthYoY" : 13.97,
    "grossProfitMargin" : 57.01,
    "grossProfit" : 1982.07,
    "operatingProfitMargin" : 24.39,
    "operatingProfit" : 847.97,
    "netProfitMargin" : 15.49,
    "netProfit" : 538.54
  }, {
    "date" : "2021-09-30",
    "sales" : 3882.57,
    "salesGrowthYoY" : 9.62,
    "grossProfitMargin" : 55.70,
    "grossProfit" : 2162.59,
    "operatingProfitMargin" : 24.42,
    "operatingProfit" : 948.12,
    "netProfitMargin" : 15.90,
    "netProfit" : 617.33
  }, {
    "date" : "2021-12-31",
    "sales" : 3747.98,
    "salesGrowthYoY" : 9.19,
    "grossProfitMargin" : 56.92,
    "grossProfit" : 2133.35,
    "operatingProfitMargin" : 22.91,
    "operatingProfit" : 858.66,
    "netProfitMargin" : 14.91,
    "netProfit" : 558.82
  }, {
    "date" : "2022-03-31",
    "sales" : 3992.64,
    "salesGrowthYoY" : 10.57,
    "grossProfitMargin" : 55.29,
    "grossProfit" : 2207.53,
    "operatingProfitMargin" : 23.07,
    "operatingProfit" : 921.10,
    "netProfitMargin" : 14.80,
    "netProfit" : 590.91
  }, {
    "date" : "2022-06-30",
    "sales" : 4045.69,
    "salesGrowthYoY" : 16.37,
    "grossProfitMargin" : 53.89,
    "grossProfit" : 2180.22,
    "operatingProfitMargin" : 20.13,
    "operatingProfit" : 814.40,
    "netProfitMargin" : 12.61,
    "netProfit" : 510.16
  }, {
    "date" : "2022-09-30",
    "sales" : 4601.84,
    "salesGrowthYoY" : 18.53,
    "grossProfitMargin" : 52.68,
    "grossProfit" : 2424.25,
    "operatingProfitMargin" : 21.82,
    "operatingProfit" : 1004.12,
    "netProfitMargin" : 14.37,
    "netProfit" : 661.28
  }, {
    "date" : "2022-12-31",
    "sales" : 4256.79,
    "salesGrowthYoY" : 13.58,
    "grossProfitMargin" : 54.86,
    "grossProfit" : 2335.27,
    "operatingProfitMargin" : 22.86,
    "operatingProfit" : 973.10,
    "netProfitMargin" : 14.75,
    "netProfit" : 627.88
  }, {
    "date" : "2023-03-31",
    "sales" : 4830.53,
    "salesGrowthYoY" : 20.99,
    "grossProfitMargin" : 53.80,
    "grossProfit" : 2598.83,
    "operatingProfitMargin" : 22.68,
    "operatingProfit" : 1095.56,
    "netProfitMargin" : 15.25,
    "netProfit" : 736.66
  }, {
    "date" : "2023-06-30",
    "sales" : 4658.53,
    "salesGrowthYoY" : 15.15,
    "grossProfitMargin" : 54.81,
    "grossProfit" : 2553.34,
    "operatingProfitMargin" : 22.66,
    "operatingProfit" : 1055.62,
    "netProfitMargin" : 14.99,
    "netProfit" : 698.31
  }, {
    "date" : "2023-09-30",
    "sales" : 5036.82,
    "salesGrowthYoY" : 9.45,
    "grossProfitMargin" : 56.49,
    "grossProfit" : 2845.30,
    "operatingProfitMargin" : 24.32,
    "operatingProfit" : 1224.95,
    "netProfitMargin" : 16.46,
    "netProfit" : 829.06
  }, {
    "date" : "2023-12-31",
    "sales" : 4600.42,
    "salesGrowthYoY" : 8.07,
    "grossProfitMargin" : 58.60,
    "grossProfit" : 2695.85,
    "operatingProfitMargin" : 23.80,
    "operatingProfit" : 1094.90,
    "netProfitMargin" : 15.98,
    "netProfit" : 735.15
  }, {
    "date" : "2024-03-31",
    "sales" : 5267.59,
    "salesGrowthYoY" : 9.05,
    "grossProfitMargin" : 56.80,
    "grossProfit" : 2991.99,
    "operatingProfitMargin" : 25.63,
    "operatingProfit" : 1350.08,
    "netProfitMargin" : 17.59,
    "netProfit" : 926.57
  }, {
    "date" : "2024-06-30",
    "sales" : 4813.95,
    "salesGrowthYoY" : 3.34,
    "grossProfitMargin" : 57.65,
    "grossProfit" : 2775.24,
    "operatingProfitMargin" : 23.15,
    "operatingProfit" : 1114.43,
    "netProfitMargin" : 15.51,
    "netProfit" : 746.64
  }, {
    "date" : "2024-09-30",
    "sales" : 5104.00,
    "salesGrowthYoY" : 1.33,
    "grossProfitMargin" : 56.62,
    "grossProfit" : 2889.88,
    "operatingProfitMargin" : 22.88,
    "operatingProfit" : 1167.80,
    "netProfitMargin" : 15.04,
    "netProfit" : 767.64
  }, {
    "date" : "2024-12-31",
    "sales" : 4779.73,
    "salesGrowthYoY" : 3.90,
    "grossProfitMargin" : 56.39,
    "grossProfit" : 2695.29,
    "operatingProfitMargin" : 23.07,
    "operatingProfit" : 1102.68,
    "netProfitMargin" : 14.56,
    "netProfit" : 695.93
  }, {
    "date" : "2025-03-31",
    "sales" : 5503.88,
    "salesGrowthYoY" : 4.49,
    "grossProfitMargin" : 56.17,
    "grossProfit" : 3091.53,
    "operatingProfitMargin" : 25.24,
    "operatingProfit" : 1389.18,
    "netProfitMargin" : 16.09,
    "netProfit" : 885.57
  }, {
    "date" : "2025-06-30",
    "sales" : 5096.16,
    "salesGrowthYoY" : 5.86,
    "grossProfitMargin" : 55.15,
    "grossProfit" : 2810.53,
    "operatingProfitMargin" : 21.59,
    "operatingProfit" : 1100.26,
    "netProfitMargin" : 12.94,
    "netProfit" : 659.44
  }, {
    "date" : "2025-09-30",
    "sales" : 5643.61,
    "salesGrowthYoY" : 10.57,
    "grossProfitMargin" : 54.34,
    "grossProfit" : 3066.74,
    "operatingProfitMargin" : 21.91,
    "operatingProfit" : 1236.51,
    "netProfitMargin" : 13.35,
    "netProfit" : 753.42
  }, {
    "date" : "2025-12-31",
    "sales" : 5667.04,
    "salesGrowthYoY" : 18.56,
    "grossProfitMargin" : 55.73,
    "grossProfit" : 3158.24,
    "operatingProfitMargin" : 21.21,
    "operatingProfit" : 1201.98,
    "netProfitMargin" : 15.55,
    "netProfit" : 881.22
  } ],
  "latestQuarterlyResult" : {
    "date" : "2025-12-31",
    "sales" : 5667.04,
    "salesGrowthYoY" : 18.56,
    "grossProfitMargin" : 55.73,
    "grossProfit" : 3158.24,
    "operatingProfitMargin" : 21.21,
    "operatingProfit" : 1201.98,
    "netProfitMargin" : 15.55,
    "netProfit" : 881.22
  },
  "companyScore" : {
    "priceHigherThanDma50" : 5.00,
    "priceHigherThanDma100" : 5.00,
    "priceHigherThanDma200" : 5.00,
    "dma50HigherThanDma100" : 5.00,
    "dma50HigherThanDma200" : 5.00,
    "dma100HigherThanDma200" : 5.00,
    "pricePercentageAboveDma50" : 4.92,
    "pricePercentageAboveDma100" : 4.81,
    "pricePercentageAboveDma200" : 4.71,
    "weeklyVolumeHigherThanYearlyVolume" : 0.00,
    "salesGrowthPercentile" : 15.75,
    "operatingProfitMarginPercentile" : 13.32,
    "netProfitMarginPercentile" : 8.69,
    "totalTechnicalScore" : 44.44,
    "totalFundamentalScore" : 37.76,
    "totalScore" : 82.21
  }
}