{
  "metadata" : {
    "screenerCompanyId" : "2244",
    "companyCode" : "NEULANDLAB",
    "companyName" : "Neuland Labs.",
    "screenerCompanyLink" : "https://www.screener.in/company/NEULANDLAB/consolidated/",
    "screenerTechnicalHistoryLink" : "https://www.screener.in/api/company/2244/chart/?q=Price-DMA50-DMA200-Volume&days=365",
    "screenerQuarterlyResultsLink" : "https://www.screener.in/api/company/2244/chart/?q=GPM-OPM-NPM-Quarter+Sales&days=10000",
    "attributes" : {
      "companyCode" : "NEULANDLAB",
      "companyName" : "Neuland Labs.",
      "marketCap" : 16484.00,
      "peRatio" : 84.20,
      "description" : "Neuland Laboratories is engaged in manufacturing and selling of bulk drugs and caters to both domestic and international markets.[1]"
    },
    "companyScore" : {
      "priceHigherThanDma50" : 0.00,
      "priceHigherThanDma100" : 0.00,
      "priceHigherThanDma200" : 0.00,
      "dma50HigherThanDma100" : 0.00,
      "dma50HigherThanDma200" : 5.00,
      "dma100HigherThanDma200" : 5.00,
      "pricePercentageAboveDma50" : 5.71,
      "pricePercentageAboveDma100" : 5.91,
      "pricePercentageAboveDma200" : 5.55,
      "weeklyVolumeHigherThanYearlyVolume" : 0.00,
      "salesGrowthPercentile" : 19.75,
      "operatingProfitMarginPercentile" : 19.52,
      "netProfitMarginPercentile" : 9.52,
      "totalTechnicalScore" : 27.16,
      "totalFundamentalScore" : 48.78,
      "totalScore" : 75.94
    }
  },
  "attributes" : {
    "companyCode" : "NEULANDLAB",
    "companyName" : "Neuland Labs.",
    "marketCap" : 16484.00,
    "peRatio" : 84.20,
    "description" : "Neuland Laboratories is engaged in manufacturing and selling of bulk drugs and caters to both domestic and international markets.[1]"
  },
  "technicalHistory" : [ {
    "date" : "2025-01-29",
    "price" : 13912.40,
    "dma50" : 14141.92,
    "dma100" : null,
    "dma200" : 11738.43,
    "volume" : 22929.00
  }, {
    "date" : "2025-01-30",
    "price" : 13724.35,
    "dma50" : 14125.54,
    "dma100" : null,
    "dma200" : 11758.19,
    "volume" : 24805.00
  }, {
    "date" : "2025-01-31",
    "price" : 14123.35,
    "dma50" : 14125.46,
    "dma100" : null,
    "dma200" : 11781.72,
    "volume" : 21026.00
  }, {
    "date" : "2025-02-01",
    "price" : 14193.85,
    "dma50" : 14128.14,
    "dma100" : null,
    "dma200" : 11805.72,
    "volume" : 9273.00
  }, {
    "date" : "2025-02-03",
    "price" : 14192.65,
    "dma50" : 14130.67,
    "dma100" : null,
    "dma200" : 11829.48,
    "volume" : 15821.00
  }, {
    "date" : "2025-02-04",
    "price" : 14622.65,
    "dma50" : 14149.96,
    "dma100" : null,
    "dma200" : 11857.27,
    "volume" : 22231.00
  }, {
    "date" : "2025-02-05",
    "price" : 14817.50,
    "dma50" : 14176.14,
    "dma100" : null,
    "dma200" : 11886.72,
    "volume" : 57903.00
  }, {
    "date" : "2025-02-06",
    "price" : 14484.45,
    "dma50" : 14188.23,
    "dma100" : null,
    "dma200" : 11912.57,
    "volume" : 21535.00
  }, {
    "date" : "2025-02-07",
    "price" : 14247.35,
    "dma50" : 14190.55,
    "dma100" : null,
    "dma200" : 11935.80,
    "volume" : 15439.00
  }, {
    "date" : "2025-02-10",
    "price" : 14673.30,
    "dma50" : 14209.48,
    "dma100" : null,
    "dma200" : 11963.04,
    "volume" : 29874.00
  }, {
    "date" : "2025-02-11",
    "price" : 13667.65,
    "dma50" : 14188.23,
    "dma100" : null,
    "dma200" : 11980.00,
    "volume" : 97386.00
  }, {
    "date" : "2025-02-12",
    "price" : 13646.65,
    "dma50" : 14166.99,
    "dma100" : null,
    "dma200" : 11996.59,
    "volume" : 57421.00
  }, {
    "date" : "2025-02-13",
    "price" : 12766.65,
    "dma50" : 14112.08,
    "dma100" : null,
    "dma200" : 12004.25,
    "volume" : 48830.00
  }, {
    "date" : "2025-02-14",
    "price" : 11825.25,
    "dma50" : 14022.40,
    "dma100" : null,
    "dma200" : 12002.47,
    "volume" : 78971.00
  }, {
    "date" : "2025-02-17",
    "price" : 11533.75,
    "dma50" : 13924.80,
    "dma100" : null,
    "dma200" : 11997.80,
    "volume" : 89034.00
  }, {
    "date" : "2025-02-18",
    "price" : 11027.40,
    "dma50" : 13811.18,
    "dma100" : null,
    "dma200" : 11988.15,
    "volume" : 53876.00
  }, {
    "date" : "2025-02-19",
    "price" : 11143.40,
    "dma50" : 13706.56,
    "dma100" : null,
    "dma200" : 11979.74,
    "volume" : 58282.00
  }, {
    "date" : "2025-02-20",
    "price" : 11412.30,
    "dma50" : 13616.59,
    "dma100" : null,
    "dma200" : 11974.10,
    "volume" : 35763.00
  }, {
    "date" : "2025-02-21",
    "price" : 10995.50,
    "dma50" : 13513.80,
    "dma100" : null,
    "dma200" : 11964.36,
    "volume" : 33174.00
  }, {
    "date" : "2025-02-24",
    "price" : 11513.70,
    "dma50" : 13435.37,
    "dma100" : null,
    "dma200" : 11959.88,
    "volume" : 137764.00
  }, {
    "date" : "2025-02-25",
    "price" : 11601.20,
    "dma50" : 13363.44,
    "dma100" : null,
    "dma200" : 11956.31,
    "volume" : 44376.00
  }, {
    "date" : "2025-02-27",
    "price" : 10949.10,
    "dma50" : 13268.76,
    "dma100" : null,
    "dma200" : 11946.28,
    "volume" : 43957.00
  }, {
    "date" : "2025-02-28",
    "price" : 10611.00,
    "dma50" : 13164.53,
    "dma100" : null,
    "dma200" : 11933.00,
    "volume" : 66102.00
  }, {
    "date" : "2025-03-03",
    "price" : 10487.30,
    "dma50" : 13059.54,
    "dma100" : null,
    "dma200" : 11918.61,
    "volume" : 71798.00
  }, {
    "date" : "2025-03-04",
    "price" : 11396.75,
    "dma50" : 12994.34,
    "dma100" : null,
    "dma200" : 11913.42,
    "volume" : 72969.00
  }, {
    "date" : "2025-03-05",
    "price" : 11839.75,
    "dma50" : 12949.06,
    "dma100" : null,
    "dma200" : 11912.69,
    "volume" : 50494.00
  }, {
    "date" : "2025-03-06",
    "price" : 11799.80,
    "dma50" : 12903.99,
    "dma100" : null,
    "dma200" : 11911.56,
    "volume" : 30095.00
  }, {
    "date" : "2025-03-07",
    "price" : 12093.90,
    "dma50" : 12872.22,
    "dma100" : null,
    "dma200" : 11913.38,
    "volume" : 29889.00
  }, {
    "date" : "2025-03-10",
    "price" : 11401.85,
    "dma50" : 12814.56,
    "dma100" : null,
    "dma200" : 11908.29,
    "volume" : 45752.00
  }, {
    "date" : "2025-03-11",
    "price" : 11154.30,
    "dma50" : 12749.45,
    "dma100" : null,
    "dma200" : 11900.79,
    "volume" : 41525.00
  }, {
    "date" : "2025-03-12",
    "price" : 10958.15,
    "dma50" : 12679.20,
    "dma100" : null,
    "dma200" : 11891.41,
    "volume" : 38544.00
  }, {
    "date" : "2025-03-13",
    "price" : 11070.60,
    "dma50" : 12616.12,
    "dma100" : null,
    "dma200" : 11883.24,
    "volume" : 56456.00
  }, {
    "date" : "2025-03-17",
    "price" : 10797.40,
    "dma50" : 12544.80,
    "dma100" : null,
    "dma200" : 11872.43,
    "volume" : 31343.00
  }, {
    "date" : "2025-03-18",
    "price" : 11323.80,
    "dma50" : 12496.92,
    "dma100" : null,
    "dma200" : 11866.98,
    "volume" : 48169.00
  }, {
    "date" : "2025-03-19",
    "price" : 11501.75,
    "dma50" : 12457.89,
    "dma100" : null,
    "dma200" : 11863.34,
    "volume" : 31798.00
  }, {
    "date" : "2025-03-20",
    "price" : 11681.50,
    "dma50" : 12427.44,
    "dma100" : null,
    "dma200" : 11861.53,
    "volume" : 23416.00
  }, {
    "date" : "2025-03-21",
    "price" : 11792.95,
    "dma50" : 12402.56,
    "dma100" : null,
    "dma200" : 11860.85,
    "volume" : 32869.00
  }, {
    "date" : "2025-03-24",
    "price" : 11909.25,
    "dma50" : 12383.22,
    "dma100" : null,
    "dma200" : 11861.33,
    "volume" : 32784.00
  }, {
    "date" : "2025-03-25",
    "price" : 11915.05,
    "dma50" : 12364.86,
    "dma100" : null,
    "dma200" : 11861.87,
    "volume" : 30827.00
  }, {
    "date" : "2025-03-26",
    "price" : 11271.20,
    "dma50" : 12321.97,
    "dma100" : null,
    "dma200" : 11855.99,
    "volume" : 51382.00
  }, {
    "date" : "2025-03-27",
    "price" : 12069.20,
    "dma50" : 12312.06,
    "dma100" : null,
    "dma200" : 11858.11,
    "volume" : 135164.00
  }, {
    "date" : "2025-03-28",
    "price" : 12071.55,
    "dma50" : 12302.62,
    "dma100" : null,
    "dma200" : 11860.23,
    "volume" : 76792.00
  }, {
    "date" : "2025-04-01",
    "price" : 11483.90,
    "dma50" : 12270.52,
    "dma100" : null,
    "dma200" : 11856.49,
    "volume" : 46410.00
  }, {
    "date" : "2025-04-02",
    "price" : 11568.95,
    "dma50" : 12243.00,
    "dma100" : null,
    "dma200" : 11853.63,
    "volume" : 36941.00
  }, {
    "date" : "2025-04-03",
    "price" : 12052.55,
    "dma50" : 12235.54,
    "dma100" : null,
    "dma200" : 11855.61,
    "volume" : 153536.00
  }, {
    "date" : "2025-04-04",
    "price" : 11439.15,
    "dma50" : 12204.31,
    "dma100" : null,
    "dma200" : 11851.46,
    "volume" : 75642.00
  }, {
    "date" : "2025-04-07",
    "price" : 10962.35,
    "dma50" : 12155.60,
    "dma100" : null,
    "dma200" : 11842.62,
    "volume" : 82483.00
  }, {
    "date" : "2025-04-08",
    "price" : 11183.75,
    "dma50" : 12117.49,
    "dma100" : null,
    "dma200" : 11836.06,
    "volume" : 32215.00
  }, {
    "date" : "2025-04-09",
    "price" : 10959.45,
    "dma50" : 12072.08,
    "dma100" : null,
    "dma200" : 11827.34,
    "volume" : 52159.00
  }, {
    "date" : "2025-04-11",
    "price" : 11753.45,
    "dma50" : 12059.58,
    "dma100" : null,
    "dma200" : 11826.60,
    "volume" : 68501.00
  }, {
    "date" : "2025-04-15",
    "price" : 12660.00,
    "dma50" : 12083.13,
    "dma100" : null,
    "dma200" : 11834.90,
    "volume" : 69742.00
  }, {
    "date" : "2025-04-16",
    "price" : 12749.00,
    "dma50" : 12109.24,
    "dma100" : null,
    "dma200" : 11843.99,
    "volume" : 49361.00
  }, {
    "date" : "2025-04-17",
    "price" : 12821.00,
    "dma50" : 12137.15,
    "dma100" : null,
    "dma200" : 11853.71,
    "volume" : 34510.00
  }, {
    "date" : "2025-04-21",
    "price" : 13136.00,
    "dma50" : 12176.32,
    "dma100" : null,
    "dma200" : 11866.47,
    "volume" : 55629.00
  }, {
    "date" : "2025-04-22",
    "price" : 13072.00,
    "dma50" : 12211.45,
    "dma100" : null,
    "dma200" : 11878.47,
    "volume" : 33303.00
  }, {
    "date" : "2025-04-23",
    "price" : 12784.00,
    "dma50" : 12233.90,
    "dma100" : null,
    "dma200" : 11887.48,
    "volume" : 40102.00
  }, {
    "date" : "2025-04-24",
    "price" : 13079.00,
    "dma50" : 12267.04,
    "dma100" : null,
    "dma200" : 11899.33,
    "volume" : 55067.00
  }, {
    "date" : "2025-04-25",
    "price" : 12300.00,
    "dma50" : 12268.33,
    "dma100" : null,
    "dma200" : 11903.32,
    "volume" : 53425.00
  }, {
    "date" : "2025-04-28",
    "price" : 12570.00,
    "dma50" : 12280.16,
    "dma100" : null,
    "dma200" : 11909.95,
    "volume" : 26335.00
  }, {
    "date" : "2025-04-29",
    "price" : 12278.00,
    "dma50" : 12280.08,
    "dma100" : null,
    "dma200" : 11913.62,
    "volume" : 28345.00
  }, {
    "date" : "2025-04-30",
    "price" : 11992.00,
    "dma50" : 12268.78,
    "dma100" : null,
    "dma200" : 11914.40,
    "volume" : 30116.00
  }, {
    "date" : "2025-05-02",
    "price" : 11952.00,
    "dma50" : 12256.36,
    "dma100" : null,
    "dma200" : 11914.77,
    "volume" : 28605.00
  }, {
    "date" : "2025-05-05",
    "price" : 12342.00,
    "dma50" : 12259.72,
    "dma100" : null,
    "dma200" : 11919.02,
    "volume" : 23153.00
  }, {
    "date" : "2025-05-06",
    "price" : 12060.00,
    "dma50" : 12251.89,
    "dma100" : null,
    "dma200" : 11920.42,
    "volume" : 16472.00
  }, {
    "date" : "2025-05-07",
    "price" : 12096.00,
    "dma50" : 12245.77,
    "dma100" : null,
    "dma200" : 11922.17,
    "volume" : 18648.00
  }, {
    "date" : "2025-05-08",
    "price" : 12324.00,
    "dma50" : 12248.84,
    "dma100" : null,
    "dma200" : 11926.17,
    "volume" : 121214.00
  }, {
    "date" : "2025-05-09",
    "price" : 12429.00,
    "dma50" : 12255.90,
    "dma100" : null,
    "dma200" : 11931.17,
    "volume" : 44290.00
  }, {
    "date" : "2025-05-12",
    "price" : 12569.00,
    "dma50" : 12268.18,
    "dma100" : null,
    "dma200" : 11937.52,
    "volume" : 25382.00
  }, {
    "date" : "2025-05-13",
    "price" : 12587.00,
    "dma50" : 12280.69,
    "dma100" : null,
    "dma200" : 11943.98,
    "volume" : 23402.00
  }, {
    "date" : "2025-05-14",
    "price" : 12474.00,
    "dma50" : 12288.27,
    "dma100" : null,
    "dma200" : 11949.26,
    "volume" : 25628.00
  }, {
    "date" : "2025-05-15",
    "price" : 11859.00,
    "dma50" : 12271.43,
    "dma100" : null,
    "dma200" : 11948.36,
    "volume" : 63381.00
  }, {
    "date" : "2025-05-16",
    "price" : 11056.00,
    "dma50" : 12223.77,
    "dma100" : null,
    "dma200" : 11939.48,
    "volume" : 270539.00
  }, {
    "date" : "2025-05-19",
    "price" : 11218.00,
    "dma50" : 12184.33,
    "dma100" : null,
    "dma200" : 11932.30,
    "volume" : 94482.00
  }, {
    "date" : "2025-05-20",
    "price" : 11151.00,
    "dma50" : 12143.80,
    "dma100" : null,
    "dma200" : 11924.53,
    "volume" : 43189.00
  }, {
    "date" : "2025-05-21",
    "price" : 11194.00,
    "dma50" : 12106.56,
    "dma100" : null,
    "dma200" : 11917.26,
    "volume" : 44367.00
  }, {
    "date" : "2025-05-22",
    "price" : 11193.00,
    "dma50" : 12070.73,
    "dma100" : null,
    "dma200" : 11910.05,
    "volume" : 19553.00
  }, {
    "date" : "2025-05-23",
    "price" : 11156.00,
    "dma50" : 12034.86,
    "dma100" : null,
    "dma200" : 11902.55,
    "volume" : 42449.00
  }, {
    "date" : "2025-05-26",
    "price" : 11322.00,
    "dma50" : 12006.90,
    "dma100" : null,
    "dma200" : 11896.77,
    "volume" : 26393.00
  }, {
    "date" : "2025-05-27",
    "price" : 11115.00,
    "dma50" : 11971.93,
    "dma100" : null,
    "dma200" : 11888.99,
    "volume" : 24563.00
  }, {
    "date" : "2025-05-28",
    "price" : 11064.00,
    "dma50" : 11936.32,
    "dma100" : null,
    "dma200" : 11880.78,
    "volume" : 19255.00
  }, {
    "date" : "2025-05-29",
    "price" : 11230.00,
    "dma50" : 11908.62,
    "dma100" : null,
    "dma200" : 11874.31,
    "volume" : 68949.00
  }, {
    "date" : "2025-05-30",
    "price" : 11503.00,
    "dma50" : 11892.72,
    "dma100" : null,
    "dma200" : 11870.61,
    "volume" : 43816.00
  }, {
    "date" : "2025-06-02",
    "price" : 11674.00,
    "dma50" : 11884.14,
    "dma100" : null,
    "dma200" : 11868.66,
    "volume" : 26943.00
  }, {
    "date" : "2025-06-03",
    "price" : 11819.00,
    "dma50" : 11881.59,
    "dma100" : null,
    "dma200" : 11868.16,
    "volume" : 26678.00
  }, {
    "date" : "2025-06-04",
    "price" : 11793.00,
    "dma50" : 11878.11,
    "dma100" : null,
    "dma200" : 11867.41,
    "volume" : 21116.00
  }, {
    "date" : "2025-06-05",
    "price" : 11744.00,
    "dma50" : 11872.85,
    "dma100" : null,
    "dma200" : 11866.19,
    "volume" : 28811.00
  }, {
    "date" : "2025-06-06",
    "price" : 13030.00,
    "dma50" : 11918.23,
    "dma100" : null,
    "dma200" : 11877.77,
    "volume" : 576956.00
  }, {
    "date" : "2025-06-09",
    "price" : 12714.00,
    "dma50" : 11949.44,
    "dma100" : null,
    "dma200" : 11886.09,
    "volume" : 63426.00
  }, {
    "date" : "2025-06-10",
    "price" : 12674.00,
    "dma50" : 11977.85,
    "dma100" : null,
    "dma200" : 11893.93,
    "volume" : 25235.00
  }, {
    "date" : "2025-06-11",
    "price" : 13630.00,
    "dma50" : 12042.64,
    "dma100" : null,
    "dma200" : 11911.20,
    "volume" : 273626.00
  }, {
    "date" : "2025-06-12",
    "price" : 13363.00,
    "dma50" : 12094.42,
    "dma100" : null,
    "dma200" : 11925.65,
    "volume" : 121478.00
  }, {
    "date" : "2025-06-13",
    "price" : 13193.00,
    "dma50" : 12137.50,
    "dma100" : null,
    "dma200" : 11938.26,
    "volume" : 60527.00
  }, {
    "date" : "2025-06-16",
    "price" : 12832.00,
    "dma50" : 12164.74,
    "dma100" : null,
    "dma200" : 11947.15,
    "volume" : 59647.00
  }, {
    "date" : "2025-06-17",
    "price" : 12532.00,
    "dma50" : 12179.14,
    "dma100" : null,
    "dma200" : 11952.97,
    "volume" : 67120.00
  }, {
    "date" : "2025-06-18",
    "price" : 12267.00,
    "dma50" : 12182.58,
    "dma100" : null,
    "dma200" : 11956.09,
    "volume" : 52377.00
  }, {
    "date" : "2025-06-19",
    "price" : 12211.00,
    "dma50" : 12183.70,
    "dma100" : null,
    "dma200" : 11958.63,
    "volume" : 55191.00
  }, {
    "date" : "2025-06-20",
    "price" : 12245.00,
    "dma50" : 12186.10,
    "dma100" : null,
    "dma200" : 11961.48,
    "volume" : 59404.00
  }, {
    "date" : "2025-06-23",
    "price" : 12308.00,
    "dma50" : 12190.88,
    "dma100" : null,
    "dma200" : 11964.93,
    "volume" : 34859.00
  }, {
    "date" : "2025-06-24",
    "price" : 12249.00,
    "dma50" : 12193.16,
    "dma100" : null,
    "dma200" : 11967.75,
    "volume" : 23159.00
  }, {
    "date" : "2025-06-25",
    "price" : 12021.00,
    "dma50" : 12186.41,
    "dma100" : null,
    "dma200" : 11968.28,
    "volume" : 38838.00
  }, {
    "date" : "2025-06-26",
    "price" : 11962.00,
    "dma50" : 12177.61,
    "dma100" : 12133.09,
    "dma200" : 11968.22,
    "volume" : 42836.00
  }, {
    "date" : "2025-06-27",
    "price" : 12120.00,
    "dma50" : 12175.35,
    "dma100" : 12117.04,
    "dma200" : 11969.73,
    "volume" : 34194.00
  }, {
    "date" : "2025-06-30",
    "price" : 12000.00,
    "dma50" : 12168.47,
    "dma100" : 12095.81,
    "dma200" : 11970.03,
    "volume" : 32602.00
  }, {
    "date" : "2025-07-01",
    "price" : 11878.00,
    "dma50" : 12157.08,
    "dma100" : 12072.65,
    "dma200" : 11969.12,
    "volume" : 18374.00
  }, {
    "date" : "2025-07-02",
    "price" : 11983.00,
    "dma50" : 12150.26,
    "dma100" : 12050.55,
    "dma200" : 11969.26,
    "volume" : 24401.00
  }, {
    "date" : "2025-07-03",
    "price" : 11668.00,
    "dma50" : 12131.34,
    "dma100" : 12021.01,
    "dma200" : 11966.26,
    "volume" : 93121.00
  }, {
    "date" : "2025-07-04",
    "price" : 11999.00,
    "dma50" : 12126.15,
    "dma100" : 11992.82,
    "dma200" : 11966.58,
    "volume" : 69610.00
  }, {
    "date" : "2025-07-07",
    "price" : 11786.00,
    "dma50" : 12112.82,
    "dma100" : 11965.84,
    "dma200" : 11964.79,
    "volume" : 20690.00
  }, {
    "date" : "2025-07-08",
    "price" : 11706.00,
    "dma50" : 12096.86,
    "dma100" : 11940.42,
    "dma200" : 11962.21,
    "volume" : 50752.00
  }, {
    "date" : "2025-07-09",
    "price" : 11968.00,
    "dma50" : 12091.81,
    "dma100" : 11913.37,
    "dma200" : 11962.27,
    "volume" : 168012.00
  }, {
    "date" : "2025-07-10",
    "price" : 11880.00,
    "dma50" : 12083.50,
    "dma100" : 11895.49,
    "dma200" : 11961.45,
    "volume" : 31376.00
  }, {
    "date" : "2025-07-11",
    "price" : 12301.00,
    "dma50" : 12092.03,
    "dma100" : 11882.04,
    "dma200" : 11964.83,
    "volume" : 79174.00
  }, {
    "date" : "2025-07-14",
    "price" : 14548.00,
    "dma50" : 12188.34,
    "dma100" : 11899.85,
    "dma200" : 11990.53,
    "volume" : 1365387.00
  }, {
    "date" : "2025-07-15",
    "price" : 15273.00,
    "dma50" : 12309.31,
    "dma100" : 11934.33,
    "dma200" : 12023.19,
    "volume" : 800775.00
  }, {
    "date" : "2025-07-16",
    "price" : 14381.00,
    "dma50" : 12390.55,
    "dma100" : 11962.80,
    "dma200" : 12046.66,
    "volume" : 227624.00
  }, {
    "date" : "2025-07-17",
    "price" : 14503.00,
    "dma50" : 12473.39,
    "dma100" : 11997.56,
    "dma200" : 12071.10,
    "volume" : 146376.00
  }, {
    "date" : "2025-07-18",
    "price" : 14263.00,
    "dma50" : 12543.58,
    "dma100" : 12028.75,
    "dma200" : 12092.91,
    "volume" : 64193.00
  }, {
    "date" : "2025-07-21",
    "price" : 14143.00,
    "dma50" : 12606.30,
    "dma100" : 12056.06,
    "dma200" : 12113.31,
    "volume" : 55342.00
  }, {
    "date" : "2025-07-22",
    "price" : 13992.00,
    "dma50" : 12660.64,
    "dma100" : 12086.03,
    "dma200" : 12132.00,
    "volume" : 67396.00
  }, {
    "date" : "2025-07-23",
    "price" : 13717.00,
    "dma50" : 12702.07,
    "dma100" : 12108.06,
    "dma200" : 12147.77,
    "volume" : 40443.00
  }, {
    "date" : "2025-07-24",
    "price" : 13801.00,
    "dma50" : 12745.16,
    "dma100" : 12130.06,
    "dma200" : 12164.22,
    "volume" : 63936.00
  }, {
    "date" : "2025-07-25",
    "price" : 13760.00,
    "dma50" : 12784.96,
    "dma100" : 12158.17,
    "dma200" : 12180.10,
    "volume" : 39741.00
  }, {
    "date" : "2025-07-28",
    "price" : 13875.00,
    "dma50" : 12827.70,
    "dma100" : 12190.81,
    "dma200" : 12196.96,
    "volume" : 58668.00
  }, {
    "date" : "2025-07-29",
    "price" : 13840.00,
    "dma50" : 12867.40,
    "dma100" : 12224.33,
    "dma200" : 12213.31,
    "volume" : 45438.00
  }, {
    "date" : "2025-07-30",
    "price" : 13914.00,
    "dma50" : 12908.45,
    "dma100" : 12249.51,
    "dma200" : 12230.23,
    "volume" : 77380.00
  }, {
    "date" : "2025-07-31",
    "price" : 13281.00,
    "dma50" : 12923.06,
    "dma100" : 12263.92,
    "dma200" : 12240.69,
    "volume" : 77405.00
  }, {
    "date" : "2025-08-01",
    "price" : 13017.00,
    "dma50" : 12926.74,
    "dma100" : 12276.09,
    "dma200" : 12248.41,
    "volume" : 320123.00
  }, {
    "date" : "2025-08-04",
    "price" : 13083.00,
    "dma50" : 12932.87,
    "dma100" : 12285.98,
    "dma200" : 12256.72,
    "volume" : 87882.00
  }, {
    "date" : "2025-08-05",
    "price" : 12829.00,
    "dma50" : 12928.79,
    "dma100" : 12300.25,
    "dma200" : 12262.41,
    "volume" : 46781.00
  }, {
    "date" : "2025-08-06",
    "price" : 12806.00,
    "dma50" : 12923.98,
    "dma100" : 12316.77,
    "dma200" : 12267.82,
    "volume" : 45846.00
  }, {
    "date" : "2025-08-07",
    "price" : 12831.00,
    "dma50" : 12920.33,
    "dma100" : 12335.50,
    "dma200" : 12273.43,
    "volume" : 41125.00
  }, {
    "date" : "2025-08-08",
    "price" : 13099.00,
    "dma50" : 12927.34,
    "dma100" : 12355.78,
    "dma200" : 12281.64,
    "volume" : 143418.00
  }, {
    "date" : "2025-08-11",
    "price" : 13296.00,
    "dma50" : 12941.80,
    "dma100" : 12380.77,
    "dma200" : 12291.73,
    "volume" : 36148.00
  }, {
    "date" : "2025-08-12",
    "price" : 12979.00,
    "dma50" : 12943.26,
    "dma100" : 12397.32,
    "dma200" : 12298.57,
    "volume" : 27818.00
  }, {
    "date" : "2025-08-13",
    "price" : 13018.00,
    "dma50" : 12946.19,
    "dma100" : 12412.48,
    "dma200" : 12305.73,
    "volume" : 24892.00
  }, {
    "date" : "2025-08-14",
    "price" : 13278.00,
    "dma50" : 12959.20,
    "dma100" : 12428.45,
    "dma200" : 12315.40,
    "volume" : 37940.00
  }, {
    "date" : "2025-08-18",
    "price" : 13532.00,
    "dma50" : 12981.66,
    "dma100" : 12445.84,
    "dma200" : 12327.51,
    "volume" : 30403.00
  }, {
    "date" : "2025-08-19",
    "price" : 13044.00,
    "dma50" : 12984.11,
    "dma100" : 12457.19,
    "dma200" : 12334.64,
    "volume" : 53654.00
  }, {
    "date" : "2025-08-20",
    "price" : 13693.00,
    "dma50" : 13011.91,
    "dma100" : 12474.97,
    "dma200" : 12348.16,
    "volume" : 172768.00
  }, {
    "date" : "2025-08-21",
    "price" : 13794.00,
    "dma50" : 13042.58,
    "dma100" : 12500.19,
    "dma200" : 12362.54,
    "volume" : 67393.00
  }, {
    "date" : "2025-08-22",
    "price" : 13888.00,
    "dma50" : 13075.73,
    "dma100" : 12518.38,
    "dma200" : 12377.72,
    "volume" : 30143.00
  }, {
    "date" : "2025-08-25",
    "price" : 13527.00,
    "dma50" : 13093.43,
    "dma100" : 12532.94,
    "dma200" : 12389.16,
    "volume" : 23287.00
  }, {
    "date" : "2025-08-26",
    "price" : 13171.00,
    "dma50" : 13096.47,
    "dma100" : 12549.81,
    "dma200" : 12396.94,
    "volume" : 35809.00
  }, {
    "date" : "2025-08-28",
    "price" : 13115.00,
    "dma50" : 13097.20,
    "dma100" : 12565.27,
    "dma200" : 12404.08,
    "volume" : 23014.00
  }, {
    "date" : "2025-08-29",
    "price" : 13455.00,
    "dma50" : 13111.23,
    "dma100" : 12579.29,
    "dma200" : 12414.54,
    "volume" : 38164.00
  }, {
    "date" : "2025-09-01",
    "price" : 13399.00,
    "dma50" : 13122.51,
    "dma100" : 12598.89,
    "dma200" : 12424.33,
    "volume" : 31252.00
  }, {
    "date" : "2025-09-02",
    "price" : 13728.00,
    "dma50" : 13146.26,
    "dma100" : 12626.55,
    "dma200" : 12437.30,
    "volume" : 32054.00
  }, {
    "date" : "2025-09-03",
    "price" : 14368.00,
    "dma50" : 13194.17,
    "dma100" : 12658.39,
    "dma200" : 12456.52,
    "volume" : 64866.00
  }, {
    "date" : "2025-09-04",
    "price" : 14612.00,
    "dma50" : 13249.77,
    "dma100" : 12694.91,
    "dma200" : 12477.96,
    "volume" : 58950.00
  }, {
    "date" : "2025-09-05",
    "price" : 14459.00,
    "dma50" : 13297.19,
    "dma100" : 12721.97,
    "dma200" : 12497.68,
    "volume" : 75232.00
  }, {
    "date" : "2025-09-08",
    "price" : 14449.00,
    "dma50" : 13342.36,
    "dma100" : 12739.86,
    "dma200" : 12517.09,
    "volume" : 41449.00
  }, {
    "date" : "2025-09-09",
    "price" : 14433.00,
    "dma50" : 13385.13,
    "dma100" : 12756.70,
    "dma200" : 12536.15,
    "volume" : 16707.00
  }, {
    "date" : "2025-09-10",
    "price" : 14803.00,
    "dma50" : 13440.73,
    "dma100" : 12776.52,
    "dma200" : 12558.71,
    "volume" : 36665.00
  }, {
    "date" : "2025-09-11",
    "price" : 15554.00,
    "dma50" : 13523.61,
    "dma100" : 12800.70,
    "dma200" : 12588.51,
    "volume" : 180907.00
  }, {
    "date" : "2025-09-12",
    "price" : 16049.00,
    "dma50" : 13622.64,
    "dma100" : 12830.47,
    "dma200" : 12622.95,
    "volume" : 167444.00
  }, {
    "date" : "2025-09-15",
    "price" : 15672.00,
    "dma50" : 13703.01,
    "dma100" : 12859.35,
    "dma200" : 12653.29,
    "volume" : 46740.00
  }, {
    "date" : "2025-09-16",
    "price" : 16221.00,
    "dma50" : 13801.75,
    "dma100" : 12890.77,
    "dma200" : 12688.79,
    "volume" : 105898.00
  }, {
    "date" : "2025-09-17",
    "price" : 16156.00,
    "dma50" : 13894.08,
    "dma100" : 12929.33,
    "dma200" : 12723.29,
    "volume" : 37146.00
  }, {
    "date" : "2025-09-18",
    "price" : 15873.00,
    "dma50" : 13971.68,
    "dma100" : 12962.36,
    "dma200" : 12754.63,
    "volume" : 86648.00
  }, {
    "date" : "2025-09-19",
    "price" : 15467.00,
    "dma50" : 14030.32,
    "dma100" : 12994.25,
    "dma200" : 12781.61,
    "volume" : 69722.00
  }, {
    "date" : "2025-09-22",
    "price" : 15306.00,
    "dma50" : 14080.35,
    "dma100" : 13027.39,
    "dma200" : 12806.73,
    "volume" : 33929.00
  }, {
    "date" : "2025-09-23",
    "price" : 14985.00,
    "dma50" : 14115.82,
    "dma100" : 13057.72,
    "dma200" : 12828.41,
    "volume" : 35239.00
  }, {
    "date" : "2025-09-24",
    "price" : 15023.00,
    "dma50" : 14151.40,
    "dma100" : 13084.53,
    "dma200" : 12850.24,
    "volume" : 38486.00
  }, {
    "date" : "2025-09-25",
    "price" : 14831.00,
    "dma50" : 14178.05,
    "dma100" : 13112.24,
    "dma200" : 12869.95,
    "volume" : 22079.00
  }, {
    "date" : "2025-09-26",
    "price" : 13966.00,
    "dma50" : 14169.74,
    "dma100" : 13130.94,
    "dma200" : 12880.86,
    "volume" : 80776.00
  }, {
    "date" : "2025-09-29",
    "price" : 14433.00,
    "dma50" : 14180.06,
    "dma100" : 13152.03,
    "dma200" : 12896.30,
    "volume" : 70996.00
  }, {
    "date" : "2025-09-30",
    "price" : 14605.00,
    "dma50" : 14196.72,
    "dma100" : 13173.79,
    "dma200" : 12913.30,
    "volume" : 45129.00
  }, {
    "date" : "2025-10-01",
    "price" : 15386.00,
    "dma50" : 14243.36,
    "dma100" : 13201.96,
    "dma200" : 12937.91,
    "volume" : 80522.00
  }, {
    "date" : "2025-10-03",
    "price" : 15210.00,
    "dma50" : 14281.27,
    "dma100" : 13228.19,
    "dma200" : 12960.52,
    "volume" : 55331.00
  }, {
    "date" : "2025-10-06",
    "price" : 15163.00,
    "dma50" : 14315.85,
    "dma100" : 13255.08,
    "dma200" : 12982.43,
    "volume" : 20345.00
  }, {
    "date" : "2025-10-07",
    "price" : 15831.00,
    "dma50" : 14375.26,
    "dma100" : 13294.80,
    "dma200" : 13010.78,
    "volume" : 66032.00
  }, {
    "date" : "2025-10-08",
    "price" : 15487.00,
    "dma50" : 14418.86,
    "dma100" : 13339.11,
    "dma200" : 13035.42,
    "volume" : 30976.00
  }, {
    "date" : "2025-10-09",
    "price" : 15717.00,
    "dma50" : 14469.77,
    "dma100" : 13384.10,
    "dma200" : 13062.10,
    "volume" : 28463.00
  }, {
    "date" : "2025-10-10",
    "price" : 16316.00,
    "dma50" : 14542.17,
    "dma100" : 13435.75,
    "dma200" : 13094.47,
    "volume" : 85060.00
  }, {
    "date" : "2025-10-13",
    "price" : 16315.00,
    "dma50" : 14611.69,
    "dma100" : 13486.96,
    "dma200" : 13126.52,
    "volume" : 73316.00
  }, {
    "date" : "2025-10-14",
    "price" : 16355.00,
    "dma50" : 14680.06,
    "dma100" : 13538.58,
    "dma200" : 13158.64,
    "volume" : 47575.00
  }, {
    "date" : "2025-10-15",
    "price" : 16098.00,
    "dma50" : 14735.66,
    "dma100" : 13588.00,
    "dma200" : 13187.89,
    "volume" : 25975.00
  }, {
    "date" : "2025-10-16",
    "price" : 16198.00,
    "dma50" : 14793.01,
    "dma100" : 13636.76,
    "dma200" : 13217.84,
    "volume" : 28309.00
  }, {
    "date" : "2025-10-17",
    "price" : 16281.00,
    "dma50" : 14851.36,
    "dma100" : 13688.42,
    "dma200" : 13248.32,
    "volume" : 14983.00
  }, {
    "date" : "2025-10-20",
    "price" : 16443.00,
    "dma50" : 14913.78,
    "dma100" : 13742.21,
    "dma200" : 13280.11,
    "volume" : 24605.00
  }, {
    "date" : "2025-10-21",
    "price" : 16267.00,
    "dma50" : 14966.85,
    "dma100" : 13792.58,
    "dma200" : 13309.83,
    "volume" : 5731.00
  }, {
    "date" : "2025-10-23",
    "price" : 16198.00,
    "dma50" : 15015.13,
    "dma100" : 13839.53,
    "dma200" : 13338.57,
    "volume" : 30411.00
  }, {
    "date" : "2025-10-24",
    "price" : 16088.00,
    "dma50" : 15057.20,
    "dma100" : 13883.67,
    "dma200" : 13365.93,
    "volume" : 21142.00
  }, {
    "date" : "2025-10-27",
    "price" : 15798.00,
    "dma50" : 15086.25,
    "dma100" : 13923.46,
    "dma200" : 13390.13,
    "volume" : 18008.00
  }, {
    "date" : "2025-10-28",
    "price" : 15740.00,
    "dma50" : 15111.89,
    "dma100" : 13962.93,
    "dma200" : 13413.51,
    "volume" : 26993.00
  }, {
    "date" : "2025-10-29",
    "price" : 15406.00,
    "dma50" : 15123.42,
    "dma100" : 13999.55,
    "dma200" : 13433.33,
    "volume" : 16053.00
  }, {
    "date" : "2025-10-30",
    "price" : 16158.00,
    "dma50" : 15163.99,
    "dma100" : 14030.83,
    "dma200" : 13460.44,
    "volume" : 94643.00
  }, {
    "date" : "2025-10-31",
    "price" : 16473.00,
    "dma50" : 15215.33,
    "dma100" : 14068.42,
    "dma200" : 13490.42,
    "volume" : 47483.00
  }, {
    "date" : "2025-11-03",
    "price" : 17159.00,
    "dma50" : 15291.55,
    "dma100" : 14113.27,
    "dma200" : 13526.92,
    "volume" : 81400.00
  }, {
    "date" : "2025-11-04",
    "price" : 17608.00,
    "dma50" : 15382.39,
    "dma100" : 14153.05,
    "dma200" : 13567.53,
    "volume" : 109582.00
  }, {
    "date" : "2025-11-06",
    "price" : 17550.00,
    "dma50" : 15467.40,
    "dma100" : 14194.92,
    "dma200" : 13607.16,
    "volume" : 49022.00
  }, {
    "date" : "2025-11-07",
    "price" : 17837.00,
    "dma50" : 15560.32,
    "dma100" : 14241.36,
    "dma200" : 13649.25,
    "volume" : 109111.00
  }, {
    "date" : "2025-11-10",
    "price" : 18113.00,
    "dma50" : 15660.43,
    "dma100" : 14294.17,
    "dma200" : 13693.66,
    "volume" : 461197.00
  }, {
    "date" : "2025-11-11",
    "price" : 17193.00,
    "dma50" : 15720.53,
    "dma100" : 14340.78,
    "dma200" : 13728.48,
    "volume" : 78650.00
  }, {
    "date" : "2025-11-12",
    "price" : 17577.00,
    "dma50" : 15793.33,
    "dma100" : 14393.88,
    "dma200" : 13766.77,
    "volume" : 82234.00
  }, {
    "date" : "2025-11-13",
    "price" : 17223.00,
    "dma50" : 15849.40,
    "dma100" : 14444.00,
    "dma200" : 13801.16,
    "volume" : 63211.00
  }, {
    "date" : "2025-11-14",
    "price" : 17461.00,
    "dma50" : 15912.60,
    "dma100" : 14496.16,
    "dma200" : 13837.58,
    "volume" : 71463.00
  }, {
    "date" : "2025-11-17",
    "price" : 17356.00,
    "dma50" : 15969.20,
    "dma100" : 14546.64,
    "dma200" : 13872.59,
    "volume" : 50301.00
  }, {
    "date" : "2025-11-18",
    "price" : 17250.00,
    "dma50" : 16019.43,
    "dma100" : 14596.65,
    "dma200" : 13906.20,
    "volume" : 38597.00
  }, {
    "date" : "2025-11-19",
    "price" : 17076.00,
    "dma50" : 16060.86,
    "dma100" : 14647.20,
    "dma200" : 13937.74,
    "volume" : 23292.00
  }, {
    "date" : "2025-11-20",
    "price" : 16719.00,
    "dma50" : 16086.67,
    "dma100" : 14694.77,
    "dma200" : 13965.41,
    "volume" : 32596.00
  }, {
    "date" : "2025-11-21",
    "price" : 16598.00,
    "dma50" : 16106.72,
    "dma100" : 14739.55,
    "dma200" : 13991.60,
    "volume" : 50571.00
  }, {
    "date" : "2025-11-24",
    "price" : 16283.00,
    "dma50" : 16113.64,
    "dma100" : 14782.38,
    "dma200" : 14014.40,
    "volume" : 43354.00
  }, {
    "date" : "2025-11-25",
    "price" : 16846.00,
    "dma50" : 16142.36,
    "dma100" : 14832.06,
    "dma200" : 14042.58,
    "volume" : 70313.00
  }, {
    "date" : "2025-11-26",
    "price" : 16650.00,
    "dma50" : 16162.26,
    "dma100" : 14878.73,
    "dma200" : 14068.52,
    "volume" : 33095.00
  }, {
    "date" : "2025-11-27",
    "price" : 16593.00,
    "dma50" : 16179.16,
    "dma100" : 14927.98,
    "dma200" : 14093.64,
    "volume" : 38130.00
  }, {
    "date" : "2025-11-28",
    "price" : 17288.00,
    "dma50" : 16222.64,
    "dma100" : 14980.87,
    "dma200" : 14125.43,
    "volume" : 94685.00
  }, {
    "date" : "2025-12-01",
    "price" : 16587.00,
    "dma50" : 16236.93,
    "dma100" : 15028.88,
    "dma200" : 14149.92,
    "volume" : 46929.00
  }, {
    "date" : "2025-12-02",
    "price" : 16354.00,
    "dma50" : 16241.52,
    "dma100" : 15075.36,
    "dma200" : 14171.85,
    "volume" : 66553.00
  }, {
    "date" : "2025-12-03",
    "price" : 16974.00,
    "dma50" : 16270.24,
    "dma100" : 15125.42,
    "dma200" : 14199.73,
    "volume" : 417137.00
  }, {
    "date" : "2025-12-04",
    "price" : 16995.00,
    "dma50" : 16298.67,
    "dma100" : 15176.57,
    "dma200" : 14227.55,
    "volume" : 57705.00
  }, {
    "date" : "2025-12-05",
    "price" : 16887.00,
    "dma50" : 16321.74,
    "dma100" : 15222.43,
    "dma200" : 14254.01,
    "volume" : 31890.00
  }, {
    "date" : "2025-12-08",
    "price" : 16078.00,
    "dma50" : 16312.18,
    "dma100" : 15237.73,
    "dma200" : 14272.16,
    "volume" : 58492.00
  }, {
    "date" : "2025-12-09",
    "price" : 16674.00,
    "dma50" : 16326.37,
    "dma100" : 15251.74,
    "dma200" : 14296.06,
    "volume" : 160332.00
  }, {
    "date" : "2025-12-10",
    "price" : 16299.00,
    "dma50" : 16325.30,
    "dma100" : 15270.92,
    "dma200" : 14315.99,
    "volume" : 32112.00
  }, {
    "date" : "2025-12-11",
    "price" : 16176.00,
    "dma50" : 16319.44,
    "dma100" : 15287.65,
    "dma200" : 14334.50,
    "volume" : 39789.00
  }, {
    "date" : "2025-12-12",
    "price" : 16079.00,
    "dma50" : 16310.01,
    "dma100" : 15305.81,
    "dma200" : 14351.85,
    "volume" : 43940.00
  }, {
    "date" : "2025-12-15",
    "price" : 16439.00,
    "dma50" : 16315.07,
    "dma100" : 15328.77,
    "dma200" : 14372.62,
    "volume" : 38703.00
  }, {
    "date" : "2025-12-16",
    "price" : 16123.00,
    "dma50" : 16307.54,
    "dma100" : 15350.08,
    "dma200" : 14390.04,
    "volume" : 87661.00
  }, {
    "date" : "2025-12-17",
    "price" : 15790.00,
    "dma50" : 16287.24,
    "dma100" : 15370.81,
    "dma200" : 14403.97,
    "volume" : 39892.00
  }, {
    "date" : "2025-12-18",
    "price" : 15799.00,
    "dma50" : 16268.10,
    "dma100" : 15390.79,
    "dma200" : 14417.85,
    "volume" : 52307.00
  }, {
    "date" : "2025-12-19",
    "price" : 16044.00,
    "dma50" : 16259.31,
    "dma100" : 15413.63,
    "dma200" : 14434.03,
    "volume" : 84241.00
  }, {
    "date" : "2025-12-22",
    "price" : 15743.00,
    "dma50" : 16239.06,
    "dma100" : 15432.31,
    "dma200" : 14447.05,
    "volume" : 34933.00
  }, {
    "date" : "2025-12-23",
    "price" : 15327.00,
    "dma50" : 16203.29,
    "dma100" : 15447.18,
    "dma200" : 14455.81,
    "volume" : 114338.00
  }, {
    "date" : "2025-12-24",
    "price" : 15086.00,
    "dma50" : 16159.48,
    "dma100" : 15458.90,
    "dma200" : 14462.08,
    "volume" : 67644.00
  }, {
    "date" : "2025-12-26",
    "price" : 14978.00,
    "dma50" : 16113.15,
    "dma100" : 15475.87,
    "dma200" : 14467.21,
    "volume" : 50500.00
  }, {
    "date" : "2025-12-29",
    "price" : 14952.00,
    "dma50" : 16067.61,
    "dma100" : 15495.22,
    "dma200" : 14472.04,
    "volume" : 38625.00
  }, {
    "date" : "2025-12-30",
    "price" : 14929.00,
    "dma50" : 16022.96,
    "dma100" : 15513.68,
    "dma200" : 14476.58,
    "volume" : 32468.00
  }, {
    "date" : "2025-12-31",
    "price" : 15175.00,
    "dma50" : 15989.71,
    "dma100" : 15537.14,
    "dma200" : 14483.53,
    "volume" : 39639.00
  }, {
    "date" : "2026-01-01",
    "price" : 15060.00,
    "dma50" : 15953.25,
    "dma100" : 15559.68,
    "dma200" : 14489.27,
    "volume" : 14483.00
  }, {
    "date" : "2026-01-02",
    "price" : 15276.00,
    "dma50" : 15926.69,
    "dma100" : 15584.13,
    "dma200" : 14497.10,
    "volume" : 26538.00
  }, {
    "date" : "2026-01-05",
    "price" : 15040.00,
    "dma50" : 15891.92,
    "dma100" : 15603.54,
    "dma200" : 14502.50,
    "volume" : 23174.00
  }, {
    "date" : "2026-01-06",
    "price" : 14509.00,
    "dma50" : 15837.68,
    "dma100" : 15615.67,
    "dma200" : 14502.57,
    "volume" : 75803.00
  }, {
    "date" : "2026-01-07",
    "price" : 15135.00,
    "dma50" : 15810.13,
    "dma100" : 15637.23,
    "dma200" : 14508.86,
    "volume" : 62622.00
  }, {
    "date" : "2026-01-08",
    "price" : 14820.00,
    "dma50" : 15771.30,
    "dma100" : 15655.25,
    "dma200" : 14511.95,
    "volume" : 25871.00
  }, {
    "date" : "2026-01-09",
    "price" : 14774.00,
    "dma50" : 15732.19,
    "dma100" : 15670.21,
    "dma200" : 14514.56,
    "volume" : 36515.00
  }, {
    "date" : "2026-01-12",
    "price" : 14705.00,
    "dma50" : 15691.91,
    "dma100" : 15681.94,
    "dma200" : 14516.46,
    "volume" : 43906.00
  }, {
    "date" : "2026-01-13",
    "price" : 14326.00,
    "dma50" : 15638.34,
    "dma100" : 15694.76,
    "dma200" : 14514.56,
    "volume" : 43464.00
  }, {
    "date" : "2026-01-14",
    "price" : 14262.00,
    "dma50" : 15584.37,
    "dma100" : 15700.45,
    "dma200" : 14512.05,
    "volume" : 45441.00
  }, {
    "date" : "2026-01-16",
    "price" : 14087.00,
    "dma50" : 15525.65,
    "dma100" : 15703.38,
    "dma200" : 14507.82,
    "volume" : 32717.00
  }, {
    "date" : "2026-01-19",
    "price" : 13899.00,
    "dma50" : 15461.86,
    "dma100" : 15703.49,
    "dma200" : 14501.76,
    "volume" : 37374.00
  }, {
    "date" : "2026-01-20",
    "price" : 13581.00,
    "dma50" : 15388.10,
    "dma100" : 15704.03,
    "dma200" : 14492.60,
    "volume" : 52359.00
  }, {
    "date" : "2026-01-21",
    "price" : 13129.00,
    "dma50" : 15299.51,
    "dma100" : 15703.61,
    "dma200" : 14479.03,
    "volume" : 50281.00
  }, {
    "date" : "2026-01-22",
    "price" : 13570.00,
    "dma50" : 15231.68,
    "dma100" : 15708.16,
    "dma200" : 14469.99,
    "volume" : 52012.00
  }, {
    "date" : "2026-01-23",
    "price" : 13251.00,
    "dma50" : 15154.01,
    "dma100" : 15706.12,
    "dma200" : 14457.86,
    "volume" : 27875.00
  }, {
    "date" : "2026-01-27",
    "price" : 12796.00,
    "dma50" : 15061.54,
    "dma100" : 15700.09,
    "dma200" : 14441.32,
    "volume" : 38780.00
  }, {
    "date" : "2026-01-28",
    "price" : 12851.00,
    "dma50" : 14974.85,
    "dma100" : 15691.32,
    "dma200" : 14425.50,
    "volume" : 30721.00
  } ],
  "latestTechnicalAttributes" : {
    "date" : "2026-01-28",
    "price" : 12851.00,
    "dma50" : 14974.85,
    "dma100" : 15691.32,
    "dma200" : 14425.50,
    "volume" : 30721.00
  },
  "quarterlyResults" : [ {
    "date" : "2005-03-31",
    "sales" : 35.36,
    "salesGrowthYoY" : null,
    "grossProfitMargin" : 40.72,
    "grossProfit" : 14.40,
    "operatingProfitMargin" : 10.77,
    "operatingProfit" : 3.81,
    "netProfitMargin" : 2.97,
    "netProfit" : 1.05
  }, {
    "date" : "2005-06-30",
    "sales" : 32.59,
    "salesGrowthYoY" : null,
    "grossProfitMargin" : 41.79,
    "grossProfit" : 13.62,
    "operatingProfitMargin" : 12.24,
    "operatingProfit" : 3.99,
    "netProfitMargin" : 3.10,
    "netProfit" : 1.01
  }, {
    "date" : "2005-09-30",
    "sales" : 33.95,
    "salesGrowthYoY" : null,
    "grossProfitMargin" : 44.62,
    "grossProfit" : 15.15,
    "operatingProfitMargin" : 11.13,
    "operatingProfit" : 3.78,
    "netProfitMargin" : 2.18,
    "netProfit" : 0.74
  }, {
    "date" : "2005-12-31",
    "sales" : 36.68,
    "salesGrowthYoY" : null,
    "grossProfitMargin" : 44.74,
    "grossProfit" : 16.41,
    "operatingProfitMargin" : 13.66,
    "operatingProfit" : 5.01,
    "netProfitMargin" : 4.28,
    "netProfit" : 1.57
  }, {
    "date" : "2006-03-31",
    "sales" : 59.94,
    "salesGrowthYoY" : 69.51,
    "grossProfitMargin" : 35.24,
    "grossProfit" : 21.12,
    "operatingProfitMargin" : 12.00,
    "operatingProfit" : 7.19,
    "netProfitMargin" : 4.89,
    "netProfit" : 2.93
  }, {
    "date" : "2006-06-30",
    "sales" : 45.60,
    "salesGrowthYoY" : 39.92,
    "grossProfitMargin" : 39.87,
    "grossProfit" : 18.18,
    "operatingProfitMargin" : 10.35,
    "operatingProfit" : 4.72,
    "netProfitMargin" : 3.64,
    "netProfit" : 1.66
  }, {
    "date" : "2006-09-30",
    "sales" : 53.31,
    "salesGrowthYoY" : 57.03,
    "grossProfitMargin" : 40.95,
    "grossProfit" : 21.83,
    "operatingProfitMargin" : 13.09,
    "operatingProfit" : 6.98,
    "netProfitMargin" : 6.04,
    "netProfit" : 3.22
  }, {
    "date" : "2006-12-31",
    "sales" : 48.46,
    "salesGrowthYoY" : 32.12,
    "grossProfitMargin" : 35.82,
    "grossProfit" : 17.36,
    "operatingProfitMargin" : 8.42,
    "operatingProfit" : 4.08,
    "netProfitMargin" : 3.49,
    "netProfit" : 1.69
  }, {
    "date" : "2007-03-31",
    "sales" : 54.80,
    "salesGrowthYoY" : -8.58,
    "grossProfitMargin" : 32.90,
    "grossProfit" : 18.03,
    "operatingProfitMargin" : 5.64,
    "operatingProfit" : 3.09,
    "netProfitMargin" : 4.51,
    "netProfit" : 2.47
  }, {
    "date" : "2007-06-30",
    "sales" : 46.76,
    "salesGrowthYoY" : 2.54,
    "grossProfitMargin" : 34.58,
    "grossProfit" : 16.17,
    "operatingProfitMargin" : 5.39,
    "operatingProfit" : 2.52,
    "netProfitMargin" : 5.95,
    "netProfit" : 2.78
  }, {
    "date" : "2007-09-30",
    "sales" : 49.24,
    "salesGrowthYoY" : -7.63,
    "grossProfitMargin" : 38.08,
    "grossProfit" : 18.75,
    "operatingProfitMargin" : 9.20,
    "operatingProfit" : 4.53,
    "netProfitMargin" : 2.52,
    "netProfit" : 1.24
  }, {
    "date" : "2007-12-31",
    "sales" : 57.52,
    "salesGrowthYoY" : 18.70,
    "grossProfitMargin" : 41.27,
    "grossProfit" : 23.74,
    "operatingProfitMargin" : 13.51,
    "operatingProfit" : 7.77,
    "netProfitMargin" : 7.04,
    "netProfit" : 4.05
  }, {
    "date" : "2008-03-31",
    "sales" : 64.69,
    "salesGrowthYoY" : 18.05,
    "grossProfitMargin" : 37.36,
    "grossProfit" : 24.17,
    "operatingProfitMargin" : 11.44,
    "operatingProfit" : 7.40,
    "netProfitMargin" : 4.95,
    "netProfit" : 3.20
  }, {
    "date" : "2008-06-30",
    "sales" : 60.06,
    "salesGrowthYoY" : 28.44,
    "grossProfitMargin" : 39.46,
    "grossProfit" : 23.70,
    "operatingProfitMargin" : 9.67,
    "operatingProfit" : 5.81,
    "netProfitMargin" : 1.70,
    "netProfit" : 1.02
  }, {
    "date" : "2008-09-30",
    "sales" : 80.09,
    "salesGrowthYoY" : 62.65,
    "grossProfitMargin" : 33.77,
    "grossProfit" : 27.05,
    "operatingProfitMargin" : 10.13,
    "operatingProfit" : 8.11,
    "netProfitMargin" : 1.09,
    "netProfit" : 0.87
  }, {
    "date" : "2008-12-31",
    "sales" : 84.47,
    "salesGrowthYoY" : 46.85,
    "grossProfitMargin" : 40.14,
    "grossProfit" : 33.91,
    "operatingProfitMargin" : 9.02,
    "operatingProfit" : 7.62,
    "netProfitMargin" : 2.18,
    "netProfit" : 1.84
  }, {
    "date" : "2009-03-31",
    "sales" : 86.57,
    "salesGrowthYoY" : 33.82,
    "grossProfitMargin" : 43.20,
    "grossProfit" : 37.40,
    "operatingProfitMargin" : 9.86,
    "operatingProfit" : 8.54,
    "netProfitMargin" : 2.96,
    "netProfit" : 2.56
  }, {
    "date" : "2009-06-30",
    "sales" : 59.31,
    "salesGrowthYoY" : -1.25,
    "grossProfitMargin" : 45.14,
    "grossProfit" : 26.77,
    "operatingProfitMargin" : 13.42,
    "operatingProfit" : 7.96,
    "netProfitMargin" : 1.32,
    "netProfit" : 0.78
  }, {
    "date" : "2009-09-30",
    "sales" : 68.62,
    "salesGrowthYoY" : -14.32,
    "grossProfitMargin" : 49.08,
    "grossProfit" : 33.68,
    "operatingProfitMargin" : 14.28,
    "operatingProfit" : 9.80,
    "netProfitMargin" : 0.63,
    "netProfit" : 0.43
  }, {
    "date" : "2009-12-31",
    "sales" : 70.89,
    "salesGrowthYoY" : -16.08,
    "grossProfitMargin" : 36.32,
    "grossProfit" : 25.75,
    "operatingProfitMargin" : 4.95,
    "operatingProfit" : 3.51,
    "netProfitMargin" : -9.32,
    "netProfit" : -6.61
  }, {
    "date" : "2010-03-31",
    "sales" : 83.84,
    "salesGrowthYoY" : -3.15,
    "grossProfitMargin" : 41.09,
    "grossProfit" : 34.45,
    "operatingProfitMargin" : 10.33,
    "operatingProfit" : 8.66,
    "netProfitMargin" : 2.66,
    "netProfit" : 2.23
  }, {
    "date" : "2010-06-30",
    "sales" : 89.61,
    "salesGrowthYoY" : 51.09,
    "grossProfitMargin" : 33.57,
    "grossProfit" : 30.08,
    "operatingProfitMargin" : 6.84,
    "operatingProfit" : 6.13,
    "netProfitMargin" : -5.37,
    "netProfit" : -4.81
  }, {
    "date" : "2010-09-30",
    "sales" : 100.92,
    "salesGrowthYoY" : 47.07,
    "grossProfitMargin" : 38.08,
    "grossProfit" : 38.43,
    "operatingProfitMargin" : 12.48,
    "operatingProfit" : 12.59,
    "netProfitMargin" : 2.85,
    "netProfit" : 2.88
  }, {
    "date" : "2010-12-31",
    "sales" : 96.83,
    "salesGrowthYoY" : 36.59,
    "grossProfitMargin" : 40.45,
    "grossProfit" : 39.17,
    "operatingProfitMargin" : 16.06,
    "operatingProfit" : 15.55,
    "netProfitMargin" : 4.08,
    "netProfit" : 3.95
  }, {
    "date" : "2011-03-31",
    "sales" : 110.46,
    "salesGrowthYoY" : 31.75,
    "grossProfitMargin" : 36.42,
    "grossProfit" : 40.23,
    "operatingProfitMargin" : 12.62,
    "operatingProfit" : 13.94,
    "netProfitMargin" : 2.53,
    "netProfit" : 2.79
  }, {
    "date" : "2011-06-30",
    "sales" : 103.96,
    "salesGrowthYoY" : 16.01,
    "grossProfitMargin" : 34.15,
    "grossProfit" : 35.50,
    "operatingProfitMargin" : 11.46,
    "operatingProfit" : 11.91,
    "netProfitMargin" : 0.83,
    "netProfit" : 0.86
  }, {
    "date" : "2011-09-30",
    "sales" : 123.30,
    "salesGrowthYoY" : 22.18,
    "grossProfitMargin" : 35.85,
    "grossProfit" : 44.20,
    "operatingProfitMargin" : 8.97,
    "operatingProfit" : 11.06,
    "netProfitMargin" : -1.02,
    "netProfit" : -1.26
  }, {
    "date" : "2011-12-31",
    "sales" : 110.22,
    "salesGrowthYoY" : 13.83,
    "grossProfitMargin" : 39.91,
    "grossProfit" : 43.99,
    "operatingProfitMargin" : 8.01,
    "operatingProfit" : 8.83,
    "netProfitMargin" : -3.08,
    "netProfit" : -3.39
  }, {
    "date" : "2012-03-31",
    "sales" : 113.05,
    "salesGrowthYoY" : 2.34,
    "grossProfitMargin" : 37.27,
    "grossProfit" : 42.13,
    "operatingProfitMargin" : 12.18,
    "operatingProfit" : 13.77,
    "netProfitMargin" : 5.16,
    "netProfit" : 5.83
  }, {
    "date" : "2012-06-30",
    "sales" : 128.00,
    "salesGrowthYoY" : 23.12,
    "grossProfitMargin" : 37.62,
    "grossProfit" : 48.15,
    "operatingProfitMargin" : 12.16,
    "operatingProfit" : 15.56,
    "netProfitMargin" : 2.41,
    "netProfit" : 3.08
  }, {
    "date" : "2012-09-30",
    "sales" : 118.04,
    "salesGrowthYoY" : -4.27,
    "grossProfitMargin" : 41.66,
    "grossProfit" : 49.18,
    "operatingProfitMargin" : 12.99,
    "operatingProfit" : 15.33,
    "netProfitMargin" : 2.62,
    "netProfit" : 3.09
  }, {
    "date" : "2012-12-31",
    "sales" : 107.40,
    "salesGrowthYoY" : -2.56,
    "grossProfitMargin" : 46.07,
    "grossProfit" : 49.48,
    "operatingProfitMargin" : 16.44,
    "operatingProfit" : 17.66,
    "netProfitMargin" : 3.04,
    "netProfit" : 3.26
  }, {
    "date" : "2013-03-31",
    "sales" : 110.46,
    "salesGrowthYoY" : -2.29,
    "grossProfitMargin" : 43.40,
    "grossProfit" : 47.94,
    "operatingProfitMargin" : 11.24,
    "operatingProfit" : 12.42,
    "netProfitMargin" : 3.80,
    "netProfit" : 4.20
  }, {
    "date" : "2013-06-30",
    "sales" : 122.04,
    "salesGrowthYoY" : -4.66,
    "grossProfitMargin" : 44.12,
    "grossProfit" : 53.84,
    "operatingProfitMargin" : 16.88,
    "operatingProfit" : 20.60,
    "netProfitMargin" : 6.40,
    "netProfit" : 7.81
  }, {
    "date" : "2013-09-30",
    "sales" : 104.28,
    "salesGrowthYoY" : -11.66,
    "grossProfitMargin" : 48.19,
    "grossProfit" : 50.25,
    "operatingProfitMargin" : 13.31,
    "operatingProfit" : 13.88,
    "netProfitMargin" : 3.30,
    "netProfit" : 3.44
  }, {
    "date" : "2013-12-31",
    "sales" : 130.82,
    "salesGrowthYoY" : 21.81,
    "grossProfitMargin" : 48.04,
    "grossProfit" : 62.85,
    "operatingProfitMargin" : 14.22,
    "operatingProfit" : 18.60,
    "netProfitMargin" : 5.22,
    "netProfit" : 6.83
  }, {
    "date" : "2014-03-31",
    "sales" : 109.26,
    "salesGrowthYoY" : -1.09,
    "grossProfitMargin" : 48.41,
    "grossProfit" : 52.89,
    "operatingProfitMargin" : 16.42,
    "operatingProfit" : 17.94,
    "netProfitMargin" : 7.86,
    "netProfit" : 8.59
  }, {
    "date" : "2014-06-30",
    "sales" : 102.68,
    "salesGrowthYoY" : -15.86,
    "grossProfitMargin" : 46.96,
    "grossProfit" : 48.22,
    "operatingProfitMargin" : 13.25,
    "operatingProfit" : 13.61,
    "netProfitMargin" : 2.94,
    "netProfit" : 3.02
  }, {
    "date" : "2014-09-30",
    "sales" : 121.32,
    "salesGrowthYoY" : 16.34,
    "grossProfitMargin" : 43.74,
    "grossProfit" : 53.07,
    "operatingProfitMargin" : 12.69,
    "operatingProfit" : 15.40,
    "netProfitMargin" : 4.24,
    "netProfit" : 5.14
  }, {
    "date" : "2014-12-31",
    "sales" : 107.74,
    "salesGrowthYoY" : -17.64,
    "grossProfitMargin" : 54.42,
    "grossProfit" : 58.63,
    "operatingProfitMargin" : 12.46,
    "operatingProfit" : 13.42,
    "netProfitMargin" : 1.78,
    "netProfit" : 1.92
  }, {
    "date" : "2015-03-31",
    "sales" : 133.50,
    "salesGrowthYoY" : 22.19,
    "grossProfitMargin" : 45.95,
    "grossProfit" : 61.34,
    "operatingProfitMargin" : 15.00,
    "operatingProfit" : 20.02,
    "netProfitMargin" : 4.26,
    "netProfit" : 5.69
  }, {
    "date" : "2015-06-30",
    "sales" : 123.72,
    "salesGrowthYoY" : 20.49,
    "grossProfitMargin" : 48.88,
    "grossProfit" : 60.47,
    "operatingProfitMargin" : 17.05,
    "operatingProfit" : 21.09,
    "netProfitMargin" : 5.90,
    "netProfit" : 7.30
  }, {
    "date" : "2015-09-30",
    "sales" : 128.18,
    "salesGrowthYoY" : 5.65,
    "grossProfitMargin" : 46.90,
    "grossProfit" : 60.12,
    "operatingProfitMargin" : 15.23,
    "operatingProfit" : 19.52,
    "netProfitMargin" : 4.84,
    "netProfit" : 6.20
  }, {
    "date" : "2015-12-31",
    "sales" : 123.03,
    "salesGrowthYoY" : 14.19,
    "grossProfitMargin" : 49.91,
    "grossProfit" : 61.40,
    "operatingProfitMargin" : 15.48,
    "operatingProfit" : 19.05,
    "netProfitMargin" : 5.10,
    "netProfit" : 6.27
  }, {
    "date" : "2016-03-31",
    "sales" : 135.04,
    "salesGrowthYoY" : 1.15,
    "grossProfitMargin" : 55.19,
    "grossProfit" : 74.53,
    "operatingProfitMargin" : 14.95,
    "operatingProfit" : 20.19,
    "netProfitMargin" : 4.91,
    "netProfit" : 6.63
  }, {
    "date" : "2016-06-30",
    "sales" : 149.77,
    "salesGrowthYoY" : 21.06,
    "grossProfitMargin" : 52.93,
    "grossProfit" : 79.27,
    "operatingProfitMargin" : 16.37,
    "operatingProfit" : 24.52,
    "netProfitMargin" : 6.35,
    "netProfit" : 9.51
  }, {
    "date" : "2016-09-30",
    "sales" : 149.59,
    "salesGrowthYoY" : 16.70,
    "grossProfitMargin" : 49.82,
    "grossProfit" : 74.53,
    "operatingProfitMargin" : 16.82,
    "operatingProfit" : 25.16,
    "netProfitMargin" : 6.84,
    "netProfit" : 10.23
  }, {
    "date" : "2016-12-31",
    "sales" : 132.43,
    "salesGrowthYoY" : 7.64,
    "grossProfitMargin" : 50.14,
    "grossProfit" : 66.40,
    "operatingProfitMargin" : 11.48,
    "operatingProfit" : 15.20,
    "netProfitMargin" : 2.74,
    "netProfit" : 3.63
  }, {
    "date" : "2017-03-31",
    "sales" : 139.16,
    "salesGrowthYoY" : 3.05,
    "grossProfitMargin" : 63.18,
    "grossProfit" : 87.92,
    "operatingProfitMargin" : 20.44,
    "operatingProfit" : 28.44,
    "netProfitMargin" : 10.56,
    "netProfit" : 14.70
  }, {
    "date" : "2017-06-30",
    "sales" : 115.40,
    "salesGrowthYoY" : -22.95,
    "grossProfitMargin" : 57.50,
    "grossProfit" : 66.36,
    "operatingProfitMargin" : 6.98,
    "operatingProfit" : 8.05,
    "netProfitMargin" : 0.56,
    "netProfit" : 0.65
  }, {
    "date" : "2017-09-30",
    "sales" : 129.91,
    "salesGrowthYoY" : -13.16,
    "grossProfitMargin" : 57.63,
    "grossProfit" : 74.87,
    "operatingProfitMargin" : 10.78,
    "operatingProfit" : 14.00,
    "netProfitMargin" : 1.85,
    "netProfit" : 2.40
  }, {
    "date" : "2017-12-31",
    "sales" : 121.86,
    "salesGrowthYoY" : -7.98,
    "grossProfitMargin" : 55.66,
    "grossProfit" : 67.83,
    "operatingProfitMargin" : 7.53,
    "operatingProfit" : 9.18,
    "netProfitMargin" : 0.61,
    "netProfit" : 0.74
  }, {
    "date" : "2018-03-31",
    "sales" : 160.23,
    "salesGrowthYoY" : 15.14,
    "grossProfitMargin" : 49.92,
    "grossProfit" : 79.99,
    "operatingProfitMargin" : 11.73,
    "operatingProfit" : 18.79,
    "netProfitMargin" : 5.02,
    "netProfit" : 8.04
  }, {
    "date" : "2018-06-30",
    "sales" : 153.96,
    "salesGrowthYoY" : 33.41,
    "grossProfitMargin" : 43.67,
    "grossProfit" : 67.23,
    "operatingProfitMargin" : 5.83,
    "operatingProfit" : 8.98,
    "netProfitMargin" : 0.27,
    "netProfit" : 0.42
  }, {
    "date" : "2018-09-30",
    "sales" : 168.74,
    "salesGrowthYoY" : 29.89,
    "grossProfitMargin" : 43.56,
    "grossProfit" : 73.50,
    "operatingProfitMargin" : 8.68,
    "operatingProfit" : 14.65,
    "netProfitMargin" : 2.61,
    "netProfit" : 4.40
  }, {
    "date" : "2018-12-31",
    "sales" : 171.47,
    "salesGrowthYoY" : 40.71,
    "grossProfitMargin" : 45.64,
    "grossProfit" : 78.26,
    "operatingProfitMargin" : 9.24,
    "operatingProfit" : 15.84,
    "netProfitMargin" : 2.68,
    "netProfit" : 4.60
  }, {
    "date" : "2019-03-31",
    "sales" : 172.66,
    "salesGrowthYoY" : 7.76,
    "grossProfitMargin" : 47.25,
    "grossProfit" : 81.58,
    "operatingProfitMargin" : 10.66,
    "operatingProfit" : 18.41,
    "netProfitMargin" : 3.90,
    "netProfit" : 6.73
  }, {
    "date" : "2019-06-30",
    "sales" : 181.01,
    "salesGrowthYoY" : 17.57,
    "grossProfitMargin" : 44.84,
    "grossProfit" : 81.16,
    "operatingProfitMargin" : 10.26,
    "operatingProfit" : 18.57,
    "netProfitMargin" : 3.10,
    "netProfit" : 5.61
  }, {
    "date" : "2019-09-30",
    "sales" : 186.22,
    "salesGrowthYoY" : 10.36,
    "grossProfitMargin" : 51.32,
    "grossProfit" : 95.57,
    "operatingProfitMargin" : 13.33,
    "operatingProfit" : 24.82,
    "netProfitMargin" : 4.60,
    "netProfit" : 8.57
  }, {
    "date" : "2019-12-31",
    "sales" : 203.62,
    "salesGrowthYoY" : 18.75,
    "grossProfitMargin" : 49.11,
    "grossProfit" : 100.00,
    "operatingProfitMargin" : 13.78,
    "operatingProfit" : 28.06,
    "netProfitMargin" : 5.42,
    "netProfit" : 11.04
  }, {
    "date" : "2020-03-31",
    "sales" : 191.87,
    "salesGrowthYoY" : 11.13,
    "grossProfitMargin" : 55.14,
    "grossProfit" : 105.80,
    "operatingProfitMargin" : 15.63,
    "operatingProfit" : 29.99,
    "netProfitMargin" : -4.87,
    "netProfit" : -9.34
  }, {
    "date" : "2020-06-30",
    "sales" : 205.42,
    "salesGrowthYoY" : 13.49,
    "grossProfitMargin" : 50.63,
    "grossProfit" : 104.00,
    "operatingProfitMargin" : 16.42,
    "operatingProfit" : 33.73,
    "netProfitMargin" : 7.33,
    "netProfit" : 15.06
  }, {
    "date" : "2020-09-30",
    "sales" : 241.39,
    "salesGrowthYoY" : 29.63,
    "grossProfitMargin" : 51.94,
    "grossProfit" : 125.38,
    "operatingProfitMargin" : 16.88,
    "operatingProfit" : 40.75,
    "netProfitMargin" : 8.84,
    "netProfit" : 21.34
  }, {
    "date" : "2020-12-31",
    "sales" : 245.39,
    "salesGrowthYoY" : 20.51,
    "grossProfitMargin" : 54.27,
    "grossProfit" : 133.17,
    "operatingProfitMargin" : 18.95,
    "operatingProfit" : 46.50,
    "netProfitMargin" : 10.87,
    "netProfit" : 26.67
  }, {
    "date" : "2021-03-31",
    "sales" : 244.70,
    "salesGrowthYoY" : 27.53,
    "grossProfitMargin" : 55.54,
    "grossProfit" : 135.91,
    "operatingProfitMargin" : 10.40,
    "operatingProfit" : 25.45,
    "netProfitMargin" : 7.04,
    "netProfit" : 17.23
  }, {
    "date" : "2021-06-30",
    "sales" : 200.89,
    "salesGrowthYoY" : -2.21,
    "grossProfitMargin" : 57.48,
    "grossProfit" : 115.47,
    "operatingProfitMargin" : 12.74,
    "operatingProfit" : 25.59,
    "netProfitMargin" : 4.31,
    "netProfit" : 8.66
  }, {
    "date" : "2021-09-30",
    "sales" : 257.85,
    "salesGrowthYoY" : 6.82,
    "grossProfitMargin" : 56.18,
    "grossProfit" : 144.86,
    "operatingProfitMargin" : 16.59,
    "operatingProfit" : 42.78,
    "netProfitMargin" : 7.88,
    "netProfit" : 20.32
  }, {
    "date" : "2021-12-31",
    "sales" : 236.47,
    "salesGrowthYoY" : -3.64,
    "grossProfitMargin" : 55.12,
    "grossProfit" : 130.34,
    "operatingProfitMargin" : 13.71,
    "operatingProfit" : 32.42,
    "netProfitMargin" : 5.47,
    "netProfit" : 12.93
  }, {
    "date" : "2022-03-31",
    "sales" : 255.87,
    "salesGrowthYoY" : 4.56,
    "grossProfitMargin" : 54.04,
    "grossProfit" : 138.27,
    "operatingProfitMargin" : 15.13,
    "operatingProfit" : 38.71,
    "netProfitMargin" : 8.53,
    "netProfit" : 21.83
  }, {
    "date" : "2022-06-30",
    "sales" : 221.17,
    "salesGrowthYoY" : 10.10,
    "grossProfitMargin" : 59.92,
    "grossProfit" : 132.53,
    "operatingProfitMargin" : 12.88,
    "operatingProfit" : 28.49,
    "netProfitMargin" : 4.45,
    "netProfit" : 9.84
  }, {
    "date" : "2022-09-30",
    "sales" : 293.71,
    "salesGrowthYoY" : 13.91,
    "grossProfitMargin" : 62.28,
    "grossProfit" : 182.92,
    "operatingProfitMargin" : 23.55,
    "operatingProfit" : 69.17,
    "netProfitMargin" : 13.05,
    "netProfit" : 38.33
  }, {
    "date" : "2022-12-31",
    "sales" : 269.25,
    "salesGrowthYoY" : 13.86,
    "grossProfitMargin" : 60.80,
    "grossProfit" : 163.70,
    "operatingProfitMargin" : 20.03,
    "operatingProfit" : 53.93,
    "netProfitMargin" : 11.31,
    "netProfit" : 30.45
  }, {
    "date" : "2023-03-31",
    "sales" : 407.07,
    "salesGrowthYoY" : 59.09,
    "grossProfitMargin" : 57.44,
    "grossProfit" : 233.82,
    "operatingProfitMargin" : 29.41,
    "operatingProfit" : 119.72,
    "netProfitMargin" : 20.76,
    "netProfit" : 84.51
  }, {
    "date" : "2023-06-30",
    "sales" : 362.99,
    "salesGrowthYoY" : 64.12,
    "grossProfitMargin" : 59.88,
    "grossProfit" : 217.36,
    "operatingProfitMargin" : 26.79,
    "operatingProfit" : 97.25,
    "netProfitMargin" : 17.14,
    "netProfit" : 62.22
  }, {
    "date" : "2023-09-30",
    "sales" : 417.75,
    "salesGrowthYoY" : 42.23,
    "grossProfitMargin" : 63.64,
    "grossProfit" : 265.86,
    "operatingProfitMargin" : 32.86,
    "operatingProfit" : 137.27,
    "netProfitMargin" : 21.32,
    "netProfit" : 89.06
  }, {
    "date" : "2023-12-31",
    "sales" : 392.83,
    "salesGrowthYoY" : 45.90,
    "grossProfitMargin" : 63.79,
    "grossProfit" : 250.59,
    "operatingProfitMargin" : 30.69,
    "operatingProfit" : 120.56,
    "netProfitMargin" : 20.54,
    "netProfit" : 80.69
  }, {
    "date" : "2024-03-31",
    "sales" : 385.01,
    "salesGrowthYoY" : -5.42,
    "grossProfitMargin" : 64.28,
    "grossProfit" : 247.48,
    "operatingProfitMargin" : 27.74,
    "operatingProfit" : 106.80,
    "netProfitMargin" : 17.56,
    "netProfit" : 67.61
  }, {
    "date" : "2024-06-30",
    "sales" : 439.60,
    "salesGrowthYoY" : 21.11,
    "grossProfitMargin" : 59.76,
    "grossProfit" : 262.70,
    "operatingProfitMargin" : 28.17,
    "operatingProfit" : 123.84,
    "netProfitMargin" : 18.83,
    "netProfit" : 82.78
  }, {
    "date" : "2024-09-30",
    "sales" : 310.84,
    "salesGrowthYoY" : -25.59,
    "grossProfitMargin" : 62.21,
    "grossProfit" : 193.37,
    "operatingProfitMargin" : 19.73,
    "operatingProfit" : 61.33,
    "netProfitMargin" : 10.28,
    "netProfit" : 31.95
  }, {
    "date" : "2024-12-31",
    "sales" : 398.03,
    "salesGrowthYoY" : 1.32,
    "grossProfitMargin" : 58.20,
    "grossProfit" : 231.65,
    "operatingProfitMargin" : 21.70,
    "operatingProfit" : 86.37,
    "netProfitMargin" : 14.33,
    "netProfit" : 57.04
  }, {
    "date" : "2025-03-31",
    "sales" : 328.36,
    "salesGrowthYoY" : -14.71,
    "grossProfitMargin" : 61.35,
    "grossProfit" : 201.45,
    "operatingProfitMargin" : 15.46,
    "operatingProfit" : 50.76,
    "netProfitMargin" : 8.44,
    "netProfit" : 27.71
  }, {
    "date" : "2025-06-30",
    "sales" : 292.75,
    "salesGrowthYoY" : -33.41,
    "grossProfitMargin" : 61.22,
    "grossProfit" : 179.22,
    "operatingProfitMargin" : 11.71,
    "operatingProfit" : 34.28,
    "netProfitMargin" : 4.68,
    "netProfit" : 13.70
  }, {
    "date" : "2025-09-30",
    "sales" : 514.27,
    "salesGrowthYoY" : 65.45,
    "grossProfitMargin" : 64.30,
    "grossProfit" : 330.68,
    "operatingProfitMargin" : 30.16,
    "operatingProfit" : 155.10,
    "netProfitMargin" : 18.76,
    "netProfit" : 96.48
  } ],
  "latestQuarterlyResult" : {
    "date" : "2025-09-30",
    "sales" : 514.27,
    "salesGrowthYoY" : 65.45,
    "grossProfitMargin" : 64.30,
    "grossProfit" : 330.68,
    "operatingProfitMargin" : 30.16,
    "operatingProfit" : 155.10,
    "netProfitMargin" : 18.76,
    "netProfit" : 96.48
  },
  "companyScore" : {
    "priceHigherThanDma50" : 0.00,
    "priceHigherThanDma100" : 0.00,
    "priceHigherThanDma200" : 0.00,
    "dma50HigherThanDma100" : 0.00,
    "dma50HigherThanDma200" : 5.00,
    "dma100HigherThanDma200" : 5.00,
    "pricePercentageAboveDma50" : 5.71,
    "pricePercentageAboveDma100" : 5.91,
    "pricePercentageAboveDma200" : 5.55,
    "weeklyVolumeHigherThanYearlyVolume" : 0.00,
    "salesGrowthPercentile" : 19.75,
    "operatingProfitMarginPercentile" : 19.52,
    "netProfitMarginPercentile" : 9.52,
    "totalTechnicalScore" : 27.16,
    "totalFundamentalScore" : 48.78,
    "totalScore" : 75.94
  }
}