{
  "metadata" : {
    "screenerCompanyId" : "2205",
    "companyCode" : "NFL",
    "companyName" : "Natl.Fertilizer",
    "screenerCompanyLink" : "https://www.screener.in/company/NFL/consolidated/",
    "screenerTechnicalHistoryLink" : "https://www.screener.in/api/company/2205/chart/?q=Price-DMA50-DMA200-Volume&days=365",
    "screenerQuarterlyResultsLink" : "https://www.screener.in/api/company/2205/chart/?q=GPM-OPM-NPM-Quarter+Sales&days=10000",
    "attributes" : {
      "companyCode" : "NFL",
      "companyName" : "Natl.Fertilizer",
      "marketCap" : 4059.00,
      "peRatio" : 38.50,
      "description" : "National Fertilizers Limited is engaged in production and marketing of Neem Coated Urea, Bio-Fertilizers (solid & liquid) and other allied Industrial products. It is also engaged in trading of Imported and Domestic Fertilizers, Compost, Seeds and other Agro products. [1]"
    },
    "companyScore" : {
      "priceHigherThanDma50" : 0.00,
      "priceHigherThanDma100" : 0.00,
      "priceHigherThanDma200" : 0.00,
      "dma50HigherThanDma100" : 0.00,
      "dma50HigherThanDma200" : 0.00,
      "dma100HigherThanDma200" : 0.00,
      "pricePercentageAboveDma50" : 5.30,
      "pricePercentageAboveDma100" : 5.49,
      "pricePercentageAboveDma200" : 5.59,
      "weeklyVolumeHigherThanYearlyVolume" : 0.00,
      "salesGrowthPercentile" : 18.48,
      "operatingProfitMarginPercentile" : 7.72,
      "netProfitMarginPercentile" : 3.68,
      "totalTechnicalScore" : 16.38,
      "totalFundamentalScore" : 29.88,
      "totalScore" : 46.26
    }
  },
  "attributes" : {
    "companyCode" : "NFL",
    "companyName" : "Natl.Fertilizer",
    "marketCap" : 4059.00,
    "peRatio" : 38.50,
    "description" : "National Fertilizers Limited is engaged in production and marketing of Neem Coated Urea, Bio-Fertilizers (solid & liquid) and other allied Industrial products. It is also engaged in trading of Imported and Domestic Fertilizers, Compost, Seeds and other Agro products. [1]"
  },
  "technicalHistory" : [ {
    "date" : "2025-01-20",
    "price" : 110.00,
    "dma50" : 115.61,
    "dma100" : null,
    "dma200" : 115.36,
    "volume" : 3162422.00
  }, {
    "date" : "2025-01-21",
    "price" : 109.19,
    "dma50" : 115.36,
    "dma100" : null,
    "dma200" : 115.30,
    "volume" : 4453598.00
  }, {
    "date" : "2025-01-22",
    "price" : 107.65,
    "dma50" : 115.06,
    "dma100" : null,
    "dma200" : 115.22,
    "volume" : 2826356.00
  }, {
    "date" : "2025-01-23",
    "price" : 108.87,
    "dma50" : 114.81,
    "dma100" : null,
    "dma200" : 115.16,
    "volume" : 2649625.00
  }, {
    "date" : "2025-01-24",
    "price" : 106.25,
    "dma50" : 114.48,
    "dma100" : null,
    "dma200" : 115.07,
    "volume" : 1343822.00
  }, {
    "date" : "2025-01-27",
    "price" : 101.54,
    "dma50" : 113.97,
    "dma100" : null,
    "dma200" : 114.94,
    "volume" : 1820316.00
  }, {
    "date" : "2025-01-28",
    "price" : 99.44,
    "dma50" : 113.40,
    "dma100" : null,
    "dma200" : 114.78,
    "volume" : 3515108.00
  }, {
    "date" : "2025-01-29",
    "price" : 103.58,
    "dma50" : 113.02,
    "dma100" : null,
    "dma200" : 114.67,
    "volume" : 1884781.00
  }, {
    "date" : "2025-01-30",
    "price" : 104.23,
    "dma50" : 112.67,
    "dma100" : null,
    "dma200" : 114.57,
    "volume" : 1681288.00
  }, {
    "date" : "2025-01-31",
    "price" : 107.35,
    "dma50" : 112.46,
    "dma100" : null,
    "dma200" : 114.49,
    "volume" : 2378859.00
  }, {
    "date" : "2025-02-01",
    "price" : 105.80,
    "dma50" : 112.20,
    "dma100" : null,
    "dma200" : 114.41,
    "volume" : 8183678.00
  }, {
    "date" : "2025-02-03",
    "price" : 100.97,
    "dma50" : 111.76,
    "dma100" : null,
    "dma200" : 114.27,
    "volume" : 2132743.00
  }, {
    "date" : "2025-02-04",
    "price" : 102.54,
    "dma50" : 111.40,
    "dma100" : null,
    "dma200" : 114.16,
    "volume" : 1287789.00
  }, {
    "date" : "2025-02-05",
    "price" : 103.26,
    "dma50" : 111.08,
    "dma100" : null,
    "dma200" : 114.05,
    "volume" : 1200783.00
  }, {
    "date" : "2025-02-06",
    "price" : 102.88,
    "dma50" : 110.76,
    "dma100" : null,
    "dma200" : 113.94,
    "volume" : 1179458.00
  }, {
    "date" : "2025-02-07",
    "price" : 102.17,
    "dma50" : 110.42,
    "dma100" : null,
    "dma200" : 113.82,
    "volume" : 1447088.00
  }, {
    "date" : "2025-02-10",
    "price" : 99.16,
    "dma50" : 109.98,
    "dma100" : null,
    "dma200" : 113.67,
    "volume" : 1195751.00
  }, {
    "date" : "2025-02-11",
    "price" : 91.92,
    "dma50" : 109.27,
    "dma100" : null,
    "dma200" : 113.46,
    "volume" : 4051291.00
  }, {
    "date" : "2025-02-12",
    "price" : 90.02,
    "dma50" : 108.52,
    "dma100" : null,
    "dma200" : 113.23,
    "volume" : 3304649.00
  }, {
    "date" : "2025-02-13",
    "price" : 90.09,
    "dma50" : 107.79,
    "dma100" : null,
    "dma200" : 113.00,
    "volume" : 1525494.00
  }, {
    "date" : "2025-02-14",
    "price" : 85.75,
    "dma50" : 106.93,
    "dma100" : null,
    "dma200" : 112.72,
    "volume" : 2502343.00
  }, {
    "date" : "2025-02-17",
    "price" : 86.22,
    "dma50" : 106.12,
    "dma100" : null,
    "dma200" : 112.46,
    "volume" : 2622037.00
  }, {
    "date" : "2025-02-18",
    "price" : 83.91,
    "dma50" : 105.25,
    "dma100" : null,
    "dma200" : 112.18,
    "volume" : 1431291.00
  }, {
    "date" : "2025-02-19",
    "price" : 86.58,
    "dma50" : 104.51,
    "dma100" : null,
    "dma200" : 111.92,
    "volume" : 1674269.00
  }, {
    "date" : "2025-02-20",
    "price" : 87.67,
    "dma50" : 103.85,
    "dma100" : null,
    "dma200" : 111.68,
    "volume" : 1359406.00
  }, {
    "date" : "2025-02-21",
    "price" : 86.47,
    "dma50" : 103.17,
    "dma100" : null,
    "dma200" : 111.43,
    "volume" : 1836993.00
  }, {
    "date" : "2025-02-24",
    "price" : 85.87,
    "dma50" : 102.49,
    "dma100" : null,
    "dma200" : 111.18,
    "volume" : 1133740.00
  }, {
    "date" : "2025-02-25",
    "price" : 85.67,
    "dma50" : 101.83,
    "dma100" : null,
    "dma200" : 110.92,
    "volume" : 1126042.00
  }, {
    "date" : "2025-02-27",
    "price" : 82.56,
    "dma50" : 101.08,
    "dma100" : null,
    "dma200" : 110.64,
    "volume" : 1207578.00
  }, {
    "date" : "2025-02-28",
    "price" : 78.09,
    "dma50" : 100.18,
    "dma100" : null,
    "dma200" : 110.32,
    "volume" : 2108636.00
  }, {
    "date" : "2025-03-03",
    "price" : 78.98,
    "dma50" : 99.35,
    "dma100" : null,
    "dma200" : 110.00,
    "volume" : 3081453.00
  }, {
    "date" : "2025-03-04",
    "price" : 79.53,
    "dma50" : 98.57,
    "dma100" : null,
    "dma200" : 109.70,
    "volume" : 1788687.00
  }, {
    "date" : "2025-03-05",
    "price" : 81.81,
    "dma50" : 97.91,
    "dma100" : null,
    "dma200" : 109.42,
    "volume" : 1456056.00
  }, {
    "date" : "2025-03-06",
    "price" : 82.94,
    "dma50" : 97.32,
    "dma100" : null,
    "dma200" : 109.16,
    "volume" : 1363120.00
  }, {
    "date" : "2025-03-07",
    "price" : 83.38,
    "dma50" : 96.78,
    "dma100" : null,
    "dma200" : 108.90,
    "volume" : 1466173.00
  }, {
    "date" : "2025-03-10",
    "price" : 79.78,
    "dma50" : 96.11,
    "dma100" : null,
    "dma200" : 108.61,
    "volume" : 1304547.00
  }, {
    "date" : "2025-03-11",
    "price" : 78.35,
    "dma50" : 95.41,
    "dma100" : null,
    "dma200" : 108.31,
    "volume" : 1401964.00
  }, {
    "date" : "2025-03-12",
    "price" : 77.74,
    "dma50" : 94.72,
    "dma100" : null,
    "dma200" : 108.01,
    "volume" : 1070401.00
  }, {
    "date" : "2025-03-13",
    "price" : 77.59,
    "dma50" : 94.05,
    "dma100" : null,
    "dma200" : 107.70,
    "volume" : 1172975.00
  }, {
    "date" : "2025-03-17",
    "price" : 75.62,
    "dma50" : 93.33,
    "dma100" : null,
    "dma200" : 107.39,
    "volume" : 1184638.00
  }, {
    "date" : "2025-03-18",
    "price" : 79.30,
    "dma50" : 92.78,
    "dma100" : null,
    "dma200" : 107.11,
    "volume" : 2388674.00
  }, {
    "date" : "2025-03-19",
    "price" : 83.76,
    "dma50" : 92.42,
    "dma100" : null,
    "dma200" : 106.87,
    "volume" : 2705088.00
  }, {
    "date" : "2025-03-20",
    "price" : 83.60,
    "dma50" : 92.08,
    "dma100" : null,
    "dma200" : 106.64,
    "volume" : 2228129.00
  }, {
    "date" : "2025-03-21",
    "price" : 84.09,
    "dma50" : 91.76,
    "dma100" : null,
    "dma200" : 106.42,
    "volume" : 3102023.00
  }, {
    "date" : "2025-03-24",
    "price" : 85.44,
    "dma50" : 91.52,
    "dma100" : null,
    "dma200" : 106.21,
    "volume" : 3181651.00
  }, {
    "date" : "2025-03-25",
    "price" : 82.93,
    "dma50" : 91.18,
    "dma100" : null,
    "dma200" : 105.98,
    "volume" : 2057749.00
  }, {
    "date" : "2025-03-26",
    "price" : 80.57,
    "dma50" : 90.76,
    "dma100" : null,
    "dma200" : 105.72,
    "volume" : 1713802.00
  }, {
    "date" : "2025-03-27",
    "price" : 83.05,
    "dma50" : 90.46,
    "dma100" : null,
    "dma200" : 105.50,
    "volume" : 3417743.00
  }, {
    "date" : "2025-03-28",
    "price" : 80.38,
    "dma50" : 90.07,
    "dma100" : null,
    "dma200" : 105.25,
    "volume" : 2336112.00
  }, {
    "date" : "2025-04-01",
    "price" : 82.51,
    "dma50" : 89.77,
    "dma100" : null,
    "dma200" : 105.02,
    "volume" : 1556780.00
  }, {
    "date" : "2025-04-02",
    "price" : 82.44,
    "dma50" : 89.48,
    "dma100" : null,
    "dma200" : 104.80,
    "volume" : 1262645.00
  }, {
    "date" : "2025-04-03",
    "price" : 83.04,
    "dma50" : 89.23,
    "dma100" : null,
    "dma200" : 104.58,
    "volume" : 2712047.00
  }, {
    "date" : "2025-04-04",
    "price" : 78.57,
    "dma50" : 88.81,
    "dma100" : null,
    "dma200" : 104.32,
    "volume" : 2328456.00
  }, {
    "date" : "2025-04-07",
    "price" : 74.51,
    "dma50" : 88.25,
    "dma100" : null,
    "dma200" : 104.03,
    "volume" : 3109875.00
  }, {
    "date" : "2025-04-08",
    "price" : 76.74,
    "dma50" : 87.80,
    "dma100" : null,
    "dma200" : 103.75,
    "volume" : 1572576.00
  }, {
    "date" : "2025-04-09",
    "price" : 75.97,
    "dma50" : 87.33,
    "dma100" : null,
    "dma200" : 103.48,
    "volume" : 1342126.00
  }, {
    "date" : "2025-04-11",
    "price" : 78.28,
    "dma50" : 86.98,
    "dma100" : null,
    "dma200" : 103.23,
    "volume" : 1893026.00
  }, {
    "date" : "2025-04-15",
    "price" : 81.67,
    "dma50" : 86.77,
    "dma100" : null,
    "dma200" : 103.01,
    "volume" : 3551963.00
  }, {
    "date" : "2025-04-16",
    "price" : 81.85,
    "dma50" : 86.58,
    "dma100" : null,
    "dma200" : 102.80,
    "volume" : 2413826.00
  }, {
    "date" : "2025-04-17",
    "price" : 85.38,
    "dma50" : 86.53,
    "dma100" : null,
    "dma200" : 102.63,
    "volume" : 11787232.00
  }, {
    "date" : "2025-04-21",
    "price" : 89.43,
    "dma50" : 86.65,
    "dma100" : null,
    "dma200" : 102.50,
    "volume" : 8359622.00
  }, {
    "date" : "2025-04-22",
    "price" : 88.86,
    "dma50" : 86.73,
    "dma100" : null,
    "dma200" : 102.36,
    "volume" : 3119647.00
  }, {
    "date" : "2025-04-23",
    "price" : 88.50,
    "dma50" : 86.80,
    "dma100" : null,
    "dma200" : 102.22,
    "volume" : 3302180.00
  }, {
    "date" : "2025-04-24",
    "price" : 89.08,
    "dma50" : 86.89,
    "dma100" : null,
    "dma200" : 102.09,
    "volume" : 3504578.00
  }, {
    "date" : "2025-04-25",
    "price" : 84.71,
    "dma50" : 86.81,
    "dma100" : null,
    "dma200" : 101.92,
    "volume" : 3883098.00
  }, {
    "date" : "2025-04-28",
    "price" : 86.20,
    "dma50" : 86.78,
    "dma100" : null,
    "dma200" : 101.76,
    "volume" : 2964542.00
  }, {
    "date" : "2025-04-29",
    "price" : 85.84,
    "dma50" : 86.74,
    "dma100" : null,
    "dma200" : 101.61,
    "volume" : 2166007.00
  }, {
    "date" : "2025-04-30",
    "price" : 84.74,
    "dma50" : 86.67,
    "dma100" : null,
    "dma200" : 101.44,
    "volume" : 1921070.00
  }, {
    "date" : "2025-05-02",
    "price" : 84.28,
    "dma50" : 86.57,
    "dma100" : null,
    "dma200" : 101.27,
    "volume" : 1931510.00
  }, {
    "date" : "2025-05-05",
    "price" : 86.06,
    "dma50" : 86.55,
    "dma100" : null,
    "dma200" : 101.12,
    "volume" : 1979498.00
  }, {
    "date" : "2025-05-06",
    "price" : 83.10,
    "dma50" : 86.42,
    "dma100" : null,
    "dma200" : 100.94,
    "volume" : 2925727.00
  }, {
    "date" : "2025-05-07",
    "price" : 83.73,
    "dma50" : 86.31,
    "dma100" : null,
    "dma200" : 100.77,
    "volume" : 2071705.00
  }, {
    "date" : "2025-05-08",
    "price" : 82.54,
    "dma50" : 86.16,
    "dma100" : null,
    "dma200" : 100.58,
    "volume" : 1854666.00
  }, {
    "date" : "2025-05-09",
    "price" : 81.34,
    "dma50" : 85.97,
    "dma100" : null,
    "dma200" : 100.39,
    "volume" : 1780348.00
  }, {
    "date" : "2025-05-12",
    "price" : 87.75,
    "dma50" : 86.04,
    "dma100" : null,
    "dma200" : 100.27,
    "volume" : 3454006.00
  }, {
    "date" : "2025-05-13",
    "price" : 87.78,
    "dma50" : 86.11,
    "dma100" : null,
    "dma200" : 100.14,
    "volume" : 2267875.00
  }, {
    "date" : "2025-05-14",
    "price" : 90.21,
    "dma50" : 86.27,
    "dma100" : null,
    "dma200" : 100.04,
    "volume" : 3202048.00
  }, {
    "date" : "2025-05-15",
    "price" : 95.25,
    "dma50" : 86.62,
    "dma100" : null,
    "dma200" : 100.00,
    "volume" : 16740630.00
  }, {
    "date" : "2025-05-16",
    "price" : 97.08,
    "dma50" : 87.03,
    "dma100" : null,
    "dma200" : 99.97,
    "volume" : 5849290.00
  }, {
    "date" : "2025-05-19",
    "price" : 97.06,
    "dma50" : 87.43,
    "dma100" : null,
    "dma200" : 99.94,
    "volume" : 4647594.00
  }, {
    "date" : "2025-05-20",
    "price" : 97.49,
    "dma50" : 87.82,
    "dma100" : null,
    "dma200" : 99.91,
    "volume" : 7038964.00
  }, {
    "date" : "2025-05-21",
    "price" : 96.52,
    "dma50" : 88.16,
    "dma100" : null,
    "dma200" : 99.88,
    "volume" : 3362189.00
  }, {
    "date" : "2025-05-22",
    "price" : 97.12,
    "dma50" : 88.51,
    "dma100" : null,
    "dma200" : 99.85,
    "volume" : 2945904.00
  }, {
    "date" : "2025-05-23",
    "price" : 97.39,
    "dma50" : 88.86,
    "dma100" : null,
    "dma200" : 99.83,
    "volume" : 2882614.00
  }, {
    "date" : "2025-05-26",
    "price" : 99.03,
    "dma50" : 89.26,
    "dma100" : null,
    "dma200" : 99.82,
    "volume" : 3791478.00
  }, {
    "date" : "2025-05-27",
    "price" : 101.31,
    "dma50" : 89.73,
    "dma100" : null,
    "dma200" : 99.83,
    "volume" : 7946515.00
  }, {
    "date" : "2025-05-28",
    "price" : 100.09,
    "dma50" : 90.14,
    "dma100" : null,
    "dma200" : 99.84,
    "volume" : 2984641.00
  }, {
    "date" : "2025-05-29",
    "price" : 100.37,
    "dma50" : 90.54,
    "dma100" : null,
    "dma200" : 99.84,
    "volume" : 1894289.00
  }, {
    "date" : "2025-05-30",
    "price" : 98.30,
    "dma50" : 90.85,
    "dma100" : null,
    "dma200" : 99.83,
    "volume" : 2324483.00
  }, {
    "date" : "2025-06-02",
    "price" : 99.18,
    "dma50" : 91.17,
    "dma100" : null,
    "dma200" : 99.82,
    "volume" : 2300475.00
  }, {
    "date" : "2025-06-03",
    "price" : 107.32,
    "dma50" : 91.81,
    "dma100" : null,
    "dma200" : 99.90,
    "volume" : 33433458.00
  }, {
    "date" : "2025-06-04",
    "price" : 107.88,
    "dma50" : 92.44,
    "dma100" : null,
    "dma200" : 99.97,
    "volume" : 6986139.00
  }, {
    "date" : "2025-06-05",
    "price" : 107.53,
    "dma50" : 93.03,
    "dma100" : null,
    "dma200" : 100.05,
    "volume" : 8298081.00
  }, {
    "date" : "2025-06-06",
    "price" : 108.26,
    "dma50" : 93.63,
    "dma100" : null,
    "dma200" : 100.13,
    "volume" : 4765244.00
  }, {
    "date" : "2025-06-09",
    "price" : 108.13,
    "dma50" : 94.19,
    "dma100" : null,
    "dma200" : 100.21,
    "volume" : 3818088.00
  }, {
    "date" : "2025-06-10",
    "price" : 107.77,
    "dma50" : 94.73,
    "dma100" : null,
    "dma200" : 100.29,
    "volume" : 2674928.00
  }, {
    "date" : "2025-06-11",
    "price" : 107.10,
    "dma50" : 95.21,
    "dma100" : null,
    "dma200" : 100.35,
    "volume" : 3021253.00
  }, {
    "date" : "2025-06-12",
    "price" : 103.50,
    "dma50" : 95.54,
    "dma100" : null,
    "dma200" : 100.39,
    "volume" : 3408373.00
  }, {
    "date" : "2025-06-13",
    "price" : 101.30,
    "dma50" : 95.76,
    "dma100" : null,
    "dma200" : 100.39,
    "volume" : 3242901.00
  }, {
    "date" : "2025-06-16",
    "price" : 101.36,
    "dma50" : 95.98,
    "dma100" : null,
    "dma200" : 100.40,
    "volume" : 3214266.00
  }, {
    "date" : "2025-06-17",
    "price" : 100.12,
    "dma50" : 96.14,
    "dma100" : 91.06,
    "dma200" : 100.40,
    "volume" : 2407989.00
  }, {
    "date" : "2025-06-18",
    "price" : 98.82,
    "dma50" : 96.25,
    "dma100" : 90.96,
    "dma200" : 100.39,
    "volume" : 1755207.00
  }, {
    "date" : "2025-06-19",
    "price" : 95.79,
    "dma50" : 96.23,
    "dma100" : 90.84,
    "dma200" : 100.34,
    "volume" : 2284201.00
  }, {
    "date" : "2025-06-20",
    "price" : 98.35,
    "dma50" : 96.31,
    "dma100" : 90.73,
    "dma200" : 100.32,
    "volume" : 2130665.00
  }, {
    "date" : "2025-06-23",
    "price" : 98.61,
    "dma50" : 96.40,
    "dma100" : 90.66,
    "dma200" : 100.30,
    "volume" : 1828819.00
  }, {
    "date" : "2025-06-24",
    "price" : 100.26,
    "dma50" : 96.56,
    "dma100" : 90.64,
    "dma200" : 100.30,
    "volume" : 2098084.00
  }, {
    "date" : "2025-06-25",
    "price" : 100.96,
    "dma50" : 96.73,
    "dma100" : 90.66,
    "dma200" : 100.31,
    "volume" : 2138176.00
  }, {
    "date" : "2025-06-26",
    "price" : 100.43,
    "dma50" : 96.87,
    "dma100" : 90.63,
    "dma200" : 100.31,
    "volume" : 1518198.00
  }, {
    "date" : "2025-06-27",
    "price" : 100.90,
    "dma50" : 97.03,
    "dma100" : 90.59,
    "dma200" : 100.32,
    "volume" : 1801489.00
  }, {
    "date" : "2025-06-30",
    "price" : 101.02,
    "dma50" : 97.19,
    "dma100" : 90.53,
    "dma200" : 100.32,
    "volume" : 1759438.00
  }, {
    "date" : "2025-07-01",
    "price" : 101.04,
    "dma50" : 97.34,
    "dma100" : 90.48,
    "dma200" : 100.33,
    "volume" : 1434595.00
  }, {
    "date" : "2025-07-02",
    "price" : 99.66,
    "dma50" : 97.43,
    "dma100" : 90.47,
    "dma200" : 100.32,
    "volume" : 1402261.00
  }, {
    "date" : "2025-07-03",
    "price" : 100.30,
    "dma50" : 97.54,
    "dma100" : 90.45,
    "dma200" : 100.32,
    "volume" : 1876037.00
  }, {
    "date" : "2025-07-04",
    "price" : 99.78,
    "dma50" : 97.63,
    "dma100" : 90.41,
    "dma200" : 100.32,
    "volume" : 1521469.00
  }, {
    "date" : "2025-07-07",
    "price" : 98.79,
    "dma50" : 97.68,
    "dma100" : 90.37,
    "dma200" : 100.30,
    "volume" : 923580.00
  }, {
    "date" : "2025-07-08",
    "price" : 99.17,
    "dma50" : 97.73,
    "dma100" : 90.34,
    "dma200" : 100.29,
    "volume" : 995222.00
  }, {
    "date" : "2025-07-09",
    "price" : 98.72,
    "dma50" : 97.77,
    "dma100" : 90.34,
    "dma200" : 100.28,
    "volume" : 794902.00
  }, {
    "date" : "2025-07-10",
    "price" : 98.65,
    "dma50" : 97.81,
    "dma100" : 90.41,
    "dma200" : 100.26,
    "volume" : 842567.00
  }, {
    "date" : "2025-07-11",
    "price" : 97.37,
    "dma50" : 97.79,
    "dma100" : 90.48,
    "dma200" : 100.23,
    "volume" : 1013995.00
  }, {
    "date" : "2025-07-14",
    "price" : 96.79,
    "dma50" : 97.75,
    "dma100" : 90.55,
    "dma200" : 100.20,
    "volume" : 819590.00
  }, {
    "date" : "2025-07-15",
    "price" : 99.88,
    "dma50" : 97.83,
    "dma100" : 90.69,
    "dma200" : 100.19,
    "volume" : 4765499.00
  }, {
    "date" : "2025-07-16",
    "price" : 100.00,
    "dma50" : 97.92,
    "dma100" : 90.83,
    "dma200" : 100.19,
    "volume" : 1310757.00
  }, {
    "date" : "2025-07-17",
    "price" : 99.18,
    "dma50" : 97.97,
    "dma100" : 90.98,
    "dma200" : 100.18,
    "volume" : 646424.00
  }, {
    "date" : "2025-07-18",
    "price" : 98.28,
    "dma50" : 97.98,
    "dma100" : 91.09,
    "dma200" : 100.16,
    "volume" : 733103.00
  }, {
    "date" : "2025-07-21",
    "price" : 98.25,
    "dma50" : 97.99,
    "dma100" : 91.20,
    "dma200" : 100.14,
    "volume" : 1544213.00
  }, {
    "date" : "2025-07-22",
    "price" : 97.95,
    "dma50" : 97.99,
    "dma100" : 91.32,
    "dma200" : 100.12,
    "volume" : 801252.00
  }, {
    "date" : "2025-07-23",
    "price" : 97.69,
    "dma50" : 97.98,
    "dma100" : 91.43,
    "dma200" : 100.10,
    "volume" : 868342.00
  }, {
    "date" : "2025-07-24",
    "price" : 100.93,
    "dma50" : 98.09,
    "dma100" : 91.59,
    "dma200" : 100.11,
    "volume" : 7838537.00
  }, {
    "date" : "2025-07-25",
    "price" : 98.87,
    "dma50" : 98.12,
    "dma100" : 91.75,
    "dma200" : 100.09,
    "volume" : 4051729.00
  }, {
    "date" : "2025-07-28",
    "price" : 96.89,
    "dma50" : 98.08,
    "dma100" : 91.94,
    "dma200" : 100.06,
    "volume" : 2033467.00
  }, {
    "date" : "2025-07-29",
    "price" : 98.32,
    "dma50" : 98.09,
    "dma100" : 92.13,
    "dma200" : 100.04,
    "volume" : 2243739.00
  }, {
    "date" : "2025-07-30",
    "price" : 99.58,
    "dma50" : 98.14,
    "dma100" : 92.33,
    "dma200" : 100.04,
    "volume" : 2919363.00
  }, {
    "date" : "2025-07-31",
    "price" : 97.69,
    "dma50" : 98.13,
    "dma100" : 92.49,
    "dma200" : 100.02,
    "volume" : 1327900.00
  }, {
    "date" : "2025-08-01",
    "price" : 94.37,
    "dma50" : 97.98,
    "dma100" : 92.60,
    "dma200" : 99.96,
    "volume" : 1765385.00
  }, {
    "date" : "2025-08-04",
    "price" : 95.26,
    "dma50" : 97.87,
    "dma100" : 92.72,
    "dma200" : 99.91,
    "volume" : 1237472.00
  }, {
    "date" : "2025-08-05",
    "price" : 96.82,
    "dma50" : 97.83,
    "dma100" : 92.89,
    "dma200" : 99.88,
    "volume" : 2245074.00
  }, {
    "date" : "2025-08-06",
    "price" : 95.28,
    "dma50" : 97.73,
    "dma100" : 93.06,
    "dma200" : 99.84,
    "volume" : 1367884.00
  }, {
    "date" : "2025-08-07",
    "price" : 92.78,
    "dma50" : 97.54,
    "dma100" : 93.21,
    "dma200" : 99.77,
    "volume" : 1908681.00
  }, {
    "date" : "2025-08-08",
    "price" : 93.03,
    "dma50" : 97.36,
    "dma100" : 93.37,
    "dma200" : 99.70,
    "volume" : 1477512.00
  }, {
    "date" : "2025-08-11",
    "price" : 93.10,
    "dma50" : 97.19,
    "dma100" : 93.54,
    "dma200" : 99.63,
    "volume" : 899372.00
  }, {
    "date" : "2025-08-12",
    "price" : 92.31,
    "dma50" : 97.00,
    "dma100" : 93.67,
    "dma200" : 99.56,
    "volume" : 1561141.00
  }, {
    "date" : "2025-08-13",
    "price" : 93.15,
    "dma50" : 96.85,
    "dma100" : 93.77,
    "dma200" : 99.50,
    "volume" : 1227703.00
  }, {
    "date" : "2025-08-14",
    "price" : 91.77,
    "dma50" : 96.65,
    "dma100" : 93.85,
    "dma200" : 99.42,
    "volume" : 803886.00
  }, {
    "date" : "2025-08-18",
    "price" : 90.45,
    "dma50" : 96.41,
    "dma100" : 93.91,
    "dma200" : 99.33,
    "volume" : 1672418.00
  }, {
    "date" : "2025-08-19",
    "price" : 92.11,
    "dma50" : 96.24,
    "dma100" : 93.98,
    "dma200" : 99.26,
    "volume" : 2557750.00
  }, {
    "date" : "2025-08-20",
    "price" : 96.89,
    "dma50" : 96.27,
    "dma100" : 94.12,
    "dma200" : 99.24,
    "volume" : 5620943.00
  }, {
    "date" : "2025-08-21",
    "price" : 97.22,
    "dma50" : 96.30,
    "dma100" : 94.28,
    "dma200" : 99.22,
    "volume" : 2499522.00
  }, {
    "date" : "2025-08-22",
    "price" : 98.19,
    "dma50" : 96.38,
    "dma100" : 94.44,
    "dma200" : 99.21,
    "volume" : 3539671.00
  }, {
    "date" : "2025-08-25",
    "price" : 97.53,
    "dma50" : 96.42,
    "dma100" : 94.61,
    "dma200" : 99.19,
    "volume" : 1377551.00
  }, {
    "date" : "2025-08-26",
    "price" : 94.92,
    "dma50" : 96.36,
    "dma100" : 94.73,
    "dma200" : 99.15,
    "volume" : 1052505.00
  }, {
    "date" : "2025-08-28",
    "price" : 95.61,
    "dma50" : 96.33,
    "dma100" : 94.86,
    "dma200" : 99.11,
    "volume" : 1059624.00
  }, {
    "date" : "2025-08-29",
    "price" : 96.29,
    "dma50" : 96.33,
    "dma100" : 95.00,
    "dma200" : 99.08,
    "volume" : 1828713.00
  }, {
    "date" : "2025-09-01",
    "price" : 97.68,
    "dma50" : 96.38,
    "dma100" : 95.19,
    "dma200" : 99.07,
    "volume" : 1564724.00
  }, {
    "date" : "2025-09-02",
    "price" : 98.08,
    "dma50" : 96.45,
    "dma100" : 95.42,
    "dma200" : 99.06,
    "volume" : 3960957.00
  }, {
    "date" : "2025-09-03",
    "price" : 100.70,
    "dma50" : 96.62,
    "dma100" : 95.66,
    "dma200" : 99.08,
    "volume" : 3478457.00
  }, {
    "date" : "2025-09-04",
    "price" : 99.14,
    "dma50" : 96.72,
    "dma100" : 95.89,
    "dma200" : 99.08,
    "volume" : 3258693.00
  }, {
    "date" : "2025-09-05",
    "price" : 98.91,
    "dma50" : 96.80,
    "dma100" : 96.10,
    "dma200" : 99.07,
    "volume" : 1128357.00
  }, {
    "date" : "2025-09-08",
    "price" : 98.63,
    "dma50" : 96.87,
    "dma100" : 96.27,
    "dma200" : 99.07,
    "volume" : 716074.00
  }, {
    "date" : "2025-09-09",
    "price" : 97.63,
    "dma50" : 96.90,
    "dma100" : 96.43,
    "dma200" : 99.06,
    "volume" : 866257.00
  }, {
    "date" : "2025-09-10",
    "price" : 97.79,
    "dma50" : 96.94,
    "dma100" : 96.55,
    "dma200" : 99.04,
    "volume" : 921972.00
  }, {
    "date" : "2025-09-11",
    "price" : 98.63,
    "dma50" : 97.00,
    "dma100" : 96.64,
    "dma200" : 99.04,
    "volume" : 1462114.00
  }, {
    "date" : "2025-09-12",
    "price" : 97.58,
    "dma50" : 97.03,
    "dma100" : 96.73,
    "dma200" : 99.02,
    "volume" : 873154.00
  }, {
    "date" : "2025-09-15",
    "price" : 99.00,
    "dma50" : 97.10,
    "dma100" : 96.84,
    "dma200" : 99.02,
    "volume" : 2497973.00
  }, {
    "date" : "2025-09-16",
    "price" : 99.36,
    "dma50" : 97.19,
    "dma100" : 96.94,
    "dma200" : 99.03,
    "volume" : 1578617.00
  }, {
    "date" : "2025-09-17",
    "price" : 99.21,
    "dma50" : 97.27,
    "dma100" : 97.08,
    "dma200" : 99.03,
    "volume" : 1124626.00
  }, {
    "date" : "2025-09-18",
    "price" : 98.45,
    "dma50" : 97.32,
    "dma100" : 97.21,
    "dma200" : 99.02,
    "volume" : 844216.00
  }, {
    "date" : "2025-09-19",
    "price" : 98.39,
    "dma50" : 97.36,
    "dma100" : 97.33,
    "dma200" : 99.02,
    "volume" : 1174547.00
  }, {
    "date" : "2025-09-22",
    "price" : 96.97,
    "dma50" : 97.35,
    "dma100" : 97.45,
    "dma200" : 99.00,
    "volume" : 1169388.00
  }, {
    "date" : "2025-09-23",
    "price" : 95.81,
    "dma50" : 97.29,
    "dma100" : 97.57,
    "dma200" : 98.97,
    "volume" : 845409.00
  }, {
    "date" : "2025-09-24",
    "price" : 96.11,
    "dma50" : 97.24,
    "dma100" : 97.67,
    "dma200" : 98.94,
    "volume" : 1137328.00
  }, {
    "date" : "2025-09-25",
    "price" : 95.24,
    "dma50" : 97.16,
    "dma100" : 97.79,
    "dma200" : 98.90,
    "volume" : 731514.00
  }, {
    "date" : "2025-09-26",
    "price" : 92.27,
    "dma50" : 96.97,
    "dma100" : 97.88,
    "dma200" : 98.83,
    "volume" : 1136911.00
  }, {
    "date" : "2025-09-29",
    "price" : 92.46,
    "dma50" : 96.79,
    "dma100" : 97.98,
    "dma200" : 98.77,
    "volume" : 981594.00
  }, {
    "date" : "2025-09-30",
    "price" : 92.03,
    "dma50" : 96.61,
    "dma100" : 98.08,
    "dma200" : 98.70,
    "volume" : 878056.00
  }, {
    "date" : "2025-10-01",
    "price" : 92.99,
    "dma50" : 96.46,
    "dma100" : 98.14,
    "dma200" : 98.65,
    "volume" : 611200.00
  }, {
    "date" : "2025-10-03",
    "price" : 95.43,
    "dma50" : 96.42,
    "dma100" : 98.21,
    "dma200" : 98.61,
    "volume" : 1255828.00
  }, {
    "date" : "2025-10-06",
    "price" : 94.48,
    "dma50" : 96.35,
    "dma100" : 98.25,
    "dma200" : 98.57,
    "volume" : 575153.00
  }, {
    "date" : "2025-10-07",
    "price" : 93.79,
    "dma50" : 96.25,
    "dma100" : 98.24,
    "dma200" : 98.53,
    "volume" : 575343.00
  }, {
    "date" : "2025-10-08",
    "price" : 92.98,
    "dma50" : 96.12,
    "dma100" : 98.20,
    "dma200" : 98.47,
    "volume" : 515926.00
  }, {
    "date" : "2025-10-09",
    "price" : 92.90,
    "dma50" : 95.99,
    "dma100" : 98.16,
    "dma200" : 98.42,
    "volume" : 538680.00
  }, {
    "date" : "2025-10-10",
    "price" : 93.35,
    "dma50" : 95.89,
    "dma100" : 98.12,
    "dma200" : 98.37,
    "volume" : 448157.00
  }, {
    "date" : "2025-10-13",
    "price" : 93.77,
    "dma50" : 95.81,
    "dma100" : 98.09,
    "dma200" : 98.32,
    "volume" : 636188.00
  }, {
    "date" : "2025-10-14",
    "price" : 92.57,
    "dma50" : 95.68,
    "dma100" : 98.04,
    "dma200" : 98.26,
    "volume" : 746295.00
  }, {
    "date" : "2025-10-15",
    "price" : 95.16,
    "dma50" : 95.66,
    "dma100" : 98.02,
    "dma200" : 98.23,
    "volume" : 940836.00
  }, {
    "date" : "2025-10-16",
    "price" : 96.06,
    "dma50" : 95.67,
    "dma100" : 97.99,
    "dma200" : 98.21,
    "volume" : 1711867.00
  }, {
    "date" : "2025-10-17",
    "price" : 93.29,
    "dma50" : 95.58,
    "dma100" : 97.91,
    "dma200" : 98.16,
    "volume" : 579241.00
  }, {
    "date" : "2025-10-20",
    "price" : 93.54,
    "dma50" : 95.50,
    "dma100" : 97.85,
    "dma200" : 98.11,
    "volume" : 600964.00
  }, {
    "date" : "2025-10-21",
    "price" : 94.53,
    "dma50" : 95.46,
    "dma100" : 97.79,
    "dma200" : 98.08,
    "volume" : 191376.00
  }, {
    "date" : "2025-10-23",
    "price" : 94.15,
    "dma50" : 95.41,
    "dma100" : 97.75,
    "dma200" : 98.04,
    "volume" : 534165.00
  }, {
    "date" : "2025-10-24",
    "price" : 93.75,
    "dma50" : 95.35,
    "dma100" : 97.69,
    "dma200" : 98.00,
    "volume" : 338986.00
  }, {
    "date" : "2025-10-27",
    "price" : 93.48,
    "dma50" : 95.27,
    "dma100" : 97.55,
    "dma200" : 97.95,
    "volume" : 418334.00
  }, {
    "date" : "2025-10-28",
    "price" : 95.06,
    "dma50" : 95.26,
    "dma100" : 97.42,
    "dma200" : 97.92,
    "volume" : 2289406.00
  }, {
    "date" : "2025-10-29",
    "price" : 95.07,
    "dma50" : 95.26,
    "dma100" : 97.30,
    "dma200" : 97.90,
    "volume" : 890791.00
  }, {
    "date" : "2025-10-30",
    "price" : 94.89,
    "dma50" : 95.24,
    "dma100" : 97.17,
    "dma200" : 97.87,
    "volume" : 745763.00
  }, {
    "date" : "2025-10-31",
    "price" : 93.45,
    "dma50" : 95.17,
    "dma100" : 97.02,
    "dma200" : 97.82,
    "volume" : 777536.00
  }, {
    "date" : "2025-11-03",
    "price" : 94.42,
    "dma50" : 95.14,
    "dma100" : 96.89,
    "dma200" : 97.79,
    "volume" : 789473.00
  }, {
    "date" : "2025-11-04",
    "price" : 95.45,
    "dma50" : 95.15,
    "dma100" : 96.77,
    "dma200" : 97.76,
    "volume" : 900035.00
  }, {
    "date" : "2025-11-06",
    "price" : 93.18,
    "dma50" : 95.08,
    "dma100" : 96.67,
    "dma200" : 97.72,
    "volume" : 557203.00
  }, {
    "date" : "2025-11-07",
    "price" : 92.61,
    "dma50" : 94.98,
    "dma100" : 96.58,
    "dma200" : 97.67,
    "volume" : 615189.00
  }, {
    "date" : "2025-11-10",
    "price" : 92.24,
    "dma50" : 94.87,
    "dma100" : 96.49,
    "dma200" : 97.61,
    "volume" : 445610.00
  }, {
    "date" : "2025-11-11",
    "price" : 92.41,
    "dma50" : 94.78,
    "dma100" : 96.41,
    "dma200" : 97.56,
    "volume" : 770125.00
  }, {
    "date" : "2025-11-12",
    "price" : 92.81,
    "dma50" : 94.70,
    "dma100" : 96.35,
    "dma200" : 97.51,
    "volume" : 996645.00
  }, {
    "date" : "2025-11-13",
    "price" : 92.58,
    "dma50" : 94.62,
    "dma100" : 96.32,
    "dma200" : 97.47,
    "volume" : 974100.00
  }, {
    "date" : "2025-11-14",
    "price" : 92.19,
    "dma50" : 94.52,
    "dma100" : 96.26,
    "dma200" : 97.41,
    "volume" : 343071.00
  }, {
    "date" : "2025-11-17",
    "price" : 92.21,
    "dma50" : 94.43,
    "dma100" : 96.19,
    "dma200" : 97.36,
    "volume" : 481107.00
  }, {
    "date" : "2025-11-18",
    "price" : 91.84,
    "dma50" : 94.33,
    "dma100" : 96.11,
    "dma200" : 97.31,
    "volume" : 1070962.00
  }, {
    "date" : "2025-11-19",
    "price" : 90.09,
    "dma50" : 94.16,
    "dma100" : 96.00,
    "dma200" : 97.23,
    "volume" : 894482.00
  }, {
    "date" : "2025-11-20",
    "price" : 89.30,
    "dma50" : 93.97,
    "dma100" : 95.89,
    "dma200" : 97.16,
    "volume" : 687514.00
  }, {
    "date" : "2025-11-21",
    "price" : 88.58,
    "dma50" : 93.76,
    "dma100" : 95.77,
    "dma200" : 97.07,
    "volume" : 529502.00
  }, {
    "date" : "2025-11-24",
    "price" : 86.42,
    "dma50" : 93.47,
    "dma100" : 95.62,
    "dma200" : 96.96,
    "volume" : 588454.00
  }, {
    "date" : "2025-11-25",
    "price" : 83.29,
    "dma50" : 93.07,
    "dma100" : 95.44,
    "dma200" : 96.83,
    "volume" : 988115.00
  }, {
    "date" : "2025-11-26",
    "price" : 85.16,
    "dma50" : 92.76,
    "dma100" : 95.30,
    "dma200" : 96.71,
    "volume" : 729187.00
  }, {
    "date" : "2025-11-27",
    "price" : 85.03,
    "dma50" : 92.46,
    "dma100" : 95.14,
    "dma200" : 96.60,
    "volume" : 544312.00
  }, {
    "date" : "2025-11-28",
    "price" : 85.07,
    "dma50" : 92.17,
    "dma100" : 95.00,
    "dma200" : 96.48,
    "volume" : 384819.00
  }, {
    "date" : "2025-12-01",
    "price" : 85.41,
    "dma50" : 91.90,
    "dma100" : 94.86,
    "dma200" : 96.37,
    "volume" : 494825.00
  }, {
    "date" : "2025-12-02",
    "price" : 85.13,
    "dma50" : 91.64,
    "dma100" : 94.72,
    "dma200" : 96.26,
    "volume" : 367454.00
  }, {
    "date" : "2025-12-03",
    "price" : 84.60,
    "dma50" : 91.36,
    "dma100" : 94.58,
    "dma200" : 96.14,
    "volume" : 411754.00
  }, {
    "date" : "2025-12-04",
    "price" : 83.79,
    "dma50" : 91.07,
    "dma100" : 94.43,
    "dma200" : 96.02,
    "volume" : 470796.00
  }, {
    "date" : "2025-12-05",
    "price" : 88.80,
    "dma50" : 90.98,
    "dma100" : 94.35,
    "dma200" : 95.95,
    "volume" : 5797001.00
  }, {
    "date" : "2025-12-08",
    "price" : 85.86,
    "dma50" : 90.78,
    "dma100" : 94.24,
    "dma200" : 95.85,
    "volume" : 1517636.00
  }, {
    "date" : "2025-12-09",
    "price" : 86.33,
    "dma50" : 90.60,
    "dma100" : 94.10,
    "dma200" : 95.75,
    "volume" : 1144256.00
  }, {
    "date" : "2025-12-10",
    "price" : 84.81,
    "dma50" : 90.38,
    "dma100" : 93.95,
    "dma200" : 95.64,
    "volume" : 969422.00
  }, {
    "date" : "2025-12-11",
    "price" : 84.88,
    "dma50" : 90.16,
    "dma100" : 93.81,
    "dma200" : 95.54,
    "volume" : 435055.00
  }, {
    "date" : "2025-12-12",
    "price" : 85.79,
    "dma50" : 89.99,
    "dma100" : 93.68,
    "dma200" : 95.44,
    "volume" : 570637.00
  }, {
    "date" : "2025-12-15",
    "price" : 87.03,
    "dma50" : 89.87,
    "dma100" : 93.57,
    "dma200" : 95.36,
    "volume" : 862697.00
  }, {
    "date" : "2025-12-16",
    "price" : 87.16,
    "dma50" : 89.77,
    "dma100" : 93.46,
    "dma200" : 95.28,
    "volume" : 2472481.00
  }, {
    "date" : "2025-12-17",
    "price" : 86.26,
    "dma50" : 89.63,
    "dma100" : 93.35,
    "dma200" : 95.19,
    "volume" : 475756.00
  }, {
    "date" : "2025-12-18",
    "price" : 85.14,
    "dma50" : 89.45,
    "dma100" : 93.19,
    "dma200" : 95.09,
    "volume" : 432923.00
  }, {
    "date" : "2025-12-19",
    "price" : 85.90,
    "dma50" : 89.31,
    "dma100" : 93.06,
    "dma200" : 94.99,
    "volume" : 422197.00
  }, {
    "date" : "2025-12-22",
    "price" : 87.29,
    "dma50" : 89.23,
    "dma100" : 92.96,
    "dma200" : 94.92,
    "volume" : 565244.00
  }, {
    "date" : "2025-12-23",
    "price" : 88.28,
    "dma50" : 89.20,
    "dma100" : 92.86,
    "dma200" : 94.85,
    "volume" : 1441064.00
  }, {
    "date" : "2025-12-24",
    "price" : 87.64,
    "dma50" : 89.14,
    "dma100" : 92.75,
    "dma200" : 94.78,
    "volume" : 465268.00
  }, {
    "date" : "2025-12-26",
    "price" : 87.74,
    "dma50" : 89.08,
    "dma100" : 92.65,
    "dma200" : 94.71,
    "volume" : 1647636.00
  }, {
    "date" : "2025-12-29",
    "price" : 90.21,
    "dma50" : 89.12,
    "dma100" : 92.60,
    "dma200" : 94.66,
    "volume" : 3572433.00
  }, {
    "date" : "2025-12-30",
    "price" : 90.96,
    "dma50" : 89.20,
    "dma100" : 92.56,
    "dma200" : 94.63,
    "volume" : 4425061.00
  }, {
    "date" : "2025-12-31",
    "price" : 91.51,
    "dma50" : 89.29,
    "dma100" : 92.51,
    "dma200" : 94.60,
    "volume" : 1960196.00
  }, {
    "date" : "2026-01-01",
    "price" : 90.35,
    "dma50" : 89.33,
    "dma100" : 92.46,
    "dma200" : 94.55,
    "volume" : 902430.00
  }, {
    "date" : "2026-01-02",
    "price" : 91.66,
    "dma50" : 89.42,
    "dma100" : 92.45,
    "dma200" : 94.53,
    "volume" : 2048083.00
  }, {
    "date" : "2026-01-05",
    "price" : 89.79,
    "dma50" : 89.44,
    "dma100" : 92.42,
    "dma200" : 94.48,
    "volume" : 1418454.00
  }, {
    "date" : "2026-01-06",
    "price" : 87.67,
    "dma50" : 89.37,
    "dma100" : 92.36,
    "dma200" : 94.41,
    "volume" : 1051516.00
  }, {
    "date" : "2026-01-07",
    "price" : 87.41,
    "dma50" : 89.29,
    "dma100" : 92.31,
    "dma200" : 94.34,
    "volume" : 820952.00
  }, {
    "date" : "2026-01-08",
    "price" : 85.48,
    "dma50" : 89.14,
    "dma100" : 92.23,
    "dma200" : 94.25,
    "volume" : 1722468.00
  }, {
    "date" : "2026-01-09",
    "price" : 83.97,
    "dma50" : 88.94,
    "dma100" : 92.16,
    "dma200" : 94.15,
    "volume" : 796568.00
  }, {
    "date" : "2026-01-12",
    "price" : 83.28,
    "dma50" : 88.72,
    "dma100" : 92.09,
    "dma200" : 94.04,
    "volume" : 930793.00
  }, {
    "date" : "2026-01-13",
    "price" : 83.12,
    "dma50" : 88.50,
    "dma100" : 92.00,
    "dma200" : 93.93,
    "volume" : 628463.00
  }, {
    "date" : "2026-01-14",
    "price" : 83.25,
    "dma50" : 88.29,
    "dma100" : 91.86,
    "dma200" : 93.83,
    "volume" : 1038836.00
  }, {
    "date" : "2026-01-16",
    "price" : 82.74,
    "dma50" : 88.07,
    "dma100" : 91.71,
    "dma200" : 93.72,
    "volume" : 629278.00
  } ],
  "latestTechnicalAttributes" : {
    "date" : "2026-01-16",
    "price" : 82.74,
    "dma50" : 88.07,
    "dma100" : 91.71,
    "dma200" : 93.72,
    "volume" : 629278.00
  },
  "quarterlyResults" : [ {
    "date" : "2005-03-31",
    "sales" : 800.50,
    "salesGrowthYoY" : null,
    "grossProfitMargin" : 28.66,
    "grossProfit" : 229.42,
    "operatingProfitMargin" : 13.38,
    "operatingProfit" : 107.11,
    "netProfitMargin" : 10.69,
    "netProfit" : 85.57
  }, {
    "date" : "2005-06-30",
    "sales" : 689.03,
    "salesGrowthYoY" : null,
    "grossProfitMargin" : 25.83,
    "grossProfit" : 177.98,
    "operatingProfitMargin" : 7.09,
    "operatingProfit" : 48.85,
    "netProfitMargin" : 2.15,
    "netProfit" : 14.81
  }, {
    "date" : "2005-09-30",
    "sales" : 1076.19,
    "salesGrowthYoY" : null,
    "grossProfitMargin" : 23.52,
    "grossProfit" : 253.12,
    "operatingProfitMargin" : 8.68,
    "operatingProfit" : 93.41,
    "netProfitMargin" : 4.37,
    "netProfit" : 47.03
  }, {
    "date" : "2005-12-31",
    "sales" : 1028.14,
    "salesGrowthYoY" : null,
    "grossProfitMargin" : 19.72,
    "grossProfit" : 202.75,
    "operatingProfitMargin" : 8.43,
    "operatingProfit" : 86.67,
    "netProfitMargin" : 3.85,
    "netProfit" : 39.58
  }, {
    "date" : "2006-03-31",
    "sales" : 806.86,
    "salesGrowthYoY" : 0.79,
    "grossProfitMargin" : 27.81,
    "grossProfit" : 224.39,
    "operatingProfitMargin" : 5.32,
    "operatingProfit" : 42.92,
    "netProfitMargin" : 1.09,
    "netProfit" : 8.79
  }, {
    "date" : "2006-06-30",
    "sales" : 833.48,
    "salesGrowthYoY" : 20.96,
    "grossProfitMargin" : 22.97,
    "grossProfit" : 191.45,
    "operatingProfitMargin" : 7.70,
    "operatingProfit" : 64.18,
    "netProfitMargin" : 2.96,
    "netProfit" : 24.67
  }, {
    "date" : "2006-09-30",
    "sales" : 1074.55,
    "salesGrowthYoY" : -0.15,
    "grossProfitMargin" : 18.04,
    "grossProfit" : 193.85,
    "operatingProfitMargin" : 5.47,
    "operatingProfit" : 58.78,
    "netProfitMargin" : 2.38,
    "netProfit" : 25.57
  }, {
    "date" : "2006-12-31",
    "sales" : 1087.27,
    "salesGrowthYoY" : 5.75,
    "grossProfitMargin" : 19.06,
    "grossProfit" : 207.23,
    "operatingProfitMargin" : 7.20,
    "operatingProfit" : 78.28,
    "netProfitMargin" : 3.37,
    "netProfit" : 36.64
  }, {
    "date" : "2007-03-31",
    "sales" : 808.70,
    "salesGrowthYoY" : 0.23,
    "grossProfitMargin" : 28.45,
    "grossProfit" : 230.08,
    "operatingProfitMargin" : 12.09,
    "operatingProfit" : 97.77,
    "netProfitMargin" : 6.18,
    "netProfit" : 49.98
  }, {
    "date" : "2007-06-30",
    "sales" : 820.07,
    "salesGrowthYoY" : -1.61,
    "grossProfitMargin" : 21.36,
    "grossProfit" : 175.17,
    "operatingProfitMargin" : 5.58,
    "operatingProfit" : 45.76,
    "netProfitMargin" : 1.69,
    "netProfit" : 13.86
  }, {
    "date" : "2007-09-30",
    "sales" : 1078.40,
    "salesGrowthYoY" : 0.36,
    "grossProfitMargin" : 24.79,
    "grossProfit" : 267.34,
    "operatingProfitMargin" : 6.16,
    "operatingProfit" : 66.43,
    "netProfitMargin" : 3.72,
    "netProfit" : 40.12
  }, {
    "date" : "2007-12-31",
    "sales" : 1166.81,
    "salesGrowthYoY" : 7.32,
    "grossProfitMargin" : 20.32,
    "grossProfit" : 237.10,
    "operatingProfitMargin" : 6.69,
    "operatingProfit" : 78.06,
    "netProfitMargin" : 4.03,
    "netProfit" : 47.02
  }, {
    "date" : "2008-03-31",
    "sales" : 1075.37,
    "salesGrowthYoY" : 32.98,
    "grossProfitMargin" : 92.89,
    "grossProfit" : 998.91,
    "operatingProfitMargin" : 0.60,
    "operatingProfit" : 6.45,
    "netProfitMargin" : 0.71,
    "netProfit" : 7.64
  }, {
    "date" : "2008-06-30",
    "sales" : 1127.89,
    "salesGrowthYoY" : 37.54,
    "grossProfitMargin" : 25.83,
    "grossProfit" : 291.33,
    "operatingProfitMargin" : 7.33,
    "operatingProfit" : 82.67,
    "netProfitMargin" : 3.18,
    "netProfit" : 35.87
  }, {
    "date" : "2008-09-30",
    "sales" : 1832.86,
    "salesGrowthYoY" : 69.96,
    "grossProfitMargin" : 15.48,
    "grossProfit" : 283.73,
    "operatingProfitMargin" : 7.28,
    "operatingProfit" : 133.43,
    "netProfitMargin" : 3.13,
    "netProfit" : 57.37
  }, {
    "date" : "2008-12-31",
    "sales" : 1266.91,
    "salesGrowthYoY" : 8.58,
    "grossProfitMargin" : 18.08,
    "grossProfit" : 229.06,
    "operatingProfitMargin" : 7.01,
    "operatingProfit" : 88.81,
    "netProfitMargin" : 3.07,
    "netProfit" : 38.89
  }, {
    "date" : "2009-03-31",
    "sales" : 1015.52,
    "salesGrowthYoY" : -5.57,
    "grossProfitMargin" : 28.31,
    "grossProfit" : 287.49,
    "operatingProfitMargin" : 2.36,
    "operatingProfit" : 23.97,
    "netProfitMargin" : -3.41,
    "netProfit" : -34.63
  }, {
    "date" : "2009-06-30",
    "sales" : 859.68,
    "salesGrowthYoY" : -23.78,
    "grossProfitMargin" : 26.85,
    "grossProfit" : 230.82,
    "operatingProfitMargin" : 6.77,
    "operatingProfit" : 58.20,
    "netProfitMargin" : 2.77,
    "netProfit" : 23.81
  }, {
    "date" : "2009-09-30",
    "sales" : 1470.65,
    "salesGrowthYoY" : -19.76,
    "grossProfitMargin" : 21.32,
    "grossProfit" : 313.54,
    "operatingProfitMargin" : 7.70,
    "operatingProfit" : 113.24,
    "netProfitMargin" : 3.92,
    "netProfit" : 57.65
  }, {
    "date" : "2009-12-31",
    "sales" : 1460.63,
    "salesGrowthYoY" : 15.29,
    "grossProfitMargin" : 17.90,
    "grossProfit" : 261.45,
    "operatingProfitMargin" : 5.21,
    "operatingProfit" : 76.10,
    "netProfitMargin" : 2.51,
    "netProfit" : 36.66
  }, {
    "date" : "2010-03-31",
    "sales" : 1338.79,
    "salesGrowthYoY" : 31.83,
    "grossProfitMargin" : 22.73,
    "grossProfit" : 304.31,
    "operatingProfitMargin" : 7.38,
    "operatingProfit" : 98.80,
    "netProfitMargin" : 3.98,
    "netProfit" : 53.28
  }, {
    "date" : "2010-06-30",
    "sales" : 1166.16,
    "salesGrowthYoY" : 35.65,
    "grossProfitMargin" : 20.05,
    "grossProfit" : 233.82,
    "operatingProfitMargin" : 4.02,
    "operatingProfit" : 46.88,
    "netProfitMargin" : 1.52,
    "netProfit" : 17.73
  }, {
    "date" : "2010-09-30",
    "sales" : 1563.10,
    "salesGrowthYoY" : 6.29,
    "grossProfitMargin" : 18.43,
    "grossProfit" : 288.08,
    "operatingProfitMargin" : 5.18,
    "operatingProfit" : 80.97,
    "netProfitMargin" : 2.76,
    "netProfit" : 43.14
  }, {
    "date" : "2010-12-31",
    "sales" : 1472.19,
    "salesGrowthYoY" : 0.79,
    "grossProfitMargin" : 19.02,
    "grossProfit" : 280.01,
    "operatingProfitMargin" : 6.41,
    "operatingProfit" : 94.37,
    "netProfitMargin" : 3.46,
    "netProfit" : 50.94
  }, {
    "date" : "2011-03-31",
    "sales" : 1607.96,
    "salesGrowthYoY" : 20.11,
    "grossProfitMargin" : 18.08,
    "grossProfit" : 290.72,
    "operatingProfitMargin" : 3.30,
    "operatingProfit" : 53.06,
    "netProfitMargin" : 1.66,
    "netProfit" : 26.69
  }, {
    "date" : "2011-06-30",
    "sales" : 1418.99,
    "salesGrowthYoY" : 21.68,
    "grossProfitMargin" : 16.60,
    "grossProfit" : 235.55,
    "operatingProfitMargin" : 2.08,
    "operatingProfit" : 29.51,
    "netProfitMargin" : 0.42,
    "netProfit" : 5.96
  }, {
    "date" : "2011-09-30",
    "sales" : 1758.52,
    "salesGrowthYoY" : 12.50,
    "grossProfitMargin" : 14.99,
    "grossProfit" : 263.60,
    "operatingProfitMargin" : 2.30,
    "operatingProfit" : 40.45,
    "netProfitMargin" : 0.52,
    "netProfit" : 9.14
  }, {
    "date" : "2011-12-31",
    "sales" : 2044.42,
    "salesGrowthYoY" : 38.87,
    "grossProfitMargin" : 16.46,
    "grossProfit" : 336.51,
    "operatingProfitMargin" : 5.74,
    "operatingProfit" : 117.35,
    "netProfitMargin" : 2.68,
    "netProfit" : 54.79
  }, {
    "date" : "2012-03-31",
    "sales" : 2088.00,
    "salesGrowthYoY" : 29.85,
    "grossProfitMargin" : 17.42,
    "grossProfit" : 363.73,
    "operatingProfitMargin" : 6.21,
    "operatingProfit" : 129.66,
    "netProfitMargin" : 2.72,
    "netProfit" : 56.79
  }, {
    "date" : "2012-06-30",
    "sales" : 1807.65,
    "salesGrowthYoY" : 27.39,
    "grossProfitMargin" : 10.85,
    "grossProfit" : 196.13,
    "operatingProfitMargin" : -1.69,
    "operatingProfit" : -30.55,
    "netProfitMargin" : -2.88,
    "netProfit" : -52.06
  }, {
    "date" : "2012-09-30",
    "sales" : 1947.68,
    "salesGrowthYoY" : 10.76,
    "grossProfitMargin" : 14.26,
    "grossProfit" : 277.74,
    "operatingProfitMargin" : 2.73,
    "operatingProfit" : 53.17,
    "netProfitMargin" : 0.04,
    "netProfit" : 0.78
  }, {
    "date" : "2012-12-31",
    "sales" : 1819.97,
    "salesGrowthYoY" : -10.98,
    "grossProfitMargin" : 14.70,
    "grossProfit" : 267.54,
    "operatingProfitMargin" : 1.28,
    "operatingProfit" : 23.30,
    "netProfitMargin" : -0.68,
    "netProfit" : -12.38
  }, {
    "date" : "2013-03-31",
    "sales" : 1149.71,
    "salesGrowthYoY" : -44.94,
    "grossProfitMargin" : 20.96,
    "grossProfit" : 240.98,
    "operatingProfitMargin" : -0.31,
    "operatingProfit" : -3.56,
    "netProfitMargin" : -4.32,
    "netProfit" : -49.67
  }, {
    "date" : "2013-06-30",
    "sales" : 1550.18,
    "salesGrowthYoY" : -14.24,
    "grossProfitMargin" : 13.89,
    "grossProfit" : 215.32,
    "operatingProfitMargin" : -2.65,
    "operatingProfit" : -41.08,
    "netProfitMargin" : -4.97,
    "netProfit" : -77.04
  }, {
    "date" : "2013-09-30",
    "sales" : 2014.04,
    "salesGrowthYoY" : 3.41,
    "grossProfitMargin" : 14.57,
    "grossProfit" : 293.45,
    "operatingProfitMargin" : 1.27,
    "operatingProfit" : 25.58,
    "netProfitMargin" : -1.29,
    "netProfit" : -25.98
  }, {
    "date" : "2013-12-31",
    "sales" : 2485.08,
    "salesGrowthYoY" : 36.55,
    "grossProfitMargin" : 14.02,
    "grossProfit" : 348.41,
    "operatingProfitMargin" : 3.89,
    "operatingProfit" : 96.67,
    "netProfitMargin" : 0.93,
    "netProfit" : 23.11
  }, {
    "date" : "2014-03-31",
    "sales" : 1979.79,
    "salesGrowthYoY" : 72.20,
    "grossProfitMargin" : 14.71,
    "grossProfit" : 291.23,
    "operatingProfitMargin" : 3.30,
    "operatingProfit" : 65.33,
    "netProfitMargin" : -0.50,
    "netProfit" : -9.90
  }, {
    "date" : "2014-06-30",
    "sales" : 2162.20,
    "salesGrowthYoY" : 39.48,
    "grossProfitMargin" : 16.48,
    "grossProfit" : 356.33,
    "operatingProfitMargin" : 4.48,
    "operatingProfit" : 96.87,
    "netProfitMargin" : 0.83,
    "netProfit" : 17.95
  }, {
    "date" : "2014-09-30",
    "sales" : 2323.63,
    "salesGrowthYoY" : 15.37,
    "grossProfitMargin" : 19.39,
    "grossProfit" : 450.55,
    "operatingProfitMargin" : 7.15,
    "operatingProfit" : 166.14,
    "netProfitMargin" : 2.66,
    "netProfit" : 61.81
  }, {
    "date" : "2014-12-31",
    "sales" : 2482.80,
    "salesGrowthYoY" : -0.09,
    "grossProfitMargin" : 17.89,
    "grossProfit" : 444.17,
    "operatingProfitMargin" : 7.03,
    "operatingProfit" : 174.54,
    "netProfitMargin" : 1.89,
    "netProfit" : 46.92
  }, {
    "date" : "2015-03-31",
    "sales" : 1556.28,
    "salesGrowthYoY" : -21.39,
    "grossProfitMargin" : 15.02,
    "grossProfit" : 233.75,
    "operatingProfitMargin" : -3.26,
    "operatingProfit" : -50.73,
    "netProfitMargin" : -6.46,
    "netProfit" : -100.54
  }, {
    "date" : "2015-06-30",
    "sales" : 1552.77,
    "salesGrowthYoY" : -28.19,
    "grossProfitMargin" : 21.02,
    "grossProfit" : 326.39,
    "operatingProfitMargin" : 4.16,
    "operatingProfit" : 64.60,
    "netProfitMargin" : -0.65,
    "netProfit" : -10.09
  }, {
    "date" : "2015-09-30",
    "sales" : 2260.40,
    "salesGrowthYoY" : -2.72,
    "grossProfitMargin" : 19.42,
    "grossProfit" : 438.97,
    "operatingProfitMargin" : 6.97,
    "operatingProfit" : 157.55,
    "netProfitMargin" : 2.30,
    "netProfit" : 51.99
  }, {
    "date" : "2015-12-31",
    "sales" : 2341.20,
    "salesGrowthYoY" : -5.70,
    "grossProfitMargin" : 21.43,
    "grossProfit" : 501.72,
    "operatingProfitMargin" : 8.78,
    "operatingProfit" : 205.56,
    "netProfitMargin" : 5.52,
    "netProfit" : 129.23
  }, {
    "date" : "2016-03-31",
    "sales" : 1642.83,
    "salesGrowthYoY" : 5.56,
    "grossProfitMargin" : 27.51,
    "grossProfit" : 451.94,
    "operatingProfitMargin" : 8.07,
    "operatingProfit" : 132.58,
    "netProfitMargin" : 1.67,
    "netProfit" : 27.44
  }, {
    "date" : "2016-06-30",
    "sales" : 1375.11,
    "salesGrowthYoY" : -11.44,
    "grossProfitMargin" : 28.13,
    "grossProfit" : 386.82,
    "operatingProfitMargin" : 6.21,
    "operatingProfit" : 85.39,
    "netProfitMargin" : 0.02,
    "netProfit" : 0.28
  }, {
    "date" : "2016-09-30",
    "sales" : 1895.85,
    "salesGrowthYoY" : -16.13,
    "grossProfitMargin" : 25.13,
    "grossProfit" : 476.43,
    "operatingProfitMargin" : 7.25,
    "operatingProfit" : 137.45,
    "netProfitMargin" : 2.41,
    "netProfit" : 45.69
  }, {
    "date" : "2016-12-31",
    "sales" : 2517.45,
    "salesGrowthYoY" : 7.53,
    "grossProfitMargin" : 21.16,
    "grossProfit" : 532.69,
    "operatingProfitMargin" : 6.65,
    "operatingProfit" : 167.41,
    "netProfitMargin" : 2.91,
    "netProfit" : 73.26
  }, {
    "date" : "2017-03-31",
    "sales" : 1858.72,
    "salesGrowthYoY" : 13.14,
    "grossProfitMargin" : 26.56,
    "grossProfit" : 493.68,
    "operatingProfitMargin" : 8.88,
    "operatingProfit" : 165.05,
    "netProfitMargin" : 4.79,
    "netProfit" : 89.03
  }, {
    "date" : "2017-06-30",
    "sales" : 1876.28,
    "salesGrowthYoY" : 36.45,
    "grossProfitMargin" : 24.08,
    "grossProfit" : 451.81,
    "operatingProfitMargin" : 4.89,
    "operatingProfit" : 91.75,
    "netProfitMargin" : 1.38,
    "netProfit" : 25.89
  }, {
    "date" : "2017-09-30",
    "sales" : 2139.88,
    "salesGrowthYoY" : 12.87,
    "grossProfitMargin" : 25.35,
    "grossProfit" : 542.46,
    "operatingProfitMargin" : 8.03,
    "operatingProfit" : 171.83,
    "netProfitMargin" : 3.12,
    "netProfit" : 66.76
  }, {
    "date" : "2017-12-31",
    "sales" : 2834.78,
    "salesGrowthYoY" : 12.61,
    "grossProfitMargin" : 21.34,
    "grossProfit" : 604.94,
    "operatingProfitMargin" : 4.34,
    "operatingProfit" : 123.03,
    "netProfitMargin" : 1.85,
    "netProfit" : 52.44
  }, {
    "date" : "2018-03-31",
    "sales" : 2099.74,
    "salesGrowthYoY" : 12.97,
    "grossProfitMargin" : 24.84,
    "grossProfit" : 521.58,
    "operatingProfitMargin" : 6.87,
    "operatingProfit" : 144.25,
    "netProfitMargin" : 3.22,
    "netProfit" : 67.61
  }, {
    "date" : "2018-06-30",
    "sales" : 2162.40,
    "salesGrowthYoY" : 15.25,
    "grossProfitMargin" : 22.62,
    "grossProfit" : 489.13,
    "operatingProfitMargin" : 6.61,
    "operatingProfit" : 142.93,
    "netProfitMargin" : 1.91,
    "netProfit" : 41.30
  }, {
    "date" : "2018-09-30",
    "sales" : 3231.11,
    "salesGrowthYoY" : 50.99,
    "grossProfitMargin" : 18.33,
    "grossProfit" : 592.26,
    "operatingProfitMargin" : 6.42,
    "operatingProfit" : 207.44,
    "netProfitMargin" : 2.24,
    "netProfit" : 72.38
  }, {
    "date" : "2018-12-31",
    "sales" : 3763.59,
    "salesGrowthYoY" : 32.76,
    "grossProfitMargin" : 18.21,
    "grossProfit" : 685.35,
    "operatingProfitMargin" : 6.52,
    "operatingProfit" : 245.39,
    "netProfitMargin" : 2.76,
    "netProfit" : 103.88
  }, {
    "date" : "2019-03-31",
    "sales" : 3133.21,
    "salesGrowthYoY" : 49.22,
    "grossProfitMargin" : 22.88,
    "grossProfit" : 716.88,
    "operatingProfitMargin" : 8.89,
    "operatingProfit" : 278.54,
    "netProfitMargin" : 2.58,
    "netProfit" : 80.84
  }, {
    "date" : "2019-06-30",
    "sales" : 2547.04,
    "salesGrowthYoY" : 17.79,
    "grossProfitMargin" : 18.99,
    "grossProfit" : 483.68,
    "operatingProfitMargin" : 0.65,
    "operatingProfit" : 16.56,
    "netProfitMargin" : -2.51,
    "netProfit" : -63.93
  }, {
    "date" : "2019-09-30",
    "sales" : 3736.18,
    "salesGrowthYoY" : 15.63,
    "grossProfitMargin" : 19.53,
    "grossProfit" : 729.68,
    "operatingProfitMargin" : 5.89,
    "operatingProfit" : 220.06,
    "netProfitMargin" : 0.66,
    "netProfit" : 24.66
  }, {
    "date" : "2019-12-31",
    "sales" : 3789.17,
    "salesGrowthYoY" : 0.68,
    "grossProfitMargin" : 21.10,
    "grossProfit" : 799.51,
    "operatingProfitMargin" : 8.11,
    "operatingProfit" : 307.30,
    "netProfitMargin" : 2.84,
    "netProfit" : 107.61
  }, {
    "date" : "2020-03-31",
    "sales" : 3014.43,
    "salesGrowthYoY" : -3.79,
    "grossProfitMargin" : 23.73,
    "grossProfit" : 715.32,
    "operatingProfitMargin" : 8.82,
    "operatingProfit" : 265.87,
    "netProfitMargin" : 4.96,
    "netProfit" : 149.52
  }, {
    "date" : "2020-06-30",
    "sales" : 2831.84,
    "salesGrowthYoY" : 11.18,
    "grossProfitMargin" : 25.52,
    "grossProfit" : 722.69,
    "operatingProfitMargin" : 11.45,
    "operatingProfit" : 324.25,
    "netProfitMargin" : 3.89,
    "netProfit" : 110.16
  }, {
    "date" : "2020-09-30",
    "sales" : 3173.96,
    "salesGrowthYoY" : -15.05,
    "grossProfitMargin" : 23.49,
    "grossProfit" : 745.56,
    "operatingProfitMargin" : 8.34,
    "operatingProfit" : 264.71,
    "netProfitMargin" : 2.75,
    "netProfit" : 87.28
  }, {
    "date" : "2020-12-31",
    "sales" : 2938.69,
    "salesGrowthYoY" : -22.45,
    "grossProfitMargin" : 24.43,
    "grossProfit" : 717.92,
    "operatingProfitMargin" : 7.15,
    "operatingProfit" : 210.12,
    "netProfitMargin" : 1.88,
    "netProfit" : 55.25
  }, {
    "date" : "2021-03-31",
    "sales" : 2961.17,
    "salesGrowthYoY" : -1.77,
    "grossProfitMargin" : 20.00,
    "grossProfit" : 592.23,
    "operatingProfitMargin" : 3.87,
    "operatingProfit" : 114.60,
    "netProfitMargin" : -0.10,
    "netProfit" : -2.96
  }, {
    "date" : "2021-06-30",
    "sales" : 2632.39,
    "salesGrowthYoY" : -7.04,
    "grossProfitMargin" : 19.36,
    "grossProfit" : 509.63,
    "operatingProfitMargin" : 3.67,
    "operatingProfit" : 96.61,
    "netProfitMargin" : -0.17,
    "netProfit" : -4.48
  }, {
    "date" : "2021-09-30",
    "sales" : 3690.55,
    "salesGrowthYoY" : 16.28,
    "grossProfitMargin" : 17.33,
    "grossProfit" : 639.57,
    "operatingProfitMargin" : 4.88,
    "operatingProfit" : 180.10,
    "netProfitMargin" : 1.51,
    "netProfit" : 55.73
  }, {
    "date" : "2021-12-31",
    "sales" : 5091.71,
    "salesGrowthYoY" : 73.26,
    "grossProfitMargin" : 10.81,
    "grossProfit" : 550.41,
    "operatingProfitMargin" : 2.40,
    "operatingProfit" : 122.20,
    "netProfitMargin" : 0.17,
    "netProfit" : 8.66
  }, {
    "date" : "2022-03-31",
    "sales" : 4442.29,
    "salesGrowthYoY" : 50.02,
    "grossProfitMargin" : 15.57,
    "grossProfit" : 691.66,
    "operatingProfitMargin" : 4.07,
    "operatingProfit" : 180.80,
    "netProfitMargin" : 1.08,
    "netProfit" : 47.98
  }, {
    "date" : "2022-06-30",
    "sales" : 6454.65,
    "salesGrowthYoY" : 145.20,
    "grossProfitMargin" : 11.31,
    "grossProfit" : 730.02,
    "operatingProfitMargin" : 4.35,
    "operatingProfit" : 280.78,
    "netProfitMargin" : 1.73,
    "netProfit" : 111.67
  }, {
    "date" : "2022-09-30",
    "sales" : 6753.66,
    "salesGrowthYoY" : 83.00,
    "grossProfitMargin" : 9.77,
    "grossProfit" : 659.83,
    "operatingProfitMargin" : 2.69,
    "operatingProfit" : 181.67,
    "netProfitMargin" : 0.37,
    "netProfit" : 24.99
  }, {
    "date" : "2022-12-31",
    "sales" : 10137.34,
    "salesGrowthYoY" : 99.09,
    "grossProfitMargin" : 15.45,
    "grossProfit" : 1566.22,
    "operatingProfitMargin" : 9.24,
    "operatingProfit" : 936.69,
    "netProfitMargin" : 5.81,
    "netProfit" : 588.98
  }, {
    "date" : "2023-03-31",
    "sales" : 6257.45,
    "salesGrowthYoY" : 40.86,
    "grossProfitMargin" : 5.57,
    "grossProfit" : 348.54,
    "operatingProfitMargin" : -5.32,
    "operatingProfit" : -332.90,
    "netProfitMargin" : -4.30,
    "netProfit" : -269.07
  }, {
    "date" : "2023-06-30",
    "sales" : 5036.36,
    "salesGrowthYoY" : -21.97,
    "grossProfitMargin" : 9.50,
    "grossProfit" : 478.45,
    "operatingProfitMargin" : -0.46,
    "operatingProfit" : -23.17,
    "netProfitMargin" : -2.86,
    "netProfit" : -144.04
  }, {
    "date" : "2023-09-30",
    "sales" : 5659.64,
    "salesGrowthYoY" : -16.20,
    "grossProfitMargin" : 7.93,
    "grossProfit" : 448.81,
    "operatingProfitMargin" : -0.97,
    "operatingProfit" : -54.90,
    "netProfitMargin" : -2.00,
    "netProfit" : -113.19
  }, {
    "date" : "2023-12-31",
    "sales" : 7584.27,
    "salesGrowthYoY" : -25.18,
    "grossProfitMargin" : 13.58,
    "grossProfit" : 1029.94,
    "operatingProfitMargin" : 4.20,
    "operatingProfit" : 318.54,
    "netProfitMargin" : 1.85,
    "netProfit" : 140.31
  }, {
    "date" : "2024-03-31",
    "sales" : 5284.24,
    "salesGrowthYoY" : -15.55,
    "grossProfitMargin" : 16.91,
    "grossProfit" : 893.56,
    "operatingProfitMargin" : 7.18,
    "operatingProfit" : 379.41,
    "netProfitMargin" : 3.44,
    "netProfit" : 181.78
  }, {
    "date" : "2024-06-30",
    "sales" : 5091.78,
    "salesGrowthYoY" : 1.10,
    "grossProfitMargin" : 11.82,
    "grossProfit" : 601.85,
    "operatingProfitMargin" : 2.09,
    "operatingProfit" : 106.42,
    "netProfitMargin" : -0.81,
    "netProfit" : -41.24
  }, {
    "date" : "2024-09-30",
    "sales" : 4390.36,
    "salesGrowthYoY" : -22.43,
    "grossProfitMargin" : 12.44,
    "grossProfit" : 546.16,
    "operatingProfitMargin" : 2.85,
    "operatingProfit" : 125.13,
    "netProfitMargin" : -0.24,
    "netProfit" : -10.54
  }, {
    "date" : "2024-12-31",
    "sales" : 5855.85,
    "salesGrowthYoY" : -22.79,
    "grossProfitMargin" : 11.90,
    "grossProfit" : 696.85,
    "operatingProfitMargin" : 2.49,
    "operatingProfit" : 145.81,
    "netProfitMargin" : 0.53,
    "netProfit" : 31.04
  }, {
    "date" : "2025-03-31",
    "sales" : 4456.51,
    "salesGrowthYoY" : -15.66,
    "grossProfitMargin" : 16.35,
    "grossProfit" : 728.64,
    "operatingProfitMargin" : 5.26,
    "operatingProfit" : 234.41,
    "netProfitMargin" : 2.18,
    "netProfit" : 97.15
  }, {
    "date" : "2025-06-30",
    "sales" : 3534.17,
    "salesGrowthYoY" : -30.59,
    "grossProfitMargin" : 14.74,
    "grossProfit" : 520.94,
    "operatingProfitMargin" : 2.51,
    "operatingProfit" : 88.71,
    "netProfitMargin" : -0.91,
    "netProfit" : -32.16
  }, {
    "date" : "2025-09-30",
    "sales" : 6763.07,
    "salesGrowthYoY" : 54.04,
    "grossProfitMargin" : 9.98,
    "grossProfit" : 674.95,
    "operatingProfitMargin" : 1.90,
    "operatingProfit" : 128.50,
    "netProfitMargin" : -0.15,
    "netProfit" : -10.14
  } ],
  "latestQuarterlyResult" : {
    "date" : "2025-09-30",
    "sales" : 6763.07,
    "salesGrowthYoY" : 54.04,
    "grossProfitMargin" : 9.98,
    "grossProfit" : 674.95,
    "operatingProfitMargin" : 1.90,
    "operatingProfit" : 128.50,
    "netProfitMargin" : -0.15,
    "netProfit" : -10.14
  },
  "companyScore" : {
    "priceHigherThanDma50" : 0.00,
    "priceHigherThanDma100" : 0.00,
    "priceHigherThanDma200" : 0.00,
    "dma50HigherThanDma100" : 0.00,
    "dma50HigherThanDma200" : 0.00,
    "dma100HigherThanDma200" : 0.00,
    "pricePercentageAboveDma50" : 5.30,
    "pricePercentageAboveDma100" : 5.49,
    "pricePercentageAboveDma200" : 5.59,
    "weeklyVolumeHigherThanYearlyVolume" : 0.00,
    "salesGrowthPercentile" : 18.48,
    "operatingProfitMarginPercentile" : 7.72,
    "netProfitMarginPercentile" : 3.68,
    "totalTechnicalScore" : 16.38,
    "totalFundamentalScore" : 29.88,
    "totalScore" : 46.26
  }
}