{
  "metadata" : {
    "screenerCompanyId" : "2269",
    "companyCode" : "NILKAMAL",
    "companyName" : "Nilkamal Ltd",
    "screenerCompanyLink" : "https://www.screener.in/company/NILKAMAL/consolidated/",
    "screenerTechnicalHistoryLink" : "https://www.screener.in/api/company/2269/chart/?q=Price-DMA50-DMA200-Volume&days=365",
    "screenerQuarterlyResultsLink" : "https://www.screener.in/api/company/2269/chart/?q=GPM-OPM-NPM-Quarter+Sales&days=10000",
    "attributes" : {
      "companyCode" : "NILKAMAL",
      "companyName" : "Nilkamal Ltd",
      "marketCap" : 2185.00,
      "peRatio" : 18.50,
      "description" : "Nilkamal Ltd transformed from Plastic Furniture to Complete Furniture Solution Provider for Home Furniture, Office Furniture, etc., in various materials and upholstered products. [1]"
    },
    "companyScore" : {
      "priceHigherThanDma50" : 5.00,
      "priceHigherThanDma100" : 0.00,
      "priceHigherThanDma200" : 0.00,
      "dma50HigherThanDma100" : 0.00,
      "dma50HigherThanDma200" : 0.00,
      "dma100HigherThanDma200" : 0.00,
      "pricePercentageAboveDma50" : 4.83,
      "pricePercentageAboveDma100" : 5.00,
      "pricePercentageAboveDma200" : 5.26,
      "weeklyVolumeHigherThanYearlyVolume" : 5.00,
      "salesGrowthPercentile" : 12.00,
      "operatingProfitMarginPercentile" : 11.62,
      "netProfitMarginPercentile" : 6.88,
      "totalTechnicalScore" : 25.09,
      "totalFundamentalScore" : 30.50,
      "totalScore" : 55.58
    }
  },
  "attributes" : {
    "companyCode" : "NILKAMAL",
    "companyName" : "Nilkamal Ltd",
    "marketCap" : 2185.00,
    "peRatio" : 18.50,
    "description" : "Nilkamal Ltd transformed from Plastic Furniture to Complete Furniture Solution Provider for Home Furniture, Office Furniture, etc., in various materials and upholstered products. [1]"
  },
  "technicalHistory" : [ {
    "date" : "2025-02-10",
    "price" : 1672.65,
    "dma50" : 1814.08,
    "dma100" : null,
    "dma200" : 1898.62,
    "volume" : 2749.00
  }, {
    "date" : "2025-02-11",
    "price" : 1654.40,
    "dma50" : 1807.82,
    "dma100" : null,
    "dma200" : 1896.19,
    "volume" : 3768.00
  }, {
    "date" : "2025-02-12",
    "price" : 1650.30,
    "dma50" : 1801.64,
    "dma100" : null,
    "dma200" : 1893.74,
    "volume" : 3923.00
  }, {
    "date" : "2025-02-13",
    "price" : 1637.45,
    "dma50" : 1795.20,
    "dma100" : null,
    "dma200" : 1891.19,
    "volume" : 5209.00
  }, {
    "date" : "2025-02-14",
    "price" : 1617.95,
    "dma50" : 1788.25,
    "dma100" : null,
    "dma200" : 1888.47,
    "volume" : 3049.00
  }, {
    "date" : "2025-02-17",
    "price" : 1629.15,
    "dma50" : 1782.01,
    "dma100" : null,
    "dma200" : 1885.89,
    "volume" : 3521.00
  }, {
    "date" : "2025-02-18",
    "price" : 1612.75,
    "dma50" : 1775.37,
    "dma100" : null,
    "dma200" : 1883.17,
    "volume" : 4584.00
  }, {
    "date" : "2025-02-19",
    "price" : 1634.25,
    "dma50" : 1769.84,
    "dma100" : null,
    "dma200" : 1880.70,
    "volume" : 2025.00
  }, {
    "date" : "2025-02-20",
    "price" : 1649.20,
    "dma50" : 1765.11,
    "dma100" : null,
    "dma200" : 1878.39,
    "volume" : 2210.00
  }, {
    "date" : "2025-02-21",
    "price" : 1639.50,
    "dma50" : 1760.18,
    "dma100" : null,
    "dma200" : 1876.02,
    "volume" : 1389.00
  }, {
    "date" : "2025-02-24",
    "price" : 1612.10,
    "dma50" : 1754.37,
    "dma100" : null,
    "dma200" : 1873.39,
    "volume" : 2386.00
  }, {
    "date" : "2025-02-25",
    "price" : 1621.70,
    "dma50" : 1749.17,
    "dma100" : null,
    "dma200" : 1870.89,
    "volume" : 2908.00
  }, {
    "date" : "2025-02-27",
    "price" : 1608.40,
    "dma50" : 1743.65,
    "dma100" : null,
    "dma200" : 1868.27,
    "volume" : 1827.00
  }, {
    "date" : "2025-02-28",
    "price" : 1578.90,
    "dma50" : 1737.19,
    "dma100" : null,
    "dma200" : 1865.39,
    "volume" : 3893.00
  }, {
    "date" : "2025-03-03",
    "price" : 1525.25,
    "dma50" : 1728.88,
    "dma100" : null,
    "dma200" : 1862.01,
    "volume" : 4558.00
  }, {
    "date" : "2025-03-04",
    "price" : 1517.30,
    "dma50" : 1720.58,
    "dma100" : null,
    "dma200" : 1858.58,
    "volume" : 3701.00
  }, {
    "date" : "2025-03-05",
    "price" : 1539.85,
    "dma50" : 1713.49,
    "dma100" : null,
    "dma200" : 1855.41,
    "volume" : 7266.00
  }, {
    "date" : "2025-03-06",
    "price" : 1595.20,
    "dma50" : 1708.86,
    "dma100" : null,
    "dma200" : 1852.82,
    "volume" : 3402.00
  }, {
    "date" : "2025-03-07",
    "price" : 1604.70,
    "dma50" : 1704.77,
    "dma100" : null,
    "dma200" : 1850.35,
    "volume" : 2883.00
  }, {
    "date" : "2025-03-10",
    "price" : 1548.10,
    "dma50" : 1698.63,
    "dma100" : null,
    "dma200" : 1847.34,
    "volume" : 5291.00
  }, {
    "date" : "2025-03-11",
    "price" : 1534.05,
    "dma50" : 1692.17,
    "dma100" : null,
    "dma200" : 1844.23,
    "volume" : 3172.00
  }, {
    "date" : "2025-03-12",
    "price" : 1528.55,
    "dma50" : 1685.76,
    "dma100" : null,
    "dma200" : 1841.08,
    "volume" : 3147.00
  }, {
    "date" : "2025-03-13",
    "price" : 1531.80,
    "dma50" : 1679.72,
    "dma100" : null,
    "dma200" : 1838.01,
    "volume" : 1501.00
  }, {
    "date" : "2025-03-17",
    "price" : 1518.40,
    "dma50" : 1673.39,
    "dma100" : null,
    "dma200" : 1834.83,
    "volume" : 2765.00
  }, {
    "date" : "2025-03-18",
    "price" : 1546.00,
    "dma50" : 1668.40,
    "dma100" : null,
    "dma200" : 1831.95,
    "volume" : 4360.00
  }, {
    "date" : "2025-03-19",
    "price" : 1563.55,
    "dma50" : 1664.29,
    "dma100" : null,
    "dma200" : 1829.28,
    "volume" : 7449.00
  }, {
    "date" : "2025-03-20",
    "price" : 1590.75,
    "dma50" : 1661.40,
    "dma100" : null,
    "dma200" : 1826.91,
    "volume" : 16095.00
  }, {
    "date" : "2025-03-21",
    "price" : 1604.65,
    "dma50" : 1659.18,
    "dma100" : null,
    "dma200" : 1824.70,
    "volume" : 33488.00
  }, {
    "date" : "2025-03-24",
    "price" : 1629.35,
    "dma50" : 1658.01,
    "dma100" : null,
    "dma200" : 1822.75,
    "volume" : 5252.00
  }, {
    "date" : "2025-03-25",
    "price" : 1601.75,
    "dma50" : 1655.80,
    "dma100" : null,
    "dma200" : 1820.55,
    "volume" : 4242.00
  }, {
    "date" : "2025-03-26",
    "price" : 1584.85,
    "dma50" : 1653.02,
    "dma100" : null,
    "dma200" : 1818.21,
    "volume" : 3599.00
  }, {
    "date" : "2025-03-27",
    "price" : 1565.85,
    "dma50" : 1649.60,
    "dma100" : null,
    "dma200" : 1815.70,
    "volume" : 3251.00
  }, {
    "date" : "2025-03-28",
    "price" : 1537.70,
    "dma50" : 1645.21,
    "dma100" : null,
    "dma200" : 1812.93,
    "volume" : 4308.00
  }, {
    "date" : "2025-04-01",
    "price" : 1583.90,
    "dma50" : 1642.81,
    "dma100" : null,
    "dma200" : 1810.65,
    "volume" : 2838.00
  }, {
    "date" : "2025-04-02",
    "price" : 1599.05,
    "dma50" : 1641.09,
    "dma100" : null,
    "dma200" : 1808.55,
    "volume" : 2211.00
  }, {
    "date" : "2025-04-03",
    "price" : 1613.35,
    "dma50" : 1640.00,
    "dma100" : null,
    "dma200" : 1806.61,
    "volume" : 2811.00
  }, {
    "date" : "2025-04-04",
    "price" : 1607.25,
    "dma50" : 1638.72,
    "dma100" : null,
    "dma200" : 1804.62,
    "volume" : 3663.00
  }, {
    "date" : "2025-04-07",
    "price" : 1566.00,
    "dma50" : 1635.87,
    "dma100" : null,
    "dma200" : 1802.25,
    "volume" : 4411.00
  }, {
    "date" : "2025-04-08",
    "price" : 1580.90,
    "dma50" : 1633.71,
    "dma100" : null,
    "dma200" : 1800.04,
    "volume" : 2836.00
  }, {
    "date" : "2025-04-09",
    "price" : 1570.90,
    "dma50" : 1631.25,
    "dma100" : null,
    "dma200" : 1797.76,
    "volume" : 1989.00
  }, {
    "date" : "2025-04-11",
    "price" : 1595.65,
    "dma50" : 1629.85,
    "dma100" : null,
    "dma200" : 1795.75,
    "volume" : 2713.00
  }, {
    "date" : "2025-04-15",
    "price" : 1630.30,
    "dma50" : 1629.87,
    "dma100" : null,
    "dma200" : 1794.11,
    "volume" : 2728.00
  }, {
    "date" : "2025-04-16",
    "price" : 1632.70,
    "dma50" : 1629.98,
    "dma100" : null,
    "dma200" : 1792.50,
    "volume" : 3122.00
  }, {
    "date" : "2025-04-17",
    "price" : 1647.70,
    "dma50" : 1630.68,
    "dma100" : null,
    "dma200" : 1791.06,
    "volume" : 3360.00
  }, {
    "date" : "2025-04-21",
    "price" : 1650.50,
    "dma50" : 1631.45,
    "dma100" : null,
    "dma200" : 1789.66,
    "volume" : 3538.00
  }, {
    "date" : "2025-04-22",
    "price" : 1645.00,
    "dma50" : 1631.98,
    "dma100" : null,
    "dma200" : 1788.22,
    "volume" : 3638.00
  }, {
    "date" : "2025-04-23",
    "price" : 1659.40,
    "dma50" : 1633.06,
    "dma100" : null,
    "dma200" : 1786.94,
    "volume" : 3418.00
  }, {
    "date" : "2025-04-24",
    "price" : 1662.80,
    "dma50" : 1634.23,
    "dma100" : null,
    "dma200" : 1785.71,
    "volume" : 4838.00
  }, {
    "date" : "2025-04-25",
    "price" : 1612.20,
    "dma50" : 1633.36,
    "dma100" : null,
    "dma200" : 1783.98,
    "volume" : 2475.00
  }, {
    "date" : "2025-04-28",
    "price" : 1631.20,
    "dma50" : 1633.28,
    "dma100" : null,
    "dma200" : 1782.46,
    "volume" : 2224.00
  }, {
    "date" : "2025-04-29",
    "price" : 1619.20,
    "dma50" : 1632.73,
    "dma100" : null,
    "dma200" : 1780.83,
    "volume" : 1487.00
  }, {
    "date" : "2025-04-30",
    "price" : 1612.70,
    "dma50" : 1631.94,
    "dma100" : null,
    "dma200" : 1779.16,
    "volume" : 1798.00
  }, {
    "date" : "2025-05-02",
    "price" : 1596.70,
    "dma50" : 1630.56,
    "dma100" : null,
    "dma200" : 1777.35,
    "volume" : 1851.00
  }, {
    "date" : "2025-05-05",
    "price" : 1615.20,
    "dma50" : 1629.96,
    "dma100" : null,
    "dma200" : 1775.73,
    "volume" : 1760.00
  }, {
    "date" : "2025-05-06",
    "price" : 1611.70,
    "dma50" : 1629.24,
    "dma100" : null,
    "dma200" : 1774.10,
    "volume" : 1584.00
  }, {
    "date" : "2025-05-07",
    "price" : 1599.50,
    "dma50" : 1628.07,
    "dma100" : null,
    "dma200" : 1772.36,
    "volume" : 1844.00
  }, {
    "date" : "2025-05-08",
    "price" : 1583.80,
    "dma50" : 1626.34,
    "dma100" : null,
    "dma200" : 1770.49,
    "volume" : 2750.00
  }, {
    "date" : "2025-05-09",
    "price" : 1596.70,
    "dma50" : 1625.17,
    "dma100" : null,
    "dma200" : 1768.76,
    "volume" : 1157.00
  }, {
    "date" : "2025-05-12",
    "price" : 1634.90,
    "dma50" : 1625.56,
    "dma100" : null,
    "dma200" : 1767.43,
    "volume" : 2456.00
  }, {
    "date" : "2025-05-13",
    "price" : 1667.10,
    "dma50" : 1627.19,
    "dma100" : null,
    "dma200" : 1766.43,
    "volume" : 2315.00
  }, {
    "date" : "2025-05-14",
    "price" : 1672.60,
    "dma50" : 1628.97,
    "dma100" : null,
    "dma200" : 1765.49,
    "volume" : 1843.00
  }, {
    "date" : "2025-05-15",
    "price" : 1766.10,
    "dma50" : 1634.34,
    "dma100" : null,
    "dma200" : 1765.50,
    "volume" : 21360.00
  }, {
    "date" : "2025-05-16",
    "price" : 1757.00,
    "dma50" : 1639.15,
    "dma100" : null,
    "dma200" : 1765.42,
    "volume" : 4108.00
  }, {
    "date" : "2025-05-19",
    "price" : 1766.50,
    "dma50" : 1644.15,
    "dma100" : null,
    "dma200" : 1765.43,
    "volume" : 4466.00
  }, {
    "date" : "2025-05-20",
    "price" : 1789.70,
    "dma50" : 1649.86,
    "dma100" : null,
    "dma200" : 1765.67,
    "volume" : 13283.00
  }, {
    "date" : "2025-05-21",
    "price" : 1776.90,
    "dma50" : 1654.84,
    "dma100" : null,
    "dma200" : 1765.78,
    "volume" : 5140.00
  }, {
    "date" : "2025-05-22",
    "price" : 1801.50,
    "dma50" : 1660.59,
    "dma100" : null,
    "dma200" : 1766.13,
    "volume" : 3787.00
  }, {
    "date" : "2025-05-23",
    "price" : 1799.90,
    "dma50" : 1666.05,
    "dma100" : null,
    "dma200" : 1766.47,
    "volume" : 1828.00
  }, {
    "date" : "2025-05-26",
    "price" : 1803.70,
    "dma50" : 1671.45,
    "dma100" : null,
    "dma200" : 1766.84,
    "volume" : 4848.00
  }, {
    "date" : "2025-05-27",
    "price" : 1791.10,
    "dma50" : 1676.14,
    "dma100" : null,
    "dma200" : 1767.08,
    "volume" : 2020.00
  }, {
    "date" : "2025-05-28",
    "price" : 1782.10,
    "dma50" : 1680.30,
    "dma100" : null,
    "dma200" : 1767.23,
    "volume" : 12120.00
  }, {
    "date" : "2025-05-29",
    "price" : 1769.50,
    "dma50" : 1683.80,
    "dma100" : null,
    "dma200" : 1767.25,
    "volume" : 2977.00
  }, {
    "date" : "2025-05-30",
    "price" : 1763.20,
    "dma50" : 1686.91,
    "dma100" : null,
    "dma200" : 1767.21,
    "volume" : 8859.00
  }, {
    "date" : "2025-06-02",
    "price" : 1759.30,
    "dma50" : 1689.75,
    "dma100" : null,
    "dma200" : 1767.14,
    "volume" : 2209.00
  }, {
    "date" : "2025-06-03",
    "price" : 1752.40,
    "dma50" : 1692.21,
    "dma100" : null,
    "dma200" : 1766.99,
    "volume" : 838.00
  }, {
    "date" : "2025-06-04",
    "price" : 1732.50,
    "dma50" : 1693.79,
    "dma100" : null,
    "dma200" : 1766.65,
    "volume" : 4503.00
  }, {
    "date" : "2025-06-05",
    "price" : 1724.70,
    "dma50" : 1695.00,
    "dma100" : null,
    "dma200" : 1766.23,
    "volume" : 2448.00
  }, {
    "date" : "2025-06-06",
    "price" : 1722.10,
    "dma50" : 1696.06,
    "dma100" : null,
    "dma200" : 1765.79,
    "volume" : 1958.00
  }, {
    "date" : "2025-06-09",
    "price" : 1764.00,
    "dma50" : 1698.73,
    "dma100" : null,
    "dma200" : 1765.77,
    "volume" : 2473.00
  }, {
    "date" : "2025-06-10",
    "price" : 1764.00,
    "dma50" : 1701.29,
    "dma100" : null,
    "dma200" : 1765.75,
    "volume" : 2526.00
  }, {
    "date" : "2025-06-11",
    "price" : 1751.30,
    "dma50" : 1703.25,
    "dma100" : null,
    "dma200" : 1765.61,
    "volume" : 3786.00
  }, {
    "date" : "2025-06-12",
    "price" : 1748.60,
    "dma50" : 1705.03,
    "dma100" : null,
    "dma200" : 1765.44,
    "volume" : 1894.00
  }, {
    "date" : "2025-06-13",
    "price" : 1735.90,
    "dma50" : 1706.24,
    "dma100" : null,
    "dma200" : 1765.15,
    "volume" : 1430.00
  }, {
    "date" : "2025-06-16",
    "price" : 1747.80,
    "dma50" : 1707.87,
    "dma100" : null,
    "dma200" : 1764.97,
    "volume" : 2147.00
  }, {
    "date" : "2025-06-17",
    "price" : 1737.80,
    "dma50" : 1709.04,
    "dma100" : null,
    "dma200" : 1764.70,
    "volume" : 1409.00
  }, {
    "date" : "2025-06-18",
    "price" : 1729.70,
    "dma50" : 1709.85,
    "dma100" : null,
    "dma200" : 1764.36,
    "volume" : 2401.00
  }, {
    "date" : "2025-06-19",
    "price" : 1691.90,
    "dma50" : 1709.15,
    "dma100" : null,
    "dma200" : 1763.63,
    "volume" : 4094.00
  }, {
    "date" : "2025-06-20",
    "price" : 1676.80,
    "dma50" : 1707.88,
    "dma100" : null,
    "dma200" : 1762.77,
    "volume" : 3745.00
  }, {
    "date" : "2025-06-23",
    "price" : 1674.20,
    "dma50" : 1706.56,
    "dma100" : null,
    "dma200" : 1761.89,
    "volume" : 3405.00
  }, {
    "date" : "2025-06-24",
    "price" : 1714.30,
    "dma50" : 1706.86,
    "dma100" : null,
    "dma200" : 1761.42,
    "volume" : 3374.00
  }, {
    "date" : "2025-06-25",
    "price" : 1720.40,
    "dma50" : 1707.39,
    "dma100" : null,
    "dma200" : 1761.01,
    "volume" : 8416.00
  }, {
    "date" : "2025-06-26",
    "price" : 1737.90,
    "dma50" : 1708.59,
    "dma100" : null,
    "dma200" : 1760.78,
    "volume" : 2501.00
  }, {
    "date" : "2025-06-27",
    "price" : 1776.10,
    "dma50" : 1711.24,
    "dma100" : null,
    "dma200" : 1760.93,
    "volume" : 4685.00
  }, {
    "date" : "2025-06-30",
    "price" : 1786.20,
    "dma50" : 1714.18,
    "dma100" : null,
    "dma200" : 1761.18,
    "volume" : 2565.00
  }, {
    "date" : "2025-07-01",
    "price" : 1783.90,
    "dma50" : 1716.91,
    "dma100" : null,
    "dma200" : 1761.41,
    "volume" : 3207.00
  }, {
    "date" : "2025-07-02",
    "price" : 1782.70,
    "dma50" : 1719.49,
    "dma100" : null,
    "dma200" : 1761.62,
    "volume" : 4424.00
  }, {
    "date" : "2025-07-03",
    "price" : 1779.60,
    "dma50" : 1721.85,
    "dma100" : null,
    "dma200" : 1761.80,
    "volume" : 1558.00
  }, {
    "date" : "2025-07-04",
    "price" : 1726.80,
    "dma50" : 1722.04,
    "dma100" : null,
    "dma200" : 1761.45,
    "volume" : 10497.00
  }, {
    "date" : "2025-07-07",
    "price" : 1752.30,
    "dma50" : 1723.23,
    "dma100" : null,
    "dma200" : 1761.36,
    "volume" : 3773.00
  }, {
    "date" : "2025-07-08",
    "price" : 1756.70,
    "dma50" : 1724.54,
    "dma100" : null,
    "dma200" : 1761.31,
    "volume" : 5441.00
  }, {
    "date" : "2025-07-09",
    "price" : 1777.00,
    "dma50" : 1726.60,
    "dma100" : 1662.87,
    "dma200" : 1761.47,
    "volume" : 9426.00
  }, {
    "date" : "2025-07-10",
    "price" : 1775.60,
    "dma50" : 1728.52,
    "dma100" : 1664.08,
    "dma200" : 1761.61,
    "volume" : 5219.00
  }, {
    "date" : "2025-07-11",
    "price" : 1751.80,
    "dma50" : 1729.43,
    "dma100" : 1665.09,
    "dma200" : 1761.51,
    "volume" : 2879.00
  }, {
    "date" : "2025-07-14",
    "price" : 1734.20,
    "dma50" : 1729.62,
    "dma100" : 1666.06,
    "dma200" : 1761.24,
    "volume" : 5726.00
  }, {
    "date" : "2025-07-15",
    "price" : 1732.30,
    "dma50" : 1729.72,
    "dma100" : 1667.20,
    "dma200" : 1760.95,
    "volume" : 2113.00
  }, {
    "date" : "2025-07-16",
    "price" : 1740.20,
    "dma50" : 1730.14,
    "dma100" : 1668.32,
    "dma200" : 1760.75,
    "volume" : 1332.00
  }, {
    "date" : "2025-07-17",
    "price" : 1727.60,
    "dma50" : 1730.04,
    "dma100" : 1669.46,
    "dma200" : 1760.42,
    "volume" : 1661.00
  }, {
    "date" : "2025-07-18",
    "price" : 1751.10,
    "dma50" : 1730.86,
    "dma100" : 1670.63,
    "dma200" : 1760.32,
    "volume" : 1198.00
  }, {
    "date" : "2025-07-21",
    "price" : 1731.40,
    "dma50" : 1730.88,
    "dma100" : 1671.45,
    "dma200" : 1760.04,
    "volume" : 5303.00
  }, {
    "date" : "2025-07-22",
    "price" : 1737.30,
    "dma50" : 1731.13,
    "dma100" : 1672.43,
    "dma200" : 1759.81,
    "volume" : 1457.00
  }, {
    "date" : "2025-07-23",
    "price" : 1767.60,
    "dma50" : 1732.56,
    "dma100" : 1673.99,
    "dma200" : 1759.89,
    "volume" : 2328.00
  }, {
    "date" : "2025-07-24",
    "price" : 1740.80,
    "dma50" : 1732.89,
    "dma100" : 1675.18,
    "dma200" : 1759.70,
    "volume" : 1855.00
  }, {
    "date" : "2025-07-25",
    "price" : 1796.80,
    "dma50" : 1735.39,
    "dma100" : 1677.06,
    "dma200" : 1760.07,
    "volume" : 28184.00
  }, {
    "date" : "2025-07-28",
    "price" : 1784.80,
    "dma50" : 1737.33,
    "dma100" : 1679.12,
    "dma200" : 1760.31,
    "volume" : 14367.00
  }, {
    "date" : "2025-07-29",
    "price" : 1808.00,
    "dma50" : 1740.10,
    "dma100" : 1681.95,
    "dma200" : 1760.79,
    "volume" : 25093.00
  }, {
    "date" : "2025-07-30",
    "price" : 1691.20,
    "dma50" : 1738.18,
    "dma100" : 1683.69,
    "dma200" : 1760.09,
    "volume" : 26123.00
  }, {
    "date" : "2025-07-31",
    "price" : 1686.00,
    "dma50" : 1736.14,
    "dma100" : 1685.15,
    "dma200" : 1759.36,
    "volume" : 4332.00
  }, {
    "date" : "2025-08-01",
    "price" : 1623.30,
    "dma50" : 1731.71,
    "dma100" : 1685.43,
    "dma200" : 1758.00,
    "volume" : 5632.00
  }, {
    "date" : "2025-08-04",
    "price" : 1632.40,
    "dma50" : 1727.82,
    "dma100" : 1685.71,
    "dma200" : 1756.75,
    "volume" : 4595.00
  }, {
    "date" : "2025-08-05",
    "price" : 1604.50,
    "dma50" : 1722.98,
    "dma100" : 1686.27,
    "dma200" : 1755.24,
    "volume" : 4208.00
  }, {
    "date" : "2025-08-06",
    "price" : 1592.70,
    "dma50" : 1717.87,
    "dma100" : 1686.86,
    "dma200" : 1753.62,
    "volume" : 1924.00
  }, {
    "date" : "2025-08-07",
    "price" : 1614.70,
    "dma50" : 1713.83,
    "dma100" : 1687.72,
    "dma200" : 1752.24,
    "volume" : 1874.00
  }, {
    "date" : "2025-08-08",
    "price" : 1641.60,
    "dma50" : 1711.00,
    "dma100" : 1688.82,
    "dma200" : 1751.14,
    "volume" : 4249.00
  }, {
    "date" : "2025-08-11",
    "price" : 1586.40,
    "dma50" : 1706.11,
    "dma100" : 1689.50,
    "dma200" : 1749.50,
    "volume" : 3070.00
  }, {
    "date" : "2025-08-12",
    "price" : 1577.20,
    "dma50" : 1701.05,
    "dma100" : 1689.81,
    "dma200" : 1747.78,
    "volume" : 6995.00
  }, {
    "date" : "2025-08-13",
    "price" : 1556.60,
    "dma50" : 1695.39,
    "dma100" : 1689.74,
    "dma200" : 1745.88,
    "volume" : 7093.00
  }, {
    "date" : "2025-08-14",
    "price" : 1569.00,
    "dma50" : 1690.43,
    "dma100" : 1689.52,
    "dma200" : 1744.12,
    "volume" : 3227.00
  }, {
    "date" : "2025-08-18",
    "price" : 1554.90,
    "dma50" : 1685.12,
    "dma100" : 1689.02,
    "dma200" : 1742.24,
    "volume" : 10657.00
  }, {
    "date" : "2025-08-19",
    "price" : 1580.60,
    "dma50" : 1681.02,
    "dma100" : 1688.54,
    "dma200" : 1740.63,
    "volume" : 14057.00
  }, {
    "date" : "2025-08-20",
    "price" : 1580.90,
    "dma50" : 1677.09,
    "dma100" : 1688.33,
    "dma200" : 1739.04,
    "volume" : 4839.00
  }, {
    "date" : "2025-08-21",
    "price" : 1573.10,
    "dma50" : 1673.01,
    "dma100" : 1688.21,
    "dma200" : 1737.39,
    "volume" : 27059.00
  }, {
    "date" : "2025-08-22",
    "price" : 1582.40,
    "dma50" : 1669.46,
    "dma100" : 1688.38,
    "dma200" : 1735.85,
    "volume" : 1191.00
  }, {
    "date" : "2025-08-25",
    "price" : 1570.20,
    "dma50" : 1665.57,
    "dma100" : 1688.70,
    "dma200" : 1734.20,
    "volume" : 3012.00
  }, {
    "date" : "2025-08-26",
    "price" : 1555.60,
    "dma50" : 1661.26,
    "dma100" : 1688.42,
    "dma200" : 1732.42,
    "volume" : 2097.00
  }, {
    "date" : "2025-08-28",
    "price" : 1542.90,
    "dma50" : 1656.61,
    "dma100" : 1687.86,
    "dma200" : 1730.54,
    "volume" : 1772.00
  }, {
    "date" : "2025-08-29",
    "price" : 1559.10,
    "dma50" : 1652.79,
    "dma100" : 1687.31,
    "dma200" : 1728.83,
    "volume" : 1397.00
  }, {
    "date" : "2025-09-01",
    "price" : 1552.60,
    "dma50" : 1648.86,
    "dma100" : 1686.77,
    "dma200" : 1727.08,
    "volume" : 2086.00
  }, {
    "date" : "2025-09-02",
    "price" : 1568.60,
    "dma50" : 1645.71,
    "dma100" : 1686.79,
    "dma200" : 1725.50,
    "volume" : 5896.00
  }, {
    "date" : "2025-09-03",
    "price" : 1553.80,
    "dma50" : 1642.11,
    "dma100" : 1686.52,
    "dma200" : 1723.79,
    "volume" : 4781.00
  }, {
    "date" : "2025-09-04",
    "price" : 1550.90,
    "dma50" : 1638.53,
    "dma100" : 1686.32,
    "dma200" : 1722.07,
    "volume" : 6031.00
  }, {
    "date" : "2025-09-05",
    "price" : 1541.70,
    "dma50" : 1634.74,
    "dma100" : 1685.78,
    "dma200" : 1720.28,
    "volume" : 4396.00
  }, {
    "date" : "2025-09-08",
    "price" : 1529.40,
    "dma50" : 1630.60,
    "dma100" : 1684.78,
    "dma200" : 1718.38,
    "volume" : 5399.00
  }, {
    "date" : "2025-09-09",
    "price" : 1511.30,
    "dma50" : 1625.93,
    "dma100" : 1683.56,
    "dma200" : 1716.32,
    "volume" : 8897.00
  }, {
    "date" : "2025-09-10",
    "price" : 1570.30,
    "dma50" : 1623.74,
    "dma100" : 1682.79,
    "dma200" : 1714.86,
    "volume" : 8441.00
  }, {
    "date" : "2025-09-11",
    "price" : 1541.00,
    "dma50" : 1620.50,
    "dma100" : 1681.69,
    "dma200" : 1713.13,
    "volume" : 11022.00
  }, {
    "date" : "2025-09-12",
    "price" : 1547.30,
    "dma50" : 1617.63,
    "dma100" : 1680.71,
    "dma200" : 1711.48,
    "volume" : 6512.00
  }, {
    "date" : "2025-09-15",
    "price" : 1562.80,
    "dma50" : 1615.48,
    "dma100" : 1679.75,
    "dma200" : 1710.00,
    "volume" : 6726.00
  }, {
    "date" : "2025-09-16",
    "price" : 1579.10,
    "dma50" : 1614.05,
    "dma100" : 1678.91,
    "dma200" : 1708.70,
    "volume" : 5091.00
  }, {
    "date" : "2025-09-17",
    "price" : 1580.40,
    "dma50" : 1612.73,
    "dma100" : 1678.59,
    "dma200" : 1707.43,
    "volume" : 2125.00
  }, {
    "date" : "2025-09-18",
    "price" : 1581.30,
    "dma50" : 1611.50,
    "dma100" : 1678.09,
    "dma200" : 1706.17,
    "volume" : 3792.00
  }, {
    "date" : "2025-09-19",
    "price" : 1568.20,
    "dma50" : 1609.80,
    "dma100" : 1677.58,
    "dma200" : 1704.80,
    "volume" : 4495.00
  }, {
    "date" : "2025-09-22",
    "price" : 1578.10,
    "dma50" : 1608.56,
    "dma100" : 1677.24,
    "dma200" : 1703.54,
    "volume" : 4202.00
  }, {
    "date" : "2025-09-23",
    "price" : 1578.10,
    "dma50" : 1607.36,
    "dma100" : 1677.05,
    "dma200" : 1702.29,
    "volume" : 3494.00
  }, {
    "date" : "2025-09-24",
    "price" : 1566.60,
    "dma50" : 1605.77,
    "dma100" : 1676.57,
    "dma200" : 1700.94,
    "volume" : 3109.00
  }, {
    "date" : "2025-09-25",
    "price" : 1554.10,
    "dma50" : 1603.74,
    "dma100" : 1675.99,
    "dma200" : 1699.48,
    "volume" : 1631.00
  }, {
    "date" : "2025-09-26",
    "price" : 1549.80,
    "dma50" : 1601.62,
    "dma100" : 1675.49,
    "dma200" : 1697.99,
    "volume" : 827.00
  }, {
    "date" : "2025-09-29",
    "price" : 1539.50,
    "dma50" : 1599.19,
    "dma100" : 1675.05,
    "dma200" : 1696.41,
    "volume" : 1700.00
  }, {
    "date" : "2025-09-30",
    "price" : 1551.60,
    "dma50" : 1597.32,
    "dma100" : 1674.60,
    "dma200" : 1694.97,
    "volume" : 1276.00
  }, {
    "date" : "2025-10-01",
    "price" : 1559.60,
    "dma50" : 1595.84,
    "dma100" : 1673.85,
    "dma200" : 1693.62,
    "volume" : 1476.00
  }, {
    "date" : "2025-10-03",
    "price" : 1573.10,
    "dma50" : 1594.95,
    "dma100" : 1672.91,
    "dma200" : 1692.42,
    "volume" : 1433.00
  }, {
    "date" : "2025-10-06",
    "price" : 1552.50,
    "dma50" : 1593.29,
    "dma100" : 1671.71,
    "dma200" : 1691.03,
    "volume" : 3943.00
  }, {
    "date" : "2025-10-07",
    "price" : 1554.30,
    "dma50" : 1591.76,
    "dma100" : 1669.59,
    "dma200" : 1689.67,
    "volume" : 1008.00
  }, {
    "date" : "2025-10-08",
    "price" : 1568.20,
    "dma50" : 1590.83,
    "dma100" : 1667.70,
    "dma200" : 1688.46,
    "volume" : 2697.00
  }, {
    "date" : "2025-10-09",
    "price" : 1571.20,
    "dma50" : 1590.06,
    "dma100" : 1665.75,
    "dma200" : 1687.30,
    "volume" : 2057.00
  }, {
    "date" : "2025-10-10",
    "price" : 1565.40,
    "dma50" : 1589.10,
    "dma100" : 1663.50,
    "dma200" : 1686.08,
    "volume" : 2034.00
  }, {
    "date" : "2025-10-13",
    "price" : 1584.90,
    "dma50" : 1588.93,
    "dma100" : 1661.58,
    "dma200" : 1685.08,
    "volume" : 1395.00
  }, {
    "date" : "2025-10-14",
    "price" : 1576.80,
    "dma50" : 1588.46,
    "dma100" : 1659.34,
    "dma200" : 1684.00,
    "volume" : 1458.00
  }, {
    "date" : "2025-10-15",
    "price" : 1577.90,
    "dma50" : 1588.04,
    "dma100" : 1657.12,
    "dma200" : 1682.94,
    "volume" : 621.00
  }, {
    "date" : "2025-10-16",
    "price" : 1569.10,
    "dma50" : 1587.30,
    "dma100" : 1654.77,
    "dma200" : 1681.81,
    "volume" : 2099.00
  }, {
    "date" : "2025-10-17",
    "price" : 1565.50,
    "dma50" : 1586.44,
    "dma100" : 1652.51,
    "dma200" : 1680.65,
    "volume" : 1483.00
  }, {
    "date" : "2025-10-20",
    "price" : 1574.30,
    "dma50" : 1585.97,
    "dma100" : 1650.44,
    "dma200" : 1679.60,
    "volume" : 1218.00
  }, {
    "date" : "2025-10-21",
    "price" : 1570.10,
    "dma50" : 1585.35,
    "dma100" : 1648.44,
    "dma200" : 1678.51,
    "volume" : 685.00
  }, {
    "date" : "2025-10-23",
    "price" : 1542.30,
    "dma50" : 1583.66,
    "dma100" : 1646.23,
    "dma200" : 1677.15,
    "volume" : 7761.00
  }, {
    "date" : "2025-10-24",
    "price" : 1537.10,
    "dma50" : 1581.83,
    "dma100" : 1644.01,
    "dma200" : 1675.76,
    "volume" : 4760.00
  }, {
    "date" : "2025-10-27",
    "price" : 1514.20,
    "dma50" : 1579.18,
    "dma100" : 1641.63,
    "dma200" : 1674.15,
    "volume" : 8570.00
  }, {
    "date" : "2025-10-28",
    "price" : 1510.80,
    "dma50" : 1576.50,
    "dma100" : 1639.41,
    "dma200" : 1672.52,
    "volume" : 3108.00
  }, {
    "date" : "2025-10-29",
    "price" : 1509.80,
    "dma50" : 1573.88,
    "dma100" : 1637.26,
    "dma200" : 1670.90,
    "volume" : 5051.00
  }, {
    "date" : "2025-10-30",
    "price" : 1516.70,
    "dma50" : 1571.64,
    "dma100" : 1635.21,
    "dma200" : 1669.37,
    "volume" : 2512.00
  }, {
    "date" : "2025-10-31",
    "price" : 1512.60,
    "dma50" : 1569.32,
    "dma100" : 1632.70,
    "dma200" : 1667.81,
    "volume" : 3010.00
  }, {
    "date" : "2025-11-03",
    "price" : 1508.10,
    "dma50" : 1566.92,
    "dma100" : 1630.14,
    "dma200" : 1666.22,
    "volume" : 3552.00
  }, {
    "date" : "2025-11-04",
    "price" : 1501.50,
    "dma50" : 1564.36,
    "dma100" : 1627.64,
    "dma200" : 1664.58,
    "volume" : 1771.00
  }, {
    "date" : "2025-11-06",
    "price" : 1546.30,
    "dma50" : 1563.65,
    "dma100" : 1625.62,
    "dma200" : 1663.41,
    "volume" : 45089.00
  }, {
    "date" : "2025-11-07",
    "price" : 1526.60,
    "dma50" : 1562.20,
    "dma100" : 1623.52,
    "dma200" : 1662.04,
    "volume" : 6044.00
  }, {
    "date" : "2025-11-10",
    "price" : 1508.90,
    "dma50" : 1560.11,
    "dma100" : 1621.13,
    "dma200" : 1660.52,
    "volume" : 2608.00
  }, {
    "date" : "2025-11-11",
    "price" : 1498.80,
    "dma50" : 1557.70,
    "dma100" : 1618.74,
    "dma200" : 1658.91,
    "volume" : 2243.00
  }, {
    "date" : "2025-11-12",
    "price" : 1502.40,
    "dma50" : 1555.53,
    "dma100" : 1616.47,
    "dma200" : 1657.35,
    "volume" : 4031.00
  }, {
    "date" : "2025-11-13",
    "price" : 1498.90,
    "dma50" : 1553.31,
    "dma100" : 1614.54,
    "dma200" : 1655.78,
    "volume" : 4391.00
  }, {
    "date" : "2025-11-14",
    "price" : 1490.00,
    "dma50" : 1550.83,
    "dma100" : 1612.67,
    "dma200" : 1654.13,
    "volume" : 3061.00
  }, {
    "date" : "2025-11-17",
    "price" : 1482.90,
    "dma50" : 1548.17,
    "dma100" : 1610.76,
    "dma200" : 1652.42,
    "volume" : 3670.00
  }, {
    "date" : "2025-11-18",
    "price" : 1485.30,
    "dma50" : 1545.70,
    "dma100" : 1608.47,
    "dma200" : 1650.76,
    "volume" : 3104.00
  }, {
    "date" : "2025-11-19",
    "price" : 1477.00,
    "dma50" : 1543.01,
    "dma100" : 1606.04,
    "dma200" : 1649.03,
    "volume" : 4790.00
  }, {
    "date" : "2025-11-20",
    "price" : 1475.50,
    "dma50" : 1540.36,
    "dma100" : 1603.41,
    "dma200" : 1647.31,
    "volume" : 2412.00
  }, {
    "date" : "2025-11-21",
    "price" : 1467.70,
    "dma50" : 1537.51,
    "dma100" : 1600.33,
    "dma200" : 1645.52,
    "volume" : 4056.00
  }, {
    "date" : "2025-11-24",
    "price" : 1457.00,
    "dma50" : 1534.35,
    "dma100" : 1597.04,
    "dma200" : 1643.64,
    "volume" : 1381.00
  }, {
    "date" : "2025-11-25",
    "price" : 1420.90,
    "dma50" : 1529.90,
    "dma100" : 1593.41,
    "dma200" : 1641.43,
    "volume" : 7037.00
  }, {
    "date" : "2025-11-26",
    "price" : 1406.30,
    "dma50" : 1525.06,
    "dma100" : 1589.64,
    "dma200" : 1639.09,
    "volume" : 8416.00
  }, {
    "date" : "2025-11-27",
    "price" : 1406.70,
    "dma50" : 1520.42,
    "dma100" : 1585.91,
    "dma200" : 1636.77,
    "volume" : 4255.00
  }, {
    "date" : "2025-11-28",
    "price" : 1411.80,
    "dma50" : 1516.16,
    "dma100" : 1582.76,
    "dma200" : 1634.54,
    "volume" : 3468.00
  }, {
    "date" : "2025-12-01",
    "price" : 1408.60,
    "dma50" : 1511.94,
    "dma100" : 1579.33,
    "dma200" : 1632.29,
    "volume" : 1890.00
  }, {
    "date" : "2025-12-02",
    "price" : 1405.50,
    "dma50" : 1507.76,
    "dma100" : 1575.81,
    "dma200" : 1630.03,
    "volume" : 1578.00
  }, {
    "date" : "2025-12-03",
    "price" : 1392.10,
    "dma50" : 1503.23,
    "dma100" : 1571.96,
    "dma200" : 1627.66,
    "volume" : 4285.00
  }, {
    "date" : "2025-12-04",
    "price" : 1383.80,
    "dma50" : 1498.54,
    "dma100" : 1568.05,
    "dma200" : 1625.24,
    "volume" : 2405.00
  }, {
    "date" : "2025-12-05",
    "price" : 1379.10,
    "dma50" : 1493.86,
    "dma100" : 1564.32,
    "dma200" : 1622.79,
    "volume" : 3140.00
  }, {
    "date" : "2025-12-08",
    "price" : 1361.90,
    "dma50" : 1488.69,
    "dma100" : 1560.60,
    "dma200" : 1620.19,
    "volume" : 4476.00
  }, {
    "date" : "2025-12-09",
    "price" : 1378.20,
    "dma50" : 1484.35,
    "dma100" : 1557.06,
    "dma200" : 1617.78,
    "volume" : 2258.00
  }, {
    "date" : "2025-12-10",
    "price" : 1394.30,
    "dma50" : 1480.82,
    "dma100" : 1553.60,
    "dma200" : 1615.56,
    "volume" : 4949.00
  }, {
    "date" : "2025-12-11",
    "price" : 1420.40,
    "dma50" : 1478.45,
    "dma100" : 1550.52,
    "dma200" : 1613.62,
    "volume" : 2234.00
  }, {
    "date" : "2025-12-12",
    "price" : 1419.40,
    "dma50" : 1476.14,
    "dma100" : 1547.21,
    "dma200" : 1611.69,
    "volume" : 2163.00
  }, {
    "date" : "2025-12-15",
    "price" : 1418.60,
    "dma50" : 1473.88,
    "dma100" : 1544.08,
    "dma200" : 1609.76,
    "volume" : 1707.00
  }, {
    "date" : "2025-12-16",
    "price" : 1402.80,
    "dma50" : 1471.09,
    "dma100" : 1540.73,
    "dma200" : 1607.71,
    "volume" : 1336.00
  }, {
    "date" : "2025-12-17",
    "price" : 1373.80,
    "dma50" : 1467.28,
    "dma100" : 1536.80,
    "dma200" : 1605.38,
    "volume" : 1842.00
  }, {
    "date" : "2025-12-18",
    "price" : 1403.00,
    "dma50" : 1464.76,
    "dma100" : 1533.42,
    "dma200" : 1603.36,
    "volume" : 3936.00
  }, {
    "date" : "2025-12-19",
    "price" : 1408.00,
    "dma50" : 1462.53,
    "dma100" : 1529.53,
    "dma200" : 1601.42,
    "volume" : 3278.00
  }, {
    "date" : "2025-12-22",
    "price" : 1400.90,
    "dma50" : 1460.11,
    "dma100" : 1525.69,
    "dma200" : 1599.42,
    "volume" : 1731.00
  }, {
    "date" : "2025-12-23",
    "price" : 1396.00,
    "dma50" : 1457.60,
    "dma100" : 1521.57,
    "dma200" : 1597.40,
    "volume" : 2764.00
  }, {
    "date" : "2025-12-24",
    "price" : 1399.80,
    "dma50" : 1455.33,
    "dma100" : 1518.66,
    "dma200" : 1595.43,
    "volume" : 10580.00
  }, {
    "date" : "2025-12-26",
    "price" : 1386.10,
    "dma50" : 1452.62,
    "dma100" : 1515.66,
    "dma200" : 1593.35,
    "volume" : 5443.00
  }, {
    "date" : "2025-12-29",
    "price" : 1370.60,
    "dma50" : 1449.40,
    "dma100" : 1513.13,
    "dma200" : 1591.14,
    "volume" : 1861.00
  }, {
    "date" : "2025-12-30",
    "price" : 1373.00,
    "dma50" : 1446.41,
    "dma100" : 1510.54,
    "dma200" : 1588.96,
    "volume" : 2010.00
  }, {
    "date" : "2025-12-31",
    "price" : 1379.20,
    "dma50" : 1443.77,
    "dma100" : 1508.28,
    "dma200" : 1586.88,
    "volume" : 5177.00
  }, {
    "date" : "2026-01-01",
    "price" : 1399.00,
    "dma50" : 1442.01,
    "dma100" : 1506.35,
    "dma200" : 1585.01,
    "volume" : 5121.00
  }, {
    "date" : "2026-01-02",
    "price" : 1406.40,
    "dma50" : 1440.62,
    "dma100" : 1504.26,
    "dma200" : 1583.23,
    "volume" : 5641.00
  }, {
    "date" : "2026-01-05",
    "price" : 1415.00,
    "dma50" : 1439.61,
    "dma100" : 1502.00,
    "dma200" : 1581.56,
    "volume" : 3088.00
  }, {
    "date" : "2026-01-06",
    "price" : 1402.30,
    "dma50" : 1438.15,
    "dma100" : 1500.16,
    "dma200" : 1579.77,
    "volume" : 2996.00
  }, {
    "date" : "2026-01-07",
    "price" : 1398.50,
    "dma50" : 1436.59,
    "dma100" : 1498.37,
    "dma200" : 1577.97,
    "volume" : 2075.00
  }, {
    "date" : "2026-01-08",
    "price" : 1395.10,
    "dma50" : 1434.97,
    "dma100" : 1496.76,
    "dma200" : 1576.15,
    "volume" : 2817.00
  }, {
    "date" : "2026-01-09",
    "price" : 1379.30,
    "dma50" : 1432.78,
    "dma100" : 1494.86,
    "dma200" : 1574.19,
    "volume" : 3274.00
  }, {
    "date" : "2026-01-12",
    "price" : 1397.60,
    "dma50" : 1431.40,
    "dma100" : 1493.29,
    "dma200" : 1572.43,
    "volume" : 2990.00
  }, {
    "date" : "2026-01-13",
    "price" : 1376.50,
    "dma50" : 1429.25,
    "dma100" : 1491.24,
    "dma200" : 1570.48,
    "volume" : 1225.00
  }, {
    "date" : "2026-01-14",
    "price" : 1403.20,
    "dma50" : 1428.23,
    "dma100" : 1489.47,
    "dma200" : 1568.82,
    "volume" : 1629.00
  }, {
    "date" : "2026-01-16",
    "price" : 1401.70,
    "dma50" : 1427.19,
    "dma100" : 1487.75,
    "dma200" : 1567.16,
    "volume" : 18605.00
  }, {
    "date" : "2026-01-19",
    "price" : 1398.50,
    "dma50" : 1426.06,
    "dma100" : 1485.91,
    "dma200" : 1565.48,
    "volume" : 1941.00
  }, {
    "date" : "2026-01-20",
    "price" : 1381.50,
    "dma50" : 1424.32,
    "dma100" : 1484.03,
    "dma200" : 1563.65,
    "volume" : 6333.00
  }, {
    "date" : "2026-01-21",
    "price" : 1355.90,
    "dma50" : 1421.63,
    "dma100" : 1482.03,
    "dma200" : 1561.58,
    "volume" : 2018.00
  }, {
    "date" : "2026-01-22",
    "price" : 1383.40,
    "dma50" : 1420.13,
    "dma100" : 1480.44,
    "dma200" : 1559.81,
    "volume" : 791.00
  }, {
    "date" : "2026-01-23",
    "price" : 1386.80,
    "dma50" : 1418.83,
    "dma100" : 1478.71,
    "dma200" : 1558.09,
    "volume" : 5688.00
  }, {
    "date" : "2026-01-27",
    "price" : 1380.10,
    "dma50" : 1417.31,
    "dma100" : 1476.99,
    "dma200" : 1556.32,
    "volume" : 3226.00
  }, {
    "date" : "2026-01-28",
    "price" : 1390.90,
    "dma50" : 1416.27,
    "dma100" : 1475.21,
    "dma200" : 1554.67,
    "volume" : 1752.00
  }, {
    "date" : "2026-01-29",
    "price" : 1392.10,
    "dma50" : 1415.32,
    "dma100" : 1473.59,
    "dma200" : 1553.05,
    "volume" : 858.00
  }, {
    "date" : "2026-01-30",
    "price" : 1390.90,
    "dma50" : 1414.37,
    "dma100" : 1471.99,
    "dma200" : 1551.44,
    "volume" : 6616.00
  }, {
    "date" : "2026-02-01",
    "price" : 1374.70,
    "dma50" : 1412.81,
    "dma100" : 1470.32,
    "dma200" : 1549.68,
    "volume" : 859.00
  }, {
    "date" : "2026-02-02",
    "price" : 1383.50,
    "dma50" : 1411.66,
    "dma100" : 1468.86,
    "dma200" : 1548.03,
    "volume" : 696.00
  }, {
    "date" : "2026-02-03",
    "price" : 1410.20,
    "dma50" : 1411.60,
    "dma100" : 1467.85,
    "dma200" : 1546.66,
    "volume" : 11163.00
  }, {
    "date" : "2026-02-04",
    "price" : 1424.70,
    "dma50" : 1412.12,
    "dma100" : 1466.40,
    "dma200" : 1545.44,
    "volume" : 7201.00
  }, {
    "date" : "2026-02-05",
    "price" : 1475.30,
    "dma50" : 1414.60,
    "dma100" : 1465.74,
    "dma200" : 1544.74,
    "volume" : 43739.00
  }, {
    "date" : "2026-02-06",
    "price" : 1464.80,
    "dma50" : 1416.56,
    "dma100" : 1464.92,
    "dma200" : 1543.95,
    "volume" : 25742.00
  } ],
  "latestTechnicalAttributes" : {
    "date" : "2026-02-06",
    "price" : 1464.80,
    "dma50" : 1416.56,
    "dma100" : 1464.92,
    "dma200" : 1543.95,
    "volume" : 25742.00
  },
  "quarterlyResults" : [ {
    "date" : "2005-03-31",
    "sales" : 98.53,
    "salesGrowthYoY" : null,
    "grossProfitMargin" : 17.17,
    "grossProfit" : 16.92,
    "operatingProfitMargin" : 6.70,
    "operatingProfit" : 6.60,
    "netProfitMargin" : 5.12,
    "netProfit" : 5.04
  }, {
    "date" : "2005-06-30",
    "sales" : 80.65,
    "salesGrowthYoY" : null,
    "grossProfitMargin" : 28.85,
    "grossProfit" : 23.27,
    "operatingProfitMargin" : 10.38,
    "operatingProfit" : 8.37,
    "netProfitMargin" : 2.90,
    "netProfit" : 2.34
  }, {
    "date" : "2005-09-30",
    "sales" : 85.91,
    "salesGrowthYoY" : null,
    "grossProfitMargin" : 25.40,
    "grossProfit" : 21.82,
    "operatingProfitMargin" : 8.44,
    "operatingProfit" : 7.25,
    "netProfitMargin" : 1.91,
    "netProfit" : 1.64
  }, {
    "date" : "2005-12-31",
    "sales" : 86.53,
    "salesGrowthYoY" : null,
    "grossProfitMargin" : 28.81,
    "grossProfit" : 24.93,
    "operatingProfitMargin" : 6.84,
    "operatingProfit" : 5.92,
    "netProfitMargin" : 0.34,
    "netProfit" : 0.29
  }, {
    "date" : "2006-03-31",
    "sales" : 109.28,
    "salesGrowthYoY" : 10.91,
    "grossProfitMargin" : 21.61,
    "grossProfit" : 23.62,
    "operatingProfitMargin" : 6.72,
    "operatingProfit" : 7.34,
    "netProfitMargin" : 3.28,
    "netProfit" : 3.58
  }, {
    "date" : "2006-06-30",
    "sales" : 104.09,
    "salesGrowthYoY" : 29.06,
    "grossProfitMargin" : 25.76,
    "grossProfit" : 26.81,
    "operatingProfitMargin" : 8.05,
    "operatingProfit" : 8.38,
    "netProfitMargin" : 2.00,
    "netProfit" : 2.08
  }, {
    "date" : "2006-09-30",
    "sales" : 111.58,
    "salesGrowthYoY" : 29.88,
    "grossProfitMargin" : 26.00,
    "grossProfit" : 29.01,
    "operatingProfitMargin" : 6.53,
    "operatingProfit" : 7.29,
    "netProfitMargin" : 0.97,
    "netProfit" : 1.08
  }, {
    "date" : "2006-12-31",
    "sales" : 108.36,
    "salesGrowthYoY" : 25.23,
    "grossProfitMargin" : 25.95,
    "grossProfit" : 28.12,
    "operatingProfitMargin" : 5.81,
    "operatingProfit" : 6.30,
    "netProfitMargin" : 0.93,
    "netProfit" : 1.01
  }, {
    "date" : "2007-03-31",
    "sales" : 137.85,
    "salesGrowthYoY" : 26.14,
    "grossProfitMargin" : 23.36,
    "grossProfit" : 32.20,
    "operatingProfitMargin" : 5.71,
    "operatingProfit" : 7.87,
    "netProfitMargin" : 2.02,
    "netProfit" : 2.78
  }, {
    "date" : "2007-06-30",
    "sales" : 134.31,
    "salesGrowthYoY" : 29.03,
    "grossProfitMargin" : 28.16,
    "grossProfit" : 37.82,
    "operatingProfitMargin" : 7.49,
    "operatingProfit" : 10.06,
    "netProfitMargin" : 1.92,
    "netProfit" : 2.58
  }, {
    "date" : "2007-09-30",
    "sales" : 219.19,
    "salesGrowthYoY" : 96.44,
    "grossProfitMargin" : 37.92,
    "grossProfit" : 83.12,
    "operatingProfitMargin" : 12.92,
    "operatingProfit" : 28.32,
    "netProfitMargin" : 3.89,
    "netProfit" : 8.53
  }, {
    "date" : "2007-12-31",
    "sales" : 189.10,
    "salesGrowthYoY" : 74.51,
    "grossProfitMargin" : 34.86,
    "grossProfit" : 65.92,
    "operatingProfitMargin" : 10.37,
    "operatingProfit" : 19.61,
    "netProfitMargin" : 2.64,
    "netProfit" : 4.99
  }, {
    "date" : "2008-03-31",
    "sales" : 237.85,
    "salesGrowthYoY" : 72.54,
    "grossProfitMargin" : 36.36,
    "grossProfit" : 86.48,
    "operatingProfitMargin" : 9.72,
    "operatingProfit" : 23.12,
    "netProfitMargin" : 2.44,
    "netProfit" : 5.80
  }, {
    "date" : "2008-06-30",
    "sales" : 232.73,
    "salesGrowthYoY" : 73.28,
    "grossProfitMargin" : 35.54,
    "grossProfit" : 82.71,
    "operatingProfitMargin" : 10.15,
    "operatingProfit" : 23.62,
    "netProfitMargin" : 2.03,
    "netProfit" : 4.72
  }, {
    "date" : "2008-09-30",
    "sales" : 221.55,
    "salesGrowthYoY" : 1.08,
    "grossProfitMargin" : 39.72,
    "grossProfit" : 88.00,
    "operatingProfitMargin" : 11.62,
    "operatingProfit" : 25.74,
    "netProfitMargin" : 2.10,
    "netProfit" : 4.65
  }, {
    "date" : "2008-12-31",
    "sales" : 191.56,
    "salesGrowthYoY" : 1.30,
    "grossProfitMargin" : 36.74,
    "grossProfit" : 70.38,
    "operatingProfitMargin" : 7.82,
    "operatingProfit" : 14.98,
    "netProfitMargin" : -1.44,
    "netProfit" : -2.76
  }, {
    "date" : "2009-03-31",
    "sales" : 226.60,
    "salesGrowthYoY" : -4.73,
    "grossProfitMargin" : 40.60,
    "grossProfit" : 92.00,
    "operatingProfitMargin" : 8.55,
    "operatingProfit" : 19.37,
    "netProfitMargin" : -0.23,
    "netProfit" : -0.52
  }, {
    "date" : "2009-06-30",
    "sales" : 229.97,
    "salesGrowthYoY" : -1.19,
    "grossProfitMargin" : 39.65,
    "grossProfit" : 91.18,
    "operatingProfitMargin" : 12.50,
    "operatingProfit" : 28.75,
    "netProfitMargin" : 4.47,
    "netProfit" : 10.28
  }, {
    "date" : "2009-09-30",
    "sales" : 246.24,
    "salesGrowthYoY" : 11.14,
    "grossProfitMargin" : 40.66,
    "grossProfit" : 100.12,
    "operatingProfitMargin" : 12.85,
    "operatingProfit" : 31.64,
    "netProfitMargin" : 5.33,
    "netProfit" : 13.12
  }, {
    "date" : "2009-12-31",
    "sales" : 250.86,
    "salesGrowthYoY" : 30.96,
    "grossProfitMargin" : 41.04,
    "grossProfit" : 102.95,
    "operatingProfitMargin" : 14.62,
    "operatingProfit" : 36.68,
    "netProfitMargin" : 6.68,
    "netProfit" : 16.76
  }, {
    "date" : "2010-03-31",
    "sales" : 306.74,
    "salesGrowthYoY" : 35.37,
    "grossProfitMargin" : 36.51,
    "grossProfit" : 111.99,
    "operatingProfitMargin" : 8.70,
    "operatingProfit" : 26.69,
    "netProfitMargin" : 2.30,
    "netProfit" : 7.06
  }, {
    "date" : "2010-06-30",
    "sales" : 285.40,
    "salesGrowthYoY" : 24.10,
    "grossProfitMargin" : 37.06,
    "grossProfit" : 105.77,
    "operatingProfitMargin" : 11.20,
    "operatingProfit" : 31.96,
    "netProfitMargin" : 4.62,
    "netProfit" : 13.19
  }, {
    "date" : "2010-09-30",
    "sales" : 318.53,
    "salesGrowthYoY" : 29.36,
    "grossProfitMargin" : 38.93,
    "grossProfit" : 124.00,
    "operatingProfitMargin" : 11.45,
    "operatingProfit" : 36.47,
    "netProfitMargin" : 5.03,
    "netProfit" : 16.02
  }, {
    "date" : "2010-12-31",
    "sales" : 304.74,
    "salesGrowthYoY" : 21.48,
    "grossProfitMargin" : 39.41,
    "grossProfit" : 120.10,
    "operatingProfitMargin" : 9.72,
    "operatingProfit" : 29.62,
    "netProfitMargin" : 3.80,
    "netProfit" : 11.58
  }, {
    "date" : "2011-03-31",
    "sales" : 343.02,
    "salesGrowthYoY" : 11.83,
    "grossProfitMargin" : 37.01,
    "grossProfit" : 126.95,
    "operatingProfitMargin" : 9.06,
    "operatingProfit" : 31.08,
    "netProfitMargin" : 3.40,
    "netProfit" : 11.66
  }, {
    "date" : "2011-06-30",
    "sales" : 321.31,
    "salesGrowthYoY" : 12.58,
    "grossProfitMargin" : 38.66,
    "grossProfit" : 124.22,
    "operatingProfitMargin" : 10.57,
    "operatingProfit" : 33.96,
    "netProfitMargin" : 3.82,
    "netProfit" : 12.27
  }, {
    "date" : "2011-09-30",
    "sales" : 352.21,
    "salesGrowthYoY" : 10.57,
    "grossProfitMargin" : 41.36,
    "grossProfit" : 145.67,
    "operatingProfitMargin" : 11.72,
    "operatingProfit" : 41.28,
    "netProfitMargin" : 4.38,
    "netProfit" : 15.43
  }, {
    "date" : "2011-12-31",
    "sales" : 345.62,
    "salesGrowthYoY" : 13.41,
    "grossProfitMargin" : 39.66,
    "grossProfit" : 137.07,
    "operatingProfitMargin" : 10.22,
    "operatingProfit" : 35.32,
    "netProfitMargin" : 3.93,
    "netProfit" : 13.58
  }, {
    "date" : "2012-03-31",
    "sales" : 415.47,
    "salesGrowthYoY" : 21.12,
    "grossProfitMargin" : 36.20,
    "grossProfit" : 150.40,
    "operatingProfitMargin" : 9.29,
    "operatingProfit" : 38.60,
    "netProfitMargin" : 3.45,
    "netProfit" : 14.33
  }, {
    "date" : "2012-06-30",
    "sales" : 393.70,
    "salesGrowthYoY" : 22.53,
    "grossProfitMargin" : 36.96,
    "grossProfit" : 145.51,
    "operatingProfitMargin" : 9.60,
    "operatingProfit" : 37.80,
    "netProfitMargin" : 2.86,
    "netProfit" : 11.26
  }, {
    "date" : "2012-09-30",
    "sales" : 382.62,
    "salesGrowthYoY" : 8.63,
    "grossProfitMargin" : 38.28,
    "grossProfit" : 146.47,
    "operatingProfitMargin" : 8.80,
    "operatingProfit" : 33.67,
    "netProfitMargin" : 2.53,
    "netProfit" : 9.68
  }, {
    "date" : "2012-12-31",
    "sales" : 392.67,
    "salesGrowthYoY" : 13.61,
    "grossProfitMargin" : 37.39,
    "grossProfit" : 146.82,
    "operatingProfitMargin" : 7.11,
    "operatingProfit" : 27.92,
    "netProfitMargin" : 1.39,
    "netProfit" : 5.46
  }, {
    "date" : "2013-03-31",
    "sales" : 441.67,
    "salesGrowthYoY" : 6.31,
    "grossProfitMargin" : 34.83,
    "grossProfit" : 153.83,
    "operatingProfitMargin" : 6.13,
    "operatingProfit" : 27.07,
    "netProfitMargin" : 1.08,
    "netProfit" : 4.77
  }, {
    "date" : "2013-06-30",
    "sales" : 390.01,
    "salesGrowthYoY" : -0.94,
    "grossProfitMargin" : 36.77,
    "grossProfit" : 143.41,
    "operatingProfitMargin" : 7.76,
    "operatingProfit" : 30.26,
    "netProfitMargin" : 1.60,
    "netProfit" : 6.24
  }, {
    "date" : "2013-09-30",
    "sales" : 422.86,
    "salesGrowthYoY" : 10.52,
    "grossProfitMargin" : 37.80,
    "grossProfit" : 159.84,
    "operatingProfitMargin" : 9.79,
    "operatingProfit" : 41.40,
    "netProfitMargin" : 2.97,
    "netProfit" : 12.56
  }, {
    "date" : "2013-12-31",
    "sales" : 378.61,
    "salesGrowthYoY" : -3.58,
    "grossProfitMargin" : 37.15,
    "grossProfit" : 140.65,
    "operatingProfitMargin" : 8.20,
    "operatingProfit" : 31.05,
    "netProfitMargin" : 1.88,
    "netProfit" : 7.12
  }, {
    "date" : "2014-03-31",
    "sales" : 460.35,
    "salesGrowthYoY" : 4.23,
    "grossProfitMargin" : 35.76,
    "grossProfit" : 164.62,
    "operatingProfitMargin" : 9.18,
    "operatingProfit" : 42.26,
    "netProfitMargin" : 3.07,
    "netProfit" : 14.13
  }, {
    "date" : "2014-06-30",
    "sales" : 417.34,
    "salesGrowthYoY" : 7.01,
    "grossProfitMargin" : 35.25,
    "grossProfit" : 147.11,
    "operatingProfitMargin" : 6.78,
    "operatingProfit" : 28.30,
    "netProfitMargin" : 1.31,
    "netProfit" : 5.47
  }, {
    "date" : "2014-09-30",
    "sales" : 458.04,
    "salesGrowthYoY" : 8.32,
    "grossProfitMargin" : 35.48,
    "grossProfit" : 162.51,
    "operatingProfitMargin" : 6.73,
    "operatingProfit" : 30.83,
    "netProfitMargin" : 1.49,
    "netProfit" : 6.82
  }, {
    "date" : "2014-12-31",
    "sales" : 421.01,
    "salesGrowthYoY" : 11.20,
    "grossProfitMargin" : 37.79,
    "grossProfit" : 159.10,
    "operatingProfitMargin" : 7.23,
    "operatingProfit" : 30.44,
    "netProfitMargin" : 2.01,
    "netProfit" : 8.46
  }, {
    "date" : "2015-03-31",
    "sales" : 490.27,
    "salesGrowthYoY" : 6.50,
    "grossProfitMargin" : 37.63,
    "grossProfit" : 184.49,
    "operatingProfitMargin" : 9.78,
    "operatingProfit" : 47.95,
    "netProfitMargin" : 4.42,
    "netProfit" : 21.67
  }, {
    "date" : "2015-06-30",
    "sales" : 455.50,
    "salesGrowthYoY" : 9.14,
    "grossProfitMargin" : 40.80,
    "grossProfit" : 185.84,
    "operatingProfitMargin" : 11.48,
    "operatingProfit" : 52.29,
    "netProfitMargin" : 5.60,
    "netProfit" : 25.51
  }, {
    "date" : "2015-09-30",
    "sales" : 479.35,
    "salesGrowthYoY" : 4.65,
    "grossProfitMargin" : 40.98,
    "grossProfit" : 196.44,
    "operatingProfitMargin" : 10.63,
    "operatingProfit" : 50.95,
    "netProfitMargin" : 5.45,
    "netProfit" : 26.12
  }, {
    "date" : "2015-12-31",
    "sales" : 425.20,
    "salesGrowthYoY" : 1.00,
    "grossProfitMargin" : 44.64,
    "grossProfit" : 189.81,
    "operatingProfitMargin" : 11.02,
    "operatingProfit" : 46.86,
    "netProfitMargin" : 4.80,
    "netProfit" : 20.41
  }, {
    "date" : "2016-03-31",
    "sales" : 497.53,
    "salesGrowthYoY" : 1.48,
    "grossProfitMargin" : 42.52,
    "grossProfit" : 211.55,
    "operatingProfitMargin" : 13.31,
    "operatingProfit" : 66.22,
    "netProfitMargin" : 6.58,
    "netProfit" : 32.74
  }, {
    "date" : "2016-06-30",
    "sales" : 460.67,
    "salesGrowthYoY" : 1.14,
    "grossProfitMargin" : 43.47,
    "grossProfit" : 200.25,
    "operatingProfitMargin" : 12.70,
    "operatingProfit" : 58.51,
    "netProfitMargin" : 6.87,
    "netProfit" : 31.65
  }, {
    "date" : "2016-09-30",
    "sales" : 468.59,
    "salesGrowthYoY" : -2.24,
    "grossProfitMargin" : 42.63,
    "grossProfit" : 199.76,
    "operatingProfitMargin" : 10.92,
    "operatingProfit" : 51.17,
    "netProfitMargin" : 5.62,
    "netProfit" : 26.33
  }, {
    "date" : "2016-12-31",
    "sales" : 495.47,
    "salesGrowthYoY" : 16.53,
    "grossProfitMargin" : 42.01,
    "grossProfit" : 208.15,
    "operatingProfitMargin" : 9.93,
    "operatingProfit" : 49.20,
    "netProfitMargin" : 5.70,
    "netProfit" : 28.24
  }, {
    "date" : "2017-03-31",
    "sales" : 531.93,
    "salesGrowthYoY" : 6.91,
    "grossProfitMargin" : 41.48,
    "grossProfit" : 220.64,
    "operatingProfitMargin" : 10.99,
    "operatingProfit" : 58.46,
    "netProfitMargin" : 6.06,
    "netProfit" : 32.23
  }, {
    "date" : "2017-06-30",
    "sales" : 487.59,
    "salesGrowthYoY" : 5.84,
    "grossProfitMargin" : 42.45,
    "grossProfit" : 206.98,
    "operatingProfitMargin" : 8.83,
    "operatingProfit" : 43.05,
    "netProfitMargin" : 4.59,
    "netProfit" : 22.38
  }, {
    "date" : "2017-09-30",
    "sales" : 464.69,
    "salesGrowthYoY" : -0.83,
    "grossProfitMargin" : 44.94,
    "grossProfit" : 208.83,
    "operatingProfitMargin" : 12.33,
    "operatingProfit" : 57.30,
    "netProfitMargin" : 5.99,
    "netProfit" : 27.83
  }, {
    "date" : "2017-12-31",
    "sales" : 522.81,
    "salesGrowthYoY" : 5.52,
    "grossProfitMargin" : 45.23,
    "grossProfit" : 236.47,
    "operatingProfitMargin" : 12.68,
    "operatingProfit" : 66.29,
    "netProfitMargin" : 6.33,
    "netProfit" : 33.09
  }, {
    "date" : "2018-03-31",
    "sales" : 596.06,
    "salesGrowthYoY" : 12.06,
    "grossProfitMargin" : 42.63,
    "grossProfit" : 254.10,
    "operatingProfitMargin" : 10.96,
    "operatingProfit" : 65.33,
    "netProfitMargin" : 5.67,
    "netProfit" : 33.80
  }, {
    "date" : "2018-06-30",
    "sales" : 571.79,
    "salesGrowthYoY" : 17.27,
    "grossProfitMargin" : 41.48,
    "grossProfit" : 237.18,
    "operatingProfitMargin" : 9.60,
    "operatingProfit" : 54.89,
    "netProfitMargin" : 5.37,
    "netProfit" : 30.71
  }, {
    "date" : "2018-09-30",
    "sales" : 613.67,
    "salesGrowthYoY" : 32.06,
    "grossProfitMargin" : 39.99,
    "grossProfit" : 245.41,
    "operatingProfitMargin" : 7.99,
    "operatingProfit" : 49.03,
    "netProfitMargin" : 4.06,
    "netProfit" : 24.92
  }, {
    "date" : "2018-12-31",
    "sales" : 563.94,
    "salesGrowthYoY" : 7.87,
    "grossProfitMargin" : 41.17,
    "grossProfit" : 232.17,
    "operatingProfitMargin" : 8.90,
    "operatingProfit" : 50.19,
    "netProfitMargin" : 4.88,
    "netProfit" : 27.52
  }, {
    "date" : "2019-03-31",
    "sales" : 554.79,
    "salesGrowthYoY" : -6.92,
    "grossProfitMargin" : 41.71,
    "grossProfit" : 231.40,
    "operatingProfitMargin" : 9.48,
    "operatingProfit" : 52.59,
    "netProfitMargin" : 5.07,
    "netProfit" : 28.13
  }, {
    "date" : "2019-06-30",
    "sales" : 525.65,
    "salesGrowthYoY" : -8.07,
    "grossProfitMargin" : 43.61,
    "grossProfit" : 229.24,
    "operatingProfitMargin" : 13.48,
    "operatingProfit" : 70.86,
    "netProfitMargin" : 5.71,
    "netProfit" : 30.01
  }, {
    "date" : "2019-09-30",
    "sales" : 541.55,
    "salesGrowthYoY" : -11.75,
    "grossProfitMargin" : 44.27,
    "grossProfit" : 239.74,
    "operatingProfitMargin" : 13.20,
    "operatingProfit" : 71.48,
    "netProfitMargin" : 7.97,
    "netProfit" : 43.16
  }, {
    "date" : "2019-12-31",
    "sales" : 522.56,
    "salesGrowthYoY" : -7.34,
    "grossProfitMargin" : 46.03,
    "grossProfit" : 240.53,
    "operatingProfitMargin" : 12.06,
    "operatingProfit" : 63.02,
    "netProfitMargin" : 5.29,
    "netProfit" : 27.64
  }, {
    "date" : "2020-03-31",
    "sales" : 491.71,
    "salesGrowthYoY" : -11.37,
    "grossProfitMargin" : 46.65,
    "grossProfit" : 229.38,
    "operatingProfitMargin" : 11.85,
    "operatingProfit" : 58.27,
    "netProfitMargin" : 4.32,
    "netProfit" : 21.24
  }, {
    "date" : "2020-06-30",
    "sales" : 223.48,
    "salesGrowthYoY" : -57.49,
    "grossProfitMargin" : 41.73,
    "grossProfit" : 93.26,
    "operatingProfitMargin" : -3.37,
    "operatingProfit" : -7.53,
    "netProfitMargin" : -11.57,
    "netProfit" : -25.86
  }, {
    "date" : "2020-09-30",
    "sales" : 492.06,
    "salesGrowthYoY" : -9.14,
    "grossProfitMargin" : 45.76,
    "grossProfit" : 225.17,
    "operatingProfitMargin" : 17.60,
    "operatingProfit" : 86.60,
    "netProfitMargin" : 10.13,
    "netProfit" : 49.85
  }, {
    "date" : "2020-12-31",
    "sales" : 566.54,
    "salesGrowthYoY" : 8.42,
    "grossProfitMargin" : 46.45,
    "grossProfit" : 263.16,
    "operatingProfitMargin" : 16.71,
    "operatingProfit" : 94.67,
    "netProfitMargin" : 9.16,
    "netProfit" : 51.90
  }, {
    "date" : "2021-03-31",
    "sales" : 605.95,
    "salesGrowthYoY" : 23.23,
    "grossProfitMargin" : 41.78,
    "grossProfit" : 253.17,
    "operatingProfitMargin" : 10.97,
    "operatingProfit" : 66.47,
    "netProfitMargin" : 4.54,
    "netProfit" : 27.51
  }, {
    "date" : "2021-06-30",
    "sales" : 449.79,
    "salesGrowthYoY" : 101.27,
    "grossProfitMargin" : 40.84,
    "grossProfit" : 183.69,
    "operatingProfitMargin" : 6.81,
    "operatingProfit" : 30.63,
    "netProfitMargin" : 0.64,
    "netProfit" : 2.88
  }, {
    "date" : "2021-09-30",
    "sales" : 689.01,
    "salesGrowthYoY" : 40.03,
    "grossProfitMargin" : 37.91,
    "grossProfit" : 261.20,
    "operatingProfitMargin" : 9.61,
    "operatingProfit" : 66.21,
    "netProfitMargin" : 3.97,
    "netProfit" : 27.35
  }, {
    "date" : "2021-12-31",
    "sales" : 672.33,
    "salesGrowthYoY" : 18.67,
    "grossProfitMargin" : 40.38,
    "grossProfit" : 271.49,
    "operatingProfitMargin" : 9.43,
    "operatingProfit" : 63.40,
    "netProfitMargin" : 3.52,
    "netProfit" : 23.67
  }, {
    "date" : "2022-03-31",
    "sales" : 720.60,
    "salesGrowthYoY" : 18.92,
    "grossProfitMargin" : 37.93,
    "grossProfit" : 273.32,
    "operatingProfitMargin" : 7.53,
    "operatingProfit" : 54.26,
    "netProfitMargin" : 3.91,
    "netProfit" : 28.18
  }, {
    "date" : "2022-06-30",
    "sales" : 729.55,
    "salesGrowthYoY" : 62.20,
    "grossProfitMargin" : 38.75,
    "grossProfit" : 282.70,
    "operatingProfitMargin" : 9.40,
    "operatingProfit" : 68.58,
    "netProfitMargin" : 3.61,
    "netProfit" : 26.34
  }, {
    "date" : "2022-09-30",
    "sales" : 795.94,
    "salesGrowthYoY" : 15.52,
    "grossProfitMargin" : 38.94,
    "grossProfit" : 309.94,
    "operatingProfitMargin" : 8.01,
    "operatingProfit" : 63.75,
    "netProfitMargin" : 2.93,
    "netProfit" : 23.32
  }, {
    "date" : "2022-12-31",
    "sales" : 737.42,
    "salesGrowthYoY" : 9.68,
    "grossProfitMargin" : 40.93,
    "grossProfit" : 301.83,
    "operatingProfitMargin" : 9.95,
    "operatingProfit" : 73.37,
    "netProfitMargin" : 3.85,
    "netProfit" : 28.39
  }, {
    "date" : "2023-03-31",
    "sales" : 816.40,
    "salesGrowthYoY" : 13.29,
    "grossProfitMargin" : 40.42,
    "grossProfit" : 329.99,
    "operatingProfitMargin" : 11.59,
    "operatingProfit" : 94.62,
    "netProfitMargin" : 5.37,
    "netProfit" : 43.84
  }, {
    "date" : "2023-06-30",
    "sales" : 768.98,
    "salesGrowthYoY" : 5.40,
    "grossProfitMargin" : 41.96,
    "grossProfit" : 322.66,
    "operatingProfitMargin" : 9.40,
    "operatingProfit" : 72.28,
    "netProfitMargin" : 3.66,
    "netProfit" : 28.14
  }, {
    "date" : "2023-09-30",
    "sales" : 762.97,
    "salesGrowthYoY" : -4.14,
    "grossProfitMargin" : 42.01,
    "grossProfit" : 320.52,
    "operatingProfitMargin" : 7.82,
    "operatingProfit" : 59.66,
    "netProfitMargin" : 2.69,
    "netProfit" : 20.52
  }, {
    "date" : "2023-12-31",
    "sales" : 781.63,
    "salesGrowthYoY" : 6.00,
    "grossProfitMargin" : 42.16,
    "grossProfit" : 329.54,
    "operatingProfitMargin" : 8.72,
    "operatingProfit" : 68.16,
    "netProfitMargin" : 2.96,
    "netProfit" : 23.14
  }, {
    "date" : "2024-03-31",
    "sales" : 820.54,
    "salesGrowthYoY" : 0.51,
    "grossProfitMargin" : 42.72,
    "grossProfit" : 350.53,
    "operatingProfitMargin" : 9.58,
    "operatingProfit" : 78.61,
    "netProfitMargin" : 4.33,
    "netProfit" : 35.53
  }, {
    "date" : "2024-06-30",
    "sales" : 728.61,
    "salesGrowthYoY" : -5.25,
    "grossProfitMargin" : 43.04,
    "grossProfit" : 313.59,
    "operatingProfitMargin" : 7.40,
    "operatingProfit" : 53.92,
    "netProfitMargin" : 1.95,
    "netProfit" : 14.21
  }, {
    "date" : "2024-09-30",
    "sales" : 802.19,
    "salesGrowthYoY" : 5.14,
    "grossProfitMargin" : 43.42,
    "grossProfit" : 348.31,
    "operatingProfitMargin" : 9.19,
    "operatingProfit" : 73.72,
    "netProfitMargin" : 3.46,
    "netProfit" : 27.76
  }, {
    "date" : "2024-12-31",
    "sales" : 831.92,
    "salesGrowthYoY" : 6.43,
    "grossProfitMargin" : 43.10,
    "grossProfit" : 358.56,
    "operatingProfitMargin" : 6.92,
    "operatingProfit" : 57.57,
    "netProfitMargin" : 1.75,
    "netProfit" : 14.56
  }, {
    "date" : "2025-03-31",
    "sales" : 876.59,
    "salesGrowthYoY" : 6.83,
    "grossProfitMargin" : 42.59,
    "grossProfit" : 373.34,
    "operatingProfitMargin" : 9.25,
    "operatingProfit" : 81.08,
    "netProfitMargin" : 3.97,
    "netProfit" : 34.80
  }, {
    "date" : "2025-06-30",
    "sales" : 864.49,
    "salesGrowthYoY" : 18.65,
    "grossProfitMargin" : 41.75,
    "grossProfit" : 360.92,
    "operatingProfitMargin" : 6.27,
    "operatingProfit" : 54.20,
    "netProfitMargin" : 1.11,
    "netProfit" : 9.60
  }, {
    "date" : "2025-09-30",
    "sales" : 948.09,
    "salesGrowthYoY" : 18.19,
    "grossProfitMargin" : 42.67,
    "grossProfit" : 404.55,
    "operatingProfitMargin" : 8.58,
    "operatingProfit" : 81.35,
    "netProfitMargin" : 3.47,
    "netProfit" : 32.90
  }, {
    "date" : "2025-12-31",
    "sales" : 932.79,
    "salesGrowthYoY" : 12.12,
    "grossProfitMargin" : 44.69,
    "grossProfit" : 416.86,
    "operatingProfitMargin" : 8.81,
    "operatingProfit" : 82.18,
    "netProfitMargin" : 3.36,
    "netProfit" : 31.34
  } ],
  "latestQuarterlyResult" : {
    "date" : "2025-12-31",
    "sales" : 932.79,
    "salesGrowthYoY" : 12.12,
    "grossProfitMargin" : 44.69,
    "grossProfit" : 416.86,
    "operatingProfitMargin" : 8.81,
    "operatingProfit" : 82.18,
    "netProfitMargin" : 3.36,
    "netProfit" : 31.34
  },
  "companyScore" : {
    "priceHigherThanDma50" : 5.00,
    "priceHigherThanDma100" : 0.00,
    "priceHigherThanDma200" : 0.00,
    "dma50HigherThanDma100" : 0.00,
    "dma50HigherThanDma200" : 0.00,
    "dma100HigherThanDma200" : 0.00,
    "pricePercentageAboveDma50" : 4.83,
    "pricePercentageAboveDma100" : 5.00,
    "pricePercentageAboveDma200" : 5.26,
    "weeklyVolumeHigherThanYearlyVolume" : 5.00,
    "salesGrowthPercentile" : 12.00,
    "operatingProfitMarginPercentile" : 11.62,
    "netProfitMarginPercentile" : 6.88,
    "totalTechnicalScore" : 25.09,
    "totalFundamentalScore" : 30.50,
    "totalScore" : 55.58
  }
}