{
  "metadata" : {
    "screenerCompanyId" : "2278",
    "companyCode" : "NITCO",
    "companyName" : "Nitco",
    "screenerCompanyLink" : "https://www.screener.in/company/NITCO",
    "screenerTechnicalHistoryLink" : "https://www.screener.in/api/company/2278/chart/?q=Price-DMA50-DMA200-Volume&days=365",
    "screenerQuarterlyResultsLink" : "https://www.screener.in/api/company/2278/chart/?q=GPM-OPM-NPM-Quarter+Sales&days=10000",
    "attributes" : {
      "companyCode" : "NITCO",
      "companyName" : "Nitco",
      "marketCap" : 1887.00,
      "peRatio" : 0.00,
      "description" : "Incorporated in 1966, NITCO Ltd is in the tiles and marble business[1]"
    },
    "companyScore" : {
      "priceHigherThanDma50" : 0.00,
      "priceHigherThanDma100" : 0.00,
      "priceHigherThanDma200" : 0.00,
      "dma50HigherThanDma100" : 0.00,
      "dma50HigherThanDma200" : 0.00,
      "dma100HigherThanDma200" : 5.00,
      "pricePercentageAboveDma50" : 5.84,
      "pricePercentageAboveDma100" : 6.39,
      "pricePercentageAboveDma200" : 6.35,
      "weeklyVolumeHigherThanYearlyVolume" : 0.00,
      "salesGrowthPercentile" : 18.72,
      "operatingProfitMarginPercentile" : 10.69,
      "netProfitMarginPercentile" : 8.78,
      "totalTechnicalScore" : 23.58,
      "totalFundamentalScore" : 38.19,
      "totalScore" : 61.77
    }
  },
  "attributes" : {
    "companyCode" : "NITCO",
    "companyName" : "Nitco",
    "marketCap" : 1887.00,
    "peRatio" : 0.00,
    "description" : "Incorporated in 1966, NITCO Ltd is in the tiles and marble business[1]"
  },
  "technicalHistory" : [ {
    "date" : "2024-12-06",
    "price" : 125.11,
    "dma50" : 111.33,
    "dma100" : null,
    "dma200" : 83.40,
    "volume" : 97591.00
  }, {
    "date" : "2024-12-09",
    "price" : 131.36,
    "dma50" : 112.11,
    "dma100" : null,
    "dma200" : 83.87,
    "volume" : 414872.00
  }, {
    "date" : "2024-12-10",
    "price" : 137.92,
    "dma50" : 113.12,
    "dma100" : null,
    "dma200" : 84.41,
    "volume" : 707973.00
  }, {
    "date" : "2024-12-11",
    "price" : 144.08,
    "dma50" : 114.34,
    "dma100" : null,
    "dma200" : 85.00,
    "volume" : 528859.00
  }, {
    "date" : "2024-12-12",
    "price" : 136.87,
    "dma50" : 115.22,
    "dma100" : null,
    "dma200" : 85.52,
    "volume" : 225421.00
  }, {
    "date" : "2024-12-13",
    "price" : 137.38,
    "dma50" : 116.09,
    "dma100" : null,
    "dma200" : 86.04,
    "volume" : 338858.00
  }, {
    "date" : "2024-12-16",
    "price" : 140.49,
    "dma50" : 117.05,
    "dma100" : null,
    "dma200" : 86.58,
    "volume" : 275071.00
  }, {
    "date" : "2024-12-17",
    "price" : 147.21,
    "dma50" : 118.23,
    "dma100" : null,
    "dma200" : 87.18,
    "volume" : 809883.00
  }, {
    "date" : "2024-12-18",
    "price" : 141.45,
    "dma50" : 119.14,
    "dma100" : null,
    "dma200" : 87.72,
    "volume" : 221300.00
  }, {
    "date" : "2024-12-19",
    "price" : 141.68,
    "dma50" : 120.03,
    "dma100" : null,
    "dma200" : 88.26,
    "volume" : 275773.00
  }, {
    "date" : "2024-12-20",
    "price" : 141.57,
    "dma50" : 120.87,
    "dma100" : null,
    "dma200" : 88.79,
    "volume" : 262190.00
  }, {
    "date" : "2024-12-23",
    "price" : 138.40,
    "dma50" : 121.56,
    "dma100" : null,
    "dma200" : 89.28,
    "volume" : 259025.00
  }, {
    "date" : "2024-12-24",
    "price" : 132.90,
    "dma50" : 122.00,
    "dma100" : null,
    "dma200" : 89.72,
    "volume" : 140322.00
  }, {
    "date" : "2024-12-26",
    "price" : 131.55,
    "dma50" : 122.38,
    "dma100" : null,
    "dma200" : 90.13,
    "volume" : 112519.00
  }, {
    "date" : "2024-12-27",
    "price" : 128.42,
    "dma50" : 122.61,
    "dma100" : null,
    "dma200" : 90.51,
    "volume" : 112690.00
  }, {
    "date" : "2024-12-30",
    "price" : 125.22,
    "dma50" : 122.72,
    "dma100" : null,
    "dma200" : 90.86,
    "volume" : 193778.00
  }, {
    "date" : "2024-12-31",
    "price" : 126.57,
    "dma50" : 122.87,
    "dma100" : null,
    "dma200" : 91.21,
    "volume" : 162580.00
  }, {
    "date" : "2025-01-01",
    "price" : 131.55,
    "dma50" : 123.21,
    "dma100" : null,
    "dma200" : 91.62,
    "volume" : 252966.00
  }, {
    "date" : "2025-01-02",
    "price" : 134.75,
    "dma50" : 123.66,
    "dma100" : null,
    "dma200" : 92.05,
    "volume" : 132102.00
  }, {
    "date" : "2025-01-03",
    "price" : 133.28,
    "dma50" : 124.04,
    "dma100" : null,
    "dma200" : 92.46,
    "volume" : 62802.00
  }, {
    "date" : "2025-01-06",
    "price" : 126.81,
    "dma50" : 124.15,
    "dma100" : null,
    "dma200" : 92.80,
    "volume" : 165317.00
  }, {
    "date" : "2025-01-07",
    "price" : 132.45,
    "dma50" : 124.47,
    "dma100" : null,
    "dma200" : 93.19,
    "volume" : 124394.00
  }, {
    "date" : "2025-01-08",
    "price" : 126.97,
    "dma50" : 124.57,
    "dma100" : null,
    "dma200" : 93.53,
    "volume" : 96528.00
  }, {
    "date" : "2025-01-09",
    "price" : 126.00,
    "dma50" : 124.63,
    "dma100" : null,
    "dma200" : 93.85,
    "volume" : 89725.00
  }, {
    "date" : "2025-01-10",
    "price" : 121.53,
    "dma50" : 124.50,
    "dma100" : null,
    "dma200" : 94.13,
    "volume" : 185704.00
  }, {
    "date" : "2025-01-13",
    "price" : 116.89,
    "dma50" : 124.21,
    "dma100" : null,
    "dma200" : 94.35,
    "volume" : 318947.00
  }, {
    "date" : "2025-01-14",
    "price" : 117.62,
    "dma50" : 123.95,
    "dma100" : null,
    "dma200" : 94.58,
    "volume" : 133867.00
  }, {
    "date" : "2025-01-15",
    "price" : 123.49,
    "dma50" : 123.93,
    "dma100" : null,
    "dma200" : 94.87,
    "volume" : 190006.00
  }, {
    "date" : "2025-01-16",
    "price" : 129.66,
    "dma50" : 124.15,
    "dma100" : null,
    "dma200" : 95.22,
    "volume" : 27956.00
  }, {
    "date" : "2025-01-17",
    "price" : 136.14,
    "dma50" : 124.62,
    "dma100" : null,
    "dma200" : 95.63,
    "volume" : 45774.00
  }, {
    "date" : "2025-01-20",
    "price" : 142.22,
    "dma50" : 125.31,
    "dma100" : null,
    "dma200" : 96.09,
    "volume" : 537036.00
  }, {
    "date" : "2025-01-21",
    "price" : 143.86,
    "dma50" : 126.04,
    "dma100" : null,
    "dma200" : 96.56,
    "volume" : 833588.00
  }, {
    "date" : "2025-01-22",
    "price" : 140.98,
    "dma50" : 126.63,
    "dma100" : null,
    "dma200" : 97.01,
    "volume" : 395895.00
  }, {
    "date" : "2025-01-23",
    "price" : 142.00,
    "dma50" : 127.23,
    "dma100" : null,
    "dma200" : 97.45,
    "volume" : 95178.00
  }, {
    "date" : "2025-01-24",
    "price" : 139.16,
    "dma50" : 127.70,
    "dma100" : null,
    "dma200" : 97.87,
    "volume" : 52643.00
  }, {
    "date" : "2025-01-27",
    "price" : 136.37,
    "dma50" : 128.04,
    "dma100" : null,
    "dma200" : 98.25,
    "volume" : 3968.00
  }, {
    "date" : "2025-01-28",
    "price" : 133.64,
    "dma50" : 128.26,
    "dma100" : null,
    "dma200" : 98.60,
    "volume" : 7406.00
  }, {
    "date" : "2025-01-29",
    "price" : 130.96,
    "dma50" : 128.36,
    "dma100" : null,
    "dma200" : 98.93,
    "volume" : 122754.00
  }, {
    "date" : "2025-01-30",
    "price" : 128.35,
    "dma50" : 128.36,
    "dma100" : null,
    "dma200" : 99.22,
    "volume" : 97287.00
  }, {
    "date" : "2025-01-31",
    "price" : 127.69,
    "dma50" : 128.34,
    "dma100" : null,
    "dma200" : 99.50,
    "volume" : 32072.00
  }, {
    "date" : "2025-02-01",
    "price" : 125.13,
    "dma50" : 128.21,
    "dma100" : null,
    "dma200" : 99.76,
    "volume" : 57197.00
  }, {
    "date" : "2025-02-03",
    "price" : 122.62,
    "dma50" : 127.99,
    "dma100" : null,
    "dma200" : 99.98,
    "volume" : 28697.00
  }, {
    "date" : "2025-02-04",
    "price" : 120.16,
    "dma50" : 127.68,
    "dma100" : null,
    "dma200" : 100.19,
    "volume" : 19152.00
  }, {
    "date" : "2025-02-05",
    "price" : 122.56,
    "dma50" : 127.48,
    "dma100" : null,
    "dma200" : 100.41,
    "volume" : 145900.00
  }, {
    "date" : "2025-02-06",
    "price" : 125.01,
    "dma50" : 127.39,
    "dma100" : null,
    "dma200" : 100.65,
    "volume" : 253787.00
  }, {
    "date" : "2025-02-07",
    "price" : 124.50,
    "dma50" : 127.27,
    "dma100" : null,
    "dma200" : 100.89,
    "volume" : 19084.00
  }, {
    "date" : "2025-02-10",
    "price" : 126.99,
    "dma50" : 127.26,
    "dma100" : null,
    "dma200" : 101.15,
    "volume" : 257615.00
  }, {
    "date" : "2025-02-11",
    "price" : 124.45,
    "dma50" : 127.15,
    "dma100" : null,
    "dma200" : 101.38,
    "volume" : 70329.00
  }, {
    "date" : "2025-02-12",
    "price" : 121.96,
    "dma50" : 126.95,
    "dma100" : null,
    "dma200" : 101.59,
    "volume" : 14098.00
  }, {
    "date" : "2025-02-13",
    "price" : 119.52,
    "dma50" : 126.66,
    "dma100" : null,
    "dma200" : 101.77,
    "volume" : 11376.00
  }, {
    "date" : "2025-02-14",
    "price" : 117.12,
    "dma50" : 126.28,
    "dma100" : null,
    "dma200" : 101.92,
    "volume" : 111820.00
  }, {
    "date" : "2025-02-17",
    "price" : 114.77,
    "dma50" : 125.83,
    "dma100" : null,
    "dma200" : 102.05,
    "volume" : 16643.00
  }, {
    "date" : "2025-02-18",
    "price" : 112.47,
    "dma50" : 125.31,
    "dma100" : null,
    "dma200" : 102.15,
    "volume" : 3598.00
  }, {
    "date" : "2025-02-19",
    "price" : 110.22,
    "dma50" : 124.72,
    "dma100" : null,
    "dma200" : 102.23,
    "volume" : 10090.00
  }, {
    "date" : "2025-02-20",
    "price" : 108.01,
    "dma50" : 124.06,
    "dma100" : null,
    "dma200" : 102.29,
    "volume" : 84046.00
  }, {
    "date" : "2025-02-21",
    "price" : 108.75,
    "dma50" : 123.46,
    "dma100" : null,
    "dma200" : 102.35,
    "volume" : 285062.00
  }, {
    "date" : "2025-02-24",
    "price" : 107.10,
    "dma50" : 122.82,
    "dma100" : null,
    "dma200" : 102.40,
    "volume" : 48990.00
  }, {
    "date" : "2025-02-25",
    "price" : 105.60,
    "dma50" : 122.14,
    "dma100" : null,
    "dma200" : 102.43,
    "volume" : 50877.00
  }, {
    "date" : "2025-02-27",
    "price" : 103.48,
    "dma50" : 121.41,
    "dma100" : null,
    "dma200" : 102.44,
    "volume" : 112612.00
  }, {
    "date" : "2025-02-28",
    "price" : 101.41,
    "dma50" : 120.63,
    "dma100" : null,
    "dma200" : 102.43,
    "volume" : 43093.00
  }, {
    "date" : "2025-03-03",
    "price" : 99.92,
    "dma50" : 119.82,
    "dma100" : null,
    "dma200" : 102.41,
    "volume" : 493107.00
  }, {
    "date" : "2025-03-04",
    "price" : 96.70,
    "dma50" : 118.91,
    "dma100" : null,
    "dma200" : 102.35,
    "volume" : 1026370.00
  }, {
    "date" : "2025-03-05",
    "price" : 101.53,
    "dma50" : 118.23,
    "dma100" : null,
    "dma200" : 102.34,
    "volume" : 417790.00
  }, {
    "date" : "2025-03-06",
    "price" : 106.60,
    "dma50" : 117.77,
    "dma100" : null,
    "dma200" : 102.38,
    "volume" : 100144.00
  }, {
    "date" : "2025-03-07",
    "price" : 109.81,
    "dma50" : 117.46,
    "dma100" : null,
    "dma200" : 102.46,
    "volume" : 115398.00
  }, {
    "date" : "2025-03-10",
    "price" : 104.31,
    "dma50" : 116.94,
    "dma100" : null,
    "dma200" : 102.48,
    "volume" : 114397.00
  }, {
    "date" : "2025-03-11",
    "price" : 107.36,
    "dma50" : 116.57,
    "dma100" : null,
    "dma200" : 102.52,
    "volume" : 166632.00
  }, {
    "date" : "2025-03-12",
    "price" : 105.36,
    "dma50" : 116.13,
    "dma100" : null,
    "dma200" : 102.55,
    "volume" : 49538.00
  }, {
    "date" : "2025-03-13",
    "price" : 102.32,
    "dma50" : 115.59,
    "dma100" : null,
    "dma200" : 102.55,
    "volume" : 73060.00
  }, {
    "date" : "2025-03-17",
    "price" : 103.23,
    "dma50" : 115.10,
    "dma100" : null,
    "dma200" : 102.56,
    "volume" : 277799.00
  }, {
    "date" : "2025-03-18",
    "price" : 106.48,
    "dma50" : 114.76,
    "dma100" : null,
    "dma200" : 102.60,
    "volume" : 272271.00
  }, {
    "date" : "2025-03-19",
    "price" : 109.89,
    "dma50" : 114.57,
    "dma100" : null,
    "dma200" : 102.67,
    "volume" : 142466.00
  }, {
    "date" : "2025-03-20",
    "price" : 115.08,
    "dma50" : 114.59,
    "dma100" : null,
    "dma200" : 102.79,
    "volume" : 291024.00
  }, {
    "date" : "2025-03-21",
    "price" : 116.48,
    "dma50" : 114.67,
    "dma100" : null,
    "dma200" : 102.93,
    "volume" : 244319.00
  }, {
    "date" : "2025-03-24",
    "price" : 114.80,
    "dma50" : 114.67,
    "dma100" : null,
    "dma200" : 103.05,
    "volume" : 259678.00
  }, {
    "date" : "2025-03-25",
    "price" : 115.82,
    "dma50" : 114.72,
    "dma100" : null,
    "dma200" : 103.17,
    "volume" : 292293.00
  }, {
    "date" : "2025-03-26",
    "price" : 110.05,
    "dma50" : 114.53,
    "dma100" : null,
    "dma200" : 103.24,
    "volume" : 310746.00
  }, {
    "date" : "2025-03-27",
    "price" : 114.34,
    "dma50" : 114.53,
    "dma100" : null,
    "dma200" : 103.35,
    "volume" : 269727.00
  }, {
    "date" : "2025-03-28",
    "price" : 119.12,
    "dma50" : 114.71,
    "dma100" : null,
    "dma200" : 103.51,
    "volume" : 1648755.00
  }, {
    "date" : "2025-04-01",
    "price" : 120.02,
    "dma50" : 114.91,
    "dma100" : null,
    "dma200" : 103.67,
    "volume" : 211424.00
  }, {
    "date" : "2025-04-02",
    "price" : 117.56,
    "dma50" : 115.02,
    "dma100" : null,
    "dma200" : 103.81,
    "volume" : 128441.00
  }, {
    "date" : "2025-04-03",
    "price" : 119.03,
    "dma50" : 115.18,
    "dma100" : null,
    "dma200" : 103.96,
    "volume" : 50811.00
  }, {
    "date" : "2025-04-04",
    "price" : 118.80,
    "dma50" : 115.32,
    "dma100" : null,
    "dma200" : 104.11,
    "volume" : 109434.00
  }, {
    "date" : "2025-04-07",
    "price" : 112.86,
    "dma50" : 115.22,
    "dma100" : null,
    "dma200" : 104.20,
    "volume" : 134877.00
  }, {
    "date" : "2025-04-08",
    "price" : 110.37,
    "dma50" : 115.03,
    "dma100" : null,
    "dma200" : 104.26,
    "volume" : 78174.00
  }, {
    "date" : "2025-04-09",
    "price" : 106.30,
    "dma50" : 114.69,
    "dma100" : null,
    "dma200" : 104.28,
    "volume" : 103740.00
  }, {
    "date" : "2025-04-11",
    "price" : 111.61,
    "dma50" : 114.57,
    "dma100" : null,
    "dma200" : 104.35,
    "volume" : 65911.00
  }, {
    "date" : "2025-04-15",
    "price" : 111.67,
    "dma50" : 114.45,
    "dma100" : null,
    "dma200" : 104.43,
    "volume" : 201121.00
  }, {
    "date" : "2025-04-16",
    "price" : 110.46,
    "dma50" : 114.30,
    "dma100" : null,
    "dma200" : 104.49,
    "volume" : 119338.00
  }, {
    "date" : "2025-04-17",
    "price" : 115.98,
    "dma50" : 114.36,
    "dma100" : null,
    "dma200" : 104.60,
    "volume" : 77355.00
  }, {
    "date" : "2025-04-21",
    "price" : 118.28,
    "dma50" : 114.52,
    "dma100" : null,
    "dma200" : 104.74,
    "volume" : 245561.00
  }, {
    "date" : "2025-04-22",
    "price" : 124.09,
    "dma50" : 114.89,
    "dma100" : null,
    "dma200" : 104.93,
    "volume" : 2168489.00
  }, {
    "date" : "2025-04-23",
    "price" : 130.29,
    "dma50" : 115.50,
    "dma100" : null,
    "dma200" : 105.18,
    "volume" : 1245806.00
  }, {
    "date" : "2025-04-24",
    "price" : 133.26,
    "dma50" : 116.19,
    "dma100" : null,
    "dma200" : 105.46,
    "volume" : 1840974.00
  }, {
    "date" : "2025-04-25",
    "price" : 137.86,
    "dma50" : 117.04,
    "dma100" : null,
    "dma200" : 105.78,
    "volume" : 735899.00
  }, {
    "date" : "2025-04-28",
    "price" : 133.35,
    "dma50" : 117.68,
    "dma100" : null,
    "dma200" : 106.06,
    "volume" : 389564.00
  }, {
    "date" : "2025-04-29",
    "price" : 132.76,
    "dma50" : 118.27,
    "dma100" : null,
    "dma200" : 106.32,
    "volume" : 333044.00
  }, {
    "date" : "2025-04-30",
    "price" : 129.49,
    "dma50" : 118.71,
    "dma100" : null,
    "dma200" : 106.55,
    "volume" : 171372.00
  }, {
    "date" : "2025-05-02",
    "price" : 131.19,
    "dma50" : 119.20,
    "dma100" : null,
    "dma200" : 106.80,
    "volume" : 312350.00
  }, {
    "date" : "2025-05-05",
    "price" : 127.34,
    "dma50" : 119.52,
    "dma100" : null,
    "dma200" : 107.00,
    "volume" : 158575.00
  }, {
    "date" : "2025-05-06",
    "price" : 126.97,
    "dma50" : 119.81,
    "dma100" : 122.66,
    "dma200" : 107.20,
    "volume" : 219798.00
  }, {
    "date" : "2025-05-07",
    "price" : 124.44,
    "dma50" : 120.00,
    "dma100" : 122.59,
    "dma200" : 107.37,
    "volume" : 159277.00
  }, {
    "date" : "2025-05-08",
    "price" : 121.52,
    "dma50" : 120.06,
    "dma100" : 122.43,
    "dma200" : 107.51,
    "volume" : 143431.00
  }, {
    "date" : "2025-05-09",
    "price" : 118.70,
    "dma50" : 120.00,
    "dma100" : 122.17,
    "dma200" : 107.62,
    "volume" : 73964.00
  }, {
    "date" : "2025-05-12",
    "price" : 122.65,
    "dma50" : 120.11,
    "dma100" : 122.03,
    "dma200" : 107.77,
    "volume" : 235500.00
  }, {
    "date" : "2025-05-13",
    "price" : 122.99,
    "dma50" : 120.22,
    "dma100" : 121.89,
    "dma200" : 107.93,
    "volume" : 119554.00
  }, {
    "date" : "2025-05-14",
    "price" : 129.13,
    "dma50" : 120.57,
    "dma100" : 121.77,
    "dma200" : 108.14,
    "volume" : 553539.00
  }, {
    "date" : "2025-05-15",
    "price" : 133.62,
    "dma50" : 121.08,
    "dma100" : 121.64,
    "dma200" : 108.39,
    "volume" : 559729.00
  }, {
    "date" : "2025-05-16",
    "price" : 132.23,
    "dma50" : 121.52,
    "dma100" : 121.55,
    "dma200" : 108.63,
    "volume" : 329595.00
  }, {
    "date" : "2025-05-19",
    "price" : 129.29,
    "dma50" : 121.82,
    "dma100" : 121.42,
    "dma200" : 108.83,
    "volume" : 272378.00
  }, {
    "date" : "2025-05-20",
    "price" : 129.90,
    "dma50" : 122.14,
    "dma100" : 121.30,
    "dma200" : 109.04,
    "volume" : 187299.00
  }, {
    "date" : "2025-05-21",
    "price" : 127.38,
    "dma50" : 122.34,
    "dma100" : 121.19,
    "dma200" : 109.23,
    "volume" : 107152.00
  }, {
    "date" : "2025-05-22",
    "price" : 127.02,
    "dma50" : 122.53,
    "dma100" : 121.14,
    "dma200" : 109.40,
    "volume" : 126725.00
  }, {
    "date" : "2025-05-23",
    "price" : 128.68,
    "dma50" : 122.77,
    "dma100" : 121.11,
    "dma200" : 109.59,
    "volume" : 111199.00
  }, {
    "date" : "2025-05-26",
    "price" : 126.39,
    "dma50" : 122.91,
    "dma100" : 121.09,
    "dma200" : 109.76,
    "volume" : 102797.00
  }, {
    "date" : "2025-05-27",
    "price" : 124.60,
    "dma50" : 122.98,
    "dma100" : 121.08,
    "dma200" : 109.91,
    "volume" : 49053.00
  }, {
    "date" : "2025-05-28",
    "price" : 130.63,
    "dma50" : 123.28,
    "dma100" : 121.12,
    "dma200" : 110.12,
    "volume" : 608869.00
  }, {
    "date" : "2025-05-29",
    "price" : 135.55,
    "dma50" : 123.76,
    "dma100" : 121.16,
    "dma200" : 110.37,
    "volume" : 295973.00
  }, {
    "date" : "2025-05-30",
    "price" : 137.28,
    "dma50" : 124.29,
    "dma100" : 121.19,
    "dma200" : 110.64,
    "volume" : 366058.00
  }, {
    "date" : "2025-06-02",
    "price" : 137.32,
    "dma50" : 124.80,
    "dma100" : 121.23,
    "dma200" : 110.90,
    "volume" : 249747.00
  }, {
    "date" : "2025-06-03",
    "price" : 144.10,
    "dma50" : 125.56,
    "dma100" : 121.40,
    "dma200" : 111.23,
    "volume" : 772356.00
  }, {
    "date" : "2025-06-04",
    "price" : 146.24,
    "dma50" : 126.37,
    "dma100" : 121.54,
    "dma200" : 111.58,
    "volume" : 438367.00
  }, {
    "date" : "2025-06-05",
    "price" : 145.78,
    "dma50" : 127.13,
    "dma100" : 121.73,
    "dma200" : 111.92,
    "volume" : 919834.00
  }, {
    "date" : "2025-06-06",
    "price" : 139.11,
    "dma50" : 127.60,
    "dma100" : 121.86,
    "dma200" : 112.19,
    "volume" : 279186.00
  }, {
    "date" : "2025-06-09",
    "price" : 139.40,
    "dma50" : 128.06,
    "dma100" : 122.04,
    "dma200" : 112.46,
    "volume" : 192810.00
  }, {
    "date" : "2025-06-10",
    "price" : 138.23,
    "dma50" : 128.46,
    "dma100" : 122.25,
    "dma200" : 112.72,
    "volume" : 109665.00
  }, {
    "date" : "2025-06-11",
    "price" : 139.33,
    "dma50" : 128.89,
    "dma100" : 122.47,
    "dma200" : 112.98,
    "volume" : 562192.00
  }, {
    "date" : "2025-06-12",
    "price" : 137.00,
    "dma50" : 129.21,
    "dma100" : 122.60,
    "dma200" : 113.22,
    "volume" : 271264.00
  }, {
    "date" : "2025-06-13",
    "price" : 133.05,
    "dma50" : 129.36,
    "dma100" : 122.64,
    "dma200" : 113.42,
    "volume" : 239810.00
  }, {
    "date" : "2025-06-16",
    "price" : 137.10,
    "dma50" : 129.66,
    "dma100" : 122.64,
    "dma200" : 113.65,
    "volume" : 251807.00
  }, {
    "date" : "2025-06-17",
    "price" : 134.66,
    "dma50" : 129.86,
    "dma100" : 122.57,
    "dma200" : 113.86,
    "volume" : 161537.00
  }, {
    "date" : "2025-06-18",
    "price" : 131.71,
    "dma50" : 129.93,
    "dma100" : 122.45,
    "dma200" : 114.04,
    "volume" : 114114.00
  }, {
    "date" : "2025-06-19",
    "price" : 128.76,
    "dma50" : 129.88,
    "dma100" : 122.33,
    "dma200" : 114.19,
    "volume" : 296619.00
  }, {
    "date" : "2025-06-20",
    "price" : 130.51,
    "dma50" : 129.91,
    "dma100" : 122.21,
    "dma200" : 114.35,
    "volume" : 114702.00
  }, {
    "date" : "2025-06-23",
    "price" : 133.98,
    "dma50" : 130.07,
    "dma100" : 122.16,
    "dma200" : 114.55,
    "volume" : 176804.00
  }, {
    "date" : "2025-06-24",
    "price" : 135.10,
    "dma50" : 130.26,
    "dma100" : 122.15,
    "dma200" : 114.75,
    "volume" : 122671.00
  }, {
    "date" : "2025-06-25",
    "price" : 134.67,
    "dma50" : 130.44,
    "dma100" : 122.16,
    "dma200" : 114.95,
    "volume" : 186573.00
  }, {
    "date" : "2025-06-26",
    "price" : 135.26,
    "dma50" : 130.63,
    "dma100" : 122.20,
    "dma200" : 115.15,
    "volume" : 316999.00
  }, {
    "date" : "2025-06-27",
    "price" : 141.63,
    "dma50" : 131.06,
    "dma100" : 122.33,
    "dma200" : 115.41,
    "volume" : 554422.00
  }, {
    "date" : "2025-06-30",
    "price" : 148.71,
    "dma50" : 131.75,
    "dma100" : 122.54,
    "dma200" : 115.75,
    "volume" : 376801.00
  }, {
    "date" : "2025-07-01",
    "price" : 153.64,
    "dma50" : 132.61,
    "dma100" : 122.83,
    "dma200" : 116.12,
    "volume" : 1556017.00
  }, {
    "date" : "2025-07-02",
    "price" : 160.95,
    "dma50" : 133.72,
    "dma100" : 123.21,
    "dma200" : 116.57,
    "volume" : 1986921.00
  }, {
    "date" : "2025-07-03",
    "price" : 156.80,
    "dma50" : 134.62,
    "dma100" : 123.58,
    "dma200" : 116.97,
    "volume" : 408676.00
  }, {
    "date" : "2025-07-04",
    "price" : 154.28,
    "dma50" : 135.40,
    "dma100" : 123.89,
    "dma200" : 117.34,
    "volume" : 341469.00
  }, {
    "date" : "2025-07-07",
    "price" : 153.51,
    "dma50" : 136.11,
    "dma100" : 124.18,
    "dma200" : 117.70,
    "volume" : 397316.00
  }, {
    "date" : "2025-07-08",
    "price" : 149.50,
    "dma50" : 136.63,
    "dma100" : 124.43,
    "dma200" : 118.02,
    "volume" : 235772.00
  }, {
    "date" : "2025-07-09",
    "price" : 147.06,
    "dma50" : 137.04,
    "dma100" : 124.63,
    "dma200" : 118.31,
    "volume" : 188988.00
  }, {
    "date" : "2025-07-10",
    "price" : 146.10,
    "dma50" : 137.40,
    "dma100" : 124.85,
    "dma200" : 118.58,
    "volume" : 124311.00
  }, {
    "date" : "2025-07-11",
    "price" : 145.77,
    "dma50" : 137.72,
    "dma100" : 125.08,
    "dma200" : 118.85,
    "volume" : 230488.00
  }, {
    "date" : "2025-07-14",
    "price" : 148.10,
    "dma50" : 138.13,
    "dma100" : 125.37,
    "dma200" : 119.14,
    "volume" : 361500.00
  }, {
    "date" : "2025-07-15",
    "price" : 149.73,
    "dma50" : 138.59,
    "dma100" : 125.70,
    "dma200" : 119.45,
    "volume" : 175728.00
  }, {
    "date" : "2025-07-16",
    "price" : 145.71,
    "dma50" : 138.87,
    "dma100" : 126.01,
    "dma200" : 119.71,
    "volume" : 105158.00
  }, {
    "date" : "2025-07-17",
    "price" : 142.67,
    "dma50" : 139.01,
    "dma100" : 126.31,
    "dma200" : 119.94,
    "volume" : 113516.00
  }, {
    "date" : "2025-07-18",
    "price" : 142.66,
    "dma50" : 139.16,
    "dma100" : 126.63,
    "dma200" : 120.16,
    "volume" : 162837.00
  }, {
    "date" : "2025-07-21",
    "price" : 143.86,
    "dma50" : 139.34,
    "dma100" : 126.99,
    "dma200" : 120.40,
    "volume" : 171844.00
  }, {
    "date" : "2025-07-22",
    "price" : 141.70,
    "dma50" : 139.43,
    "dma100" : 127.32,
    "dma200" : 120.61,
    "volume" : 62308.00
  }, {
    "date" : "2025-07-23",
    "price" : 141.59,
    "dma50" : 139.52,
    "dma100" : 127.67,
    "dma200" : 120.82,
    "volume" : 144000.00
  }, {
    "date" : "2025-07-24",
    "price" : 134.51,
    "dma50" : 139.32,
    "dma100" : 127.95,
    "dma200" : 120.96,
    "volume" : 353739.00
  }, {
    "date" : "2025-07-25",
    "price" : 133.84,
    "dma50" : 139.11,
    "dma100" : 128.26,
    "dma200" : 121.08,
    "volume" : 802003.00
  }, {
    "date" : "2025-07-28",
    "price" : 132.56,
    "dma50" : 138.85,
    "dma100" : 128.57,
    "dma200" : 121.20,
    "volume" : 178506.00
  }, {
    "date" : "2025-07-29",
    "price" : 133.45,
    "dma50" : 138.64,
    "dma100" : 128.90,
    "dma200" : 121.32,
    "volume" : 179417.00
  }, {
    "date" : "2025-07-30",
    "price" : 130.19,
    "dma50" : 138.31,
    "dma100" : 129.24,
    "dma200" : 121.41,
    "volume" : 120648.00
  }, {
    "date" : "2025-07-31",
    "price" : 128.97,
    "dma50" : 137.94,
    "dma100" : 129.51,
    "dma200" : 121.48,
    "volume" : 91202.00
  }, {
    "date" : "2025-08-01",
    "price" : 125.68,
    "dma50" : 137.46,
    "dma100" : 129.70,
    "dma200" : 121.53,
    "volume" : 149668.00
  }, {
    "date" : "2025-08-04",
    "price" : 125.08,
    "dma50" : 136.97,
    "dma100" : 129.86,
    "dma200" : 121.56,
    "volume" : 159499.00
  }, {
    "date" : "2025-08-05",
    "price" : 123.80,
    "dma50" : 136.46,
    "dma100" : 130.05,
    "dma200" : 121.58,
    "volume" : 93012.00
  }, {
    "date" : "2025-08-06",
    "price" : 123.23,
    "dma50" : 135.94,
    "dma100" : 130.21,
    "dma200" : 121.60,
    "volume" : 133101.00
  }, {
    "date" : "2025-08-07",
    "price" : 124.30,
    "dma50" : 135.48,
    "dma100" : 130.40,
    "dma200" : 121.63,
    "volume" : 67648.00
  }, {
    "date" : "2025-08-08",
    "price" : 122.09,
    "dma50" : 134.96,
    "dma100" : 130.60,
    "dma200" : 121.63,
    "volume" : 143049.00
  }, {
    "date" : "2025-08-11",
    "price" : 130.44,
    "dma50" : 134.78,
    "dma100" : 130.87,
    "dma200" : 121.72,
    "volume" : 520661.00
  }, {
    "date" : "2025-08-12",
    "price" : 129.33,
    "dma50" : 134.57,
    "dma100" : 131.10,
    "dma200" : 121.79,
    "volume" : 913691.00
  }, {
    "date" : "2025-08-13",
    "price" : 132.77,
    "dma50" : 134.50,
    "dma100" : 131.33,
    "dma200" : 121.90,
    "volume" : 319350.00
  }, {
    "date" : "2025-08-14",
    "price" : 127.37,
    "dma50" : 134.22,
    "dma100" : 131.45,
    "dma200" : 121.96,
    "volume" : 348693.00
  }, {
    "date" : "2025-08-18",
    "price" : 133.62,
    "dma50" : 134.19,
    "dma100" : 131.62,
    "dma200" : 122.07,
    "volume" : 176163.00
  }, {
    "date" : "2025-08-19",
    "price" : 125.14,
    "dma50" : 133.84,
    "dma100" : 131.73,
    "dma200" : 122.10,
    "volume" : 803068.00
  }, {
    "date" : "2025-08-20",
    "price" : 128.46,
    "dma50" : 133.63,
    "dma100" : 131.85,
    "dma200" : 122.17,
    "volume" : 302676.00
  }, {
    "date" : "2025-08-21",
    "price" : 126.40,
    "dma50" : 133.34,
    "dma100" : 132.02,
    "dma200" : 122.21,
    "volume" : 84310.00
  }, {
    "date" : "2025-08-22",
    "price" : 125.29,
    "dma50" : 133.03,
    "dma100" : 132.12,
    "dma200" : 122.24,
    "volume" : 82840.00
  }, {
    "date" : "2025-08-25",
    "price" : 123.88,
    "dma50" : 132.67,
    "dma100" : 132.17,
    "dma200" : 122.26,
    "volume" : 55096.00
  }, {
    "date" : "2025-08-26",
    "price" : 122.29,
    "dma50" : 132.26,
    "dma100" : 132.19,
    "dma200" : 122.26,
    "volume" : 195473.00
  }, {
    "date" : "2025-08-28",
    "price" : 117.15,
    "dma50" : 131.67,
    "dma100" : 132.19,
    "dma200" : 122.21,
    "volume" : 153005.00
  }, {
    "date" : "2025-08-29",
    "price" : 113.85,
    "dma50" : 130.97,
    "dma100" : 132.14,
    "dma200" : 122.12,
    "volume" : 240310.00
  }, {
    "date" : "2025-09-01",
    "price" : 119.02,
    "dma50" : 130.50,
    "dma100" : 132.14,
    "dma200" : 122.09,
    "volume" : 268186.00
  }, {
    "date" : "2025-09-02",
    "price" : 119.21,
    "dma50" : 130.06,
    "dma100" : 132.20,
    "dma200" : 122.06,
    "volume" : 97311.00
  }, {
    "date" : "2025-09-03",
    "price" : 118.13,
    "dma50" : 129.59,
    "dma100" : 132.28,
    "dma200" : 122.02,
    "volume" : 232584.00
  }, {
    "date" : "2025-09-04",
    "price" : 117.61,
    "dma50" : 129.12,
    "dma100" : 132.40,
    "dma200" : 121.98,
    "volume" : 62088.00
  }, {
    "date" : "2025-09-05",
    "price" : 118.70,
    "dma50" : 128.71,
    "dma100" : 132.47,
    "dma200" : 121.95,
    "volume" : 52257.00
  }, {
    "date" : "2025-09-08",
    "price" : 121.63,
    "dma50" : 128.44,
    "dma100" : 132.57,
    "dma200" : 121.94,
    "volume" : 165365.00
  }, {
    "date" : "2025-09-09",
    "price" : 116.72,
    "dma50" : 127.98,
    "dma100" : 132.63,
    "dma200" : 121.89,
    "volume" : 177817.00
  }, {
    "date" : "2025-09-10",
    "price" : 115.25,
    "dma50" : 127.48,
    "dma100" : 132.62,
    "dma200" : 121.83,
    "volume" : 143637.00
  }, {
    "date" : "2025-09-11",
    "price" : 114.70,
    "dma50" : 126.98,
    "dma100" : 132.59,
    "dma200" : 121.76,
    "volume" : 387839.00
  }, {
    "date" : "2025-09-12",
    "price" : 115.46,
    "dma50" : 126.52,
    "dma100" : 132.50,
    "dma200" : 121.69,
    "volume" : 156111.00
  }, {
    "date" : "2025-09-15",
    "price" : 115.11,
    "dma50" : 126.08,
    "dma100" : 132.35,
    "dma200" : 121.63,
    "volume" : 270524.00
  }, {
    "date" : "2025-09-16",
    "price" : 114.12,
    "dma50" : 125.61,
    "dma100" : 132.16,
    "dma200" : 121.55,
    "volume" : 644935.00
  }, {
    "date" : "2025-09-17",
    "price" : 113.53,
    "dma50" : 125.13,
    "dma100" : 131.91,
    "dma200" : 121.47,
    "volume" : 189604.00
  }, {
    "date" : "2025-09-18",
    "price" : 115.36,
    "dma50" : 124.75,
    "dma100" : 131.73,
    "dma200" : 121.41,
    "volume" : 983358.00
  }, {
    "date" : "2025-09-19",
    "price" : 114.18,
    "dma50" : 124.34,
    "dma100" : 131.55,
    "dma200" : 121.34,
    "volume" : 525359.00
  }, {
    "date" : "2025-09-22",
    "price" : 117.56,
    "dma50" : 124.07,
    "dma100" : 131.43,
    "dma200" : 121.30,
    "volume" : 658827.00
  }, {
    "date" : "2025-09-23",
    "price" : 116.02,
    "dma50" : 123.75,
    "dma100" : 131.28,
    "dma200" : 121.25,
    "volume" : 202709.00
  }, {
    "date" : "2025-09-24",
    "price" : 115.82,
    "dma50" : 123.44,
    "dma100" : 131.16,
    "dma200" : 121.20,
    "volume" : 107804.00
  }, {
    "date" : "2025-09-25",
    "price" : 113.33,
    "dma50" : 123.05,
    "dma100" : 131.02,
    "dma200" : 121.12,
    "volume" : 135499.00
  }, {
    "date" : "2025-09-26",
    "price" : 112.05,
    "dma50" : 122.62,
    "dma100" : 130.90,
    "dma200" : 121.03,
    "volume" : 224198.00
  }, {
    "date" : "2025-09-29",
    "price" : 110.15,
    "dma50" : 122.13,
    "dma100" : 130.79,
    "dma200" : 120.92,
    "volume" : 702725.00
  }, {
    "date" : "2025-09-30",
    "price" : 118.48,
    "dma50" : 121.98,
    "dma100" : 130.78,
    "dma200" : 120.90,
    "volume" : 541631.00
  }, {
    "date" : "2025-10-01",
    "price" : 113.90,
    "dma50" : 121.67,
    "dma100" : 130.70,
    "dma200" : 120.83,
    "volume" : 191490.00
  }, {
    "date" : "2025-10-03",
    "price" : 115.38,
    "dma50" : 121.42,
    "dma100" : 130.62,
    "dma200" : 120.77,
    "volume" : 141874.00
  }, {
    "date" : "2025-10-06",
    "price" : 113.49,
    "dma50" : 121.11,
    "dma100" : 130.46,
    "dma200" : 120.70,
    "volume" : 136255.00
  }, {
    "date" : "2025-10-07",
    "price" : 111.09,
    "dma50" : 120.72,
    "dma100" : 130.24,
    "dma200" : 120.60,
    "volume" : 97578.00
  }, {
    "date" : "2025-10-08",
    "price" : 109.32,
    "dma50" : 120.27,
    "dma100" : 130.01,
    "dma200" : 120.49,
    "volume" : 119009.00
  }, {
    "date" : "2025-10-09",
    "price" : 107.18,
    "dma50" : 119.76,
    "dma100" : 129.79,
    "dma200" : 120.36,
    "volume" : 154244.00
  }, {
    "date" : "2025-10-10",
    "price" : 114.02,
    "dma50" : 119.53,
    "dma100" : 129.63,
    "dma200" : 120.30,
    "volume" : 705185.00
  }, {
    "date" : "2025-10-13",
    "price" : 111.95,
    "dma50" : 119.23,
    "dma100" : 129.48,
    "dma200" : 120.21,
    "volume" : 119708.00
  }, {
    "date" : "2025-10-14",
    "price" : 110.81,
    "dma50" : 118.90,
    "dma100" : 129.31,
    "dma200" : 120.12,
    "volume" : 462753.00
  }, {
    "date" : "2025-10-15",
    "price" : 109.54,
    "dma50" : 118.54,
    "dma100" : 129.12,
    "dma200" : 120.01,
    "volume" : 143492.00
  }, {
    "date" : "2025-10-16",
    "price" : 111.05,
    "dma50" : 118.24,
    "dma100" : 128.97,
    "dma200" : 119.92,
    "volume" : 237764.00
  }, {
    "date" : "2025-10-17",
    "price" : 108.65,
    "dma50" : 117.87,
    "dma100" : 128.81,
    "dma200" : 119.81,
    "volume" : 137204.00
  }, {
    "date" : "2025-10-20",
    "price" : 109.89,
    "dma50" : 117.55,
    "dma100" : 128.60,
    "dma200" : 119.71,
    "volume" : 197708.00
  }, {
    "date" : "2025-10-21",
    "price" : 112.94,
    "dma50" : 117.37,
    "dma100" : 128.38,
    "dma200" : 119.65,
    "volume" : 113696.00
  }, {
    "date" : "2025-10-23",
    "price" : 112.78,
    "dma50" : 117.19,
    "dma100" : 128.13,
    "dma200" : 119.58,
    "volume" : 263086.00
  }, {
    "date" : "2025-10-24",
    "price" : 110.34,
    "dma50" : 116.92,
    "dma100" : 127.86,
    "dma200" : 119.49,
    "volume" : 159966.00
  }, {
    "date" : "2025-10-27",
    "price" : 115.19,
    "dma50" : 116.86,
    "dma100" : 127.57,
    "dma200" : 119.44,
    "volume" : 621566.00
  }, {
    "date" : "2025-10-28",
    "price" : 110.97,
    "dma50" : 116.63,
    "dma100" : 127.22,
    "dma200" : 119.36,
    "volume" : 544064.00
  }, {
    "date" : "2025-10-29",
    "price" : 109.97,
    "dma50" : 116.36,
    "dma100" : 126.86,
    "dma200" : 119.27,
    "volume" : 187991.00
  }, {
    "date" : "2025-10-30",
    "price" : 110.44,
    "dma50" : 116.13,
    "dma100" : 126.57,
    "dma200" : 119.18,
    "volume" : 145734.00
  }, {
    "date" : "2025-10-31",
    "price" : 109.16,
    "dma50" : 115.86,
    "dma100" : 126.27,
    "dma200" : 119.08,
    "volume" : 184044.00
  }, {
    "date" : "2025-11-03",
    "price" : 101.45,
    "dma50" : 115.29,
    "dma100" : 125.90,
    "dma200" : 118.90,
    "volume" : 4340924.00
  }, {
    "date" : "2025-11-04",
    "price" : 100.68,
    "dma50" : 114.72,
    "dma100" : 125.52,
    "dma200" : 118.72,
    "volume" : 2513498.00
  }, {
    "date" : "2025-11-06",
    "price" : 93.26,
    "dma50" : 113.88,
    "dma100" : 125.08,
    "dma200" : 118.47,
    "volume" : 1500922.00
  }, {
    "date" : "2025-11-07",
    "price" : 93.46,
    "dma50" : 113.08,
    "dma100" : 124.68,
    "dma200" : 118.22,
    "volume" : 877493.00
  }, {
    "date" : "2025-11-10",
    "price" : 92.43,
    "dma50" : 112.27,
    "dma100" : 124.24,
    "dma200" : 117.96,
    "volume" : 321089.00
  }, {
    "date" : "2025-11-11",
    "price" : 91.49,
    "dma50" : 111.45,
    "dma100" : 123.81,
    "dma200" : 117.70,
    "volume" : 293468.00
  }, {
    "date" : "2025-11-12",
    "price" : 94.38,
    "dma50" : 110.78,
    "dma100" : 123.43,
    "dma200" : 117.47,
    "volume" : 932787.00
  }, {
    "date" : "2025-11-13",
    "price" : 92.57,
    "dma50" : 110.07,
    "dma100" : 123.07,
    "dma200" : 117.22,
    "volume" : 392915.00
  }, {
    "date" : "2025-11-14",
    "price" : 92.18,
    "dma50" : 109.37,
    "dma100" : 122.69,
    "dma200" : 116.97,
    "volume" : 233373.00
  }, {
    "date" : "2025-11-17",
    "price" : 91.54,
    "dma50" : 108.67,
    "dma100" : 122.26,
    "dma200" : 116.72,
    "volume" : 154461.00
  }, {
    "date" : "2025-11-18",
    "price" : 91.43,
    "dma50" : 107.99,
    "dma100" : 121.83,
    "dma200" : 116.47,
    "volume" : 161729.00
  }, {
    "date" : "2025-11-19",
    "price" : 91.82,
    "dma50" : 107.36,
    "dma100" : 121.40,
    "dma200" : 116.22,
    "volume" : 134549.00
  }, {
    "date" : "2025-11-20",
    "price" : 89.16,
    "dma50" : 106.65,
    "dma100" : 120.94,
    "dma200" : 115.95,
    "volume" : 687819.00
  }, {
    "date" : "2025-11-21",
    "price" : 86.20,
    "dma50" : 105.84,
    "dma100" : 120.38,
    "dma200" : 115.66,
    "volume" : 647596.00
  }, {
    "date" : "2025-11-24",
    "price" : 82.12,
    "dma50" : 104.91,
    "dma100" : 119.72,
    "dma200" : 115.32,
    "volume" : 376569.00
  }, {
    "date" : "2025-11-25",
    "price" : 84.14,
    "dma50" : 104.10,
    "dma100" : 119.02,
    "dma200" : 115.01,
    "volume" : 590666.00
  }, {
    "date" : "2025-11-26",
    "price" : 87.14,
    "dma50" : 103.43,
    "dma100" : 118.28,
    "dma200" : 114.73,
    "volume" : 974996.00
  }, {
    "date" : "2025-11-27",
    "price" : 89.50,
    "dma50" : 102.89,
    "dma100" : 117.61,
    "dma200" : 114.48,
    "volume" : 273395.00
  }, {
    "date" : "2025-11-28",
    "price" : 87.99,
    "dma50" : 102.30,
    "dma100" : 116.95,
    "dma200" : 114.22,
    "volume" : 269198.00
  }, {
    "date" : "2025-12-01",
    "price" : 84.97,
    "dma50" : 101.62,
    "dma100" : 116.26,
    "dma200" : 113.93,
    "volume" : 252484.00
  }, {
    "date" : "2025-12-02",
    "price" : 85.49,
    "dma50" : 100.99,
    "dma100" : 115.62,
    "dma200" : 113.65,
    "volume" : 206629.00
  }, {
    "date" : "2025-12-03",
    "price" : 81.99,
    "dma50" : 100.25,
    "dma100" : 114.97,
    "dma200" : 113.33,
    "volume" : 318506.00
  }, {
    "date" : "2025-12-04",
    "price" : 82.59,
    "dma50" : 99.55,
    "dma100" : 114.34,
    "dma200" : 113.02,
    "volume" : 124342.00
  }, {
    "date" : "2025-12-05",
    "price" : 82.20,
    "dma50" : 98.87,
    "dma100" : 113.70,
    "dma200" : 112.72,
    "volume" : 633153.00
  } ],
  "latestTechnicalAttributes" : {
    "date" : "2025-12-05",
    "price" : 82.20,
    "dma50" : 98.87,
    "dma100" : 113.70,
    "dma200" : 112.72,
    "volume" : 633153.00
  },
  "quarterlyResults" : [ {
    "date" : "2005-06-30",
    "sales" : 61.82,
    "salesGrowthYoY" : null,
    "grossProfitMargin" : 38.63,
    "grossProfit" : 23.88,
    "operatingProfitMargin" : 15.74,
    "operatingProfit" : 9.73,
    "netProfitMargin" : 5.21,
    "netProfit" : 3.22
  }, {
    "date" : "2005-09-30",
    "sales" : 69.34,
    "salesGrowthYoY" : null,
    "grossProfitMargin" : 47.17,
    "grossProfit" : 32.71,
    "operatingProfitMargin" : 14.83,
    "operatingProfit" : 10.28,
    "netProfitMargin" : 8.83,
    "netProfit" : 6.12
  }, {
    "date" : "2005-12-31",
    "sales" : 73.67,
    "salesGrowthYoY" : null,
    "grossProfitMargin" : 46.33,
    "grossProfit" : 34.13,
    "operatingProfitMargin" : 13.51,
    "operatingProfit" : 9.95,
    "netProfitMargin" : 4.28,
    "netProfit" : 3.15
  }, {
    "date" : "2006-03-31",
    "sales" : 92.43,
    "salesGrowthYoY" : null,
    "grossProfitMargin" : 43.48,
    "grossProfit" : 40.19,
    "operatingProfitMargin" : 14.10,
    "operatingProfit" : 13.03,
    "netProfitMargin" : 8.16,
    "netProfit" : 7.54
  }, {
    "date" : "2006-06-30",
    "sales" : 97.28,
    "salesGrowthYoY" : 57.36,
    "grossProfitMargin" : 44.06,
    "grossProfit" : 42.86,
    "operatingProfitMargin" : 15.40,
    "operatingProfit" : 14.98,
    "netProfitMargin" : 7.09,
    "netProfit" : 6.90
  }, {
    "date" : "2006-09-30",
    "sales" : 107.13,
    "salesGrowthYoY" : 54.50,
    "grossProfitMargin" : 44.95,
    "grossProfit" : 48.15,
    "operatingProfitMargin" : 15.87,
    "operatingProfit" : 17.00,
    "netProfitMargin" : 8.39,
    "netProfit" : 8.99
  }, {
    "date" : "2006-12-31",
    "sales" : 115.92,
    "salesGrowthYoY" : 57.35,
    "grossProfitMargin" : 44.35,
    "grossProfit" : 51.41,
    "operatingProfitMargin" : 14.78,
    "operatingProfit" : 17.13,
    "netProfitMargin" : 7.94,
    "netProfit" : 9.20
  }, {
    "date" : "2007-03-31",
    "sales" : 139.04,
    "salesGrowthYoY" : 50.43,
    "grossProfitMargin" : 44.00,
    "grossProfit" : 61.18,
    "operatingProfitMargin" : 14.83,
    "operatingProfit" : 20.62,
    "netProfitMargin" : 9.30,
    "netProfit" : 12.93
  }, {
    "date" : "2007-06-30",
    "sales" : 129.40,
    "salesGrowthYoY" : 33.02,
    "grossProfitMargin" : 41.99,
    "grossProfit" : 54.34,
    "operatingProfitMargin" : 12.62,
    "operatingProfit" : 16.33,
    "netProfitMargin" : 8.57,
    "netProfit" : 11.09
  }, {
    "date" : "2007-09-30",
    "sales" : 140.90,
    "salesGrowthYoY" : 31.52,
    "grossProfitMargin" : 33.52,
    "grossProfit" : 47.23,
    "operatingProfitMargin" : 15.33,
    "operatingProfit" : 21.60,
    "netProfitMargin" : 9.52,
    "netProfit" : 13.41
  }, {
    "date" : "2007-12-31",
    "sales" : 144.16,
    "salesGrowthYoY" : 24.36,
    "grossProfitMargin" : 31.50,
    "grossProfit" : 45.41,
    "operatingProfitMargin" : 14.49,
    "operatingProfit" : 20.89,
    "netProfitMargin" : 9.16,
    "netProfit" : 13.21
  }, {
    "date" : "2008-03-31",
    "sales" : 194.84,
    "salesGrowthYoY" : 40.13,
    "grossProfitMargin" : 38.10,
    "grossProfit" : 74.23,
    "operatingProfitMargin" : 12.72,
    "operatingProfit" : 24.78,
    "netProfitMargin" : 6.84,
    "netProfit" : 13.33
  }, {
    "date" : "2008-06-30",
    "sales" : 154.42,
    "salesGrowthYoY" : 19.34,
    "grossProfitMargin" : 34.54,
    "grossProfit" : 53.34,
    "operatingProfitMargin" : 14.47,
    "operatingProfit" : 22.34,
    "netProfitMargin" : 5.23,
    "netProfit" : 8.08
  }, {
    "date" : "2008-09-30",
    "sales" : 158.64,
    "salesGrowthYoY" : 12.59,
    "grossProfitMargin" : 33.64,
    "grossProfit" : 53.37,
    "operatingProfitMargin" : 13.86,
    "operatingProfit" : 21.99,
    "netProfitMargin" : 6.14,
    "netProfit" : 9.74
  }, {
    "date" : "2008-12-31",
    "sales" : 151.74,
    "salesGrowthYoY" : 5.26,
    "grossProfitMargin" : 28.40,
    "grossProfit" : 43.09,
    "operatingProfitMargin" : 12.30,
    "operatingProfit" : 18.66,
    "netProfitMargin" : 4.63,
    "netProfit" : 7.03
  }, {
    "date" : "2009-03-31",
    "sales" : 140.61,
    "salesGrowthYoY" : -27.83,
    "grossProfitMargin" : 28.85,
    "grossProfit" : 40.57,
    "operatingProfitMargin" : 6.67,
    "operatingProfit" : 9.38,
    "netProfitMargin" : 0.09,
    "netProfit" : 0.13
  }, {
    "date" : "2009-06-30",
    "sales" : 141.62,
    "salesGrowthYoY" : -8.29,
    "grossProfitMargin" : 33.39,
    "grossProfit" : 47.29,
    "operatingProfitMargin" : 12.60,
    "operatingProfit" : 17.84,
    "netProfitMargin" : 4.23,
    "netProfit" : 5.99
  }, {
    "date" : "2009-09-30",
    "sales" : 81.09,
    "salesGrowthYoY" : -48.88,
    "grossProfitMargin" : 35.31,
    "grossProfit" : 28.63,
    "operatingProfitMargin" : 1.06,
    "operatingProfit" : 0.86,
    "netProfitMargin" : -10.20,
    "netProfit" : -8.27
  }, {
    "date" : "2009-12-31",
    "sales" : 76.26,
    "salesGrowthYoY" : -49.74,
    "grossProfitMargin" : 36.60,
    "grossProfit" : 27.91,
    "operatingProfitMargin" : 1.19,
    "operatingProfit" : 0.91,
    "netProfitMargin" : -11.72,
    "netProfit" : -8.94
  }, {
    "date" : "2010-03-31",
    "sales" : 104.00,
    "salesGrowthYoY" : -26.04,
    "grossProfitMargin" : 37.52,
    "grossProfit" : 39.02,
    "operatingProfitMargin" : 7.06,
    "operatingProfit" : 7.34,
    "netProfitMargin" : 2.40,
    "netProfit" : 2.50
  }, {
    "date" : "2010-06-30",
    "sales" : 126.47,
    "salesGrowthYoY" : -10.70,
    "grossProfitMargin" : 31.55,
    "grossProfit" : 39.90,
    "operatingProfitMargin" : 9.65,
    "operatingProfit" : 12.20,
    "netProfitMargin" : 0.99,
    "netProfit" : 1.25
  }, {
    "date" : "2010-09-30",
    "sales" : 157.17,
    "salesGrowthYoY" : 93.82,
    "grossProfitMargin" : 30.36,
    "grossProfit" : 47.72,
    "operatingProfitMargin" : 12.26,
    "operatingProfit" : 19.27,
    "netProfitMargin" : 4.31,
    "netProfit" : 6.77
  }, {
    "date" : "2010-12-31",
    "sales" : 165.45,
    "salesGrowthYoY" : 116.96,
    "grossProfitMargin" : 31.18,
    "grossProfit" : 51.59,
    "operatingProfitMargin" : 12.31,
    "operatingProfit" : 20.37,
    "netProfitMargin" : 4.30,
    "netProfit" : 7.11
  }, {
    "date" : "2011-03-31",
    "sales" : 191.94,
    "salesGrowthYoY" : 84.56,
    "grossProfitMargin" : 33.69,
    "grossProfit" : 64.66,
    "operatingProfitMargin" : 13.64,
    "operatingProfit" : 26.18,
    "netProfitMargin" : 5.81,
    "netProfit" : 11.15
  }, {
    "date" : "2011-06-30",
    "sales" : 185.49,
    "salesGrowthYoY" : 46.67,
    "grossProfitMargin" : 32.62,
    "grossProfit" : 60.51,
    "operatingProfitMargin" : 13.30,
    "operatingProfit" : 24.67,
    "netProfitMargin" : 3.44,
    "netProfit" : 6.38
  }, {
    "date" : "2011-09-30",
    "sales" : 207.20,
    "salesGrowthYoY" : 31.83,
    "grossProfitMargin" : 33.16,
    "grossProfit" : 68.71,
    "operatingProfitMargin" : 15.70,
    "operatingProfit" : 32.53,
    "netProfitMargin" : 2.53,
    "netProfit" : 5.24
  }, {
    "date" : "2011-12-31",
    "sales" : 263.73,
    "salesGrowthYoY" : 59.40,
    "grossProfitMargin" : 31.49,
    "grossProfit" : 83.05,
    "operatingProfitMargin" : 13.97,
    "operatingProfit" : 36.84,
    "netProfitMargin" : 2.02,
    "netProfit" : 5.33
  }, {
    "date" : "2012-03-31",
    "sales" : 183.64,
    "salesGrowthYoY" : -4.32,
    "grossProfitMargin" : 22.31,
    "grossProfit" : 40.97,
    "operatingProfitMargin" : -4.14,
    "operatingProfit" : -7.60,
    "netProfitMargin" : -20.67,
    "netProfit" : -37.96
  }, {
    "date" : "2012-06-30",
    "sales" : 202.18,
    "salesGrowthYoY" : 9.00,
    "grossProfitMargin" : 23.38,
    "grossProfit" : 47.27,
    "operatingProfitMargin" : -4.35,
    "operatingProfit" : -8.79,
    "netProfitMargin" : -38.86,
    "netProfit" : -78.57
  }, {
    "date" : "2012-09-30",
    "sales" : 206.47,
    "salesGrowthYoY" : -0.35,
    "grossProfitMargin" : 24.49,
    "grossProfit" : 50.56,
    "operatingProfitMargin" : -2.96,
    "operatingProfit" : -6.11,
    "netProfitMargin" : -25.66,
    "netProfit" : -52.98
  }, {
    "date" : "2012-12-31",
    "sales" : 179.80,
    "salesGrowthYoY" : -31.82,
    "grossProfitMargin" : 26.45,
    "grossProfit" : 47.56,
    "operatingProfitMargin" : -8.18,
    "operatingProfit" : -14.71,
    "netProfitMargin" : -36.15,
    "netProfit" : -65.00
  }, {
    "date" : "2013-03-31",
    "sales" : 181.81,
    "salesGrowthYoY" : -1.00,
    "grossProfitMargin" : 24.45,
    "grossProfit" : 44.45,
    "operatingProfitMargin" : -5.91,
    "operatingProfit" : -10.74,
    "netProfitMargin" : -19.14,
    "netProfit" : -34.80
  }, {
    "date" : "2013-06-30",
    "sales" : 171.24,
    "salesGrowthYoY" : -15.30,
    "grossProfitMargin" : 26.69,
    "grossProfit" : 45.70,
    "operatingProfitMargin" : -2.46,
    "operatingProfit" : -4.21,
    "netProfitMargin" : -28.35,
    "netProfit" : -48.55
  }, {
    "date" : "2013-09-30",
    "sales" : 203.13,
    "salesGrowthYoY" : -1.62,
    "grossProfitMargin" : 23.41,
    "grossProfit" : 47.55,
    "operatingProfitMargin" : -1.35,
    "operatingProfit" : -2.74,
    "netProfitMargin" : -24.28,
    "netProfit" : -49.32
  }, {
    "date" : "2013-12-31",
    "sales" : 185.75,
    "salesGrowthYoY" : 3.31,
    "grossProfitMargin" : 23.13,
    "grossProfit" : 42.96,
    "operatingProfitMargin" : -4.57,
    "operatingProfit" : -8.49,
    "netProfitMargin" : -30.37,
    "netProfit" : -56.41
  }, {
    "date" : "2014-03-31",
    "sales" : 200.20,
    "salesGrowthYoY" : 10.11,
    "grossProfitMargin" : 17.54,
    "grossProfit" : 35.12,
    "operatingProfitMargin" : -5.28,
    "operatingProfit" : -10.57,
    "netProfitMargin" : -28.44,
    "netProfit" : -56.94
  }, {
    "date" : "2014-06-30",
    "sales" : 197.93,
    "salesGrowthYoY" : 15.59,
    "grossProfitMargin" : 22.40,
    "grossProfit" : 44.34,
    "operatingProfitMargin" : -2.91,
    "operatingProfit" : -5.76,
    "netProfitMargin" : -28.75,
    "netProfit" : -56.90
  }, {
    "date" : "2014-09-30",
    "sales" : 215.68,
    "salesGrowthYoY" : 6.18,
    "grossProfitMargin" : 21.25,
    "grossProfit" : 45.83,
    "operatingProfitMargin" : -1.17,
    "operatingProfit" : -2.52,
    "netProfitMargin" : -26.19,
    "netProfit" : -56.49
  }, {
    "date" : "2014-12-31",
    "sales" : 213.46,
    "salesGrowthYoY" : 14.92,
    "grossProfitMargin" : 20.88,
    "grossProfit" : 44.57,
    "operatingProfitMargin" : -2.76,
    "operatingProfit" : -5.89,
    "netProfitMargin" : -27.56,
    "netProfit" : -58.83
  }, {
    "date" : "2015-03-31",
    "sales" : 199.92,
    "salesGrowthYoY" : -0.14,
    "grossProfitMargin" : 22.90,
    "grossProfit" : 45.78,
    "operatingProfitMargin" : -1.25,
    "operatingProfit" : -2.50,
    "netProfitMargin" : 25.99,
    "netProfit" : 51.96
  }, {
    "date" : "2015-06-30",
    "sales" : 180.92,
    "salesGrowthYoY" : -8.59,
    "grossProfitMargin" : 23.76,
    "grossProfit" : 42.99,
    "operatingProfitMargin" : -1.21,
    "operatingProfit" : -2.19,
    "netProfitMargin" : -9.82,
    "netProfit" : -17.77
  }, {
    "date" : "2015-09-30",
    "sales" : 209.61,
    "salesGrowthYoY" : -2.81,
    "grossProfitMargin" : 22.23,
    "grossProfit" : 46.60,
    "operatingProfitMargin" : -0.26,
    "operatingProfit" : -0.54,
    "netProfitMargin" : -7.71,
    "netProfit" : -16.16
  }, {
    "date" : "2015-12-31",
    "sales" : 187.43,
    "salesGrowthYoY" : -12.19,
    "grossProfitMargin" : 24.55,
    "grossProfit" : 46.01,
    "operatingProfitMargin" : -0.71,
    "operatingProfit" : -1.33,
    "netProfitMargin" : -7.25,
    "netProfit" : -13.59
  }, {
    "date" : "2016-03-31",
    "sales" : 202.25,
    "salesGrowthYoY" : 1.17,
    "grossProfitMargin" : 27.36,
    "grossProfit" : 55.34,
    "operatingProfitMargin" : -0.29,
    "operatingProfit" : -0.59,
    "netProfitMargin" : -6.29,
    "netProfit" : -12.72
  }, {
    "date" : "2016-06-30",
    "sales" : 183.38,
    "salesGrowthYoY" : 1.36,
    "grossProfitMargin" : 30.32,
    "grossProfit" : 55.60,
    "operatingProfitMargin" : 2.67,
    "operatingProfit" : 4.90,
    "netProfitMargin" : -3.06,
    "netProfit" : -5.61
  }, {
    "date" : "2016-09-30",
    "sales" : 169.77,
    "salesGrowthYoY" : -19.01,
    "grossProfitMargin" : 31.94,
    "grossProfit" : 54.22,
    "operatingProfitMargin" : 0.27,
    "operatingProfit" : 0.46,
    "netProfitMargin" : -5.45,
    "netProfit" : -9.25
  }, {
    "date" : "2016-12-31",
    "sales" : 166.18,
    "salesGrowthYoY" : -11.34,
    "grossProfitMargin" : 33.16,
    "grossProfit" : 55.11,
    "operatingProfitMargin" : 0.74,
    "operatingProfit" : 1.23,
    "netProfitMargin" : -5.42,
    "netProfit" : -9.01
  }, {
    "date" : "2017-03-31",
    "sales" : 176.26,
    "salesGrowthYoY" : -12.85,
    "grossProfitMargin" : 30.74,
    "grossProfit" : 54.18,
    "operatingProfitMargin" : 0.41,
    "operatingProfit" : 0.72,
    "netProfitMargin" : -4.57,
    "netProfit" : -8.06
  }, {
    "date" : "2017-06-30",
    "sales" : 168.59,
    "salesGrowthYoY" : -8.07,
    "grossProfitMargin" : 25.05,
    "grossProfit" : 42.23,
    "operatingProfitMargin" : 0.09,
    "operatingProfit" : 0.15,
    "netProfitMargin" : -5.52,
    "netProfit" : -9.31
  }, {
    "date" : "2017-09-30",
    "sales" : 133.57,
    "salesGrowthYoY" : -21.32,
    "grossProfitMargin" : 29.40,
    "grossProfit" : 39.27,
    "operatingProfitMargin" : 0.66,
    "operatingProfit" : 0.88,
    "netProfitMargin" : -6.84,
    "netProfit" : -9.14
  }, {
    "date" : "2017-12-31",
    "sales" : 137.77,
    "salesGrowthYoY" : -17.10,
    "grossProfitMargin" : 36.53,
    "grossProfit" : 50.33,
    "operatingProfitMargin" : 1.13,
    "operatingProfit" : 1.56,
    "netProfitMargin" : -5.90,
    "netProfit" : -8.13
  }, {
    "date" : "2018-03-31",
    "sales" : 158.81,
    "salesGrowthYoY" : -9.90,
    "grossProfitMargin" : 28.51,
    "grossProfit" : 45.28,
    "operatingProfitMargin" : 0.89,
    "operatingProfit" : 1.41,
    "netProfitMargin" : -18.08,
    "netProfit" : -28.71
  }, {
    "date" : "2018-06-30",
    "sales" : 122.80,
    "salesGrowthYoY" : -27.16,
    "grossProfitMargin" : 27.56,
    "grossProfit" : 33.84,
    "operatingProfitMargin" : -2.07,
    "operatingProfit" : -2.54,
    "netProfitMargin" : -12.04,
    "netProfit" : -14.79
  }, {
    "date" : "2018-09-30",
    "sales" : 131.91,
    "salesGrowthYoY" : -1.24,
    "grossProfitMargin" : 29.28,
    "grossProfit" : 38.62,
    "operatingProfitMargin" : -0.09,
    "operatingProfit" : -0.12,
    "netProfitMargin" : -9.79,
    "netProfit" : -12.91
  }, {
    "date" : "2018-12-31",
    "sales" : 166.17,
    "salesGrowthYoY" : 20.61,
    "grossProfitMargin" : 26.93,
    "grossProfit" : 44.75,
    "operatingProfitMargin" : 2.09,
    "operatingProfit" : 3.47,
    "netProfitMargin" : -5.36,
    "netProfit" : -8.91
  }, {
    "date" : "2019-03-31",
    "sales" : 169.48,
    "salesGrowthYoY" : 6.72,
    "grossProfitMargin" : 27.52,
    "grossProfit" : 46.64,
    "operatingProfitMargin" : 0.94,
    "operatingProfit" : 1.59,
    "netProfitMargin" : -6.07,
    "netProfit" : -10.29
  }, {
    "date" : "2019-06-30",
    "sales" : 139.06,
    "salesGrowthYoY" : 13.24,
    "grossProfitMargin" : 25.82,
    "grossProfit" : 35.91,
    "operatingProfitMargin" : -2.60,
    "operatingProfit" : -3.62,
    "netProfitMargin" : -8.91,
    "netProfit" : -12.39
  }, {
    "date" : "2019-09-30",
    "sales" : 126.85,
    "salesGrowthYoY" : -3.84,
    "grossProfitMargin" : 21.32,
    "grossProfit" : 27.04,
    "operatingProfitMargin" : -10.40,
    "operatingProfit" : -13.19,
    "netProfitMargin" : -19.70,
    "netProfit" : -24.99
  }, {
    "date" : "2019-12-31",
    "sales" : 113.79,
    "salesGrowthYoY" : -31.52,
    "grossProfitMargin" : 19.10,
    "grossProfit" : 21.73,
    "operatingProfitMargin" : -12.88,
    "operatingProfit" : -14.66,
    "netProfitMargin" : -23.72,
    "netProfit" : -26.99
  }, {
    "date" : "2020-03-31",
    "sales" : 79.23,
    "salesGrowthYoY" : -53.25,
    "grossProfitMargin" : 22.81,
    "grossProfit" : 18.07,
    "operatingProfitMargin" : -18.25,
    "operatingProfit" : -14.46,
    "netProfitMargin" : -35.50,
    "netProfit" : -28.13
  }, {
    "date" : "2020-06-30",
    "sales" : 23.08,
    "salesGrowthYoY" : -83.40,
    "grossProfitMargin" : 12.05,
    "grossProfit" : 2.78,
    "operatingProfitMargin" : -65.38,
    "operatingProfit" : -15.09,
    "netProfitMargin" : -148.27,
    "netProfit" : -34.22
  }, {
    "date" : "2020-09-30",
    "sales" : 76.72,
    "salesGrowthYoY" : -39.52,
    "grossProfitMargin" : 23.12,
    "grossProfit" : 17.74,
    "operatingProfitMargin" : -10.88,
    "operatingProfit" : -8.35,
    "netProfitMargin" : -36.41,
    "netProfit" : -27.93
  }, {
    "date" : "2020-12-31",
    "sales" : 106.58,
    "salesGrowthYoY" : -6.34,
    "grossProfitMargin" : 25.52,
    "grossProfit" : 27.20,
    "operatingProfitMargin" : -2.01,
    "operatingProfit" : -2.14,
    "netProfitMargin" : -21.36,
    "netProfit" : -22.77
  }, {
    "date" : "2021-03-31",
    "sales" : 118.70,
    "salesGrowthYoY" : 49.82,
    "grossProfitMargin" : 22.38,
    "grossProfit" : 26.57,
    "operatingProfitMargin" : -11.80,
    "operatingProfit" : -14.01,
    "netProfitMargin" : -33.87,
    "netProfit" : -40.20
  }, {
    "date" : "2021-06-30",
    "sales" : 79.41,
    "salesGrowthYoY" : 244.06,
    "grossProfitMargin" : 20.78,
    "grossProfit" : 16.50,
    "operatingProfitMargin" : -11.96,
    "operatingProfit" : -9.50,
    "netProfitMargin" : -39.53,
    "netProfit" : -31.39
  }, {
    "date" : "2021-09-30",
    "sales" : 89.40,
    "salesGrowthYoY" : 16.53,
    "grossProfitMargin" : 26.36,
    "grossProfit" : 23.57,
    "operatingProfitMargin" : -9.77,
    "operatingProfit" : -8.73,
    "netProfitMargin" : -29.92,
    "netProfit" : -26.75
  }, {
    "date" : "2021-12-31",
    "sales" : 120.07,
    "salesGrowthYoY" : 12.66,
    "grossProfitMargin" : 18.16,
    "grossProfit" : 21.80,
    "operatingProfitMargin" : -5.49,
    "operatingProfit" : -6.59,
    "netProfitMargin" : -25.39,
    "netProfit" : -30.49
  }, {
    "date" : "2022-03-31",
    "sales" : 119.79,
    "salesGrowthYoY" : 0.92,
    "grossProfitMargin" : 16.72,
    "grossProfit" : 20.03,
    "operatingProfitMargin" : -11.83,
    "operatingProfit" : -14.17,
    "netProfitMargin" : -31.10,
    "netProfit" : -37.25
  }, {
    "date" : "2022-06-30",
    "sales" : 90.59,
    "salesGrowthYoY" : 14.08,
    "grossProfitMargin" : 19.07,
    "grossProfit" : 17.28,
    "operatingProfitMargin" : -8.11,
    "operatingProfit" : -7.35,
    "netProfitMargin" : -33.12,
    "netProfit" : -30.00
  }, {
    "date" : "2022-09-30",
    "sales" : 73.71,
    "salesGrowthYoY" : -17.55,
    "grossProfitMargin" : 19.39,
    "grossProfit" : 14.29,
    "operatingProfitMargin" : -15.57,
    "operatingProfit" : -11.48,
    "netProfitMargin" : -48.98,
    "netProfit" : -36.10
  }, {
    "date" : "2022-12-31",
    "sales" : 112.25,
    "salesGrowthYoY" : -6.51,
    "grossProfitMargin" : 21.17,
    "grossProfit" : 23.76,
    "operatingProfitMargin" : -2.05,
    "operatingProfit" : -2.30,
    "netProfitMargin" : -24.97,
    "netProfit" : -28.03
  }, {
    "date" : "2023-03-31",
    "sales" : 105.12,
    "salesGrowthYoY" : -12.25,
    "grossProfitMargin" : 18.91,
    "grossProfit" : 19.88,
    "operatingProfitMargin" : -15.37,
    "operatingProfit" : -16.16,
    "netProfitMargin" : -39.27,
    "netProfit" : -41.28
  }, {
    "date" : "2023-06-30",
    "sales" : 91.90,
    "salesGrowthYoY" : 1.45,
    "grossProfitMargin" : 22.30,
    "grossProfit" : 20.49,
    "operatingProfitMargin" : -5.39,
    "operatingProfit" : -4.95,
    "netProfitMargin" : -35.65,
    "netProfit" : -32.76
  }, {
    "date" : "2023-09-30",
    "sales" : 80.51,
    "salesGrowthYoY" : 9.23,
    "grossProfitMargin" : 27.41,
    "grossProfit" : 22.07,
    "operatingProfitMargin" : -2.70,
    "operatingProfit" : -2.17,
    "netProfitMargin" : -39.31,
    "netProfit" : -31.65
  }, {
    "date" : "2023-12-31",
    "sales" : 79.42,
    "salesGrowthYoY" : -29.25,
    "grossProfitMargin" : 23.57,
    "grossProfit" : 18.72,
    "operatingProfitMargin" : -10.09,
    "operatingProfit" : -8.01,
    "netProfitMargin" : -49.13,
    "netProfit" : -39.02
  }, {
    "date" : "2024-03-31",
    "sales" : 71.19,
    "salesGrowthYoY" : -32.28,
    "grossProfitMargin" : 6.85,
    "grossProfit" : 4.88,
    "operatingProfitMargin" : -30.33,
    "operatingProfit" : -21.59,
    "netProfitMargin" : -74.66,
    "netProfit" : -53.15
  }, {
    "date" : "2024-06-30",
    "sales" : 69.31,
    "salesGrowthYoY" : -24.58,
    "grossProfitMargin" : 20.33,
    "grossProfit" : 14.09,
    "operatingProfitMargin" : -15.96,
    "operatingProfit" : -11.06,
    "netProfitMargin" : -62.79,
    "netProfit" : -43.52
  }, {
    "date" : "2024-09-30",
    "sales" : 65.47,
    "salesGrowthYoY" : -18.68,
    "grossProfitMargin" : 21.57,
    "grossProfit" : 14.12,
    "operatingProfitMargin" : -16.21,
    "operatingProfit" : -10.61,
    "netProfitMargin" : -66.17,
    "netProfit" : -43.32
  }, {
    "date" : "2024-12-31",
    "sales" : 84.05,
    "salesGrowthYoY" : 5.83,
    "grossProfitMargin" : 27.38,
    "grossProfit" : 23.01,
    "operatingProfitMargin" : -6.78,
    "operatingProfit" : -5.70,
    "netProfitMargin" : -220.80,
    "netProfit" : -185.58
  }, {
    "date" : "2025-03-31",
    "sales" : 92.93,
    "salesGrowthYoY" : 30.54,
    "grossProfitMargin" : 26.97,
    "grossProfit" : 25.06,
    "operatingProfitMargin" : -6.94,
    "operatingProfit" : -6.45,
    "netProfitMargin" : -2.09,
    "netProfit" : -1.94
  }, {
    "date" : "2025-06-30",
    "sales" : 149.68,
    "salesGrowthYoY" : 115.96,
    "grossProfitMargin" : 55.17,
    "grossProfit" : 82.58,
    "operatingProfitMargin" : 33.42,
    "operatingProfit" : 50.02,
    "netProfitMargin" : 32.88,
    "netProfit" : 49.21
  }, {
    "date" : "2025-09-30",
    "sales" : 107.10,
    "salesGrowthYoY" : 63.59,
    "grossProfitMargin" : 27.40,
    "grossProfit" : 29.35,
    "operatingProfitMargin" : -12.57,
    "operatingProfit" : -13.46,
    "netProfitMargin" : 1.86,
    "netProfit" : 1.99
  } ],
  "latestQuarterlyResult" : {
    "date" : "2025-09-30",
    "sales" : 107.10,
    "salesGrowthYoY" : 63.59,
    "grossProfitMargin" : 27.40,
    "grossProfit" : 29.35,
    "operatingProfitMargin" : -12.57,
    "operatingProfit" : -13.46,
    "netProfitMargin" : 1.86,
    "netProfit" : 1.99
  },
  "companyScore" : {
    "priceHigherThanDma50" : 0.00,
    "priceHigherThanDma100" : 0.00,
    "priceHigherThanDma200" : 0.00,
    "dma50HigherThanDma100" : 0.00,
    "dma50HigherThanDma200" : 0.00,
    "dma100HigherThanDma200" : 5.00,
    "pricePercentageAboveDma50" : 5.84,
    "pricePercentageAboveDma100" : 6.39,
    "pricePercentageAboveDma200" : 6.35,
    "weeklyVolumeHigherThanYearlyVolume" : 0.00,
    "salesGrowthPercentile" : 18.72,
    "operatingProfitMarginPercentile" : 10.69,
    "netProfitMarginPercentile" : 8.78,
    "totalTechnicalScore" : 23.58,
    "totalFundamentalScore" : 38.19,
    "totalScore" : 61.77
  }
}