{
  "metadata" : {
    "screenerCompanyId" : "2194",
    "companyCode" : "NSIL",
    "companyName" : "Nalwa Sons Invst",
    "screenerCompanyLink" : "https://www.screener.in/company/NSIL",
    "screenerTechnicalHistoryLink" : "https://www.screener.in/api/company/2194/chart/?q=Price-DMA50-DMA200-Volume&days=365",
    "screenerQuarterlyResultsLink" : "https://www.screener.in/api/company/2194/chart/?q=GPM-OPM-NPM-Quarter+Sales&days=10000",
    "attributes" : {
      "companyCode" : "NSIL",
      "companyName" : "Nalwa Sons Invst",
      "marketCap" : 3457.00,
      "peRatio" : 166.00,
      "description" : "Nalwa Sons Investments Ltd is a non-NBFC Company engaged in the business of investing in shares and granting loans to the group companies. [1]"
    },
    "companyScore" : {
      "priceHigherThanDma50" : 0.00,
      "priceHigherThanDma100" : 0.00,
      "priceHigherThanDma200" : 0.00,
      "dma50HigherThanDma100" : 5.00,
      "dma50HigherThanDma200" : 5.00,
      "dma100HigherThanDma200" : 5.00,
      "pricePercentageAboveDma50" : 5.31,
      "pricePercentageAboveDma100" : 5.30,
      "pricePercentageAboveDma200" : 5.09,
      "weeklyVolumeHigherThanYearlyVolume" : 0.00,
      "salesGrowthPercentile" : 2.78,
      "operatingProfitMarginPercentile" : 19.73,
      "netProfitMarginPercentile" : 7.70,
      "totalTechnicalScore" : 30.71,
      "totalFundamentalScore" : 30.21,
      "totalScore" : 60.93
    }
  },
  "attributes" : {
    "companyCode" : "NSIL",
    "companyName" : "Nalwa Sons Invst",
    "marketCap" : 3457.00,
    "peRatio" : 166.00,
    "description" : "Nalwa Sons Investments Ltd is a non-NBFC Company engaged in the business of investing in shares and granting loans to the group companies. [1]"
  },
  "technicalHistory" : [ {
    "date" : "2024-11-28",
    "price" : 8024.85,
    "dma50" : 6711.83,
    "dma100" : null,
    "dma200" : 4829.85,
    "volume" : 22591.00
  }, {
    "date" : "2024-11-29",
    "price" : 7989.30,
    "dma50" : 6761.93,
    "dma100" : null,
    "dma200" : 4861.28,
    "volume" : 21874.00
  }, {
    "date" : "2024-12-02",
    "price" : 8022.70,
    "dma50" : 6811.37,
    "dma100" : null,
    "dma200" : 4892.74,
    "volume" : 23255.00
  }, {
    "date" : "2024-12-03",
    "price" : 8104.05,
    "dma50" : 6862.07,
    "dma100" : null,
    "dma200" : 4924.69,
    "volume" : 19544.00
  }, {
    "date" : "2024-12-04",
    "price" : 7925.80,
    "dma50" : 6903.78,
    "dma100" : null,
    "dma200" : 4954.56,
    "volume" : 23508.00
  }, {
    "date" : "2024-12-05",
    "price" : 7818.20,
    "dma50" : 6939.64,
    "dma100" : null,
    "dma200" : 4983.05,
    "volume" : 24171.00
  }, {
    "date" : "2024-12-06",
    "price" : 7630.35,
    "dma50" : 6966.73,
    "dma100" : null,
    "dma200" : 5009.39,
    "volume" : 27276.00
  }, {
    "date" : "2024-12-09",
    "price" : 7577.35,
    "dma50" : 6990.67,
    "dma100" : null,
    "dma200" : 5034.94,
    "volume" : 21669.00
  }, {
    "date" : "2024-12-10",
    "price" : 8480.20,
    "dma50" : 7049.09,
    "dma100" : null,
    "dma200" : 5069.22,
    "volume" : 166671.00
  }, {
    "date" : "2024-12-11",
    "price" : 8593.05,
    "dma50" : 7109.63,
    "dma100" : null,
    "dma200" : 5104.29,
    "volume" : 82913.00
  }, {
    "date" : "2024-12-12",
    "price" : 8387.80,
    "dma50" : 7159.76,
    "dma100" : null,
    "dma200" : 5136.96,
    "volume" : 29740.00
  }, {
    "date" : "2024-12-13",
    "price" : 8450.40,
    "dma50" : 7210.37,
    "dma100" : null,
    "dma200" : 5169.93,
    "volume" : 52376.00
  }, {
    "date" : "2024-12-16",
    "price" : 8706.65,
    "dma50" : 7269.05,
    "dma100" : null,
    "dma200" : 5205.12,
    "volume" : 54284.00
  }, {
    "date" : "2024-12-17",
    "price" : 8560.35,
    "dma50" : 7319.69,
    "dma100" : null,
    "dma200" : 5238.51,
    "volume" : 26298.00
  }, {
    "date" : "2024-12-18",
    "price" : 8261.90,
    "dma50" : 7356.64,
    "dma100" : null,
    "dma200" : 5268.59,
    "volume" : 22959.00
  }, {
    "date" : "2024-12-19",
    "price" : 8190.85,
    "dma50" : 7389.35,
    "dma100" : null,
    "dma200" : 5297.67,
    "volume" : 25116.00
  }, {
    "date" : "2024-12-20",
    "price" : 7687.50,
    "dma50" : 7401.04,
    "dma100" : null,
    "dma200" : 5321.45,
    "volume" : 36114.00
  }, {
    "date" : "2024-12-23",
    "price" : 7658.30,
    "dma50" : 7411.13,
    "dma100" : null,
    "dma200" : 5344.70,
    "volume" : 27621.00
  }, {
    "date" : "2024-12-24",
    "price" : 7856.80,
    "dma50" : 7428.61,
    "dma100" : null,
    "dma200" : 5369.69,
    "volume" : 33803.00
  }, {
    "date" : "2024-12-26",
    "price" : 7796.70,
    "dma50" : 7443.04,
    "dma100" : null,
    "dma200" : 5393.84,
    "volume" : 10557.00
  }, {
    "date" : "2024-12-27",
    "price" : 7762.40,
    "dma50" : 7455.57,
    "dma100" : null,
    "dma200" : 5417.41,
    "volume" : 12075.00
  }, {
    "date" : "2024-12-30",
    "price" : 7615.95,
    "dma50" : 7461.86,
    "dma100" : null,
    "dma200" : 5439.29,
    "volume" : 8329.00
  }, {
    "date" : "2024-12-31",
    "price" : 7752.50,
    "dma50" : 7473.26,
    "dma100" : null,
    "dma200" : 5462.30,
    "volume" : 28949.00
  }, {
    "date" : "2025-01-01",
    "price" : 7892.85,
    "dma50" : 7489.71,
    "dma100" : null,
    "dma200" : 5486.49,
    "volume" : 18398.00
  }, {
    "date" : "2025-01-02",
    "price" : 8075.30,
    "dma50" : 7512.67,
    "dma100" : null,
    "dma200" : 5512.25,
    "volume" : 25577.00
  }, {
    "date" : "2025-01-03",
    "price" : 8116.05,
    "dma50" : 7536.34,
    "dma100" : null,
    "dma200" : 5538.16,
    "volume" : 19261.00
  }, {
    "date" : "2025-01-06",
    "price" : 7595.75,
    "dma50" : 7538.67,
    "dma100" : null,
    "dma200" : 5558.63,
    "volume" : 20254.00
  }, {
    "date" : "2025-01-07",
    "price" : 7738.10,
    "dma50" : 7546.49,
    "dma100" : null,
    "dma200" : 5580.32,
    "volume" : 21717.00
  }, {
    "date" : "2025-01-08",
    "price" : 7482.65,
    "dma50" : 7543.98,
    "dma100" : null,
    "dma200" : 5599.24,
    "volume" : 37034.00
  }, {
    "date" : "2025-01-09",
    "price" : 7378.80,
    "dma50" : 7537.51,
    "dma100" : null,
    "dma200" : 5616.95,
    "volume" : 9922.00
  }, {
    "date" : "2025-01-10",
    "price" : 7126.80,
    "dma50" : 7521.40,
    "dma100" : null,
    "dma200" : 5631.98,
    "volume" : 26332.00
  }, {
    "date" : "2025-01-13",
    "price" : 6685.40,
    "dma50" : 7488.62,
    "dma100" : null,
    "dma200" : 5642.46,
    "volume" : 25141.00
  }, {
    "date" : "2025-01-14",
    "price" : 6983.80,
    "dma50" : 7468.82,
    "dma100" : null,
    "dma200" : 5655.80,
    "volume" : 17979.00
  }, {
    "date" : "2025-01-15",
    "price" : 6844.85,
    "dma50" : 7444.35,
    "dma100" : null,
    "dma200" : 5667.64,
    "volume" : 17924.00
  }, {
    "date" : "2025-01-16",
    "price" : 6870.10,
    "dma50" : 7421.83,
    "dma100" : null,
    "dma200" : 5679.60,
    "volume" : 7960.00
  }, {
    "date" : "2025-01-17",
    "price" : 6972.10,
    "dma50" : 7404.19,
    "dma100" : null,
    "dma200" : 5692.46,
    "volume" : 8080.00
  }, {
    "date" : "2025-01-20",
    "price" : 7101.30,
    "dma50" : 7392.32,
    "dma100" : null,
    "dma200" : 5706.48,
    "volume" : 11644.00
  }, {
    "date" : "2025-01-21",
    "price" : 6857.95,
    "dma50" : 7371.36,
    "dma100" : null,
    "dma200" : 5717.94,
    "volume" : 11769.00
  }, {
    "date" : "2025-01-22",
    "price" : 6661.85,
    "dma50" : 7343.54,
    "dma100" : null,
    "dma200" : 5727.33,
    "volume" : 11790.00
  }, {
    "date" : "2025-01-23",
    "price" : 6506.80,
    "dma50" : 7310.72,
    "dma100" : null,
    "dma200" : 5735.08,
    "volume" : 19025.00
  }, {
    "date" : "2025-01-24",
    "price" : 6513.60,
    "dma50" : 7279.46,
    "dma100" : null,
    "dma200" : 5742.83,
    "volume" : 8624.00
  }, {
    "date" : "2025-01-27",
    "price" : 6007.25,
    "dma50" : 7229.57,
    "dma100" : null,
    "dma200" : 5745.46,
    "volume" : 21595.00
  }, {
    "date" : "2025-01-28",
    "price" : 5962.70,
    "dma50" : 7179.89,
    "dma100" : null,
    "dma200" : 5747.62,
    "volume" : 25214.00
  }, {
    "date" : "2025-01-29",
    "price" : 6188.85,
    "dma50" : 7141.03,
    "dma100" : null,
    "dma200" : 5752.01,
    "volume" : 14969.00
  }, {
    "date" : "2025-01-30",
    "price" : 6113.10,
    "dma50" : 7100.72,
    "dma100" : null,
    "dma200" : 5755.61,
    "volume" : 7968.00
  }, {
    "date" : "2025-01-31",
    "price" : 6161.45,
    "dma50" : 7063.88,
    "dma100" : null,
    "dma200" : 5759.64,
    "volume" : 4241.00
  }, {
    "date" : "2025-02-01",
    "price" : 6136.25,
    "dma50" : 7027.50,
    "dma100" : null,
    "dma200" : 5763.39,
    "volume" : 5718.00
  }, {
    "date" : "2025-02-03",
    "price" : 5917.20,
    "dma50" : 6983.96,
    "dma100" : null,
    "dma200" : 5764.92,
    "volume" : 8258.00
  }, {
    "date" : "2025-02-04",
    "price" : 6011.85,
    "dma50" : 6945.84,
    "dma100" : null,
    "dma200" : 5767.38,
    "volume" : 10640.00
  }, {
    "date" : "2025-02-05",
    "price" : 6249.90,
    "dma50" : 6918.55,
    "dma100" : null,
    "dma200" : 5772.18,
    "volume" : 13513.00
  }, {
    "date" : "2025-02-06",
    "price" : 6233.45,
    "dma50" : 6891.68,
    "dma100" : null,
    "dma200" : 5776.77,
    "volume" : 5138.00
  }, {
    "date" : "2025-02-07",
    "price" : 6112.55,
    "dma50" : 6861.13,
    "dma100" : null,
    "dma200" : 5780.11,
    "volume" : 4425.00
  }, {
    "date" : "2025-02-10",
    "price" : 5926.95,
    "dma50" : 6824.49,
    "dma100" : null,
    "dma200" : 5781.57,
    "volume" : 5496.00
  }, {
    "date" : "2025-02-11",
    "price" : 5663.00,
    "dma50" : 6778.94,
    "dma100" : null,
    "dma200" : 5780.39,
    "volume" : 15541.00
  }, {
    "date" : "2025-02-12",
    "price" : 5557.25,
    "dma50" : 6731.04,
    "dma100" : null,
    "dma200" : 5778.17,
    "volume" : 18323.00
  }, {
    "date" : "2025-02-13",
    "price" : 5570.40,
    "dma50" : 6685.52,
    "dma100" : null,
    "dma200" : 5776.11,
    "volume" : 16761.00
  }, {
    "date" : "2025-02-14",
    "price" : 5299.30,
    "dma50" : 6631.16,
    "dma100" : null,
    "dma200" : 5771.36,
    "volume" : 19460.00
  }, {
    "date" : "2025-02-17",
    "price" : 5042.20,
    "dma50" : 6568.85,
    "dma100" : null,
    "dma200" : 5764.11,
    "volume" : 35545.00
  }, {
    "date" : "2025-02-18",
    "price" : 4896.35,
    "dma50" : 6503.26,
    "dma100" : null,
    "dma200" : 5755.47,
    "volume" : 14240.00
  }, {
    "date" : "2025-02-19",
    "price" : 5092.55,
    "dma50" : 6447.94,
    "dma100" : null,
    "dma200" : 5748.87,
    "volume" : 16814.00
  }, {
    "date" : "2025-02-20",
    "price" : 5250.00,
    "dma50" : 6400.96,
    "dma100" : null,
    "dma200" : 5743.91,
    "volume" : 9573.00
  }, {
    "date" : "2025-02-21",
    "price" : 5175.10,
    "dma50" : 6352.89,
    "dma100" : null,
    "dma200" : 5738.25,
    "volume" : 12074.00
  }, {
    "date" : "2025-02-24",
    "price" : 5073.05,
    "dma50" : 6302.70,
    "dma100" : null,
    "dma200" : 5731.63,
    "volume" : 9599.00
  }, {
    "date" : "2025-02-25",
    "price" : 5018.05,
    "dma50" : 6252.32,
    "dma100" : null,
    "dma200" : 5724.53,
    "volume" : 7930.00
  }, {
    "date" : "2025-02-27",
    "price" : 4917.60,
    "dma50" : 6199.98,
    "dma100" : null,
    "dma200" : 5716.50,
    "volume" : 17560.00
  }, {
    "date" : "2025-02-28",
    "price" : 4796.45,
    "dma50" : 6144.94,
    "dma100" : null,
    "dma200" : 5707.35,
    "volume" : 11010.00
  }, {
    "date" : "2025-03-03",
    "price" : 4740.05,
    "dma50" : 6089.84,
    "dma100" : null,
    "dma200" : 5697.72,
    "volume" : 8490.00
  }, {
    "date" : "2025-03-04",
    "price" : 4811.25,
    "dma50" : 6039.70,
    "dma100" : null,
    "dma200" : 5688.90,
    "volume" : 9248.00
  }, {
    "date" : "2025-03-05",
    "price" : 5066.85,
    "dma50" : 6001.55,
    "dma100" : null,
    "dma200" : 5682.71,
    "volume" : 17584.00
  }, {
    "date" : "2025-03-06",
    "price" : 5366.95,
    "dma50" : 5976.66,
    "dma100" : null,
    "dma200" : 5679.57,
    "volume" : 30117.00
  }, {
    "date" : "2025-03-07",
    "price" : 5465.65,
    "dma50" : 5956.62,
    "dma100" : null,
    "dma200" : 5677.44,
    "volume" : 23985.00
  }, {
    "date" : "2025-03-10",
    "price" : 5281.25,
    "dma50" : 5930.14,
    "dma100" : null,
    "dma200" : 5673.50,
    "volume" : 13564.00
  }, {
    "date" : "2025-03-11",
    "price" : 5246.60,
    "dma50" : 5903.33,
    "dma100" : null,
    "dma200" : 5669.25,
    "volume" : 16419.00
  }, {
    "date" : "2025-03-12",
    "price" : 5193.65,
    "dma50" : 5875.50,
    "dma100" : null,
    "dma200" : 5664.52,
    "volume" : 11603.00
  }, {
    "date" : "2025-03-13",
    "price" : 5217.25,
    "dma50" : 5849.69,
    "dma100" : null,
    "dma200" : 5660.07,
    "volume" : 14636.00
  }, {
    "date" : "2025-03-17",
    "price" : 5335.85,
    "dma50" : 5829.54,
    "dma100" : null,
    "dma200" : 5656.84,
    "volume" : 15218.00
  }, {
    "date" : "2025-03-18",
    "price" : 5692.90,
    "dma50" : 5824.18,
    "dma100" : null,
    "dma200" : 5657.20,
    "volume" : 43570.00
  }, {
    "date" : "2025-03-19",
    "price" : 6243.05,
    "dma50" : 5840.61,
    "dma100" : null,
    "dma200" : 5663.03,
    "volume" : 61777.00
  }, {
    "date" : "2025-03-20",
    "price" : 6278.50,
    "dma50" : 5857.78,
    "dma100" : null,
    "dma200" : 5669.16,
    "volume" : 38053.00
  }, {
    "date" : "2025-03-21",
    "price" : 6408.40,
    "dma50" : 5879.37,
    "dma100" : null,
    "dma200" : 5676.51,
    "volume" : 31319.00
  }, {
    "date" : "2025-03-24",
    "price" : 6496.40,
    "dma50" : 5903.57,
    "dma100" : null,
    "dma200" : 5684.67,
    "volume" : 24664.00
  }, {
    "date" : "2025-03-25",
    "price" : 6288.35,
    "dma50" : 5918.66,
    "dma100" : null,
    "dma200" : 5690.68,
    "volume" : 28959.00
  }, {
    "date" : "2025-03-26",
    "price" : 6185.30,
    "dma50" : 5929.11,
    "dma100" : null,
    "dma200" : 5695.60,
    "volume" : 16307.00
  }, {
    "date" : "2025-03-27",
    "price" : 6118.40,
    "dma50" : 5936.54,
    "dma100" : null,
    "dma200" : 5699.80,
    "volume" : 23641.00
  }, {
    "date" : "2025-03-28",
    "price" : 6061.40,
    "dma50" : 5941.43,
    "dma100" : null,
    "dma200" : 5703.40,
    "volume" : 14890.00
  }, {
    "date" : "2025-04-01",
    "price" : 6325.30,
    "dma50" : 5956.49,
    "dma100" : null,
    "dma200" : 5709.59,
    "volume" : 17233.00
  }, {
    "date" : "2025-04-02",
    "price" : 6818.65,
    "dma50" : 5990.30,
    "dma100" : null,
    "dma200" : 5720.63,
    "volume" : 46282.00
  }, {
    "date" : "2025-04-03",
    "price" : 7222.30,
    "dma50" : 6038.61,
    "dma100" : null,
    "dma200" : 5735.57,
    "volume" : 71384.00
  }, {
    "date" : "2025-04-04",
    "price" : 6909.30,
    "dma50" : 6072.76,
    "dma100" : null,
    "dma200" : 5747.25,
    "volume" : 54785.00
  }, {
    "date" : "2025-04-07",
    "price" : 6509.80,
    "dma50" : 6089.90,
    "dma100" : null,
    "dma200" : 5754.83,
    "volume" : 43923.00
  }, {
    "date" : "2025-04-08",
    "price" : 6939.35,
    "dma50" : 6123.21,
    "dma100" : null,
    "dma200" : 5766.62,
    "volume" : 32980.00
  }, {
    "date" : "2025-04-09",
    "price" : 6838.50,
    "dma50" : 6151.26,
    "dma100" : null,
    "dma200" : 5777.29,
    "volume" : 30904.00
  }, {
    "date" : "2025-04-11",
    "price" : 7102.10,
    "dma50" : 6188.55,
    "dma100" : null,
    "dma200" : 5790.47,
    "volume" : 29153.00
  }, {
    "date" : "2025-04-15",
    "price" : 7282.50,
    "dma50" : 6231.45,
    "dma100" : null,
    "dma200" : 5805.31,
    "volume" : 18585.00
  }, {
    "date" : "2025-04-16",
    "price" : 7261.00,
    "dma50" : 6271.82,
    "dma100" : null,
    "dma200" : 5819.80,
    "volume" : 19201.00
  }, {
    "date" : "2025-04-17",
    "price" : 7461.50,
    "dma50" : 6318.47,
    "dma100" : null,
    "dma200" : 5836.13,
    "volume" : 25127.00
  }, {
    "date" : "2025-04-21",
    "price" : 7590.00,
    "dma50" : 6368.34,
    "dma100" : null,
    "dma200" : 5853.59,
    "volume" : 20265.00
  }, {
    "date" : "2025-04-22",
    "price" : 7589.50,
    "dma50" : 6416.23,
    "dma100" : null,
    "dma200" : 5870.86,
    "volume" : 13238.00
  }, {
    "date" : "2025-04-23",
    "price" : 7456.00,
    "dma50" : 6457.00,
    "dma100" : null,
    "dma200" : 5886.63,
    "volume" : 16885.00
  }, {
    "date" : "2025-04-24",
    "price" : 7382.00,
    "dma50" : 6493.28,
    "dma100" : null,
    "dma200" : 5901.51,
    "volume" : 9802.00
  }, {
    "date" : "2025-04-25",
    "price" : 7088.50,
    "dma50" : 6516.62,
    "dma100" : 6678.80,
    "dma200" : 5913.32,
    "volume" : 31865.00
  }, {
    "date" : "2025-04-28",
    "price" : 6994.50,
    "dma50" : 6535.36,
    "dma100" : 6668.85,
    "dma200" : 5924.08,
    "volume" : 17741.00
  }, {
    "date" : "2025-04-29",
    "price" : 7046.00,
    "dma50" : 6555.38,
    "dma100" : 6659.09,
    "dma200" : 5935.24,
    "volume" : 17687.00
  }, {
    "date" : "2025-04-30",
    "price" : 6829.00,
    "dma50" : 6566.11,
    "dma100" : 6646.34,
    "dma200" : 5944.14,
    "volume" : 12212.00
  }, {
    "date" : "2025-05-02",
    "price" : 6717.00,
    "dma50" : 6572.03,
    "dma100" : 6634.25,
    "dma200" : 5951.83,
    "volume" : 13333.00
  }, {
    "date" : "2025-05-05",
    "price" : 6803.50,
    "dma50" : 6581.11,
    "dma100" : 6624.10,
    "dma200" : 5960.30,
    "volume" : 13652.00
  }, {
    "date" : "2025-05-06",
    "price" : 6412.50,
    "dma50" : 6574.50,
    "dma100" : 6611.92,
    "dma200" : 5964.80,
    "volume" : 20083.00
  }, {
    "date" : "2025-05-07",
    "price" : 6512.00,
    "dma50" : 6572.05,
    "dma100" : 6601.27,
    "dma200" : 5970.24,
    "volume" : 23184.00
  }, {
    "date" : "2025-05-08",
    "price" : 6305.00,
    "dma50" : 6561.57,
    "dma100" : 6579.52,
    "dma200" : 5973.58,
    "volume" : 14711.00
  }, {
    "date" : "2025-05-09",
    "price" : 6234.00,
    "dma50" : 6548.73,
    "dma100" : 6555.93,
    "dma200" : 5976.17,
    "volume" : 25930.00
  }, {
    "date" : "2025-05-12",
    "price" : 6731.00,
    "dma50" : 6555.88,
    "dma100" : 6539.36,
    "dma200" : 5983.68,
    "volume" : 19659.00
  }, {
    "date" : "2025-05-13",
    "price" : 6708.00,
    "dma50" : 6561.84,
    "dma100" : 6521.94,
    "dma200" : 5990.88,
    "volume" : 9760.00
  }, {
    "date" : "2025-05-14",
    "price" : 6804.50,
    "dma50" : 6571.36,
    "dma100" : 6502.91,
    "dma200" : 5998.98,
    "volume" : 13185.00
  }, {
    "date" : "2025-05-15",
    "price" : 6861.50,
    "dma50" : 6582.74,
    "dma100" : 6485.93,
    "dma200" : 6007.56,
    "volume" : 9172.00
  }, {
    "date" : "2025-05-16",
    "price" : 6980.50,
    "dma50" : 6598.33,
    "dma100" : 6473.11,
    "dma200" : 6017.24,
    "volume" : 12099.00
  }, {
    "date" : "2025-05-19",
    "price" : 6979.00,
    "dma50" : 6613.26,
    "dma100" : 6460.99,
    "dma200" : 6026.81,
    "volume" : 9981.00
  }, {
    "date" : "2025-05-20",
    "price" : 6843.50,
    "dma50" : 6622.29,
    "dma100" : 6452.55,
    "dma200" : 6034.94,
    "volume" : 10375.00
  }, {
    "date" : "2025-05-21",
    "price" : 6871.50,
    "dma50" : 6632.06,
    "dma100" : 6444.69,
    "dma200" : 6043.26,
    "volume" : 14901.00
  }, {
    "date" : "2025-05-22",
    "price" : 6864.50,
    "dma50" : 6641.18,
    "dma100" : 6434.76,
    "dma200" : 6051.44,
    "volume" : 8954.00
  }, {
    "date" : "2025-05-23",
    "price" : 7061.00,
    "dma50" : 6657.64,
    "dma100" : 6427.41,
    "dma200" : 6061.48,
    "volume" : 19238.00
  }, {
    "date" : "2025-05-26",
    "price" : 7016.00,
    "dma50" : 6671.70,
    "dma100" : 6419.94,
    "dma200" : 6070.98,
    "volume" : 23945.00
  }, {
    "date" : "2025-05-27",
    "price" : 7008.00,
    "dma50" : 6684.88,
    "dma100" : 6413.86,
    "dma200" : 6080.30,
    "volume" : 14122.00
  }, {
    "date" : "2025-05-28",
    "price" : 7089.50,
    "dma50" : 6700.75,
    "dma100" : 6407.23,
    "dma200" : 6090.34,
    "volume" : 10395.00
  }, {
    "date" : "2025-05-29",
    "price" : 6954.00,
    "dma50" : 6710.68,
    "dma100" : 6397.84,
    "dma200" : 6098.94,
    "volume" : 21096.00
  }, {
    "date" : "2025-05-30",
    "price" : 6990.50,
    "dma50" : 6721.66,
    "dma100" : 6387.00,
    "dma200" : 6107.81,
    "volume" : 6026.00
  }, {
    "date" : "2025-06-02",
    "price" : 6959.50,
    "dma50" : 6730.98,
    "dma100" : 6375.43,
    "dma200" : 6116.28,
    "volume" : 8347.00
  }, {
    "date" : "2025-06-03",
    "price" : 6905.00,
    "dma50" : 6737.81,
    "dma100" : 6368.52,
    "dma200" : 6124.13,
    "volume" : 9716.00
  }, {
    "date" : "2025-06-04",
    "price" : 6851.00,
    "dma50" : 6742.25,
    "dma100" : 6359.65,
    "dma200" : 6131.36,
    "volume" : 6376.00
  }, {
    "date" : "2025-06-05",
    "price" : 6895.00,
    "dma50" : 6748.24,
    "dma100" : 6353.77,
    "dma200" : 6138.96,
    "volume" : 8633.00
  }, {
    "date" : "2025-06-06",
    "price" : 7002.00,
    "dma50" : 6758.19,
    "dma100" : 6350.01,
    "dma200" : 6147.55,
    "volume" : 18282.00
  }, {
    "date" : "2025-06-09",
    "price" : 7066.00,
    "dma50" : 6770.26,
    "dma100" : 6349.40,
    "dma200" : 6156.69,
    "volume" : 28280.00
  }, {
    "date" : "2025-06-10",
    "price" : 7070.00,
    "dma50" : 6782.01,
    "dma100" : 6353.24,
    "dma200" : 6165.78,
    "volume" : 14656.00
  }, {
    "date" : "2025-06-11",
    "price" : 6990.50,
    "dma50" : 6790.19,
    "dma100" : 6353.31,
    "dma200" : 6173.98,
    "volume" : 15777.00
  }, {
    "date" : "2025-06-12",
    "price" : 6957.00,
    "dma50" : 6796.73,
    "dma100" : 6354.43,
    "dma200" : 6181.77,
    "volume" : 18929.00
  }, {
    "date" : "2025-06-13",
    "price" : 7006.00,
    "dma50" : 6804.94,
    "dma100" : 6355.79,
    "dma200" : 6189.97,
    "volume" : 15803.00
  }, {
    "date" : "2025-06-16",
    "price" : 6934.00,
    "dma50" : 6810.00,
    "dma100" : 6355.41,
    "dma200" : 6197.38,
    "volume" : 14577.00
  }, {
    "date" : "2025-06-17",
    "price" : 6730.50,
    "dma50" : 6806.88,
    "dma100" : 6351.70,
    "dma200" : 6202.68,
    "volume" : 15383.00
  }, {
    "date" : "2025-06-18",
    "price" : 6701.00,
    "dma50" : 6802.73,
    "dma100" : 6350.13,
    "dma200" : 6207.64,
    "volume" : 7907.00
  }, {
    "date" : "2025-06-19",
    "price" : 6612.50,
    "dma50" : 6795.27,
    "dma100" : 6349.64,
    "dma200" : 6211.67,
    "volume" : 7209.00
  }, {
    "date" : "2025-06-20",
    "price" : 6664.50,
    "dma50" : 6790.14,
    "dma100" : 6351.22,
    "dma200" : 6216.18,
    "volume" : 6862.00
  }, {
    "date" : "2025-06-23",
    "price" : 6704.50,
    "dma50" : 6786.78,
    "dma100" : 6353.13,
    "dma200" : 6221.03,
    "volume" : 4833.00
  }, {
    "date" : "2025-06-24",
    "price" : 6783.00,
    "dma50" : 6786.63,
    "dma100" : 6360.88,
    "dma200" : 6226.63,
    "volume" : 7811.00
  }, {
    "date" : "2025-06-25",
    "price" : 6875.50,
    "dma50" : 6790.12,
    "dma100" : 6370.01,
    "dma200" : 6233.08,
    "volume" : 4886.00
  }, {
    "date" : "2025-06-26",
    "price" : 6897.00,
    "dma50" : 6794.31,
    "dma100" : 6377.09,
    "dma200" : 6239.69,
    "volume" : 4498.00
  }, {
    "date" : "2025-06-27",
    "price" : 6941.50,
    "dma50" : 6800.08,
    "dma100" : 6385.38,
    "dma200" : 6246.67,
    "volume" : 12085.00
  }, {
    "date" : "2025-06-30",
    "price" : 7040.00,
    "dma50" : 6809.49,
    "dma100" : 6394.16,
    "dma200" : 6254.57,
    "volume" : 13722.00
  }, {
    "date" : "2025-07-01",
    "price" : 7088.00,
    "dma50" : 6820.41,
    "dma100" : 6403.68,
    "dma200" : 6262.86,
    "volume" : 10032.00
  }, {
    "date" : "2025-07-02",
    "price" : 7227.00,
    "dma50" : 6836.36,
    "dma100" : 6416.78,
    "dma200" : 6272.45,
    "volume" : 17684.00
  }, {
    "date" : "2025-07-03",
    "price" : 7274.00,
    "dma50" : 6853.52,
    "dma100" : 6429.40,
    "dma200" : 6282.42,
    "volume" : 24841.00
  }, {
    "date" : "2025-07-04",
    "price" : 7259.50,
    "dma50" : 6869.44,
    "dma100" : 6439.50,
    "dma200" : 6292.14,
    "volume" : 6854.00
  }, {
    "date" : "2025-07-07",
    "price" : 7164.50,
    "dma50" : 6881.01,
    "dma100" : 6448.81,
    "dma200" : 6300.82,
    "volume" : 6932.00
  }, {
    "date" : "2025-07-08",
    "price" : 7170.00,
    "dma50" : 6892.34,
    "dma100" : 6459.38,
    "dma200" : 6309.47,
    "volume" : 5663.00
  }, {
    "date" : "2025-07-09",
    "price" : 7218.50,
    "dma50" : 6905.14,
    "dma100" : 6472.30,
    "dma200" : 6318.51,
    "volume" : 4073.00
  }, {
    "date" : "2025-07-10",
    "price" : 7223.50,
    "dma50" : 6917.62,
    "dma100" : 6487.90,
    "dma200" : 6327.52,
    "volume" : 18514.00
  }, {
    "date" : "2025-07-11",
    "price" : 7168.00,
    "dma50" : 6927.44,
    "dma100" : 6504.01,
    "dma200" : 6335.88,
    "volume" : 11237.00
  }, {
    "date" : "2025-07-14",
    "price" : 7180.00,
    "dma50" : 6937.34,
    "dma100" : 6520.10,
    "dma200" : 6344.28,
    "volume" : 8731.00
  }, {
    "date" : "2025-07-15",
    "price" : 7203.50,
    "dma50" : 6947.78,
    "dma100" : 6539.15,
    "dma200" : 6352.83,
    "volume" : 5403.00
  }, {
    "date" : "2025-07-16",
    "price" : 7253.50,
    "dma50" : 6959.77,
    "dma100" : 6561.26,
    "dma200" : 6361.79,
    "volume" : 8606.00
  }, {
    "date" : "2025-07-17",
    "price" : 7232.00,
    "dma50" : 6970.45,
    "dma100" : 6584.62,
    "dma200" : 6370.45,
    "volume" : 5960.00
  }, {
    "date" : "2025-07-18",
    "price" : 7173.00,
    "dma50" : 6978.39,
    "dma100" : 6605.42,
    "dma200" : 6378.44,
    "volume" : 6744.00
  }, {
    "date" : "2025-07-21",
    "price" : 7197.50,
    "dma50" : 6986.98,
    "dma100" : 6624.90,
    "dma200" : 6386.59,
    "volume" : 4350.00
  }, {
    "date" : "2025-07-22",
    "price" : 7149.00,
    "dma50" : 6993.34,
    "dma100" : 6644.64,
    "dma200" : 6394.17,
    "volume" : 4762.00
  }, {
    "date" : "2025-07-23",
    "price" : 7167.00,
    "dma50" : 7000.15,
    "dma100" : 6665.57,
    "dma200" : 6401.86,
    "volume" : 6331.00
  }, {
    "date" : "2025-07-24",
    "price" : 7130.00,
    "dma50" : 7005.24,
    "dma100" : 6686.69,
    "dma200" : 6409.11,
    "volume" : 10596.00
  }, {
    "date" : "2025-07-25",
    "price" : 6906.00,
    "dma50" : 7001.35,
    "dma100" : 6706.58,
    "dma200" : 6414.05,
    "volume" : 8793.00
  }, {
    "date" : "2025-07-28",
    "price" : 6792.00,
    "dma50" : 6993.14,
    "dma100" : 6726.53,
    "dma200" : 6417.81,
    "volume" : 7669.00
  }, {
    "date" : "2025-07-29",
    "price" : 6817.00,
    "dma50" : 6986.23,
    "dma100" : 6747.30,
    "dma200" : 6421.78,
    "volume" : 9399.00
  }, {
    "date" : "2025-07-30",
    "price" : 6763.50,
    "dma50" : 6977.49,
    "dma100" : 6766.83,
    "dma200" : 6425.18,
    "volume" : 4261.00
  }, {
    "date" : "2025-07-31",
    "price" : 6753.00,
    "dma50" : 6968.69,
    "dma100" : 6783.69,
    "dma200" : 6428.45,
    "volume" : 5032.00
  }, {
    "date" : "2025-08-01",
    "price" : 6544.00,
    "dma50" : 6952.04,
    "dma100" : 6795.46,
    "dma200" : 6429.60,
    "volume" : 7790.00
  }, {
    "date" : "2025-08-04",
    "price" : 6647.00,
    "dma50" : 6940.07,
    "dma100" : 6807.27,
    "dma200" : 6431.76,
    "volume" : 10579.00
  }, {
    "date" : "2025-08-05",
    "price" : 6683.00,
    "dma50" : 6929.99,
    "dma100" : 6821.29,
    "dma200" : 6434.26,
    "volume" : 4751.00
  }, {
    "date" : "2025-08-06",
    "price" : 6658.00,
    "dma50" : 6919.33,
    "dma100" : 6835.40,
    "dma200" : 6436.49,
    "volume" : 4376.00
  }, {
    "date" : "2025-08-07",
    "price" : 6628.00,
    "dma50" : 6907.90,
    "dma100" : 6849.75,
    "dma200" : 6438.39,
    "volume" : 7197.00
  }, {
    "date" : "2025-08-08",
    "price" : 6690.50,
    "dma50" : 6899.38,
    "dma100" : 6864.48,
    "dma200" : 6440.90,
    "volume" : 6941.00
  }, {
    "date" : "2025-08-11",
    "price" : 6753.50,
    "dma50" : 6893.66,
    "dma100" : 6878.65,
    "dma200" : 6444.01,
    "volume" : 5806.00
  }, {
    "date" : "2025-08-12",
    "price" : 6720.50,
    "dma50" : 6886.87,
    "dma100" : 6888.93,
    "dma200" : 6446.76,
    "volume" : 9154.00
  }, {
    "date" : "2025-08-13",
    "price" : 6735.00,
    "dma50" : 6880.91,
    "dma100" : 6893.85,
    "dma200" : 6449.63,
    "volume" : 4468.00
  }, {
    "date" : "2025-08-14",
    "price" : 6700.00,
    "dma50" : 6873.82,
    "dma100" : 6898.07,
    "dma200" : 6452.12,
    "volume" : 2486.00
  }, {
    "date" : "2025-08-18",
    "price" : 6773.00,
    "dma50" : 6869.86,
    "dma100" : 6901.71,
    "dma200" : 6455.31,
    "volume" : 3740.00
  }, {
    "date" : "2025-08-19",
    "price" : 6830.50,
    "dma50" : 6868.32,
    "dma100" : 6905.05,
    "dma200" : 6459.05,
    "volume" : 3043.00
  }, {
    "date" : "2025-08-20",
    "price" : 6827.50,
    "dma50" : 6866.72,
    "dma100" : 6910.44,
    "dma200" : 6462.71,
    "volume" : 2402.00
  }, {
    "date" : "2025-08-21",
    "price" : 6782.50,
    "dma50" : 6863.41,
    "dma100" : 6916.42,
    "dma200" : 6465.89,
    "volume" : 2735.00
  }, {
    "date" : "2025-08-22",
    "price" : 6743.50,
    "dma50" : 6858.71,
    "dma100" : 6922.67,
    "dma200" : 6468.66,
    "volume" : 2860.00
  }, {
    "date" : "2025-08-25",
    "price" : 6700.00,
    "dma50" : 6852.49,
    "dma100" : 6929.05,
    "dma200" : 6470.96,
    "volume" : 2563.00
  }, {
    "date" : "2025-08-26",
    "price" : 6702.00,
    "dma50" : 6846.59,
    "dma100" : 6932.82,
    "dma200" : 6473.26,
    "volume" : 3975.00
  }, {
    "date" : "2025-08-28",
    "price" : 6669.00,
    "dma50" : 6839.62,
    "dma100" : 6931.32,
    "dma200" : 6475.21,
    "volume" : 3775.00
  }, {
    "date" : "2025-08-29",
    "price" : 6691.50,
    "dma50" : 6833.81,
    "dma100" : 6926.02,
    "dma200" : 6477.36,
    "volume" : 2879.00
  }, {
    "date" : "2025-09-01",
    "price" : 6785.00,
    "dma50" : 6831.90,
    "dma100" : 6924.77,
    "dma200" : 6480.42,
    "volume" : 3709.00
  }, {
    "date" : "2025-09-02",
    "price" : 6818.50,
    "dma50" : 6831.37,
    "dma100" : 6927.86,
    "dma200" : 6483.78,
    "volume" : 6081.00
  }, {
    "date" : "2025-09-03",
    "price" : 7079.50,
    "dma50" : 6841.10,
    "dma100" : 6929.26,
    "dma200" : 6489.71,
    "volume" : 25242.00
  }, {
    "date" : "2025-09-04",
    "price" : 7061.50,
    "dma50" : 6849.75,
    "dma100" : 6931.49,
    "dma200" : 6495.40,
    "volume" : 11148.00
  }, {
    "date" : "2025-09-05",
    "price" : 7075.00,
    "dma50" : 6858.58,
    "dma100" : 6931.22,
    "dma200" : 6501.17,
    "volume" : 5886.00
  }, {
    "date" : "2025-09-08",
    "price" : 7197.50,
    "dma50" : 6871.87,
    "dma100" : 6930.37,
    "dma200" : 6508.10,
    "volume" : 27254.00
  }, {
    "date" : "2025-09-09",
    "price" : 7290.00,
    "dma50" : 6888.27,
    "dma100" : 6930.66,
    "dma200" : 6515.88,
    "volume" : 10152.00
  }, {
    "date" : "2025-09-10",
    "price" : 7261.00,
    "dma50" : 6902.89,
    "dma100" : 6928.65,
    "dma200" : 6523.29,
    "volume" : 8170.00
  }, {
    "date" : "2025-09-11",
    "price" : 7190.00,
    "dma50" : 6914.15,
    "dma100" : 6924.65,
    "dma200" : 6529.92,
    "volume" : 4940.00
  }, {
    "date" : "2025-09-12",
    "price" : 7150.50,
    "dma50" : 6923.41,
    "dma100" : 6920.26,
    "dma200" : 6536.10,
    "volume" : 5333.00
  }, {
    "date" : "2025-09-15",
    "price" : 7146.50,
    "dma50" : 6932.16,
    "dma100" : 6917.17,
    "dma200" : 6542.17,
    "volume" : 6661.00
  }, {
    "date" : "2025-09-16",
    "price" : 7114.50,
    "dma50" : 6939.31,
    "dma100" : 6914.49,
    "dma200" : 6547.87,
    "volume" : 3039.00
  }, {
    "date" : "2025-09-17",
    "price" : 7252.50,
    "dma50" : 6951.59,
    "dma100" : 6916.13,
    "dma200" : 6554.88,
    "volume" : 7108.00
  }, {
    "date" : "2025-09-18",
    "price" : 7167.50,
    "dma50" : 6960.06,
    "dma100" : 6917.86,
    "dma200" : 6560.97,
    "volume" : 12741.00
  }, {
    "date" : "2025-09-19",
    "price" : 7121.00,
    "dma50" : 6966.37,
    "dma100" : 6918.61,
    "dma200" : 6566.55,
    "volume" : 2902.00
  }, {
    "date" : "2025-09-22",
    "price" : 7068.00,
    "dma50" : 6970.36,
    "dma100" : 6921.00,
    "dma200" : 6571.54,
    "volume" : 4962.00
  }, {
    "date" : "2025-09-23",
    "price" : 7092.50,
    "dma50" : 6975.15,
    "dma100" : 6924.76,
    "dma200" : 6576.72,
    "volume" : 3701.00
  }, {
    "date" : "2025-09-24",
    "price" : 7553.50,
    "dma50" : 6997.83,
    "dma100" : 6932.26,
    "dma200" : 6586.44,
    "volume" : 95247.00
  }, {
    "date" : "2025-09-25",
    "price" : 7422.50,
    "dma50" : 7014.48,
    "dma100" : 6942.36,
    "dma200" : 6594.76,
    "volume" : 19016.00
  }, {
    "date" : "2025-09-26",
    "price" : 7336.50,
    "dma50" : 7027.11,
    "dma100" : 6950.60,
    "dma200" : 6602.14,
    "volume" : 12921.00
  }, {
    "date" : "2025-09-29",
    "price" : 7364.00,
    "dma50" : 7040.32,
    "dma100" : 6961.19,
    "dma200" : 6609.72,
    "volume" : 6149.00
  }, {
    "date" : "2025-09-30",
    "price" : 7600.50,
    "dma50" : 7062.29,
    "dma100" : 6974.86,
    "dma200" : 6619.58,
    "volume" : 56208.00
  }, {
    "date" : "2025-10-01",
    "price" : 7607.50,
    "dma50" : 7083.67,
    "dma100" : 6983.62,
    "dma200" : 6629.41,
    "volume" : 76773.00
  }, {
    "date" : "2025-10-03",
    "price" : 7920.00,
    "dma50" : 7116.47,
    "dma100" : 6995.74,
    "dma200" : 6642.25,
    "volume" : 121966.00
  }, {
    "date" : "2025-10-06",
    "price" : 8002.50,
    "dma50" : 7151.21,
    "dma100" : 7007.72,
    "dma200" : 6655.78,
    "volume" : 35559.00
  }, {
    "date" : "2025-10-07",
    "price" : 7738.00,
    "dma50" : 7174.23,
    "dma100" : 7016.49,
    "dma200" : 6666.55,
    "volume" : 37439.00
  }, {
    "date" : "2025-10-08",
    "price" : 7816.50,
    "dma50" : 7199.41,
    "dma100" : 7024.85,
    "dma200" : 6678.00,
    "volume" : 16908.00
  }, {
    "date" : "2025-10-09",
    "price" : 7772.50,
    "dma50" : 7221.89,
    "dma100" : 7032.78,
    "dma200" : 6688.89,
    "volume" : 12793.00
  }, {
    "date" : "2025-10-10",
    "price" : 7696.50,
    "dma50" : 7240.50,
    "dma100" : 7041.31,
    "dma200" : 6698.91,
    "volume" : 10999.00
  }, {
    "date" : "2025-10-13",
    "price" : 7635.00,
    "dma50" : 7255.97,
    "dma100" : 7048.95,
    "dma200" : 6708.23,
    "volume" : 10011.00
  }, {
    "date" : "2025-10-14",
    "price" : 7562.50,
    "dma50" : 7267.99,
    "dma100" : 7055.93,
    "dma200" : 6716.73,
    "volume" : 16056.00
  }, {
    "date" : "2025-10-15",
    "price" : 7649.00,
    "dma50" : 7282.93,
    "dma100" : 7061.81,
    "dma200" : 6726.00,
    "volume" : 10796.00
  }, {
    "date" : "2025-10-16",
    "price" : 7845.50,
    "dma50" : 7304.99,
    "dma100" : 7070.10,
    "dma200" : 6737.14,
    "volume" : 26740.00
  }, {
    "date" : "2025-10-17",
    "price" : 8213.00,
    "dma50" : 7340.60,
    "dma100" : 7082.15,
    "dma200" : 6751.83,
    "volume" : 241362.00
  }, {
    "date" : "2025-10-20",
    "price" : 8260.50,
    "dma50" : 7376.68,
    "dma100" : 7093.86,
    "dma200" : 6766.84,
    "volume" : 41916.00
  }, {
    "date" : "2025-10-21",
    "price" : 8373.00,
    "dma50" : 7415.75,
    "dma100" : 7108.05,
    "dma200" : 6782.82,
    "volume" : 8834.00
  }, {
    "date" : "2025-10-23",
    "price" : 8166.50,
    "dma50" : 7445.19,
    "dma100" : 7119.81,
    "dma200" : 6796.59,
    "volume" : 29693.00
  }, {
    "date" : "2025-10-24",
    "price" : 8104.00,
    "dma50" : 7471.02,
    "dma100" : 7131.26,
    "dma200" : 6809.60,
    "volume" : 21955.00
  }, {
    "date" : "2025-10-27",
    "price" : 8142.00,
    "dma50" : 7497.34,
    "dma100" : 7143.63,
    "dma200" : 6822.86,
    "volume" : 8825.00
  }, {
    "date" : "2025-10-28",
    "price" : 8157.50,
    "dma50" : 7523.23,
    "dma100" : 7156.69,
    "dma200" : 6836.14,
    "volume" : 11863.00
  }, {
    "date" : "2025-10-29",
    "price" : 7961.00,
    "dma50" : 7540.39,
    "dma100" : 7167.35,
    "dma200" : 6847.33,
    "volume" : 9350.00
  }, {
    "date" : "2025-10-30",
    "price" : 7563.00,
    "dma50" : 7541.28,
    "dma100" : 7172.96,
    "dma200" : 6854.45,
    "volume" : 4522.00
  }, {
    "date" : "2025-10-31",
    "price" : 7194.00,
    "dma50" : 7527.66,
    "dma100" : 7174.24,
    "dma200" : 6857.83,
    "volume" : 21620.00
  }, {
    "date" : "2025-11-03",
    "price" : 6949.00,
    "dma50" : 7504.97,
    "dma100" : 7173.03,
    "dma200" : 6858.73,
    "volume" : 11770.00
  }, {
    "date" : "2025-11-04",
    "price" : 6788.50,
    "dma50" : 7476.87,
    "dma100" : 7171.01,
    "dma200" : 6858.04,
    "volume" : 9029.00
  }, {
    "date" : "2025-11-06",
    "price" : 6615.00,
    "dma50" : 7443.07,
    "dma100" : 7167.59,
    "dma200" : 6855.62,
    "volume" : 7238.00
  }, {
    "date" : "2025-11-07",
    "price" : 6812.50,
    "dma50" : 7418.34,
    "dma100" : 7165.66,
    "dma200" : 6855.19,
    "volume" : 9154.00
  }, {
    "date" : "2025-11-10",
    "price" : 7013.00,
    "dma50" : 7402.45,
    "dma100" : 7166.45,
    "dma200" : 6856.76,
    "volume" : 7809.00
  }, {
    "date" : "2025-11-11",
    "price" : 7026.00,
    "dma50" : 7387.69,
    "dma100" : 7169.40,
    "dma200" : 6858.44,
    "volume" : 4034.00
  }, {
    "date" : "2025-11-12",
    "price" : 7009.00,
    "dma50" : 7372.84,
    "dma100" : 7172.48,
    "dma200" : 6859.94,
    "volume" : 3673.00
  }, {
    "date" : "2025-11-13",
    "price" : 7042.50,
    "dma50" : 7359.88,
    "dma100" : 7176.78,
    "dma200" : 6861.76,
    "volume" : 11255.00
  }, {
    "date" : "2025-11-14",
    "price" : 6972.50,
    "dma50" : 7344.69,
    "dma100" : 7179.86,
    "dma200" : 6862.86,
    "volume" : 6872.00
  }, {
    "date" : "2025-11-17",
    "price" : 6924.00,
    "dma50" : 7328.19,
    "dma100" : 7182.06,
    "dma200" : 6863.47,
    "volume" : 9155.00
  }, {
    "date" : "2025-11-18",
    "price" : 6871.50,
    "dma50" : 7310.28,
    "dma100" : 7182.94,
    "dma200" : 6863.55,
    "volume" : 4202.00
  }, {
    "date" : "2025-11-19",
    "price" : 6816.50,
    "dma50" : 7290.92,
    "dma100" : 7182.35,
    "dma200" : 6863.08,
    "volume" : 6776.00
  }, {
    "date" : "2025-11-20",
    "price" : 6898.50,
    "dma50" : 7275.53,
    "dma100" : 7182.37,
    "dma200" : 6863.43,
    "volume" : 3792.00
  }, {
    "date" : "2025-11-21",
    "price" : 6812.00,
    "dma50" : 7257.35,
    "dma100" : 7181.07,
    "dma200" : 6862.92,
    "volume" : 4480.00
  }, {
    "date" : "2025-11-24",
    "price" : 6662.50,
    "dma50" : 7234.02,
    "dma100" : 7177.30,
    "dma200" : 6860.93,
    "volume" : 4819.00
  }, {
    "date" : "2025-11-25",
    "price" : 6721.50,
    "dma50" : 7213.93,
    "dma100" : 7173.63,
    "dma200" : 6859.54,
    "volume" : 2622.00
  }, {
    "date" : "2025-11-26",
    "price" : 6810.50,
    "dma50" : 7198.10,
    "dma100" : 7169.47,
    "dma200" : 6859.05,
    "volume" : 2947.00
  }, {
    "date" : "2025-11-27",
    "price" : 6728.50,
    "dma50" : 7179.69,
    "dma100" : 7164.01,
    "dma200" : 6857.75,
    "volume" : 4612.00
  } ],
  "latestTechnicalAttributes" : {
    "date" : "2025-11-27",
    "price" : 6728.50,
    "dma50" : 7179.69,
    "dma100" : 7164.01,
    "dma200" : 6857.75,
    "volume" : 4612.00
  },
  "quarterlyResults" : [ {
    "date" : "2005-03-31",
    "sales" : 5.66,
    "salesGrowthYoY" : null,
    "grossProfitMargin" : 82.16,
    "grossProfit" : 4.65,
    "operatingProfitMargin" : 76.50,
    "operatingProfit" : 4.33,
    "netProfitMargin" : 72.97,
    "netProfit" : 4.13
  }, {
    "date" : "2005-06-30",
    "sales" : 3.62,
    "salesGrowthYoY" : null,
    "grossProfitMargin" : 100.00,
    "grossProfit" : 3.62,
    "operatingProfitMargin" : 94.48,
    "operatingProfit" : 3.42,
    "netProfitMargin" : 73.48,
    "netProfit" : 2.66
  }, {
    "date" : "2005-09-30",
    "sales" : 0.48,
    "salesGrowthYoY" : null,
    "grossProfitMargin" : 100.00,
    "grossProfit" : 0.48,
    "operatingProfitMargin" : 39.58,
    "operatingProfit" : 0.19,
    "netProfitMargin" : -220.83,
    "netProfit" : -1.06
  }, {
    "date" : "2005-12-31",
    "sales" : 0.85,
    "salesGrowthYoY" : null,
    "grossProfitMargin" : 100.00,
    "grossProfit" : 0.85,
    "operatingProfitMargin" : 16.47,
    "operatingProfit" : 0.14,
    "netProfitMargin" : 78.82,
    "netProfit" : 0.67
  }, {
    "date" : "2006-03-31",
    "sales" : 4.96,
    "salesGrowthYoY" : -12.37,
    "grossProfitMargin" : 100.00,
    "grossProfit" : 4.96,
    "operatingProfitMargin" : 84.88,
    "operatingProfit" : 4.21,
    "netProfitMargin" : 100.40,
    "netProfit" : 4.98
  }, {
    "date" : "2006-06-30",
    "sales" : 0.96,
    "salesGrowthYoY" : -73.48,
    "grossProfitMargin" : 100.00,
    "grossProfit" : 0.96,
    "operatingProfitMargin" : 56.25,
    "operatingProfit" : 0.54,
    "netProfitMargin" : 12.50,
    "netProfit" : 0.12
  }, {
    "date" : "2006-09-30",
    "sales" : 4.59,
    "salesGrowthYoY" : 856.25,
    "grossProfitMargin" : 100.00,
    "grossProfit" : 4.59,
    "operatingProfitMargin" : 93.46,
    "operatingProfit" : 4.29,
    "netProfitMargin" : 141.39,
    "netProfit" : 6.49
  }, {
    "date" : "2006-12-31",
    "sales" : 1.11,
    "salesGrowthYoY" : 30.59,
    "grossProfitMargin" : 100.00,
    "grossProfit" : 1.11,
    "operatingProfitMargin" : 84.68,
    "operatingProfit" : 0.94,
    "netProfitMargin" : 135.14,
    "netProfit" : 1.50
  }, {
    "date" : "2007-03-31",
    "sales" : 11.72,
    "salesGrowthYoY" : 136.29,
    "grossProfitMargin" : 100.00,
    "grossProfit" : 11.72,
    "operatingProfitMargin" : 99.23,
    "operatingProfit" : 11.63,
    "netProfitMargin" : 105.63,
    "netProfit" : 12.38
  }, {
    "date" : "2007-06-30",
    "sales" : 1.37,
    "salesGrowthYoY" : 42.71,
    "grossProfitMargin" : 100.00,
    "grossProfit" : 1.37,
    "operatingProfitMargin" : -252.55,
    "operatingProfit" : -3.46,
    "netProfitMargin" : -175.18,
    "netProfit" : -2.40
  }, {
    "date" : "2007-09-30",
    "sales" : 2.18,
    "salesGrowthYoY" : -52.51,
    "grossProfitMargin" : 100.00,
    "grossProfit" : 2.18,
    "operatingProfitMargin" : 91.74,
    "operatingProfit" : 2.00,
    "netProfitMargin" : 69.27,
    "netProfit" : 1.51
  }, {
    "date" : "2007-12-31",
    "sales" : 1.49,
    "salesGrowthYoY" : 34.23,
    "grossProfitMargin" : 100.00,
    "grossProfit" : 1.49,
    "operatingProfitMargin" : 92.62,
    "operatingProfit" : 1.38,
    "netProfitMargin" : 61.07,
    "netProfit" : 0.91
  }, {
    "date" : "2008-03-31",
    "sales" : 8.26,
    "salesGrowthYoY" : -29.52,
    "grossProfitMargin" : 100.00,
    "grossProfit" : 8.26,
    "operatingProfitMargin" : 98.79,
    "operatingProfit" : 8.16,
    "netProfitMargin" : 91.77,
    "netProfit" : 7.58
  }, {
    "date" : "2008-06-30",
    "sales" : 8.37,
    "salesGrowthYoY" : 510.95,
    "grossProfitMargin" : 100.00,
    "grossProfit" : 8.37,
    "operatingProfitMargin" : 98.09,
    "operatingProfit" : 8.21,
    "netProfitMargin" : 90.08,
    "netProfit" : 7.54
  }, {
    "date" : "2008-09-30",
    "sales" : 2.27,
    "salesGrowthYoY" : 4.13,
    "grossProfitMargin" : 100.00,
    "grossProfit" : 2.27,
    "operatingProfitMargin" : 92.51,
    "operatingProfit" : 2.10,
    "netProfitMargin" : 63.00,
    "netProfit" : 1.43
  }, {
    "date" : "2008-12-31",
    "sales" : 2.09,
    "salesGrowthYoY" : 40.27,
    "grossProfitMargin" : 100.00,
    "grossProfit" : 2.09,
    "operatingProfitMargin" : 92.82,
    "operatingProfit" : 1.94,
    "netProfitMargin" : 42.11,
    "netProfit" : 0.88
  }, {
    "date" : "2009-03-31",
    "sales" : 2.04,
    "salesGrowthYoY" : -75.30,
    "grossProfitMargin" : 100.00,
    "grossProfit" : 2.04,
    "operatingProfitMargin" : 90.69,
    "operatingProfit" : 1.85,
    "netProfitMargin" : 69.61,
    "netProfit" : 1.42
  }, {
    "date" : "2009-06-30",
    "sales" : 1.58,
    "salesGrowthYoY" : -81.12,
    "grossProfitMargin" : 100.00,
    "grossProfit" : 1.58,
    "operatingProfitMargin" : 91.77,
    "operatingProfit" : 1.45,
    "netProfitMargin" : 60.76,
    "netProfit" : 0.96
  }, {
    "date" : "2009-09-30",
    "sales" : 7.37,
    "salesGrowthYoY" : 224.67,
    "grossProfitMargin" : 100.00,
    "grossProfit" : 7.37,
    "operatingProfitMargin" : 97.15,
    "operatingProfit" : 7.16,
    "netProfitMargin" : 89.42,
    "netProfit" : 6.59
  }, {
    "date" : "2009-12-31",
    "sales" : 1.54,
    "salesGrowthYoY" : -26.32,
    "grossProfitMargin" : 100.00,
    "grossProfit" : 1.54,
    "operatingProfitMargin" : 90.91,
    "operatingProfit" : 1.40,
    "netProfitMargin" : 57.14,
    "netProfit" : 0.88
  }, {
    "date" : "2010-03-31",
    "sales" : 1.52,
    "salesGrowthYoY" : -25.49,
    "grossProfitMargin" : 100.00,
    "grossProfit" : 1.52,
    "operatingProfitMargin" : 82.89,
    "operatingProfit" : 1.26,
    "netProfitMargin" : 46.71,
    "netProfit" : 0.71
  }, {
    "date" : "2010-06-30",
    "sales" : 1.86,
    "salesGrowthYoY" : 17.72,
    "grossProfitMargin" : 100.00,
    "grossProfit" : 1.86,
    "operatingProfitMargin" : 94.09,
    "operatingProfit" : 1.75,
    "netProfitMargin" : 62.37,
    "netProfit" : 1.16
  }, {
    "date" : "2010-09-30",
    "sales" : 12.80,
    "salesGrowthYoY" : 73.68,
    "grossProfitMargin" : 100.00,
    "grossProfit" : 12.80,
    "operatingProfitMargin" : 99.30,
    "operatingProfit" : 12.71,
    "netProfitMargin" : 94.30,
    "netProfit" : 12.07
  }, {
    "date" : "2010-12-31",
    "sales" : 2.03,
    "salesGrowthYoY" : 31.82,
    "grossProfitMargin" : 100.00,
    "grossProfit" : 2.03,
    "operatingProfitMargin" : 91.13,
    "operatingProfit" : 1.85,
    "netProfitMargin" : 60.10,
    "netProfit" : 1.22
  }, {
    "date" : "2011-03-31",
    "sales" : 1.90,
    "salesGrowthYoY" : 25.00,
    "grossProfitMargin" : 100.00,
    "grossProfit" : 1.90,
    "operatingProfitMargin" : 94.21,
    "operatingProfit" : 1.79,
    "netProfitMargin" : 62.63,
    "netProfit" : 1.19
  }, {
    "date" : "2011-06-30",
    "sales" : 2.10,
    "salesGrowthYoY" : 12.90,
    "grossProfitMargin" : 100.00,
    "grossProfit" : 2.10,
    "operatingProfitMargin" : 78.10,
    "operatingProfit" : 1.64,
    "netProfitMargin" : 52.86,
    "netProfit" : 1.11
  }, {
    "date" : "2011-09-30",
    "sales" : 13.22,
    "salesGrowthYoY" : 3.28,
    "grossProfitMargin" : 100.00,
    "grossProfit" : 13.22,
    "operatingProfitMargin" : 99.02,
    "operatingProfit" : 13.09,
    "netProfitMargin" : 93.49,
    "netProfit" : 12.36
  }, {
    "date" : "2011-12-31",
    "sales" : 2.22,
    "salesGrowthYoY" : 9.36,
    "grossProfitMargin" : 100.00,
    "grossProfit" : 2.22,
    "operatingProfitMargin" : 93.69,
    "operatingProfit" : 2.08,
    "netProfitMargin" : 59.91,
    "netProfit" : 1.33
  }, {
    "date" : "2012-03-31",
    "sales" : 2.56,
    "salesGrowthYoY" : 34.74,
    "grossProfitMargin" : 100.00,
    "grossProfit" : 2.56,
    "operatingProfitMargin" : 91.41,
    "operatingProfit" : 2.34,
    "netProfitMargin" : 58.59,
    "netProfit" : 1.50
  }, {
    "date" : "2012-06-30",
    "sales" : 2.91,
    "salesGrowthYoY" : 38.57,
    "grossProfitMargin" : 100.00,
    "grossProfit" : 2.91,
    "operatingProfitMargin" : 96.22,
    "operatingProfit" : 2.80,
    "netProfitMargin" : 64.95,
    "netProfit" : 1.89
  }, {
    "date" : "2012-09-30",
    "sales" : 6.85,
    "salesGrowthYoY" : -48.18,
    "grossProfitMargin" : 100.00,
    "grossProfit" : 6.85,
    "operatingProfitMargin" : 97.96,
    "operatingProfit" : 6.71,
    "netProfitMargin" : 82.48,
    "netProfit" : 5.65
  }, {
    "date" : "2012-12-31",
    "sales" : 8.15,
    "salesGrowthYoY" : 267.12,
    "grossProfitMargin" : 100.00,
    "grossProfit" : 8.15,
    "operatingProfitMargin" : 98.16,
    "operatingProfit" : 8.00,
    "netProfitMargin" : 86.26,
    "netProfit" : 7.03
  }, {
    "date" : "2013-03-31",
    "sales" : 1.53,
    "salesGrowthYoY" : -40.23,
    "grossProfitMargin" : 100.00,
    "grossProfit" : 1.53,
    "operatingProfitMargin" : -34.64,
    "operatingProfit" : -0.53,
    "netProfitMargin" : -29.41,
    "netProfit" : -0.45
  }, {
    "date" : "2013-06-30",
    "sales" : 2.94,
    "salesGrowthYoY" : 1.03,
    "grossProfitMargin" : 100.00,
    "grossProfit" : 2.94,
    "operatingProfitMargin" : 95.92,
    "operatingProfit" : 2.82,
    "netProfitMargin" : 63.61,
    "netProfit" : 1.87
  }, {
    "date" : "2013-09-30",
    "sales" : 12.94,
    "salesGrowthYoY" : 88.91,
    "grossProfitMargin" : 100.00,
    "grossProfit" : 12.94,
    "operatingProfitMargin" : 98.69,
    "operatingProfit" : 12.77,
    "netProfitMargin" : 90.88,
    "netProfit" : 11.76
  }, {
    "date" : "2013-12-31",
    "sales" : 3.66,
    "salesGrowthYoY" : -55.09,
    "grossProfitMargin" : 100.00,
    "grossProfit" : 3.66,
    "operatingProfitMargin" : 97.54,
    "operatingProfit" : 3.57,
    "netProfitMargin" : 59.84,
    "netProfit" : 2.19
  }, {
    "date" : "2014-03-31",
    "sales" : 2.05,
    "salesGrowthYoY" : 33.99,
    "grossProfitMargin" : 100.00,
    "grossProfit" : 2.05,
    "operatingProfitMargin" : 92.20,
    "operatingProfit" : 1.89,
    "netProfitMargin" : 73.66,
    "netProfit" : 1.51
  }, {
    "date" : "2014-06-30",
    "sales" : 2.91,
    "salesGrowthYoY" : -1.02,
    "grossProfitMargin" : 100.00,
    "grossProfit" : 2.91,
    "operatingProfitMargin" : -459.79,
    "operatingProfit" : -13.38,
    "netProfitMargin" : -305.50,
    "netProfit" : -8.89
  }, {
    "date" : "2014-09-30",
    "sales" : 13.07,
    "salesGrowthYoY" : 1.00,
    "grossProfitMargin" : 100.00,
    "grossProfit" : 13.07,
    "operatingProfitMargin" : 98.16,
    "operatingProfit" : 12.83,
    "netProfitMargin" : 90.59,
    "netProfit" : 11.84
  }, {
    "date" : "2014-12-31",
    "sales" : 3.07,
    "salesGrowthYoY" : -16.12,
    "grossProfitMargin" : 100.00,
    "grossProfit" : 3.07,
    "operatingProfitMargin" : 91.21,
    "operatingProfit" : 2.80,
    "netProfitMargin" : 57.00,
    "netProfit" : 1.75
  }, {
    "date" : "2015-03-31",
    "sales" : 2.23,
    "salesGrowthYoY" : 8.78,
    "grossProfitMargin" : 100.00,
    "grossProfit" : 2.23,
    "operatingProfitMargin" : 88.79,
    "operatingProfit" : 1.98,
    "netProfitMargin" : 62.33,
    "netProfit" : 1.39
  }, {
    "date" : "2015-06-30",
    "sales" : 2.59,
    "salesGrowthYoY" : -11.00,
    "grossProfitMargin" : 100.00,
    "grossProfit" : 2.59,
    "operatingProfitMargin" : 90.35,
    "operatingProfit" : 2.34,
    "netProfitMargin" : 61.39,
    "netProfit" : 1.59
  }, {
    "date" : "2015-09-30",
    "sales" : 12.27,
    "salesGrowthYoY" : -6.12,
    "grossProfitMargin" : 100.00,
    "grossProfit" : 12.27,
    "operatingProfitMargin" : 95.19,
    "operatingProfit" : 11.68,
    "netProfitMargin" : 86.80,
    "netProfit" : 10.65
  }, {
    "date" : "2015-12-31",
    "sales" : 2.15,
    "salesGrowthYoY" : -29.97,
    "grossProfitMargin" : 100.00,
    "grossProfit" : 2.15,
    "operatingProfitMargin" : 85.12,
    "operatingProfit" : 1.83,
    "netProfitMargin" : 52.09,
    "netProfit" : 1.12
  }, {
    "date" : "2016-03-31",
    "sales" : 1.96,
    "salesGrowthYoY" : -12.11,
    "grossProfitMargin" : 100.00,
    "grossProfit" : 1.96,
    "operatingProfitMargin" : 38.78,
    "operatingProfit" : 0.76,
    "netProfitMargin" : 20.41,
    "netProfit" : 0.40
  }, {
    "date" : "2016-06-30",
    "sales" : 2.15,
    "salesGrowthYoY" : -16.99,
    "grossProfitMargin" : 100.00,
    "grossProfit" : 2.15,
    "operatingProfitMargin" : 87.91,
    "operatingProfit" : 1.89,
    "netProfitMargin" : 57.21,
    "netProfit" : 1.23
  }, {
    "date" : "2016-09-30",
    "sales" : 5.22,
    "salesGrowthYoY" : -57.46,
    "grossProfitMargin" : 100.00,
    "grossProfit" : 5.22,
    "operatingProfitMargin" : 96.55,
    "operatingProfit" : 5.04,
    "netProfitMargin" : 85.63,
    "netProfit" : 4.47
  }, {
    "date" : "2016-12-31",
    "sales" : 6.50,
    "salesGrowthYoY" : 202.33,
    "grossProfitMargin" : 100.00,
    "grossProfit" : 6.50,
    "operatingProfitMargin" : 95.69,
    "operatingProfit" : 6.22,
    "netProfitMargin" : 89.38,
    "netProfit" : 5.81
  }, {
    "date" : "2017-03-31",
    "sales" : 1.13,
    "salesGrowthYoY" : -42.35,
    "grossProfitMargin" : 100.00,
    "grossProfit" : 1.13,
    "operatingProfitMargin" : 69.03,
    "operatingProfit" : 0.78,
    "netProfitMargin" : 46.02,
    "netProfit" : 0.52
  }, {
    "date" : "2017-06-30",
    "sales" : 11.46,
    "salesGrowthYoY" : 433.02,
    "grossProfitMargin" : 100.00,
    "grossProfit" : 11.46,
    "operatingProfitMargin" : 97.47,
    "operatingProfit" : 11.17,
    "netProfitMargin" : 83.16,
    "netProfit" : 9.53
  }, {
    "date" : "2017-09-30",
    "sales" : 6.45,
    "salesGrowthYoY" : 23.56,
    "grossProfitMargin" : 100.00,
    "grossProfit" : 6.45,
    "operatingProfitMargin" : 95.19,
    "operatingProfit" : 6.14,
    "netProfitMargin" : 91.01,
    "netProfit" : 5.87
  }, {
    "date" : "2017-12-31",
    "sales" : 1.40,
    "salesGrowthYoY" : -78.46,
    "grossProfitMargin" : 100.00,
    "grossProfit" : 1.40,
    "operatingProfitMargin" : 76.43,
    "operatingProfit" : 1.07,
    "netProfitMargin" : 56.43,
    "netProfit" : 0.79
  }, {
    "date" : "2018-03-31",
    "sales" : 0.79,
    "salesGrowthYoY" : -30.09,
    "grossProfitMargin" : 100.00,
    "grossProfit" : 0.79,
    "operatingProfitMargin" : -1013.92,
    "operatingProfit" : -8.01,
    "netProfitMargin" : -722.78,
    "netProfit" : -5.71
  }, {
    "date" : "2018-06-30",
    "sales" : 2.43,
    "salesGrowthYoY" : -78.80,
    "grossProfitMargin" : 100.00,
    "grossProfit" : 2.43,
    "operatingProfitMargin" : 79.01,
    "operatingProfit" : 1.92,
    "netProfitMargin" : 88.48,
    "netProfit" : 2.15
  }, {
    "date" : "2018-09-30",
    "sales" : 23.40,
    "salesGrowthYoY" : 262.79,
    "grossProfitMargin" : 100.00,
    "grossProfit" : 23.40,
    "operatingProfitMargin" : 94.66,
    "operatingProfit" : 22.15,
    "netProfitMargin" : 115.38,
    "netProfit" : 27.00
  }, {
    "date" : "2018-12-31",
    "sales" : 3.01,
    "salesGrowthYoY" : 115.00,
    "grossProfitMargin" : 100.00,
    "grossProfit" : 3.01,
    "operatingProfitMargin" : -103.99,
    "operatingProfit" : -3.13,
    "netProfitMargin" : 71.10,
    "netProfit" : 2.14
  }, {
    "date" : "2019-03-31",
    "sales" : 3.00,
    "salesGrowthYoY" : 279.75,
    "grossProfitMargin" : 100.00,
    "grossProfit" : 3.00,
    "operatingProfitMargin" : 66.67,
    "operatingProfit" : 2.00,
    "netProfitMargin" : 49.00,
    "netProfit" : 1.47
  }, {
    "date" : "2019-06-30",
    "sales" : 2.76,
    "salesGrowthYoY" : 13.58,
    "grossProfitMargin" : 100.00,
    "grossProfit" : 2.76,
    "operatingProfitMargin" : -256.16,
    "operatingProfit" : -7.07,
    "netProfitMargin" : -198.19,
    "netProfit" : -5.47
  }, {
    "date" : "2019-09-30",
    "sales" : 32.20,
    "salesGrowthYoY" : 37.61,
    "grossProfitMargin" : 100.00,
    "grossProfit" : 32.20,
    "operatingProfitMargin" : 58.63,
    "operatingProfit" : 18.88,
    "netProfitMargin" : 63.94,
    "netProfit" : 20.59
  }, {
    "date" : "2019-12-31",
    "sales" : 2.95,
    "salesGrowthYoY" : -1.99,
    "grossProfitMargin" : 100.00,
    "grossProfit" : 2.95,
    "operatingProfitMargin" : 27.80,
    "operatingProfit" : 0.82,
    "netProfitMargin" : 7.80,
    "netProfit" : 0.23
  }, {
    "date" : "2020-03-31",
    "sales" : 3.04,
    "salesGrowthYoY" : 1.33,
    "grossProfitMargin" : 100.00,
    "grossProfit" : 3.04,
    "operatingProfitMargin" : 73.03,
    "operatingProfit" : 2.22,
    "netProfitMargin" : 303.62,
    "netProfit" : 9.23
  }, {
    "date" : "2020-06-30",
    "sales" : 12.08,
    "salesGrowthYoY" : 337.68,
    "grossProfitMargin" : 100.00,
    "grossProfit" : 12.08,
    "operatingProfitMargin" : 74.34,
    "operatingProfit" : 8.98,
    "netProfitMargin" : 56.87,
    "netProfit" : 6.87
  }, {
    "date" : "2020-09-30",
    "sales" : 22.87,
    "salesGrowthYoY" : -28.98,
    "grossProfitMargin" : 100.00,
    "grossProfit" : 22.87,
    "operatingProfitMargin" : 90.07,
    "operatingProfit" : 20.60,
    "netProfitMargin" : 91.52,
    "netProfit" : 20.93
  }, {
    "date" : "2020-12-31",
    "sales" : 4.73,
    "salesGrowthYoY" : 60.34,
    "grossProfitMargin" : 100.00,
    "grossProfit" : 4.73,
    "operatingProfitMargin" : -7.61,
    "operatingProfit" : -0.36,
    "netProfitMargin" : -6.34,
    "netProfit" : -0.30
  }, {
    "date" : "2021-03-31",
    "sales" : 4.04,
    "salesGrowthYoY" : 32.89,
    "grossProfitMargin" : 100.00,
    "grossProfit" : 4.04,
    "operatingProfitMargin" : 88.86,
    "operatingProfit" : 3.59,
    "netProfitMargin" : 141.34,
    "netProfit" : 5.71
  }, {
    "date" : "2021-06-30",
    "sales" : 12.88,
    "salesGrowthYoY" : 6.62,
    "grossProfitMargin" : 100.00,
    "grossProfit" : 12.88,
    "operatingProfitMargin" : 96.58,
    "operatingProfit" : 12.44,
    "netProfitMargin" : 74.15,
    "netProfit" : 9.55
  }, {
    "date" : "2021-09-30",
    "sales" : 43.61,
    "salesGrowthYoY" : 90.69,
    "grossProfitMargin" : 100.00,
    "grossProfit" : 43.61,
    "operatingProfitMargin" : 98.44,
    "operatingProfit" : 42.93,
    "netProfitMargin" : 80.65,
    "netProfit" : 35.17
  }, {
    "date" : "2021-12-31",
    "sales" : 3.70,
    "salesGrowthYoY" : -21.78,
    "grossProfitMargin" : 100.00,
    "grossProfit" : 3.70,
    "operatingProfitMargin" : 85.95,
    "operatingProfit" : 3.18,
    "netProfitMargin" : 176.49,
    "netProfit" : 6.53
  }, {
    "date" : "2022-03-31",
    "sales" : 7.96,
    "salesGrowthYoY" : 97.03,
    "grossProfitMargin" : 100.00,
    "grossProfit" : 7.96,
    "operatingProfitMargin" : 92.59,
    "operatingProfit" : 7.37,
    "netProfitMargin" : 64.20,
    "netProfit" : 5.11
  }, {
    "date" : "2022-06-30",
    "sales" : 4.68,
    "salesGrowthYoY" : -63.66,
    "grossProfitMargin" : 100.00,
    "grossProfit" : 4.68,
    "operatingProfitMargin" : 87.39,
    "operatingProfit" : 4.09,
    "netProfitMargin" : 60.04,
    "netProfit" : 2.81
  }, {
    "date" : "2022-09-30",
    "sales" : 94.58,
    "salesGrowthYoY" : 116.88,
    "grossProfitMargin" : 100.00,
    "grossProfit" : 94.58,
    "operatingProfitMargin" : 99.49,
    "operatingProfit" : 94.10,
    "netProfitMargin" : 74.01,
    "netProfit" : 70.00
  }, {
    "date" : "2022-12-31",
    "sales" : 5.35,
    "salesGrowthYoY" : 44.59,
    "grossProfitMargin" : 100.00,
    "grossProfit" : 5.35,
    "operatingProfitMargin" : 91.40,
    "operatingProfit" : 4.89,
    "netProfitMargin" : 78.69,
    "netProfit" : 4.21
  }, {
    "date" : "2023-03-31",
    "sales" : 6.70,
    "salesGrowthYoY" : -15.83,
    "grossProfitMargin" : 100.00,
    "grossProfit" : 6.70,
    "operatingProfitMargin" : 92.09,
    "operatingProfit" : 6.17,
    "netProfitMargin" : 58.51,
    "netProfit" : 3.92
  }, {
    "date" : "2023-06-30",
    "sales" : 22.21,
    "salesGrowthYoY" : 374.57,
    "grossProfitMargin" : 100.00,
    "grossProfit" : 22.21,
    "operatingProfitMargin" : 97.03,
    "operatingProfit" : 21.55,
    "netProfitMargin" : 71.05,
    "netProfit" : 15.78
  }, {
    "date" : "2023-09-30",
    "sales" : 23.74,
    "salesGrowthYoY" : -74.90,
    "grossProfitMargin" : 100.00,
    "grossProfit" : 23.74,
    "operatingProfitMargin" : 97.85,
    "operatingProfit" : 23.23,
    "netProfitMargin" : 72.24,
    "netProfit" : 17.15
  }, {
    "date" : "2023-12-31",
    "sales" : 11.69,
    "salesGrowthYoY" : 118.50,
    "grossProfitMargin" : 100.00,
    "grossProfit" : 11.69,
    "operatingProfitMargin" : 95.55,
    "operatingProfit" : 11.17,
    "netProfitMargin" : 72.11,
    "netProfit" : 8.43
  }, {
    "date" : "2024-03-31",
    "sales" : 8.12,
    "salesGrowthYoY" : 21.19,
    "grossProfitMargin" : 100.00,
    "grossProfit" : 8.12,
    "operatingProfitMargin" : 93.10,
    "operatingProfit" : 7.56,
    "netProfitMargin" : 62.44,
    "netProfit" : 5.07
  }, {
    "date" : "2024-06-30",
    "sales" : 30.36,
    "salesGrowthYoY" : 36.70,
    "grossProfitMargin" : 100.00,
    "grossProfit" : 30.36,
    "operatingProfitMargin" : 97.23,
    "operatingProfit" : 29.52,
    "netProfitMargin" : 72.76,
    "netProfit" : 22.09
  }, {
    "date" : "2024-09-30",
    "sales" : 41.60,
    "salesGrowthYoY" : 75.23,
    "grossProfitMargin" : 100.00,
    "grossProfit" : 41.60,
    "operatingProfitMargin" : 99.01,
    "operatingProfit" : 41.19,
    "netProfitMargin" : 76.01,
    "netProfit" : 31.62
  }, {
    "date" : "2024-12-31",
    "sales" : 8.37,
    "salesGrowthYoY" : -28.40,
    "grossProfitMargin" : 100.00,
    "grossProfit" : 8.37,
    "operatingProfitMargin" : 94.50,
    "operatingProfit" : 7.91,
    "netProfitMargin" : 69.18,
    "netProfit" : 5.79
  }, {
    "date" : "2025-03-31",
    "sales" : 8.87,
    "salesGrowthYoY" : 9.24,
    "grossProfitMargin" : 100.00,
    "grossProfit" : 8.87,
    "operatingProfitMargin" : -294.93,
    "operatingProfit" : -26.16,
    "netProfitMargin" : -254.11,
    "netProfit" : -22.54
  }, {
    "date" : "2025-06-30",
    "sales" : 30.09,
    "salesGrowthYoY" : -0.89,
    "grossProfitMargin" : 100.00,
    "grossProfit" : 30.09,
    "operatingProfitMargin" : 97.87,
    "operatingProfit" : 29.45,
    "netProfitMargin" : 77.23,
    "netProfit" : 23.24
  }, {
    "date" : "2025-09-30",
    "sales" : 21.26,
    "salesGrowthYoY" : -48.89,
    "grossProfitMargin" : 100.00,
    "grossProfit" : 21.26,
    "operatingProfitMargin" : 84.62,
    "operatingProfit" : 17.99,
    "netProfitMargin" : 67.22,
    "netProfit" : 14.29
  } ],
  "latestQuarterlyResult" : {
    "date" : "2025-09-30",
    "sales" : 21.26,
    "salesGrowthYoY" : -48.89,
    "grossProfitMargin" : 100.00,
    "grossProfit" : 21.26,
    "operatingProfitMargin" : 84.62,
    "operatingProfit" : 17.99,
    "netProfitMargin" : 67.22,
    "netProfit" : 14.29
  },
  "companyScore" : {
    "priceHigherThanDma50" : 0.00,
    "priceHigherThanDma100" : 0.00,
    "priceHigherThanDma200" : 0.00,
    "dma50HigherThanDma100" : 5.00,
    "dma50HigherThanDma200" : 5.00,
    "dma100HigherThanDma200" : 5.00,
    "pricePercentageAboveDma50" : 5.31,
    "pricePercentageAboveDma100" : 5.30,
    "pricePercentageAboveDma200" : 5.09,
    "weeklyVolumeHigherThanYearlyVolume" : 0.00,
    "salesGrowthPercentile" : 2.78,
    "operatingProfitMarginPercentile" : 19.73,
    "netProfitMarginPercentile" : 7.70,
    "totalTechnicalScore" : 30.71,
    "totalFundamentalScore" : 30.21,
    "totalScore" : 60.93
  }
}